  <div class='ocr_page' id='page_1' title='image "/cluster/home/n/w/nwhite01/storage/ocr_20150623/10/hvd.32044073501348/535.png"; bbox 0 0 3834 6752; ppageno 0'>
   <div class='ocr_carea' id='block_1_1' title="bbox 477 257 618 324">
    <p class='ocr_par' dir='ltr' id='par_1_1' title="bbox 477 257 618 324">
     <span class='ocr_line' id='line_1_1' title="bbox 477 257 618 324; baseline 0 0"><span class='ocrx_word' id='word_1_1' title='bbox 477 257 618 324; x_wconf 74' lang='grc' dir='ltr'>ιοιες</span> 
     </span>
    </p>
   </div>
   <div class='ocr_carea' id='block_1_2' title="bbox 1602 256 2573 317">
    <p class='ocr_par' dir='ltr' id='par_1_2' title="bbox 1602 256 2573 317">
     <span class='ocr_line' id='line_1_2' title="bbox 1602 256 2573 317; baseline 0 -1"><span class='ocrx_word' id='word_1_2' title='bbox 1602 259 1657 317; x_wconf 78' lang='lat'><strong>8.</strong></span> <span class='ocrx_word' id='word_1_3' title='bbox 1699 257 2029 317; x_wconf 78' lang='lat' dir='ltr'><strong>GllECORIl</strong></span> <span class='ocrx_word' id='word_1_4' title='bbox 2069 256 2573 317; x_wconf 72' lang='lat' dir='ltr'><strong>THAUMATL‘RGI</strong></span> 
     </span>
    </p>
   </div>
   <div class='ocr_carea' id='block_1_3' title="bbox 3543 269 3655 328">
    <p class='ocr_par' dir='ltr' id='par_1_3' title="bbox 3543 269 3655 328">
     <span class='ocr_line' id='line_1_3' title="bbox 3543 269 3655 328; baseline 0.054 -6"><span class='ocrx_word' id='word_1_5' title='bbox 3543 269 3655 328; x_wconf 63' lang='grc'><strong>1014</strong></span> 
     </span>
    </p>
   </div>
   <div class='ocr_carea' id='block_1_4' title="bbox 547 373 2053 458">
    <p class='ocr_par' dir='ltr' id='par_1_4' title="bbox 547 373 2049 448">
     <span class='ocr_line' id='line_1_4' title="bbox 547 373 2049 448; baseline -0.004 -12"><span class='ocrx_word' id='word_1_6' title='bbox 547 383 706 443; x_wconf 76' lang='grc' dir='ltr'>ΒΑιε.</span> <span class='ocrx_word' id='word_1_7' title='bbox 743 375 1038 448; x_wconf 79' lang='lat' dir='ltr'><strong>Postquam</strong></span> <span class='ocrx_word' id='word_1_8' title='bbox 1077 385 1299 432; x_wconf 78' lang='lat' dir='ltr'><strong>sanctus</strong></span> <span class='ocrx_word' id='word_1_9' title='bbox 1329 373 1506 432; x_wconf 81' lang='lat' dir='ltr'><strong>fusius</strong></span> <span class='ocrx_word' id='word_1_10' title='bbox 1539 377 1848 447; x_wconf 73' lang='lat' dir='ltr'><strong>tractaverit</strong></span> <span class='ocrx_word' id='word_1_11' title='bbox 1877 375 1944 430; x_wconf 89' lang='lat' dir='ltr'><strong>de</strong></span> <span class='ocrx_word' id='word_1_12' title='bbox 1982 376 2049 430; x_wconf 89' lang='lat' dir='ltr'><strong>iis</strong></span> 
     </span>
    </p>
   </div>
   <div class='ocr_carea' id='block_1_5' title="bbox 2159 373 3661 458">
    <p class='ocr_par' dir='ltr' id='par_1_5' title="bbox 2219 374 3661 458">
     <span class='ocr_line' id='line_1_5' title="bbox 2219 374 3661 458; baseline 0.008 -31"><span class='ocrx_word' id='word_1_13' title='bbox 2219 375 2412 430; x_wconf 74' lang='grc' dir='ltr'><strong>ΒΑΛΣ.</strong></span> <span class='ocrx_word' id='word_1_14' title='bbox 2443 376 2777 448; x_wconf 83' lang='grc' dir='ltr'>Παχυμερῶς</span> <span class='ocrx_word' id='word_1_15' title='bbox 2807 374 3070 430; x_wconf 86' lang='grc' dir='ltr'>διαλαϐὼν</span> <span class='ocrx_word' id='word_1_16' title='bbox 3089 379 3116 432; x_wconf 84' lang='grc' dir='ltr'><strong>ό</strong></span> <span class='ocrx_word' id='word_1_17' title='bbox 3138 378 3287 447; x_wconf 76' lang='grc' dir='ltr'>ἅγιος</span> <span class='ocrx_word' id='word_1_18' title='bbox 3321 381 3440 452; x_wconf 70' lang='grc' dir='ltr'>περὶ</span> <span class='ocrx_word' id='word_1_19' title='bbox 3469 383 3560 436; x_wconf 85' lang='grc' dir='ltr'>τῶν</span> <span class='ocrx_word' id='word_1_20' title='bbox 3585 388 3661 458; x_wconf 77' lang='grc' dir='ltr'>ἀρ-</span> 
     </span>
    </p>
   </div>
   <div class='ocr_carea' id='block_1_6' title="bbox 468 467 2048 549">
    <p class='ocr_par' dir='ltr' id='par_1_6' title="bbox 468 467 2048 549">
     <span class='ocr_line' id='line_1_6' title="bbox 468 467 2048 549; baseline -0.007 -18"><span class='ocrx_word' id='word_1_21' title='bbox 468 477 568 549; x_wconf 83' lang='lat' dir='ltr'><strong>qui</strong></span> <span class='ocrx_word' id='word_1_22' title='bbox 610 481 922 542; x_wconf 85' lang='lat' dir='ltr'><strong>rapuerunt,</strong></span> <span class='ocrx_word' id='word_1_23' title='bbox 965 471 1046 524; x_wconf 87' lang='lat' dir='ltr'><strong>vel</strong></span> <span class='ocrx_word' id='word_1_24' title='bbox 1091 468 1450 540; x_wconf 90' lang='lat' dir='ltr'><strong>quorumdam</strong></span> <span class='ocrx_word' id='word_1_25' title='bbox 1479 467 1812 539; x_wconf 87' lang='lat' dir='ltr'><strong>captivorum</strong></span> <span class='ocrx_word' id='word_1_26' title='bbox 1843 483 1930 522; x_wconf 83' lang='lat' dir='ltr'><strong>res</strong></span> <span class='ocrx_word' id='word_1_27' title='bbox 1963 467 2048 520; x_wconf 91' lang='lat' dir='ltr'><strong>in-</strong></span> 
     </span>
    </p>
   </div>
   <div class='ocr_carea' id='block_1_7' title="bbox 471 557 2044 632">
    <p class='ocr_par' dir='ltr' id='par_1_7' title="bbox 471 557 2044 632">
     <span class='ocr_line' id='line_1_7' title="bbox 471 557 2044 632; baseline -0.008 -10"><span class='ocrx_word' id='word_1_28' title='bbox 471 573 782 629; x_wconf 73' lang='lat' dir='ltr'><strong>venerunt,</strong></span> <span class='ocrx_word' id='word_1_29' title='bbox 833 561 976 632; x_wconf 89' lang='lat' dir='ltr'><strong>quod</strong></span> <span class='ocrx_word' id='word_1_30' title='bbox 1041 561 1109 614; x_wconf 79' lang='lat' dir='ltr'><strong>ad</strong></span> <span class='ocrx_word' id='word_1_31' title='bbox 1162 574 1444 628; x_wconf 69' lang='lat' dir='ltr'><strong>ptenarum</strong></span> <span class='ocrx_word' id='word_1_32' title='bbox 1497 558 1760 613; x_wconf 87' lang='lat' dir='ltr'><strong>rationem</strong></span> <span class='ocrx_word' id='word_1_33' title='bbox 1809 557 2044 623; x_wconf 88' lang='lat' dir='ltr'><strong>attinet;</strong></span> 
     </span>
    </p>
   </div>
   <div class='ocr_carea' id='block_1_8' title="bbox 476 649 2050 727">
    <p class='ocr_par' dir='ltr' id='par_1_8' title="bbox 476 649 2050 727">
     <span class='ocr_line' id='line_1_8' title="bbox 476 649 2050 727; baseline -0.008 -14"><span class='ocrx_word' id='word_1_34' title='bbox 476 673 624 715; x_wconf 82' lang='lat' dir='ltr'><strong>nunc</strong></span> <span class='ocrx_word' id='word_1_35' title='bbox 649 667 869 727; x_wconf 87' lang='lat' dir='ltr'><strong>quoque</strong></span> <span class='ocrx_word' id='word_1_36' title='bbox 895 652 1112 722; x_wconf 86' lang='lat' dir='ltr'><strong>species-</strong></span> <span class='ocrx_word' id='word_1_37' title='bbox 1130 650 1478 720; x_wconf 70' lang='lat' dir='ltr'><strong>peeuitentiaa,</strong></span> <span class='ocrx_word' id='word_1_38' title='bbox 1511 649 1625 704; x_wconf 85' lang='lat' dir='ltr'><strong>sive</strong></span> <span class='ocrx_word' id='word_1_39' title='bbox 1656 649 2050 704; x_wconf 89' lang='lat' dir='ltr'><strong>ecclesiastica-</strong></span> 
     </span>
    </p>
   </div>
   <div class='ocr_carea' id='block_1_9' title="bbox 481 728 2047 817">
    <p class='ocr_par' dir='ltr' id='par_1_9' title="bbox 481 728 2047 817">
     <span class='ocr_line' id='line_1_9' title="bbox 481 728 2047 817; baseline -0.008 -12"><span class='ocrx_word' id='word_1_40' title='bbox 481 765 604 804; x_wconf 88' lang='lat' dir='ltr'><strong>rum</strong></span> <span class='ocrx_word' id='word_1_41' title='bbox 645 728 926 817; x_wconf 69' lang='lat' dir='ltr'><strong>poenarum</strong></span> <span class='ocrx_word' id='word_1_42' title='bbox 972 743 1162 812; x_wconf 78' lang='lat' dir='ltr'><strong>incipit</strong></span> <span class='ocrx_word' id='word_1_43' title='bbox 1194 742 1393 797; x_wconf 85' lang='lat' dir='ltr'><strong>dicere.</strong></span> <span class='ocrx_word' id='word_1_44' title='bbox 1445 741 1510 794; x_wconf 84' lang='lat' dir='ltr'><strong>Et</strong></span> <span class='ocrx_word' id='word_1_45' title='bbox 1569 740 1753 796; x_wconf 78' lang='lat' dir='ltr'><strong>statim</strong></span> <span class='ocrx_word' id='word_1_46' title='bbox 1803 740 2047 794; x_wconf 84' lang='lat' dir='ltr'><strong>decernit</strong></span> 
     </span>
    </p>
   </div>
   <div class='ocr_carea' id='block_1_10' title="bbox 473 831 2050 899">
    <p class='ocr_par' dir='ltr' id='par_1_10' title="bbox 473 831 2050 899">
     <span class='ocr_line' id='line_1_10' title="bbox 473 831 2050 899; baseline -0.008 -2"><span class='ocrx_word' id='word_1_47' title='bbox 473 849 540 897; x_wconf 83' lang='lat' dir='ltr'><strong>ut</strong></span> <span class='ocrx_word' id='word_1_48' title='bbox 580 855 683 896; x_wconf 81' lang='lat' dir='ltr'><strong>nec</strong></span> <span class='ocrx_word' id='word_1_49' title='bbox 727 846 871 895; x_wconf 79' lang='lat' dir='ltr'><strong>slent</strong></span> <span class='ocrx_word' id='word_1_50' title='bbox 902 853 1024 892; x_wconf 89' lang='lat' dir='ltr'><strong>cum</strong></span> <span class='ocrx_word' id='word_1_51' title='bbox 1059 835 1404 890; x_wconf 83' lang='lat' dir='ltr'><strong>audientibus</strong></span> <span class='ocrx_word' id='word_1_52' title='bbox 1429 875 1444 899; x_wconf 94' lang='lat'><strong>,</strong></span> <span class='ocrx_word' id='word_1_53' title='bbox 1493 835 1585 889; x_wconf 87' lang='lat' dir='ltr'><strong>sed</strong></span> <span class='ocrx_word' id='word_1_54' title='bbox 1633 848 1756 887; x_wconf 85' lang='lat' dir='ltr'><strong>cum</strong></span> <span class='ocrx_word' id='word_1_55' title='bbox 1807 831 2050 887; x_wconf 83' lang='lat' dir='ltr'><strong>deflenti-</strong></span> 
     </span>
    </p>
   </div>
   <div class='ocr_carea' id='block_1_11' title="bbox 477 925 2044 996">
    <p class='ocr_par' dir='ltr' id='par_1_11' title="bbox 477 925 2044 996">
     <span class='ocr_line' id='line_1_11' title="bbox 477 925 2044 996; baseline -0.007 -9"><span class='ocrx_word' id='word_1_56' title='bbox 477 932 602 996; x_wconf 82' lang='lat' dir='ltr'><strong>bus,</strong></span> <span class='ocrx_word' id='word_1_57' title='bbox 637 939 788 985; x_wconf 81' lang='lat' dir='ltr'><strong>extra</strong></span> <span class='ocrx_word' id='word_1_58' title='bbox 819 927 1135 990; x_wconf 85' lang='lat' dir='ltr'><strong>ecclesiam,</strong></span> <span class='ocrx_word' id='word_1_59' title='bbox 1179 925 1272 996; x_wconf 92' lang='lat' dir='ltr'><strong>qui</strong></span> <span class='ocrx_word' id='word_1_60' title='bbox 1317 940 1429 979; x_wconf 84' lang='lat' dir='ltr'><strong>rem</strong></span> <span class='ocrx_word' id='word_1_61' title='bbox 1477 925 1675 993; x_wconf 87' lang='lat' dir='ltr'><strong>captivi</strong></span> <span class='ocrx_word' id='word_1_62' title='bbox 1711 933 2044 993; x_wconf 89' lang='lat' dir='ltr'><strong>rapuerunt,</strong></span> 
     </span>
    </p>
   </div>
   <div class='ocr_carea' id='block_1_12' title="bbox 474 1017 2050 1085">
    <p class='ocr_par' dir='ltr' id='par_1_12' title="bbox 474 1017 2050 1085">
     <span class='ocr_line' id='line_1_12' title="bbox 474 1017 2050 1085; baseline -0.006 -5"><span class='ocrx_word' id='word_1_63' title='bbox 474 1030 533 1080; x_wconf 88' lang='lat' dir='ltr'><strong>et</strong></span> <span class='ocrx_word' id='word_1_64' title='bbox 561 1035 681 1080; x_wconf 82' lang='lat' dir='ltr'><strong>eam</strong></span> <span class='ocrx_word' id='word_1_65' title='bbox 709 1037 818 1076; x_wconf 85' lang='lat' dir='ltr'><strong>non</strong></span> <span class='ocrx_word' id='word_1_66' title='bbox 861 1023 1233 1080; x_wconf 84' lang='lat' dir='ltr'><strong>restituerunt,</strong></span> <span class='ocrx_word' id='word_1_67' title='bbox 1263 1017 1358 1072; x_wconf 89' lang='lat' dir='ltr'><strong>sed</strong></span> <span class='ocrx_word' id='word_1_68' title='bbox 1389 1017 1788 1070; x_wconf 85' lang='lat' dir='ltr'><strong>accusationem</strong></span> <span class='ocrx_word' id='word_1_69' title='bbox 1831 1025 1885 1070; x_wconf 90' lang='lat' dir='ltr'><strong>et</strong></span> <span class='ocrx_word' id='word_1_70' title='bbox 1923 1031 2050 1085; x_wconf 80' lang='lat' dir='ltr'><strong>pro-</strong></span> 
     </span>
    </p>
   </div>
   <div class='ocr_carea' id='block_1_13' title="bbox 477 1106 2050 1181">
    <p class='ocr_par' dir='ltr' id='par_1_13' title="bbox 477 1106 2050 1181">
     <span class='ocr_line' id='line_1_13' title="bbox 477 1106 2050 1181; baseline -0.007 -11"><span class='ocrx_word' id='word_1_71' title='bbox 477 1115 751 1171; x_wconf 80' lang='lat' dir='ltr'><strong>bationem</strong></span> <span class='ocrx_word' id='word_1_72' title='bbox 789 1119 1170 1181; x_wconf 77' lang='lat' dir='ltr'><strong>exspectaruut</strong></span> <span class='ocrx_word' id='word_1_73' title='bbox 1216 1117 1431 1178; x_wconf 85' lang='lat' dir='ltr'><strong>propter</strong></span> <span class='ocrx_word' id='word_1_74' title='bbox 1493 1106 1892 1161; x_wconf 82' lang='lat' dir='ltr'><strong>inﬁtiationem.</strong></span> <span class='ocrx_word' id='word_1_75' title='bbox 1943 1106 2050 1159; x_wconf 84' lang='lat' dir='ltr'><strong>Eos</strong></span> 
     </span>
    </p>
   </div>
   <div class='ocr_carea' id='block_1_14' title="bbox 477 1196 2051 1274">
    <p class='ocr_par' dir='ltr' id='par_1_14' title="bbox 477 1196 2051 1274">
     <span class='ocr_line' id='line_1_14' title="bbox 477 1196 2051 1274; baseline -0.006 -14"><span class='ocrx_word' id='word_1_76' title='bbox 477 1196 658 1261; x_wconf 63' lang='lat' dir='ltr'><strong>a‘ute’m</strong></span> <span class='ocrx_word' id='word_1_77' title='bbox 698 1205 791 1274; x_wconf 81' lang='lat' dir='ltr'><strong>qui</strong></span> <span class='ocrx_word' id='word_1_78' title='bbox 833 1219 892 1258; x_wconf 88' lang='lat' dir='ltr'><strong>se</strong></span> <span class='ocrx_word' id='word_1_79' title='bbox 938 1202 1085 1272; x_wconf 86' lang='lat' dir='ltr'><strong>ipsos</strong></span> <span class='ocrx_word' id='word_1_80' title='bbox 1111 1201 1436 1264; x_wconf 87' lang='lat' dir='ltr'><strong>detulerunt,</strong></span> <span class='ocrx_word' id='word_1_81' title='bbox 1465 1206 1520 1252; x_wconf 89' lang='lat' dir='ltr'><strong>et</strong></span> <span class='ocrx_word' id='word_1_82' title='bbox 1556 1213 1655 1252; x_wconf 89' lang='lat' dir='ltr'><strong>sua</strong></span> <span class='ocrx_word' id='word_1_83' title='bbox 1699 1207 1891 1266; x_wconf 89' lang='lat' dir='ltr'><strong>sponte</strong></span> <span class='ocrx_word' id='word_1_84' title='bbox 1929 1213 2051 1266; x_wconf 67' lang='lat' dir='ltr'><strong>qua:</strong></span> 
     </span>
    </p>
   </div>
   <div class='ocr_carea' id='block_1_15' title="bbox 475 1289 2048 1359">
    <p class='ocr_par' dir='ltr' id='par_1_15' title="bbox 475 1289 2048 1359">
     <span class='ocr_line' id='line_1_15' title="bbox 475 1289 2048 1359; baseline -0.006 -8"><span class='ocrx_word' id='word_1_85' title='bbox 475 1289 774 1359; x_wconf 73' lang='lat' dir='ltr'><strong>abstulere,</strong></span> <span class='ocrx_word' id='word_1_86' title='bbox 815 1301 939 1348; x_wconf 88' lang='lat' dir='ltr'><strong>ante</strong></span> <span class='ocrx_word' id='word_1_87' title='bbox 969 1293 1240 1348; x_wconf 85' lang='lat' dir='ltr'><strong>actionem</strong></span> <span class='ocrx_word' id='word_1_88' title='bbox 1289 1290 1576 1355; x_wconf 88' lang='lat' dir='ltr'><strong>dederunt,</strong></span> <span class='ocrx_word' id='word_1_89' title='bbox 1609 1289 1800 1344; x_wconf 87' lang='lat' dir='ltr'><strong>statuit</strong></span> <span class='ocrx_word' id='word_1_90' title='bbox 1829 1298 1889 1342; x_wconf 92' lang='lat' dir='ltr'><strong>ut</strong></span> <span class='ocrx_word' id='word_1_91' title='bbox 1919 1305 2048 1359; x_wconf 80' lang='lat' dir='ltr'><strong>pro-</strong></span> 
     </span>
    </p>
   </div>
   <div class='ocr_carea' id='block_1_16' title="bbox 477 1385 2046 1458">
    <p class='ocr_par' dir='ltr' id='par_1_16' title="bbox 477 1385 2046 1458">
     <span class='ocr_line' id='line_1_16' title="bbox 477 1385 2046 1458; baseline -0.005 -15"><span class='ocrx_word' id='word_1_92' title='bbox 477 1397 601 1458; x_wconf 71' lang='lat' dir='ltr'><strong>pter</strong></span> <span class='ocrx_word' id='word_1_93' title='bbox 621 1385 991 1457; x_wconf 60' lang='lat' dir='ltr'><strong>penitentiam</strong></span> <span class='ocrx_word' id='word_1_94' title='bbox 1015 1391 1448 1452; x_wconf 87' lang='lat' dir='ltr'><strong>compreccntur,</strong></span> <span class='ocrx_word' id='word_1_95' title='bbox 1479 1396 1574 1437; x_wconf 90' lang='lat' dir='ltr'><strong>seu</strong></span> <span class='ocrx_word' id='word_1_96' title='bbox 1599 1385 1898 1437; x_wconf 89' lang='lat' dir='ltr'><strong>consistant</strong></span> <span class='ocrx_word' id='word_1_97' title='bbox 1924 1397 2046 1436; x_wconf 92' lang='lat' dir='ltr'><strong>cum</strong></span> 
     </span>
    </p>
   </div>
   <div class='ocr_carea' id='block_1_17' title="bbox 473 1472 2046 1541">
    <p class='ocr_par' dir='ltr' id='par_1_17' title="bbox 473 1472 2046 1541">
     <span class='ocr_line' id='line_1_17' title="bbox 473 1472 2046 1541; baseline -0.006 -10"><span class='ocrx_word' id='word_1_98' title='bbox 473 1476 758 1541; x_wconf 80' lang='lat' dir='ltr'><strong>ﬁdelibus;</strong></span> <span class='ocrx_word' id='word_1_99' title='bbox 791 1475 1207 1530; x_wconf 87' lang='lat' dir='ltr'><strong>substeruantur</strong></span> <span class='ocrx_word' id='word_1_100' title='bbox 1261 1481 1440 1526; x_wconf 89' lang='lat' dir='ltr'><strong>autem</strong></span> <span class='ocrx_word' id='word_1_101' title='bbox 1487 1472 1628 1534; x_wconf 91' lang='lat' dir='ltr'><strong>illis,</strong></span> <span class='ocrx_word' id='word_1_102' title='bbox 1675 1487 1740 1525; x_wconf 90' lang='lat' dir='ltr'><strong>eo</strong></span> <span class='ocrx_word' id='word_1_103' title='bbox 1778 1472 1920 1540; x_wconf 89' lang='lat' dir='ltr'><strong>quod</strong></span> <span class='ocrx_word' id='word_1_104' title='bbox 1952 1486 2046 1525; x_wconf 87' lang='lat' dir='ltr'><strong>co-</strong></span> 
     </span>
    </p>
   </div>
   <div class='ocr_carea' id='block_1_18' title="bbox 478 1563 2046 1639">
    <p class='ocr_par' dir='ltr' id='par_1_18' title="bbox 478 1563 2046 1639">
     <span class='ocr_line' id='line_1_18' title="bbox 478 1563 2046 1639; baseline -0.005 -15"><span class='ocrx_word' id='word_1_105' title='bbox 478 1578 683 1639; x_wconf 80' lang='lat' dir='ltr'><strong>guntur</strong></span> <span class='ocrx_word' id='word_1_106' title='bbox 723 1567 905 1638; x_wconf 79' lang='lat' dir='ltr'><strong>egredi</strong></span> <span class='ocrx_word' id='word_1_107' title='bbox 941 1581 1065 1621; x_wconf 84' lang='lat' dir='ltr'><strong>cum</strong></span> <span class='ocrx_word' id='word_1_108' title='bbox 1105 1564 1530 1620; x_wconf 88' lang='lat' dir='ltr'><strong>catechumcnis.</strong></span> <span class='ocrx_word' id='word_1_109' title='bbox 1574 1564 1651 1618; x_wconf 84' lang='lat' dir='ltr'><strong>Ac</strong></span> <span class='ocrx_word' id='word_1_110' title='bbox 1696 1563 1778 1617; x_wconf 90' lang='lat' dir='ltr'><strong>lex</strong></span> <span class='ocrx_word' id='word_1_111' title='bbox 1828 1563 2046 1632; x_wconf 87' lang='lat' dir='ltr'><strong>quidem</strong></span> 
     </span>
    </p>
   </div>
   <div class='ocr_carea' id='block_1_19' title="bbox 477 1653 2051 1726">
    <p class='ocr_par' dir='ltr' id='par_1_19' title="bbox 477 1653 2051 1726">
     <span class='ocr_line' id='line_1_19' title="bbox 477 1653 2051 1726; baseline -0.004 -12"><span class='ocrx_word' id='word_1_112' title='bbox 477 1658 842 1715; x_wconf 85' lang='lat' dir='ltr'><strong>ecclesiastica</strong></span> <span class='ocrx_word' id='word_1_113' title='bbox 878 1672 972 1712; x_wconf 92' lang='lat' dir='ltr'><strong>cos</strong></span> <span class='ocrx_word' id='word_1_114' title='bbox 1010 1657 1091 1712; x_wconf 90' lang='lat' dir='ltr'><strong>sic</strong></span> <span class='ocrx_word' id='word_1_115' title='bbox 1121 1657 1296 1726; x_wconf 91' lang='lat' dir='ltr'><strong>punit.</strong></span> <span class='ocrx_word' id='word_1_116' title='bbox 1340 1653 1450 1709; x_wconf 80' lang='lat' dir='ltr'><strong>Lex</strong></span> <span class='ocrx_word' id='word_1_117' title='bbox 1488 1669 1618 1709; x_wconf 79' lang='lat' dir='ltr'><strong>vero</strong></span> <span class='ocrx_word' id='word_1_118' title='bbox 1661 1653 1837 1709; x_wconf 84' lang='lat' dir='ltr'><strong>civilis</strong></span> <span class='ocrx_word' id='word_1_119' title='bbox 1867 1662 2051 1723; x_wconf 82' lang='lat' dir='ltr'><strong>rapto-</strong></span> 
     </span>
    </p>
   </div>
   <div class='ocr_carea' id='block_1_20' title="bbox 478 1718 2124 1820">
    <p class='ocr_par' dir='ltr' id='par_1_20' title="bbox 478 1718 2124 1820">
     <span class='ocr_line' id='line_1_20' title="bbox 478 1718 2124 1820; baseline -0.007 -12"><span class='ocrx_word' id='word_1_120' title='bbox 478 1767 570 1808; x_wconf 85' lang='lat' dir='ltr'><strong>res</strong></span> <span class='ocrx_word' id='word_1_121' title='bbox 597 1749 741 1820; x_wconf 89' lang='lat' dir='ltr'><strong>quod</strong></span> <span class='ocrx_word' id='word_1_122' title='bbox 765 1749 832 1803; x_wconf 88' lang='lat' dir='ltr'><strong>ab</strong></span> <span class='ocrx_word' id='word_1_123' title='bbox 858 1748 991 1818; x_wconf 88' lang='lat' dir='ltr'><strong>ipsis</strong></span> <span class='ocrx_word' id='word_1_124' title='bbox 1023 1758 1234 1817; x_wconf 88' lang='lat' dir='ltr'><strong>raptum</strong></span> <span class='ocrx_word' id='word_1_125' title='bbox 1267 1756 1350 1801; x_wconf 91' lang='lat' dir='ltr'><strong>est</strong></span> <span class='ocrx_word' id='word_1_126' title='bbox 1375 1746 1534 1800; x_wconf 87' lang='lat' dir='ltr'><strong>etiam</strong></span> <span class='ocrx_word' id='word_1_127' title='bbox 1567 1755 1688 1799; x_wconf 84' lang='lat' dir='ltr'><strong>ante</strong></span> <span class='ocrx_word' id='word_1_128' title='bbox 1719 1745 2049 1800; x_wconf 82' lang='lat' dir='ltr'><strong>condemna-</strong></span> <span class='ocrx_word' id='word_1_129' title='bbox 2082 1718 2124 1776; x_wconf 73' lang='grc' dir='ltr'><strong>Β</strong></span> 
     </span>
    </p>
   </div>
   <div class='ocr_carea' id='block_1_21' title="bbox 479 1837 2052 1907">
    <p class='ocr_par' dir='ltr' id='par_1_21' title="bbox 479 1837 2052 1907">
     <span class='ocr_line' id='line_1_21' title="bbox 479 1837 2052 1907; baseline -0.006 -9"><span class='ocrx_word' id='word_1_130' title='bbox 479 1844 682 1899; x_wconf 82' lang='lat' dir='ltr'><strong>tionem</strong></span> <span class='ocrx_word' id='word_1_131' title='bbox 728 1843 1055 1907; x_wconf 68' lang='lat' dir='ltr'><strong>offerentes,</strong></span> <span class='ocrx_word' id='word_1_132' title='bbox 1114 1855 1221 1894; x_wconf 92' lang='lat' dir='ltr'><strong>non</strong></span> <span class='ocrx_word' id='word_1_133' title='bbox 1256 1839 1532 1903; x_wconf 86' lang='lat' dir='ltr'><strong>admittit,</strong></span> <span class='ocrx_word' id='word_1_134' title='bbox 1581 1837 1672 1891; x_wconf 87' lang='lat' dir='ltr'><strong>sed</strong></span> <span class='ocrx_word' id='word_1_135' title='bbox 1731 1837 2052 1892; x_wconf 77' lang='lat' dir='ltr'><strong>condemnat</strong></span> 
     </span>
    </p>
   </div>
   <div class='ocr_carea' id='block_1_22' title="bbox 480 1928 2050 2006">
    <p class='ocr_par' dir='ltr' id='par_1_22' title="bbox 480 1928 2050 2006">
     <span class='ocr_line' id='line_1_22' title="bbox 480 1928 2050 2006; baseline -0.004 -17"><span class='ocrx_word' id='word_1_136' title='bbox 480 1935 538 1989; x_wconf 82' lang='lat' dir='ltr'><strong>in</strong></span> <span class='ocrx_word' id='word_1_137' title='bbox 581 1934 965 2006; x_wconf 81' lang='lat' dir='ltr'><strong>quadruplum.</strong></span> <span class='ocrx_word' id='word_1_138' title='bbox 1035 1932 1174 1986; x_wconf 90' lang='lat' dir='ltr'><strong>Dicit</strong></span> <span class='ocrx_word' id='word_1_139' title='bbox 1214 1931 1357 1984; x_wconf 90' lang='lat' dir='ltr'><strong>enim</strong></span> <span class='ocrx_word' id='word_1_140' title='bbox 1404 1945 1526 1999; x_wconf 89' lang='lat' dir='ltr'><strong>cap.</strong></span> <span class='ocrx_word' id='word_1_141' title='bbox 1578 1929 1631 1992; x_wconf 88' lang='lat'><strong>6,</strong></span> <span class='ocrx_word' id='word_1_142' title='bbox 1691 1928 1757 1982; x_wconf 82' lang='grc'><strong>17</strong></span> <span class='ocrx_word' id='word_1_143' title='bbox 1812 1929 1933 1991; x_wconf 83' lang='grc' dir='ltr'>ιίι.,</span> <span class='ocrx_word' id='word_1_144' title='bbox 1983 1943 2050 1982; x_wconf 82' lang='lat' dir='ltr'><strong>Lx</strong></span> 
     </span>
    </p>
   </div>
   <div class='ocr_carea' id='block_1_23' title="bbox 479 2023 2052 2095">
    <p class='ocr_par' dir='ltr' id='par_1_23' title="bbox 479 2023 2052 2095">
     <span class='ocr_line' id='line_1_23' title="bbox 479 2023 2052 2095; baseline -0.002 -15"><span class='ocrx_word' id='word_1_145' title='bbox 479 2025 576 2082; x_wconf 82' lang='lat' dir='ltr'><strong>lib.</strong></span> <span class='ocrx_word' id='word_1_146' title='bbox 608 2044 623 2081; x_wconf 90' lang='lat'><strong>:</strong></span> <span class='ocrx_word' id='word_1_147' title='bbox 658 2024 865 2095; x_wconf 77' lang='lat' dir='ltr'><strong>Raptor</strong></span> <span class='ocrx_word' id='word_1_148' title='bbox 903 2039 1063 2094; x_wconf 65' lang='lat' dir='ltr'><strong>poena</strong></span> <span class='ocrx_word' id='word_1_149' title='bbox 1096 2038 1200 2076; x_wconf 94' lang='lat' dir='ltr'><strong>non</strong></span> <span class='ocrx_word' id='word_1_150' title='bbox 1225 2023 1485 2076; x_wconf 88' lang='lat' dir='ltr'><strong>liberatur</strong></span> <span class='ocrx_word' id='word_1_151' title='bbox 1515 2023 1783 2076; x_wconf 87' lang='lat' dir='ltr'><strong>oblatione</strong></span> <span class='ocrx_word' id='word_1_152' title='bbox 1806 2023 1880 2077; x_wconf 89' lang='lat' dir='ltr'><strong>rei</strong></span> <span class='ocrx_word' id='word_1_153' title='bbox 1927 2031 2052 2078; x_wconf 91' lang='lat' dir='ltr'><strong>ante</strong></span> 
     </span>
    </p>
   </div>
   <div class='ocr_carea' id='block_1_24' title="bbox 477 2113 2048 2184">
    <p class='ocr_par' dir='ltr' id='par_1_24' title="bbox 477 2113 2048 2184">
     <span class='ocr_line' id='line_1_24' title="bbox 477 2113 2048 2184; baseline -0.004 -11"><span class='ocrx_word' id='word_1_154' title='bbox 477 2117 649 2174; x_wconf 83' lang='lat' dir='ltr'><strong>litem.</strong></span> <span class='ocrx_word' id='word_1_155' title='bbox 710 2113 771 2172; x_wconf 82' lang='lat' dir='ltr'><strong>Et</strong></span> <span class='ocrx_word' id='word_1_156' title='bbox 816 2117 992 2172; x_wconf 85' lang='lat' dir='ltr'><strong>thema</strong></span> <span class='ocrx_word' id='word_1_157' title='bbox 1044 2115 1075 2168; x_wconf 84' lang='lat'><strong>7</strong></span> <span class='ocrx_word' id='word_1_158' title='bbox 1102 2154 1117 2179; x_wconf 96' lang='lat'><strong>,</strong></span> <span class='ocrx_word' id='word_1_159' title='bbox 1162 2129 1278 2184; x_wconf 83' lang='lat' dir='ltr'><strong>cap.</strong></span> <span class='ocrx_word' id='word_1_160' title='bbox 1321 2114 1358 2168; x_wconf 72' lang='lat'><strong>2</strong></span> <span class='ocrx_word' id='word_1_161' title='bbox 1400 2115 1641 2184; x_wconf 85' lang='lat' dir='ltr'><strong>ejusdem</strong></span> <span class='ocrx_word' id='word_1_162' title='bbox 1706 2114 1797 2168; x_wconf 90' lang='lat' dir='ltr'><strong>lib.</strong></span> <span class='ocrx_word' id='word_1_163' title='bbox 1831 2124 1885 2169; x_wconf 92' lang='lat' dir='ltr'><strong>et</strong></span> <span class='ocrx_word' id='word_1_164' title='bbox 1915 2115 1996 2168; x_wconf 84' lang='lat' dir='ltr'><strong>tit.</strong></span> <span class='ocrx_word' id='word_1_165' title='bbox 2033 2129 2048 2167; x_wconf 91' lang='lat'><strong>:</strong></span> 
     </span>
    </p>
   </div>
   <div class='ocr_carea' id='block_1_25' title="bbox 478 2207 2049 2276">
    <p class='ocr_par' dir='ltr' id='par_1_25' title="bbox 478 2207 2049 2276">
     <span class='ocr_line' id='line_1_25' title="bbox 478 2207 2049 2276; baseline -0.004 -12"><span class='ocrx_word' id='word_1_166' title='bbox 478 2209 622 2266; x_wconf 86' lang='lat' dir='ltr'><strong>Intra</strong></span> <span class='ocrx_word' id='word_1_167' title='bbox 668 2226 870 2264; x_wconf 85' lang='lat' dir='ltr'><strong>annum</strong></span> <span class='ocrx_word' id='word_1_168' title='bbox 925 2223 1113 2262; x_wconf 86' lang='lat' dir='ltr'><strong>verum</strong></span> <span class='ocrx_word' id='word_1_169' title='bbox 1162 2207 1392 2276; x_wconf 90' lang='lat' dir='ltr'><strong>pretium</strong></span> <span class='ocrx_word' id='word_1_170' title='bbox 1459 2207 1892 2276; x_wconf 89' lang='lat' dir='ltr'><strong>quadruplatur,</strong></span> <span class='ocrx_word' id='word_1_171' title='bbox 1944 2221 2049 2260; x_wconf 89' lang='lat' dir='ltr'><strong>non</strong></span> 
     </span>
    </p>
   </div>
   <div class='ocr_carea' id='block_1_26' title="bbox 477 2296 2052 2370">
    <p class='ocr_par' dir='ltr' id='par_1_26' title="bbox 477 2296 2052 2370">
     <span class='ocr_line' id='line_1_26' title="bbox 477 2296 2052 2370; baseline -0.003 -15"><span class='ocrx_word' id='word_1_172' title='bbox 477 2311 658 2356; x_wconf 81' lang='lat' dir='ltr'><strong>autem</strong></span> <span class='ocrx_word' id='word_1_173' title='bbox 709 2301 763 2356; x_wconf 88' lang='lat' dir='ltr'><strong>id</strong></span> <span class='ocrx_word' id='word_1_174' title='bbox 817 2300 962 2370; x_wconf 92' lang='lat' dir='ltr'><strong>quod</strong></span> <span class='ocrx_word' id='word_1_175' title='bbox 1024 2299 1269 2357; x_wconf 80' lang='lat' dir='ltr'><strong>interest.</strong></span> <span class='ocrx_word' id='word_1_176' title='bbox 1336 2296 1490 2363; x_wconf 80' lang='lat' dir='ltr'><strong>Quod</strong></span> <span class='ocrx_word' id='word_1_177' title='bbox 1536 2307 1716 2352; x_wconf 90' lang='lat' dir='ltr'><strong>autem</strong></span> <span class='ocrx_word' id='word_1_178' title='bbox 1779 2297 1867 2352; x_wconf 86' lang='lat' dir='ltr'><strong>hic</strong></span> <span class='ocrx_word' id='word_1_179' title='bbox 1921 2297 2052 2352; x_wconf 91' lang='lat' dir='ltr'><strong>dicit</strong></span> 
     </span>
    </p>
   </div>
   <div class='ocr_carea' id='block_1_27' title="bbox 476 2390 2053 2459">
    <p class='ocr_par' dir='ltr' id='par_1_27' title="bbox 476 2390 2053 2459">
     <span class='ocr_line' id='line_1_27' title="bbox 476 2390 2053 2459; baseline -0.003 -11"><span class='ocrx_word' id='word_1_180' title='bbox 476 2406 702 2448; x_wconf 84' lang='lat' dir='ltr'><strong>sanctus</strong></span> <span class='ocrx_word' id='word_1_181' title='bbox 732 2390 800 2445; x_wconf 91' lang='lat' dir='ltr'><strong>de</strong></span> <span class='ocrx_word' id='word_1_182' title='bbox 841 2391 908 2446; x_wconf 89' lang='lat' dir='ltr'><strong>iis</strong></span> <span class='ocrx_word' id='word_1_183' title='bbox 950 2391 1044 2459; x_wconf 85' lang='lat' dir='ltr'><strong>qui</strong></span> <span class='ocrx_word' id='word_1_184' title='bbox 1094 2401 1219 2444; x_wconf 88' lang='lat' dir='ltr'><strong>ante</strong></span> <span class='ocrx_word' id='word_1_185' title='bbox 1253 2390 1762 2444; x_wconf 89' lang='lat' dir='ltr'><strong>condemnationem</strong></span> <span class='ocrx_word' id='word_1_186' title='bbox 1805 2398 1859 2444; x_wconf 95' lang='lat' dir='ltr'><strong>et</strong></span> <span class='ocrx_word' id='word_1_187' title='bbox 1891 2404 2053 2444; x_wconf 88' lang='lat' dir='ltr'><strong>accu-</strong></span> 
     </span>
    </p>
   </div>
   <div class='ocr_carea' id='block_1_28' title="bbox 477 2483 2052 2554">
    <p class='ocr_par' dir='ltr' id='par_1_28' title="bbox 477 2483 2052 2554">
     <span class='ocr_line' id='line_1_28' title="bbox 477 2483 2052 2554; baseline 0.001 -16"><span class='ocrx_word' id='word_1_188' title='bbox 477 2483 742 2538; x_wconf 78' lang='lat' dir='ltr'><strong>sationem</strong></span> <span class='ocrx_word' id='word_1_189' title='bbox 791 2497 904 2536; x_wconf 89' lang='lat' dir='ltr'><strong>rem</strong></span> <span class='ocrx_word' id='word_1_190' title='bbox 944 2485 1266 2548; x_wconf 88' lang='lat' dir='ltr'><strong>restituunt,</strong></span> <span class='ocrx_word' id='word_1_191' title='bbox 1309 2484 1394 2537; x_wconf 88' lang='lat' dir='ltr'><strong>lex</strong></span> <span class='ocrx_word' id='word_1_192' title='bbox 1439 2483 1592 2554; x_wconf 90' lang='lat' dir='ltr'><strong>jubet</strong></span> <span class='ocrx_word' id='word_1_193' title='bbox 1622 2483 1672 2538; x_wconf 94' lang='lat' dir='ltr'><strong>id</strong></span> <span class='ocrx_word' id='word_1_194' title='bbox 1707 2483 1820 2538; x_wconf 82' lang='lat' dir='ltr'><strong>ﬁeri</strong></span> <span class='ocrx_word' id='word_1_195' title='bbox 1863 2483 1915 2536; x_wconf 89' lang='lat' dir='ltr'><strong>in</strong></span> <span class='ocrx_word' id='word_1_196' title='bbox 1960 2499 2052 2539; x_wconf 90' lang='lat' dir='ltr'><strong>eos</strong></span> 
     </span>
    </p>
   </div>
   <div class='ocr_carea' id='block_1_29' title="bbox 475 2574 2054 2647">
    <p class='ocr_par' dir='ltr' id='par_1_29' title="bbox 475 2574 2054 2647">
     <span class='ocr_line' id='line_1_29' title="bbox 475 2574 2054 2647; baseline 0.005 -21"><span class='ocrx_word' id='word_1_197' title='bbox 475 2574 573 2642; x_wconf 88' lang='lat' dir='ltr'><strong>qui</strong></span> <span class='ocrx_word' id='word_1_198' title='bbox 632 2574 833 2643; x_wconf 91' lang='lat' dir='ltr'><strong>aliquid</strong></span> <span class='ocrx_word' id='word_1_199' title='bbox 901 2590 967 2629; x_wconf 83' lang='lat' dir='ltr'><strong>ex</strong></span> <span class='ocrx_word' id='word_1_200' title='bbox 1033 2577 1217 2646; x_wconf 89' lang='lat' dir='ltr'><strong>aliquo</strong></span> <span class='ocrx_word' id='word_1_201' title='bbox 1283 2585 1428 2631; x_wconf 90' lang='lat' dir='ltr'><strong>metu</strong></span> <span class='ocrx_word' id='word_1_202' title='bbox 1505 2587 1847 2647; x_wconf 86' lang='lat' dir='ltr'><strong>acceperunt.</strong></span> <span class='ocrx_word' id='word_1_203' title='bbox 1916 2578 2054 2634; x_wconf 86' lang='lat' dir='ltr'><strong>Dicit</strong></span> 
     </span>
    </p>
   </div>
   <div class='ocr_carea' id='block_1_30' title="bbox 472 2663 2053 2740">
    <p class='ocr_par' dir='ltr' id='par_1_30' title="bbox 472 2663 2053 2740">
     <span class='ocr_line' id='line_1_30' title="bbox 472 2663 2053 2740; baseline 0.004 -21"><span class='ocrx_word' id='word_1_204' title='bbox 472 2665 622 2720; x_wconf 87' lang='lat' dir='ltr'><strong>euim</strong></span> <span class='ocrx_word' id='word_1_205' title='bbox 657 2663 690 2719; x_wconf 82' lang='grc'><strong>5</strong></span> <span class='ocrx_word' id='word_1_206' title='bbox 728 2665 944 2735; x_wconf 87' lang='lat' dir='ltr'><strong>thema,</strong></span> <span class='ocrx_word' id='word_1_207' title='bbox 993 2668 1060 2722; x_wconf 77' lang='grc'><strong>15</strong></span> <span class='ocrx_word' id='word_1_208' title='bbox 1101 2684 1245 2739; x_wconf 88' lang='lat' dir='ltr'><strong>cap.,</strong></span> <span class='ocrx_word' id='word_1_209' title='bbox 1268 2669 1303 2722; x_wconf 75' lang='lat'><strong>9.</strong></span> <span class='ocrx_word' id='word_1_210' title='bbox 1346 2669 1453 2738; x_wconf 89' lang='lat' dir='ltr'><strong>tit.,</strong></span> <span class='ocrx_word' id='word_1_211' title='bbox 1477 2687 1509 2724; x_wconf 77' lang='grc' dir='ltr'><strong>ι</strong></span> <span class='ocrx_word' id='word_1_212' title='bbox 1555 2669 1684 2724; x_wconf 87' lang='lat' dir='ltr'><strong>lib.:</strong></span> <span class='ocrx_word' id='word_1_213' title='bbox 1719 2670 1874 2725; x_wconf 83' lang='lat' dir='ltr'><strong>Actio</strong></span> <span class='ocrx_word' id='word_1_214' title='bbox 1897 2671 2053 2740; x_wconf 87' lang='lat' dir='ltr'><strong>cujus</strong></span> 
     </span>
    </p>
   </div>
   <div class='ocr_carea' id='block_1_31' title="bbox 477 2759 2052 2832">
    <p class='ocr_par' dir='ltr' id='par_1_31' title="bbox 477 2759 2052 2832">
     <span class='ocr_line' id='line_1_31' title="bbox 477 2759 2052 2832; baseline 0.003 -20"><span class='ocrx_word' id='word_1_215' title='bbox 477 2767 657 2812; x_wconf 87' lang='lat' dir='ltr'><strong>metus</strong></span> <span class='ocrx_word' id='word_1_216' title='bbox 692 2774 888 2826; x_wconf 88' lang='lat' dir='ltr'><strong>causa,</strong></span> <span class='ocrx_word' id='word_1_217' title='bbox 931 2770 1014 2814; x_wconf 91' lang='lat' dir='ltr'><strong>est</strong></span> <span class='ocrx_word' id='word_1_218' title='bbox 1040 2759 1207 2816; x_wconf 88' lang='lat' dir='ltr'><strong>libera</strong></span> <span class='ocrx_word' id='word_1_219' title='bbox 1233 2779 1247 2826; x_wconf 92' lang='lat'><strong>;</strong></span> <span class='ocrx_word' id='word_1_220' title='bbox 1269 2770 1336 2816; x_wconf 78' lang='lat' dir='ltr'><strong>&#39;ct</strong></span> <span class='ocrx_word' id='word_1_221' title='bbox 1372 2761 1496 2817; x_wconf 89' lang='lat' dir='ltr'><strong>licet</strong></span> <span class='ocrx_word' id='word_1_222' title='bbox 1531 2761 1578 2816; x_wconf 89' lang='lat' dir='ltr'><strong>ci</strong></span> <span class='ocrx_word' id='word_1_223' title='bbox 1607 2762 1866 2817; x_wconf 89' lang='lat' dir='ltr'><strong>adversus</strong></span> <span class='ocrx_word' id='word_1_224' title='bbox 1891 2779 2052 2832; x_wconf 92' lang='lat' dir='ltr'><strong>quem</strong></span> 
     </span>
    </p>
   </div>
   <div class='ocr_carea' id='block_1_32' title="bbox 478 2849 2050 2920">
    <p class='ocr_par' dir='ltr' id='par_1_32' title="bbox 478 2849 2050 2920">
     <span class='ocr_line' id='line_1_32' title="bbox 478 2849 2050 2920; baseline 0.003 -18"><span class='ocrx_word' id='word_1_225' title='bbox 478 2849 682 2920; x_wconf 82' lang='lat' dir='ltr'><strong>agitur,</strong></span> <span class='ocrx_word' id='word_1_226' title='bbox 712 2849 777 2904; x_wconf 86' lang='lat' dir='ltr'><strong>ad</strong></span> <span class='ocrx_word' id='word_1_227' title='bbox 812 2852 1131 2904; x_wconf 84' lang='lat' dir='ltr'><strong>sententiam</strong></span> <span class='ocrx_word' id='word_1_228' title='bbox 1165 2866 1336 2920; x_wconf 86' lang='lat' dir='ltr'><strong>usque</strong></span> <span class='ocrx_word' id='word_1_229' title='bbox 1363 2867 1478 2906; x_wconf 90' lang='lat' dir='ltr'><strong>rem</strong></span> <span class='ocrx_word' id='word_1_230' title='bbox 1519 2852 1824 2915; x_wconf 90' lang='lat' dir='ltr'><strong>restituere,</strong></span> <span class='ocrx_word' id='word_1_231' title='bbox 1859 2861 1914 2907; x_wconf 91' lang='lat' dir='ltr'><strong>et</strong></span> <span class='ocrx_word' id='word_1_232' title='bbox 1943 2868 2050 2906; x_wconf 90' lang='lat' dir='ltr'><strong>non</strong></span> 
     </span>
    </p>
   </div>
   <div class='ocr_carea' id='block_1_33' title="bbox 481 2942 2052 3013">
    <p class='ocr_par' dir='ltr' id='par_1_33' title="bbox 481 2942 2052 3013">
     <span class='ocr_line' id='line_1_33' title="bbox 481 2942 2052 3013; baseline 0.003 -20"><span class='ocrx_word' id='word_1_233' title='bbox 481 2945 611 2999; x_wconf 83' lang='lat' dir='ltr'><strong>dare</strong></span> <span class='ocrx_word' id='word_1_234' title='bbox 659 2943 1044 3013; x_wconf 87' lang='lat' dir='ltr'><strong>quadruplum.</strong></span> <span class='ocrx_word' id='word_1_235' title='bbox 1101 2943 1195 2996; x_wconf 81' lang='lat' dir='ltr'><strong>Est</strong></span> <span class='ocrx_word' id='word_1_236' title='bbox 1258 2952 1438 2997; x_wconf 89' lang='lat' dir='ltr'><strong>autem</strong></span> <span class='ocrx_word' id='word_1_237' title='bbox 1493 2951 1550 2997; x_wconf 92' lang='lat' dir='ltr'><strong>et</strong></span> <span class='ocrx_word' id='word_1_238' title='bbox 1599 2943 1699 2997; x_wconf 88' lang='lat' dir='ltr'><strong>alia</strong></span> <span class='ocrx_word' id='word_1_239' title='bbox 1753 2942 2052 2998; x_wconf 79' lang='lat' dir='ltr'><strong>diﬂ‘erentia</strong></span> 
     </span>
    </p>
   </div>
   <div class='ocr_carea' id='block_1_34' title="bbox 2150 466 3664 542">
    <p class='ocr_par' dir='ltr' id='par_1_34' title="bbox 2150 466 3664 542">
     <span class='ocr_line' id='line_1_34' title="bbox 2150 466 3664 542; baseline 0.002 -22"><span class='ocrx_word' id='word_1_240' title='bbox 2150 468 2441 521; x_wconf 85' lang='grc' dir='ltr'>πασάντων</span> <span class='ocrx_word' id='word_1_241' title='bbox 2468 468 2501 540; x_wconf 78' lang='grc' dir='ltr'>ἢ</span> <span class='ocrx_word' id='word_1_242' title='bbox 2531 466 2844 539; x_wconf 74' lang='grc' dir='ltr'><strong>εὑρηκότων</strong></span> <span class='ocrx_word' id='word_1_243' title='bbox 2877 469 3172 540; x_wconf 79' lang='grc' dir='ltr'>πράγματά</span> <span class='ocrx_word' id='word_1_244' title='bbox 3196 487 3352 524; x_wconf 91' lang='grc' dir='ltr'>τινων</span> <span class='ocrx_word' id='word_1_245' title='bbox 3379 474 3664 542; x_wconf 77' lang='grc' dir='ltr'>αἰχμαλειπι.</span> 
     </span>
    </p>
   </div>
   <div class='ocr_carea' id='block_1_35' title="bbox 2150 559 3662 636">
    <p class='ocr_par' dir='ltr' id='par_1_35' title="bbox 2150 559 3662 636">
     <span class='ocr_line' id='line_1_35' title="bbox 2150 559 3662 636; baseline 0.006 -24"><span class='ocrx_word' id='word_1_246' title='bbox 2150 559 2382 613; x_wconf 86' lang='grc' dir='ltr'>σθέντων</span> <span class='ocrx_word' id='word_1_247' title='bbox 2405 597 2420 621; x_wconf 88' lang='grc'><strong>,</strong></span> <span class='ocrx_word' id='word_1_248' title='bbox 2469 559 2589 612; x_wconf 80' lang='grc' dir='ltr'>ὅσον</span> <span class='ocrx_word' id='word_1_249' title='bbox 2632 559 2769 622; x_wconf 86' lang='grc' dir='ltr'>τέως</span> <span class='ocrx_word' id='word_1_250' title='bbox 2797 562 2876 622; x_wconf 84' lang='grc' dir='ltr'><strong>εἰς</strong></span> <span class='ocrx_word' id='word_1_251' title='bbox 2915 559 3007 612; x_wconf 82' lang='grc' dir='ltr'>τὸν</span> <span class='ocrx_word' id='word_1_252' title='bbox 3035 559 3188 628; x_wconf 88' lang='grc' dir='ltr'>λόγον</span> <span class='ocrx_word' id='word_1_253' title='bbox 3242 561 3350 617; x_wconf 85' lang='grc' dir='ltr'>τῶν</span> <span class='ocrx_word' id='word_1_254' title='bbox 3392 563 3662 636; x_wconf 69' lang='grc' dir='ltr'>ἐπιτιμίωνσ</span> 
     </span>
    </p>
   </div>
   <div class='ocr_carea' id='block_1_36' title="bbox 2149 649 3664 728">
    <p class='ocr_par' dir='ltr' id='par_1_36' title="bbox 2149 649 3664 728">
     <span class='ocr_line' id='line_1_36' title="bbox 2149 649 3664 728; baseline 0.003 -24"><span class='ocrx_word' id='word_1_255' title='bbox 2149 651 2275 723; x_wconf 80' lang='grc' dir='ltr'>ἄρτι</span> <span class='ocrx_word' id='word_1_256' title='bbox 2302 650 2395 702; x_wconf 66' lang='grc' dir='ltr'><strong>καὶ</strong></span> <span class='ocrx_word' id='word_1_257' title='bbox 2419 649 2485 703; x_wconf 78' lang='grc' dir='ltr'>τὰ</span> <span class='ocrx_word' id='word_1_258' title='bbox 2519 650 2632 722; x_wconf 79' lang='grc' dir='ltr'>εῐδη</span> <span class='ocrx_word' id='word_1_259' title='bbox 2673 650 2774 720; x_wconf 80' lang='grc' dir='ltr'>τῆς</span> <span class='ocrx_word' id='word_1_260' title='bbox 2810 651 3092 724; x_wconf 88' lang='grc' dir='ltr'>μετανοίας</span> <span class='ocrx_word' id='word_1_261' title='bbox 3125 653 3245 724; x_wconf 68' lang='grc' dir='ltr'>ἦτοι</span> <span class='ocrx_word' id='word_1_262' title='bbox 3277 653 3383 706; x_wconf 82' lang='grc' dir='ltr'>τῶν</span> <span class='ocrx_word' id='word_1_263' title='bbox 3423 656 3664 728; x_wconf 86' lang='grc' dir='ltr'>ἐκκλησια-</span> 
     </span>
    </p>
   </div>
   <div class='ocr_carea' id='block_1_37' title="bbox 2149 740 3670 821">
    <p class='ocr_par' dir='ltr' id='par_1_37' title="bbox 2149 740 3670 821">
     <span class='ocr_line' id='line_1_37' title="bbox 2149 740 3670 821; baseline 0.007 -28"><span class='ocrx_word' id='word_1_264' title='bbox 2149 740 2348 794; x_wconf 86' lang='grc' dir='ltr'>στικῶν</span> <span class='ocrx_word' id='word_1_265' title='bbox 2379 742 2667 812; x_wconf 75' lang='grc' dir='ltr'><strong>ἐπιτιμίων</strong></span> <span class='ocrx_word' id='word_1_266' title='bbox 2692 741 2916 813; x_wconf 78' lang='grc' dir='ltr'>ἄρχεται</span> <span class='ocrx_word' id='word_1_267' title='bbox 2939 741 3131 810; x_wconf 81' lang='grc' dir='ltr'>λέγειν.</span> <span class='ocrx_word' id='word_1_268' title='bbox 3177 742 3289 796; x_wconf 72' lang='grc' dir='ltr'><strong>Καὶ</strong></span> <span class='ocrx_word' id='word_1_269' title='bbox 3320 745 3502 800; x_wconf 78' lang='grc' dir='ltr'>αὐτίκα</span> <span class='ocrx_word' id='word_1_270' title='bbox 3537 749 3670 821; x_wconf 82' lang='grc' dir='ltr'>διορί-</span> 
     </span>
    </p>
   </div>
   <div class='ocr_carea' id='block_1_38' title="bbox 2153 831 3663 904">
    <p class='ocr_par' dir='ltr' id='par_1_38' title="bbox 2153 831 3663 904">
     <span class='ocr_line' id='line_1_38' title="bbox 2153 831 3663 904; baseline 0.005 -20"><span class='ocrx_word' id='word_1_271' title='bbox 2153 833 2324 898; x_wconf 79' lang='grc' dir='ltr'>ζεται,</span> <span class='ocrx_word' id='word_1_272' title='bbox 2379 832 2464 885; x_wconf 77' lang='grc' dir='ltr'>ἵνα</span> <span class='ocrx_word' id='word_1_273' title='bbox 2523 832 2654 903; x_wconf 85' lang='grc' dir='ltr'>μηδὲ</span> <span class='ocrx_word' id='word_1_274' title='bbox 2708 831 2846 903; x_wconf 86' lang='grc' dir='ltr'><strong>μετά</strong></span> <span class='ocrx_word' id='word_1_275' title='bbox 2882 831 2990 884; x_wconf 83' lang='grc' dir='ltr'>τῶν</span> <span class='ocrx_word' id='word_1_276' title='bbox 3023 834 3386 904; x_wconf 80' lang='grc' dir='ltr'><strong>ἀκροωμένων</strong></span> <span class='ocrx_word' id='word_1_277' title='bbox 3433 837 3663 903; x_wconf 79' lang='grc' dir='ltr'><strong>ἱστῶνται,</strong></span> 
     </span>
    </p>
   </div>
   <div class='ocr_carea' id='block_1_39' title="bbox 2148 923 3674 1005">
    <p class='ocr_par' dir='ltr' id='par_1_39' title="bbox 2148 923 3674 1005">
     <span class='ocr_line' id='line_1_39' title="bbox 2148 923 3674 1005; baseline 0.004 -27"><span class='ocrx_word' id='word_1_278' title='bbox 2148 923 2282 978; x_wconf 80' lang='grc' dir='ltr'>ἀλλὰ</span> <span class='ocrx_word' id='word_1_279' title='bbox 2330 923 2464 996; x_wconf 82' lang='grc' dir='ltr'>μετά</span> <span class='ocrx_word' id='word_1_280' title='bbox 2505 925 2613 979; x_wconf 86' lang='grc' dir='ltr'>τῶν</span> <span class='ocrx_word' id='word_1_281' title='bbox 2655 926 3087 998; x_wconf 81' lang='grc' dir='ltr'>προσκλαιόντων</span> <span class='ocrx_word' id='word_1_282' title='bbox 3141 925 3343 990; x_wconf 78' lang='grc' dir='ltr'>ἔξωθεν</span> <span class='ocrx_word' id='word_1_283' title='bbox 3377 927 3471 999; x_wconf 85' lang='grc' dir='ltr'><strong>τῆς</strong></span> <span class='ocrx_word' id='word_1_284' title='bbox 3514 931 3674 1005; x_wconf 72' lang='grc' dir='ltr'>ἐκκληο</span> 
     </span>
    </p>
   </div>
   <div class='ocr_carea' id='block_1_40' title="bbox 2153 1016 3671 1090">
    <p class='ocr_par' dir='ltr' id='par_1_40' title="bbox 2153 1016 3671 1090">
     <span class='ocr_line' id='line_1_40' title="bbox 2153 1016 3671 1090; baseline 0.004 -20"><span class='ocrx_word' id='word_1_285' title='bbox 2153 1018 2272 1081; x_wconf 88' lang='grc' dir='ltr'>σίας</span> <span class='ocrx_word' id='word_1_286' title='bbox 2293 1057 2308 1081; x_wconf 95' lang='grc'><strong>,</strong></span> <span class='ocrx_word' id='word_1_287' title='bbox 2325 1018 2375 1070; x_wconf 80' lang='grc' dir='ltr'><strong>οἰ</strong></span> <span class='ocrx_word' id='word_1_288' title='bbox 2405 1017 2745 1088; x_wconf 83' lang='grc' dir='ltr'>ἁρπάσαντες</span> <span class='ocrx_word' id='word_1_289' title='bbox 2770 1016 3009 1070; x_wconf 81' lang='grc' dir='ltr'>τοιοῦτόν</span> <span class='ocrx_word' id='word_1_290' title='bbox 3023 1035 3073 1070; x_wconf 86' lang='grc' dir='ltr'><strong>τι</strong></span> <span class='ocrx_word' id='word_1_291' title='bbox 3100 1021 3336 1090; x_wconf 80' lang='grc' dir='ltr'>πρᾶγμα</span> <span class='ocrx_word' id='word_1_292' title='bbox 3351 1021 3671 1090; x_wconf 78' lang='grc' dir='ltr'>αἰχμαλώτου,</span> 
     </span>
    </p>
   </div>
   <div class='ocr_carea' id='block_1_41' title="bbox 2149 1108 3673 1181">
    <p class='ocr_par' dir='ltr' id='par_1_41' title="bbox 2149 1108 3673 1181">
     <span class='ocr_line' id='line_1_41' title="bbox 2149 1108 3673 1181; baseline 0.001 -19"><span class='ocrx_word' id='word_1_293' title='bbox 2149 1111 2244 1163; x_wconf 74' lang='grc' dir='ltr'>καὶ</span> <span class='ocrx_word' id='word_1_294' title='bbox 2278 1110 2352 1180; x_wconf 81' lang='grc' dir='ltr'><strong>μὴ</strong></span> <span class='ocrx_word' id='word_1_295' title='bbox 2379 1108 2826 1181; x_wconf 70' lang='grc' dir='ltr'>ἀντιστρέψαντες</span> <span class='ocrx_word' id='word_1_296' title='bbox 2841 1108 2992 1173; x_wconf 83' lang='grc' dir='ltr'>αὑτὸ,</span> <span class='ocrx_word' id='word_1_297' title='bbox 3018 1109 3150 1163; x_wconf 76' lang='grc' dir='ltr'>ἀλλὰ</span> <span class='ocrx_word' id='word_1_298' title='bbox 3167 1111 3546 1181; x_wconf 68' lang='grc' dir='ltr'>ἀναμείναντες</span> <span class='ocrx_word' id='word_1_299' title='bbox 3559 1131 3673 1170; x_wconf 77' lang='grc' dir='ltr'>κατ-</span> 
     </span>
    </p>
   </div>
   <div class='ocr_carea' id='block_1_42' title="bbox 2156 1199 3675 1274">
    <p class='ocr_par' dir='ltr' id='par_1_42' title="bbox 2156 1199 3675 1274">
     <span class='ocr_line' id='line_1_42' title="bbox 2156 1199 3675 1274; baseline 0.001 -20"><span class='ocrx_word' id='word_1_300' title='bbox 2156 1201 2387 1273; x_wconf 83' lang='grc' dir='ltr'>ηγορίαν</span> <span class='ocrx_word' id='word_1_301' title='bbox 2432 1202 2526 1254; x_wconf 76' lang='grc' dir='ltr'><strong>καὶ</strong></span> <span class='ocrx_word' id='word_1_302' title='bbox 2549 1201 2766 1271; x_wconf 78' lang='grc' dir='ltr'>ἔλεγχον</span> <span class='ocrx_word' id='word_1_303' title='bbox 2783 1200 2872 1254; x_wconf 85' lang='grc' dir='ltr'><strong>διὰ</strong></span> <span class='ocrx_word' id='word_1_304' title='bbox 2898 1199 2996 1272; x_wconf 80' lang='grc' dir='ltr'>τὴν</span> <span class='ocrx_word' id='word_1_305' title='bbox 3040 1201 3292 1274; x_wconf 77' lang='grc' dir='ltr'>ἄρνησιν.</span> <span class='ocrx_word' id='word_1_306' title='bbox 3331 1204 3463 1267; x_wconf 77' lang='grc' dir='ltr'>Τοὺς</span> <span class='ocrx_word' id='word_1_307' title='bbox 3499 1205 3550 1257; x_wconf 87' lang='grc' dir='ltr'><strong>δέ</strong></span> <span class='ocrx_word' id='word_1_308' title='bbox 3575 1208 3675 1260; x_wconf 76' lang='grc' dir='ltr'>ἐαυ-</span> 
     </span>
    </p>
   </div>
   <div class='ocr_carea' id='block_1_43' title="bbox 2147 1293 3677 1366">
    <p class='ocr_par' dir='ltr' id='par_1_43' title="bbox 2147 1293 3677 1366">
     <span class='ocr_line' id='line_1_43' title="bbox 2147 1293 3677 1366; baseline 0.003 -20"><span class='ocrx_word' id='word_1_309' title='bbox 2147 1295 2274 1358; x_wconf 78' lang='grc' dir='ltr'>τοὺς</span> <span class='ocrx_word' id='word_1_310' title='bbox 2305 1293 2795 1365; x_wconf 86' lang='grc' dir='ltr'>προσαγγείλαντας</span> <span class='ocrx_word' id='word_1_311' title='bbox 2821 1296 2916 1348; x_wconf 72' lang='grc' dir='ltr'><strong>καὶ</strong></span> <span class='ocrx_word' id='word_1_312' title='bbox 2940 1295 3127 1358; x_wconf 79' lang='grc' dir='ltr'>δόντας</span> <span class='ocrx_word' id='word_1_313' title='bbox 3154 1294 3458 1359; x_wconf 83' lang='grc' dir='ltr'>καλοθελῶς</span> <span class='ocrx_word' id='word_1_314' title='bbox 3474 1297 3567 1366; x_wconf 72' lang='grc' dir='ltr'><strong>πρὸ</strong></span> <span class='ocrx_word' id='word_1_315' title='bbox 3582 1298 3677 1352; x_wconf 83' lang='grc' dir='ltr'>ἀνα-</span> 
     </span>
    </p>
   </div>
   <div class='ocr_carea' id='block_1_44' title="bbox 2147 1381 3677 1456">
    <p class='ocr_par' dir='ltr' id='par_1_44' title="bbox 2147 1381 3677 1456">
     <span class='ocr_line' id='line_1_44' title="bbox 2147 1381 3677 1456; baseline 0.004 -22"><span class='ocrx_word' id='word_1_316' title='bbox 2147 1382 2333 1452; x_wconf 82' lang='grc' dir='ltr'>γωγῆς</span> <span class='ocrx_word' id='word_1_317' title='bbox 2367 1381 2402 1435; x_wconf 76' lang='grc' dir='ltr'>ἃ</span> <span class='ocrx_word' id='word_1_318' title='bbox 2437 1382 2746 1450; x_wconf 72' lang='grc' dir='ltr'>ἀφείλοντο,</span> <span class='ocrx_word' id='word_1_319' title='bbox 2788 1382 3080 1454; x_wconf 80' lang='grc' dir='ltr'><strong>διορίζεται</strong></span> <span class='ocrx_word' id='word_1_320' title='bbox 3109 1383 3200 1436; x_wconf 78' lang='grc' dir='ltr'><strong>διὰ</strong></span> <span class='ocrx_word' id='word_1_321' title='bbox 3233 1383 3332 1454; x_wconf 75' lang='grc' dir='ltr'><strong>τὴν</strong></span> <span class='ocrx_word' id='word_1_322' title='bbox 3364 1387 3677 1456; x_wconf 70' lang='grc' dir='ltr'><strong>μεταμέλειαν</strong></span> 
     </span>
    </p>
   </div>
   <div class='ocr_carea' id='block_1_45' title="bbox 2152 1471 3676 1544">
    <p class='ocr_par' dir='ltr' id='par_1_45' title="bbox 2152 1471 3676 1544">
     <span class='ocr_line' id='line_1_45' title="bbox 2152 1471 3676 1544; baseline 0.005 -20"><span class='ocrx_word' id='word_1_323' title='bbox 2152 1471 2521 1542; x_wconf 78' lang='grc' dir='ltr'><strong>συνεύχεσθαι,</strong></span> <span class='ocrx_word' id='word_1_324' title='bbox 2551 1472 2715 1542; x_wconf 72' lang='grc' dir='ltr'>ἤγουν</span> <span class='ocrx_word' id='word_1_325' title='bbox 2745 1473 3124 1538; x_wconf 69' lang='grc' dir='ltr'><strong>συνίστασθαι,</strong></span> <span class='ocrx_word' id='word_1_326' title='bbox 3163 1473 3309 1544; x_wconf 82' lang='grc' dir='ltr'><strong>μετὰ</strong></span> <span class='ocrx_word' id='word_1_327' title='bbox 3337 1475 3443 1528; x_wconf 82' lang='grc' dir='ltr'>τῶν</span> <span class='ocrx_word' id='word_1_328' title='bbox 3478 1479 3676 1532; x_wconf 79' lang='grc' dir='ltr'><strong>πιστῶν·</strong></span> 
     </span>
    </p>
   </div>
   <div class='ocr_carea' id='block_1_46' title="bbox 2151 1562 3680 1639">
    <p class='ocr_par' dir='ltr' id='par_1_46' title="bbox 2151 1562 3680 1639">
     <span class='ocr_line' id='line_1_46' title="bbox 2151 1562 3680 1639; baseline 0.005 -24"><span class='ocrx_word' id='word_1_329' title='bbox 2151 1563 2475 1616; x_wconf 82' lang='grc' dir='ltr'><strong>ὑποπίπτειν</strong></span> <span class='ocrx_word' id='word_1_330' title='bbox 2503 1562 2558 1615; x_wconf 84' lang='grc' dir='ltr'>δὲ</span> <span class='ocrx_word' id='word_1_331' title='bbox 2585 1562 2761 1616; x_wconf 78' lang='grc' dir='ltr'>αὑτῶν</span> <span class='ocrx_word' id='word_1_332' title='bbox 2782 1563 2868 1616; x_wconf 83' lang='grc' dir='ltr'>διὰ</span> <span class='ocrx_word' id='word_1_333' title='bbox 2895 1564 2956 1616; x_wconf 83' lang='grc' dir='ltr'><strong>τὸ</strong></span> <span class='ocrx_word' id='word_1_334' title='bbox 2979 1564 3388 1633; x_wconf 79' lang='grc' dir='ltr'><strong>ἀναγκάζεσθαι</strong></span> <span class='ocrx_word' id='word_1_335' title='bbox 3410 1568 3680 1639; x_wconf 76' lang='grc' dir='ltr'>ἐξέρχεσθαι</span> 
     </span>
    </p>
   </div>
   <div class='ocr_carea' id='block_1_47' title="bbox 2155 1654 3680 1730">
    <p class='ocr_par' dir='ltr' id='par_1_47' title="bbox 2155 1654 3680 1730">
     <span class='ocr_line' id='line_1_47' title="bbox 2155 1654 3680 1730; baseline 0.004 -22"><span class='ocrx_word' id='word_1_336' title='bbox 2155 1671 2290 1726; x_wconf 83' lang='grc' dir='ltr'>μετα</span> <span class='ocrx_word' id='word_1_337' title='bbox 2317 1654 2424 1708; x_wconf 82' lang='grc' dir='ltr'><strong>τῶν</strong></span> <span class='ocrx_word' id='word_1_338' title='bbox 2458 1654 2895 1726; x_wconf 84' lang='grc' dir='ltr'>κατηχουμένων.</span> <span class='ocrx_word' id='word_1_339' title='bbox 2932 1657 3040 1709; x_wconf 74' lang='grc' dir='ltr'><strong>Καὶ</strong></span> <span class='ocrx_word' id='word_1_340' title='bbox 3080 1659 3108 1710; x_wconf 87' lang='grc' dir='ltr'>ὁ</span> <span class='ocrx_word' id='word_1_341' title='bbox 3133 1658 3234 1728; x_wconf 83' lang='grc' dir='ltr'>μὲν</span> <span class='ocrx_word' id='word_1_342' title='bbox 3271 1658 3680 1730; x_wconf 71' lang='grc' dir='ltr'>ἐκκλησιαστικδς</span> 
     </span>
    </p>
   </div>
   <div class='ocr_carea' id='block_1_48' title="bbox 2151 1746 3682 1826">
    <p class='ocr_par' dir='ltr' id='par_1_48' title="bbox 2151 1746 3682 1826">
     <span class='ocr_line' id='line_1_48' title="bbox 2151 1746 3682 1826; baseline 0.005 -27"><span class='ocrx_word' id='word_1_343' title='bbox 2151 1747 2315 1818; x_wconf 80' lang='grc' dir='ltr'>νόμος</span> <span class='ocrx_word' id='word_1_344' title='bbox 2337 1746 2476 1800; x_wconf 74' lang='grc' dir='ltr'>οὕτω</span> <span class='ocrx_word' id='word_1_345' title='bbox 2505 1747 2728 1809; x_wconf 79' lang='grc' dir='ltr'>τούτους</span> <span class='ocrx_word' id='word_1_346' title='bbox 2756 1746 3002 1812; x_wconf 78' lang='grc' dir='ltr'>κολάζει·</span> <span class='ocrx_word' id='word_1_347' title='bbox 3030 1749 3058 1800; x_wconf 88' lang='grc' dir='ltr'><strong>ό</strong></span> <span class='ocrx_word' id='word_1_348' title='bbox 3086 1749 3143 1802; x_wconf 82' lang='grc' dir='ltr'>δὲ</span> <span class='ocrx_word' id='word_1_349' title='bbox 3172 1750 3450 1814; x_wconf 77' lang='grc' dir='ltr'>πολιτικὸς</span> <span class='ocrx_word' id='word_1_350' title='bbox 3475 1754 3585 1816; x_wconf 78' lang='grc' dir='ltr'>τοὺς</span> <span class='ocrx_word' id='word_1_351' title='bbox 3607 1756 3682 1826; x_wconf 76' lang='grc' dir='ltr'><strong>ἆρ-</strong></span> 
     </span>
    </p>
   </div>
   <div class='ocr_carea' id='block_1_49' title="bbox 2150 1839 3682 1912">
    <p class='ocr_par' dir='ltr' id='par_1_49' title="bbox 2150 1839 3682 1912">
     <span class='ocr_line' id='line_1_49' title="bbox 2150 1839 3682 1912; baseline 0.002 -18"><span class='ocrx_word' id='word_1_352' title='bbox 2150 1855 2330 1907; x_wconf 84' lang='grc' dir='ltr'>παγας</span> <span class='ocrx_word' id='word_1_353' title='bbox 2359 1839 2450 1892; x_wconf 72' lang='grc' dir='ltr'><strong>καί⁵</strong></span> <span class='ocrx_word' id='word_1_354' title='bbox 2483 1839 2586 1910; x_wconf 82' lang='grc' dir='ltr'><strong>πρὸ</strong></span> <span class='ocrx_word' id='word_1_355' title='bbox 2611 1839 2905 1910; x_wconf 82' lang='grc' dir='ltr'>καταδίκης</span> <span class='ocrx_word' id='word_1_356' title='bbox 2936 1839 3313 1912; x_wconf 73' lang='grc' dir='ltr'>προσάγοντας</span> <span class='ocrx_word' id='word_1_357' title='bbox 3341 1841 3403 1895; x_wconf 81' lang='grc' dir='ltr'><strong>τδ</strong></span> <span class='ocrx_word' id='word_1_358' title='bbox 3429 1843 3514 1896; x_wconf 85' lang='grc' dir='ltr'>ὑπ’</span> <span class='ocrx_word' id='word_1_359' title='bbox 3539 1845 3682 1898; x_wconf 74' lang='grc' dir='ltr'>αὐτῶν</span> 
     </span>
    </p>
   </div>
   <div class='ocr_carea' id='block_1_50' title="bbox 2151 1928 3682 2004">
    <p class='ocr_par' dir='ltr' id='par_1_50' title="bbox 2151 1928 3682 2004">
     <span class='ocr_line' id='line_1_50' title="bbox 2151 1928 3682 2004; baseline 0.002 -19"><span class='ocrx_word' id='word_1_360' title='bbox 2151 1931 2398 2003; x_wconf 83' lang='grc' dir='ltr'>ἁρπαγὲν</span> <span class='ocrx_word' id='word_1_361' title='bbox 2427 1928 2487 1984; x_wconf 85' lang='grc' dir='ltr'><strong>οὑ</strong></span> <span class='ocrx_word' id='word_1_362' title='bbox 2521 1930 2905 2002; x_wconf 84' lang='grc' dir='ltr'>προσδέχεται.</span> <span class='ocrx_word' id='word_1_363' title='bbox 2954 1931 3066 1985; x_wconf 90' lang='grc' dir='ltr'>ἀλλ’</span> <span class='ocrx_word' id='word_1_364' title='bbox 3114 1935 3193 1996; x_wconf 88' lang='grc' dir='ltr'><strong>εἰς</strong></span> <span class='ocrx_word' id='word_1_365' title='bbox 3234 1933 3298 1985; x_wconf 83' lang='grc' dir='ltr'><strong>τὸ</strong></span> <span class='ocrx_word' id='word_1_366' title='bbox 3335 1935 3682 2004; x_wconf 82' lang='grc' dir='ltr'>τετραπλάσιον</span> 
     </span>
    </p>
   </div>
   <div class='ocr_carea' id='block_1_51' title="bbox 2151 2009 3680 2095">
    <p class='ocr_par' dir='ltr' id='par_1_51' title="bbox 2151 2009 3680 2095">
     <span class='ocr_line' id='line_1_51' title="bbox 2151 2009 3680 2095; baseline 0.001 -17"><span class='ocrx_word' id='word_1_367' title='bbox 2151 2022 2515 2086; x_wconf 76' lang='grc' dir='ltr'><strong>καταδικάζει.</strong></span> <span class='ocrx_word' id='word_1_368' title='bbox 2545 2023 2680 2093; x_wconf 72' lang='grc' dir='ltr'>Φησὶ</span> <span class='ocrx_word' id='word_1_369' title='bbox 2707 2009 2813 2092; x_wconf 77' lang='grc' dir='ltr'><strong>γάρ</strong></span> <span class='ocrx_word' id='word_1_370' title='bbox 2838 2040 2962 2093; x_wconf 84' lang='grc' dir='ltr'>κεφ.</span> <span class='ocrx_word' id='word_1_371' title='bbox 2990 2031 3063 2088; x_wconf 83' lang='grc' dir='ltr'>ς’,</span> <span class='ocrx_word' id='word_1_372' title='bbox 3093 2024 3185 2076; x_wconf 78' lang='grc' dir='ltr'>τοῦ</span> <span class='ocrx_word' id='word_1_373' title='bbox 3215 2025 3282 2089; x_wconf 78' lang='grc' dir='ltr'><strong>ιζ’</strong></span> <span class='ocrx_word' id='word_1_374' title='bbox 3335 2024 3526 2088; x_wconf 86' lang='grc' dir='ltr'>τίτλου,</span> <span class='ocrx_word' id='word_1_375' title='bbox 3557 2027 3633 2079; x_wconf 77' lang='grc' dir='ltr'><strong>τοῦ</strong></span> <span class='ocrx_word' id='word_1_376' title='bbox 3650 2030 3680 2095; x_wconf 79' lang='grc' dir='ltr'><strong>ξ’</strong></span> 
     </span>
    </p>
   </div>
   <div class='ocr_carea' id='block_1_52' title="bbox 2155 2115 3682 2192">
    <p class='ocr_par' dir='ltr' id='par_1_52' title="bbox 2155 2115 3682 2192">
     <span class='ocr_line' id='line_1_52' title="bbox 2155 2115 3682 2192; baseline 0.003 -22"><span class='ocrx_word' id='word_1_377' title='bbox 2155 2116 2355 2187; x_wconf 89' lang='grc' dir='ltr'>βιϐλίου</span> <span class='ocrx_word' id='word_1_378' title='bbox 2375 2134 2388 2147; x_wconf 75' lang='grc' dir='ltr'><strong>ο</strong></span> <span class='ocrx_word' id='word_1_379' title='bbox 2433 2117 2490 2170; x_wconf 84' lang='grc' dir='ltr'>ὐ</span> <span class='ocrx_word' id='word_1_380' title='bbox 2517 2115 2700 2188; x_wconf 74' lang='grc' dir='ltr'>ἅρπαξ</span> <span class='ocrx_word' id='word_1_381' title='bbox 2731 2118 2830 2170; x_wconf 87' lang='grc' dir='ltr'><strong>ούκ</strong></span> <span class='ocrx_word' id='word_1_382' title='bbox 2857 2117 3256 2173; x_wconf 84' lang='grc' dir='ltr'>ἀπαλλάττεται</span> <span class='ocrx_word' id='word_1_383' title='bbox 3273 2119 3377 2190; x_wconf 80' lang='grc' dir='ltr'>τῆς</span> <span class='ocrx_word' id='word_1_384' title='bbox 3408 2120 3583 2190; x_wconf 76' lang='grc' dir='ltr'>ποινῆς</span> <span class='ocrx_word' id='word_1_385' title='bbox 3603 2122 3682 2192; x_wconf 69' lang='grc' dir='ltr'>πρὸ</span> 
     </span>
    </p>
   </div>
   <div class='ocr_carea' id='block_1_53' title="bbox 2150 2208 3682 2282">
    <p class='ocr_par' dir='ltr' id='par_1_53' title="bbox 2150 2208 3682 2282">
     <span class='ocr_line' id='line_1_53' title="bbox 2150 2208 3682 2282; baseline 0.004 -21"><span class='ocrx_word' id='word_1_386' title='bbox 2150 2209 2248 2280; x_wconf 78' lang='grc' dir='ltr'>τῆς</span> <span class='ocrx_word' id='word_1_387' title='bbox 2274 2208 2428 2280; x_wconf 83' lang='grc' dir='ltr'>δίκης</span> <span class='ocrx_word' id='word_1_388' title='bbox 2458 2210 2746 2281; x_wconf 81' lang='grc' dir='ltr'>προσάγων</span> <span class='ocrx_word' id='word_1_389' title='bbox 2787 2209 2848 2262; x_wconf 80' lang='grc' dir='ltr'>τὸ</span> <span class='ocrx_word' id='word_1_390' title='bbox 2895 2213 3146 2282; x_wconf 86' lang='grc' dir='ltr'>πρᾶγμα.</span> <span class='ocrx_word' id='word_1_391' title='bbox 3189 2213 3303 2264; x_wconf 72' lang='grc' dir='ltr'>Καὶ</span> <span class='ocrx_word' id='word_1_392' title='bbox 3347 2212 3486 2282; x_wconf 89' lang='grc' dir='ltr'>θεμα</span> <span class='ocrx_word' id='word_1_393' title='bbox 3530 2212 3586 2277; x_wconf 78' lang='grc' dir='ltr'><strong>ζ’,</strong></span> <span class='ocrx_word' id='word_1_394' title='bbox 3613 2214 3682 2267; x_wconf 74' lang='grc' dir='ltr'>τοῦ</span> 
     </span>
    </p>
   </div>
   <div class='ocr_carea' id='block_1_54' title="bbox 2155 2298 3681 2370">
    <p class='ocr_par' dir='ltr' id='par_1_54' title="bbox 2155 2298 3681 2370">
     <span class='ocr_line' id='line_1_54' title="bbox 2155 2298 3681 2370; baseline 0.003 -18"><span class='ocrx_word' id='word_1_395' title='bbox 2155 2299 2198 2370; x_wconf 84' lang='grc' dir='ltr'>β’</span> <span class='ocrx_word' id='word_1_396' title='bbox 2245 2300 2435 2368; x_wconf 74' lang='grc' dir='ltr'>κεφαλ.</span> <span class='ocrx_word' id='word_1_397' title='bbox 2478 2298 2571 2352; x_wconf 76' lang='grc' dir='ltr'>τοῦ</span> <span class='ocrx_word' id='word_1_398' title='bbox 2606 2299 2769 2354; x_wconf 79' lang='grc' dir='ltr'>αὑτοῦ</span> <span class='ocrx_word' id='word_1_399' title='bbox 2797 2299 3001 2370; x_wconf 89' lang='grc' dir='ltr'>βιϐλίου</span> <span class='ocrx_word' id='word_1_400' title='bbox 3017 2302 3110 2355; x_wconf 48' lang='grc' dir='ltr'><strong>καὶ⁵</strong></span> <span class='ocrx_word' id='word_1_401' title='bbox 3125 2301 3308 2355; x_wconf 86' lang='grc' dir='ltr'>τίτλου</span> <span class='ocrx_word' id='word_1_402' title='bbox 3330 2319 3342 2331; x_wconf 95' lang='grc'><strong>·</strong></span> <span class='ocrx_word' id='word_1_403' title='bbox 3373 2303 3512 2356; x_wconf 80' lang='grc' dir='ltr'><strong>Εῖσω</strong></span> <span class='ocrx_word' id='word_1_404' title='bbox 3540 2305 3681 2356; x_wconf 76' lang='grc' dir='ltr'>ἐνιαυ-</span> 
     </span>
    </p>
   </div>
   <div class='ocr_carea' id='block_1_55' title="bbox 2152 2389 3684 2464">
    <p class='ocr_par' dir='ltr' id='par_1_55' title="bbox 2152 2389 3684 2464">
     <span class='ocr_line' id='line_1_55' title="bbox 2152 2389 3684 2464; baseline 0.001 -21"><span class='ocrx_word' id='word_1_405' title='bbox 2152 2391 2245 2443; x_wconf 86' lang='grc' dir='ltr'><strong>τοὺ</strong></span> <span class='ocrx_word' id='word_1_406' title='bbox 2275 2391 2334 2444; x_wconf 84' lang='grc' dir='ltr'><strong>τδ</strong></span> <span class='ocrx_word' id='word_1_407' title='bbox 2365 2389 2562 2460; x_wconf 82' lang='grc' dir='ltr'>ἀληθὲς</span> <span class='ocrx_word' id='word_1_408' title='bbox 2608 2390 2703 2444; x_wconf 73' lang='grc' dir='ltr'>τοῦ</span> <span class='ocrx_word' id='word_1_409' title='bbox 2738 2392 3058 2462; x_wconf 82' lang='grc' dir='ltr'>πράγματος</span> <span class='ocrx_word' id='word_1_410' title='bbox 3093 2393 3311 2464; x_wconf 82' lang='grc' dir='ltr'>τίμημα</span> <span class='ocrx_word' id='word_1_411' title='bbox 3333 2394 3684 2464; x_wconf 80' lang='grc' dir='ltr'>τετραπλασιὰ-</span> 
     </span>
    </p>
   </div>
   <div class='ocr_carea' id='block_1_56' title="bbox 2154 2481 3683 2556">
    <p class='ocr_par' dir='ltr' id='par_1_56' title="bbox 2154 2481 3683 2556">
     <span class='ocr_line' id='line_1_56' title="bbox 2154 2481 3683 2556; baseline 0.003 -20"><span class='ocrx_word' id='word_1_412' title='bbox 2154 2483 2324 2550; x_wconf 79' lang='grc' dir='ltr'>ζεται,</span> <span class='ocrx_word' id='word_1_413' title='bbox 2346 2481 2406 2537; x_wconf 84' lang='grc' dir='ltr'><strong>ού</strong></span> <span class='ocrx_word' id='word_1_414' title='bbox 2434 2485 2538 2555; x_wconf 83' lang='grc' dir='ltr'><strong>μὴν</strong></span> <span class='ocrx_word' id='word_1_415' title='bbox 2562 2482 2624 2536; x_wconf 77' lang='grc' dir='ltr'><strong>τὸ</strong></span> <span class='ocrx_word' id='word_1_416' title='bbox 2650 2483 2925 2556; x_wconf 67' lang='grc' dir='ltr'>διαφέρον.</span> <span class='ocrx_word' id='word_1_417' title='bbox 2955 2485 3128 2556; x_wconf 86' lang='grc' dir='ltr'>Ὅπερ</span> <span class='ocrx_word' id='word_1_418' title='bbox 3147 2485 3204 2538; x_wconf 86' lang='grc' dir='ltr'><strong>δέ</strong></span> <span class='ocrx_word' id='word_1_419' title='bbox 3233 2503 3407 2556; x_wconf 79' lang='grc' dir='ltr'>φησιν</span> <span class='ocrx_word' id='word_1_420' title='bbox 3443 2485 3683 2540; x_wconf 74' lang='grc' dir='ltr'>ἐνταῦθαό</span> 
     </span>
    </p>
   </div>
   <div class='ocr_carea' id='block_1_57' title="bbox 2155 2572 3684 2646">
    <p class='ocr_par' dir='ltr' id='par_1_57' title="bbox 2155 2572 3684 2646">
     <span class='ocr_line' id='line_1_57' title="bbox 2155 2572 3684 2646; baseline 0 -20"><span class='ocrx_word' id='word_1_421' title='bbox 2155 2573 2308 2641; x_wconf 83' lang='grc' dir='ltr'>ἆγιος</span> <span class='ocrx_word' id='word_1_422' title='bbox 2330 2572 2487 2646; x_wconf 83' lang='grc' dir='ltr'>χάριν</span> <span class='ocrx_word' id='word_1_423' title='bbox 2524 2573 2632 2626; x_wconf 86' lang='grc' dir='ltr'><strong>τῶν</strong></span> <span class='ocrx_word' id='word_1_424' title='bbox 2665 2573 2771 2642; x_wconf 85' lang='grc' dir='ltr'>πρὸ</span> <span class='ocrx_word' id='word_1_425' title='bbox 2800 2572 3096 2644; x_wconf 83' lang='grc' dir='ltr'>καταδίκης</span> <span class='ocrx_word' id='word_1_426' title='bbox 3125 2575 3222 2627; x_wconf 77' lang='grc' dir='ltr'><strong>καὶ</strong></span> <span class='ocrx_word' id='word_1_427' title='bbox 3272 2575 3591 2645; x_wconf 78' lang='grc' dir='ltr'>κατηγορίας</span> <span class='ocrx_word' id='word_1_428' title='bbox 3626 2575 3684 2626; x_wconf 85' lang='grc' dir='ltr'>δι-</span> 
     </span>
    </p>
   </div>
   <div class='ocr_carea' id='block_1_58' title="bbox 2153 2664 3682 2736">
    <p class='ocr_par' dir='ltr' id='par_1_58' title="bbox 2153 2664 3682 2736">
     <span class='ocr_line' id='line_1_58' title="bbox 2153 2664 3682 2736; baseline -0.001 -17"><span class='ocrx_word' id='word_1_429' title='bbox 2153 2665 2346 2720; x_wconf 85' lang='grc' dir='ltr'>δόντων</span> <span class='ocrx_word' id='word_1_430' title='bbox 2370 2665 2431 2720; x_wconf 58' lang='lat' dir='ltr'><strong>es</strong></span> <span class='ocrx_word' id='word_1_431' title='bbox 2460 2665 2781 2735; x_wconf 69' lang='grc' dir='ltr'>ἀφαιρεθὲν,</span> <span class='ocrx_word' id='word_1_432' title='bbox 2814 2664 2972 2718; x_wconf 82' lang='grc' dir='ltr'>τοῦτο</span> <span class='ocrx_word' id='word_1_433' title='bbox 3007 2666 3036 2718; x_wconf 88' lang='grc' dir='ltr'><strong>ό</strong></span> <span class='ocrx_word' id='word_1_434' title='bbox 3077 2666 3244 2735; x_wconf 85' lang='grc' dir='ltr'>νόμος</span> <span class='ocrx_word' id='word_1_435' title='bbox 3294 2665 3682 2736; x_wconf 70' lang='grc' dir='ltr'>παρακελεύεται</span> 
     </span>
    </p>
   </div>
   <div class='ocr_carea' id='block_1_59' title="bbox 2154 2756 3680 2826">
    <p class='ocr_par' dir='ltr' id='par_1_59' title="bbox 2154 2756 3680 2826">
     <span class='ocr_line' id='line_1_59' title="bbox 2154 2756 3680 2826; baseline -0.001 -18"><span class='ocrx_word' id='word_1_436' title='bbox 2154 2756 2400 2826; x_wconf 84' lang='grc' dir='ltr'>γίνεσθαι</span> <span class='ocrx_word' id='word_1_437' title='bbox 2425 2759 2505 2820; x_wconf 81' lang='grc' dir='ltr'><strong>είς</strong></span> <span class='ocrx_word' id='word_1_438' title='bbox 2534 2758 2660 2820; x_wconf 75' lang='grc' dir='ltr'>τοὺς</span> <span class='ocrx_word' id='word_1_439' title='bbox 2694 2756 2832 2810; x_wconf 73' lang='grc' dir='ltr'>κατὰ</span> <span class='ocrx_word' id='word_1_440' title='bbox 2865 2757 3028 2826; x_wconf 78' lang='grc' dir='ltr'>φόϐον</span> <span class='ocrx_word' id='word_1_441' title='bbox 3057 2757 3324 2820; x_wconf 89' lang='grc' dir='ltr'>λαϐόντας</span> <span class='ocrx_word' id='word_1_442' title='bbox 3366 2776 3418 2811; x_wconf 90' lang='grc' dir='ltr'><strong>τι</strong></span> <span class='ocrx_word' id='word_1_443' title='bbox 3458 2759 3517 2810; x_wconf 87' lang='grc' dir='ltr'><strong>ἐκ</strong></span> <span class='ocrx_word' id='word_1_444' title='bbox 3555 2757 3680 2818; x_wconf 78' lang='grc' dir='ltr'>τινός.</span> 
     </span>
    </p>
   </div>
   <div class='ocr_carea' id='block_1_60' title="bbox 2153 2847 3677 2922">
    <p class='ocr_par' dir='ltr' id='par_1_60' title="bbox 2153 2847 3677 2922">
     <span class='ocr_line' id='line_1_60' title="bbox 2153 2847 3677 2922; baseline -0.003 -20"><span class='ocrx_word' id='word_1_445' title='bbox 2153 2850 2288 2922; x_wconf 75' lang='grc' dir='ltr'>Φησὶ</span> <span class='ocrx_word' id='word_1_446' title='bbox 2319 2848 2426 2921; x_wconf 84' lang='grc' dir='ltr'><strong>γὰρ</strong></span> <span class='ocrx_word' id='word_1_447' title='bbox 2449 2849 2509 2902; x_wconf 80' lang='grc' dir='ltr'><strong>τὸ</strong></span> <span class='ocrx_word' id='word_1_448' title='bbox 2539 2853 2576 2902; x_wconf 79' lang='grc' dir='ltr'><strong>ε’</strong></span> <span class='ocrx_word' id='word_1_449' title='bbox 2607 2847 2766 2919; x_wconf 86' lang='grc' dir='ltr'>θέμα,</span> <span class='ocrx_word' id='word_1_450' title='bbox 2812 2847 2906 2901; x_wconf 78' lang='grc' dir='ltr'>τοῦ</span> <span class='ocrx_word' id='word_1_451' title='bbox 2936 2855 3002 2916; x_wconf 86' lang='grc' dir='ltr'><strong>ιγ’</strong></span> <span class='ocrx_word' id='word_1_452' title='bbox 3045 2849 3263 2918; x_wconf 71' lang='grc' dir='ltr'>κεφαλ.,</span> <span class='ocrx_word' id='word_1_453' title='bbox 3303 2848 3400 2902; x_wconf 75' lang='grc' dir='ltr'>τοῦ</span> <span class='ocrx_word' id='word_1_454' title='bbox 3441 2848 3482 2918; x_wconf 79' lang='grc' dir='ltr'>β’</span> <span class='ocrx_word' id='word_1_455' title='bbox 3515 2848 3677 2908; x_wconf 73' lang='grc' dir='ltr'>τίτλον,</span> 
     </span>
    </p>
   </div>
   <div class='ocr_carea' id='block_1_61' title="bbox 2154 2941 3681 3013">
    <p class='ocr_par' dir='ltr' id='par_1_61' title="bbox 2154 2941 3681 3013">
     <span class='ocr_line' id='line_1_61' title="bbox 2154 2941 3681 3013; baseline -0.004 -17"><span class='ocrx_word' id='word_1_456' title='bbox 2154 2943 2248 2996; x_wconf 80' lang='grc' dir='ltr'>τοῦ</span> <span class='ocrx_word' id='word_1_457' title='bbox 2280 2942 2504 2997; x_wconf 84' lang='grc' dir='ltr'>δεκάτου</span> <span class='ocrx_word' id='word_1_458' title='bbox 2538 2941 2768 3013; x_wconf 86' lang='grc' dir='ltr'>βιϐλίου·</span> <span class='ocrx_word' id='word_1_459' title='bbox 2835 2942 2899 2996; x_wconf 83' lang='grc' dir='ltr'>Ἢ</span> <span class='ocrx_word' id='word_1_460' title='bbox 2936 2942 3024 2995; x_wconf 86' lang='grc' dir='ltr'><strong>διά</strong></span> <span class='ocrx_word' id='word_1_461' title='bbox 3066 2942 3230 3012; x_wconf 83' lang='grc' dir='ltr'>φόϐον</span> <span class='ocrx_word' id='word_1_462' title='bbox 3261 2942 3499 3006; x_wconf 84' lang='grc' dir='ltr'>αίτίασις</span> <span class='ocrx_word' id='word_1_463' title='bbox 3530 2943 3681 3011; x_wconf 79' lang='grc' dir='ltr'>αἱρετή</span> 
     </span>
    </p>
   </div>
   <div class='ocr_carea' id='block_1_62' title="bbox 479 3032 2053 3108">
    <p class='ocr_par' dir='ltr' id='par_1_62' title="bbox 479 3033 2049 3105">
     <span class='ocr_line' id='line_1_62' title="bbox 479 3033 2049 3105; baseline 0.001 -18"><span class='ocrx_word' id='word_1_464' title='bbox 479 3050 671 3089; x_wconf 87' lang='lat' dir='ltr'><strong>eorum</strong></span> <span class='ocrx_word' id='word_1_465' title='bbox 705 3035 796 3105; x_wconf 93' lang='lat' dir='ltr'><strong>qui</strong></span> <span class='ocrx_word' id='word_1_466' title='bbox 838 3035 888 3088; x_wconf 86' lang='lat' dir='ltr'><strong>vi</strong></span> <span class='ocrx_word' id='word_1_467' title='bbox 946 3051 1032 3088; x_wconf 89' lang='lat' dir='ltr'><strong>res</strong></span> <span class='ocrx_word' id='word_1_468' title='bbox 1081 3033 1357 3096; x_wconf 78' lang='lat' dir='ltr'><strong>auferunt,</strong></span> <span class='ocrx_word' id='word_1_469' title='bbox 1405 3043 1461 3088; x_wconf 86' lang='lat' dir='ltr'><strong>et</strong></span> <span class='ocrx_word' id='word_1_470' title='bbox 1504 3049 1692 3089; x_wconf 88' lang='lat' dir='ltr'><strong>eorum</strong></span> <span class='ocrx_word' id='word_1_471' title='bbox 1726 3036 1818 3105; x_wconf 91' lang='lat' dir='ltr'><strong>qni</strong></span> <span class='ocrx_word' id='word_1_472' title='bbox 1848 3035 2049 3105; x_wconf 83' lang='lat' dir='ltr'><strong>aliquid</strong></span> 
     </span>
    </p>
   </div>
   <div class='ocr_carea' id='block_1_63' title="bbox 2159 3032 3683 3108">
    <p class='ocr_par' dir='ltr' id='par_1_63' title="bbox 2159 3032 3683 3107">
     <span class='ocr_line' id='line_1_63' title="bbox 2159 3032 3683 3107; baseline -0.003 -18"><span class='ocrx_word' id='word_1_473' title='bbox 2159 3037 2302 3090; x_wconf 84' lang='grc' dir='ltr'>ἐστι·</span> <span class='ocrx_word' id='word_1_474' title='bbox 2331 3035 2425 3089; x_wconf 86' lang='grc' dir='ltr'><strong>καὶ</strong></span> <span class='ocrx_word' id='word_1_475' title='bbox 2451 3032 2626 3100; x_wconf 74' lang='grc' dir='ltr'>ἔξεστι</span> <span class='ocrx_word' id='word_1_476' title='bbox 2651 3034 2726 3106; x_wconf 83' lang='grc' dir='ltr'>τῷ</span> <span class='ocrx_word' id='word_1_477' title='bbox 2759 3033 3069 3106; x_wconf 82' lang='grc' dir='ltr'>ἐναγομένῳ</span> <span class='ocrx_word' id='word_1_478' title='bbox 3102 3033 3264 3107; x_wconf 84' lang='grc' dir='ltr'>μέχρι</span> <span class='ocrx_word' id='word_1_479' title='bbox 3297 3035 3478 3106; x_wconf 76' lang='grc' dir='ltr'>ψήφου</span> <span class='ocrx_word' id='word_1_480' title='bbox 3515 3034 3683 3086; x_wconf 81' lang='grc' dir='ltr'>ἀποκα-</span> 
     </span>
    </p>
   </div>
   <div class='ocr_carea' id='block_1_64' title="bbox 481 3125 2046 3196">
    <p class='ocr_par' dir='ltr' id='par_1_64' title="bbox 481 3125 2046 3196">
     <span class='ocr_line' id='line_1_64' title="bbox 481 3125 2046 3196; baseline 0.001 -16"><span class='ocrx_word' id='word_1_481' title='bbox 481 3125 555 3182; x_wconf 88' lang='lat' dir='ltr'><strong>ab</strong></span> <span class='ocrx_word' id='word_1_482' title='bbox 580 3127 764 3196; x_wconf 90' lang='lat' dir='ltr'><strong>aliquo</strong></span> <span class='ocrx_word' id='word_1_483' title='bbox 789 3136 934 3182; x_wconf 87' lang='lat' dir='ltr'><strong>metu</strong></span> <span class='ocrx_word' id='word_1_484' title='bbox 963 3125 1254 3196; x_wconf 72' lang='lat' dir='ltr'><strong>accipiunt.</strong></span> <span class='ocrx_word' id='word_1_485' title='bbox 1310 3127 1569 3195; x_wconf 82' lang='lat' dir='ltr'><strong>Raptores</strong></span> <span class='ocrx_word' id='word_1_486' title='bbox 1615 3126 1756 3180; x_wconf 88' lang='lat' dir='ltr'><strong>enim</strong></span> <span class='ocrx_word' id='word_1_487' title='bbox 1789 3144 1895 3183; x_wconf 89' lang='lat' dir='ltr'><strong>una</strong></span> <span class='ocrx_word' id='word_1_488' title='bbox 1923 3144 2046 3183; x_wconf 90' lang='lat' dir='ltr'><strong>cum</strong></span> 
     </span>
    </p>
   </div>
   <div class='ocr_carea' id='block_1_65' title="bbox 482 3217 2049 3289">
    <p class='ocr_par' dir='ltr' id='par_1_65' title="bbox 482 3217 2049 3289">
     <span class='ocr_line' id='line_1_65' title="bbox 482 3217 2049 3289; baseline 0.002 -18"><span class='ocrx_word' id='word_1_489' title='bbox 482 3217 773 3288; x_wconf 83' lang='lat' dir='ltr'><strong>quadrupli</strong></span> <span class='ocrx_word' id='word_1_490' title='bbox 798 3217 1152 3272; x_wconf 88' lang='lat' dir='ltr'><strong>retributione</strong></span> <span class='ocrx_word' id='word_1_491' title='bbox 1175 3217 1334 3272; x_wconf 90' lang='lat' dir='ltr'><strong>etiam</strong></span> <span class='ocrx_word' id='word_1_492' title='bbox 1360 3217 1718 3286; x_wconf 80' lang='lat' dir='ltr'><strong>infamantur;</strong></span> <span class='ocrx_word' id='word_1_493' title='bbox 1752 3219 1845 3289; x_wconf 87' lang='lat' dir='ltr'><strong>qui</strong></span> <span class='ocrx_word' id='word_1_494' title='bbox 1871 3229 2049 3289; x_wconf 71' lang='lat' dir='ltr'><strong>autem</strong></span> 
     </span>
    </p>
   </div>
   <div class='ocr_carea' id='block_1_66' title="bbox 482 3307 2051 3373">
    <p class='ocr_par' dir='ltr' id='par_1_66' title="bbox 482 3307 2051 3373">
     <span class='ocr_line' id='line_1_66' title="bbox 482 3307 2051 3373; baseline 0.003 -12"><span class='ocrx_word' id='word_1_495' title='bbox 482 3317 689 3362; x_wconf 87' lang='lat' dir='ltr'><strong>metum</strong></span> <span class='ocrx_word' id='word_1_496' title='bbox 731 3308 1050 3373; x_wconf 87' lang='lat' dir='ltr'><strong>intulerunt,</strong></span> <span class='ocrx_word' id='word_1_497' title='bbox 1099 3307 1154 3361; x_wconf 90' lang='lat' dir='ltr'><strong>in</strong></span> <span class='ocrx_word' id='word_1_498' title='bbox 1187 3308 1586 3364; x_wconf 79' lang='lat' dir='ltr'><strong>existimatione</strong></span> <span class='ocrx_word' id='word_1_499' title='bbox 1630 3319 1836 3364; x_wconf 90' lang='lat' dir='ltr'><strong>tantum</strong></span> <span class='ocrx_word' id='word_1_500' title='bbox 1877 3311 2051 3365; x_wconf 88' lang='lat' dir='ltr'><strong>labem</strong></span> 
     </span>
    </p>
   </div>
   <div class='ocr_carea' id='block_1_67' title="bbox 483 3395 1162 3466">
    <p class='ocr_par' dir='ltr' id='par_1_67' title="bbox 483 3395 1162 3466">
     <span class='ocr_line' id='line_1_67' title="bbox 483 3395 1162 3466; baseline 0.007 -16"><span class='ocrx_word' id='word_1_501' title='bbox 483 3395 725 3466; x_wconf 87' lang='lat' dir='ltr'><strong>aliquam</strong></span> <span class='ocrx_word' id='word_1_502' title='bbox 753 3399 1102 3454; x_wconf 85' lang='lat' dir='ltr'><strong>contrahunt.</strong></span> <span class='ocrx_word' id='word_1_503' title='bbox 1158 3409 1162 3412; x_wconf 84' lang='lat'>&#39;</span> 
     </span>
    </p>
   </div>
   <div class='ocr_carea' id='block_1_68' title="bbox 557 3658 2056 3752">
    <p class='ocr_par' dir='ltr' id='par_1_68' title="bbox 557 3676 2056 3752">
     <span class='ocr_line' id='line_1_68' title="bbox 557 3676 2056 3752; baseline 0.001 -16"><span class='ocrx_word' id='word_1_504' title='bbox 557 3679 757 3751; x_wconf 64' lang='lat' dir='ltr'><strong>Zona.</strong></span> <span class='ocrx_word' id='word_1_505' title='bbox 789 3682 890 3749; x_wconf 85' lang='lat' dir='ltr'><strong>Qui</strong></span> <span class='ocrx_word' id='word_1_506' title='bbox 914 3698 1040 3738; x_wconf 89' lang='lat' dir='ltr'><strong>vero</strong></span> <span class='ocrx_word' id='word_1_507' title='bbox 1059 3681 1264 3739; x_wconf 85' lang='lat' dir='ltr'><strong>alienas</strong></span> <span class='ocrx_word' id='word_1_508' title='bbox 1289 3683 1482 3739; x_wconf 90' lang='lat' dir='ltr'><strong>domos</strong></span> <span class='ocrx_word' id='word_1_509' title='bbox 1515 3683 1828 3738; x_wconf 89' lang='lat' dir='ltr'><strong>invaserunt</strong></span> <span class='ocrx_word' id='word_1_510' title='bbox 1860 3676 2056 3752; x_wconf 87' lang='lat' dir='ltr'><strong>resque</strong></span> 
     </span>
    </p>
   </div>
   <div class='ocr_carea' id='block_1_69' title="bbox 485 3775 2058 3848">
    <p class='ocr_par' dir='ltr' id='par_1_69' title="bbox 485 3775 2058 3848">
     <span class='ocr_line' id='line_1_69' title="bbox 485 3775 2058 3848; baseline 0 -16"><span class='ocrx_word' id='word_1_511' title='bbox 485 3775 613 3832; x_wconf 68' lang='lat' dir='ltr'><strong>inde</strong></span> <span class='ocrx_word' id='word_1_512' title='bbox 645 3777 978 3846; x_wconf 85' lang='lat' dir='ltr'><strong>surripuere,</strong></span> <span class='ocrx_word' id='word_1_513' title='bbox 1027 3777 1124 3840; x_wconf 93' lang='lat' dir='ltr'><strong>illi,</strong></span> <span class='ocrx_word' id='word_1_514' title='bbox 1161 3778 1356 3848; x_wconf 88' lang='lat' dir='ltr'><strong>inquit,</strong></span> <span class='ocrx_word' id='word_1_515' title='bbox 1388 3778 1434 3832; x_wconf 91' lang='lat' dir='ltr'><strong>si</strong></span> <span class='ocrx_word' id='word_1_516' title='bbox 1462 3777 1680 3848; x_wconf 87' lang='lat' dir='ltr'><strong>quidem</strong></span> <span class='ocrx_word' id='word_1_517' title='bbox 1707 3778 1946 3832; x_wconf 88' lang='lat' dir='ltr'><strong>accusati</strong></span> <span class='ocrx_word' id='word_1_518' title='bbox 1992 3792 2058 3832; x_wconf 89' lang='lat' dir='ltr'><strong>ac</strong></span> 
     </span>
    </p>
   </div>
   <div class='ocr_carea' id='block_1_70' title="bbox 487 3869 2057 3938">
    <p class='ocr_par' dir='ltr' id='par_1_70' title="bbox 487 3869 2057 3938">
     <span class='ocr_line' id='line_1_70' title="bbox 487 3869 2057 3938; baseline 0.001 -16"><span class='ocrx_word' id='word_1_519' title='bbox 487 3877 845 3938; x_wconf 80' lang='lat' dir='ltr'><strong>pernegantes</strong></span> <span class='ocrx_word' id='word_1_520' title='bbox 887 3869 1117 3925; x_wconf 84' lang='lat' dir='ltr'><strong>convicti</strong></span> <span class='ocrx_word' id='word_1_521' title='bbox 1161 3869 1380 3936; x_wconf 87' lang='lat' dir='ltr'><strong>fuerint,</strong></span> <span class='ocrx_word' id='word_1_522' title='bbox 1411 3886 1534 3926; x_wconf 93' lang='lat' dir='ltr'><strong>cum</strong></span> <span class='ocrx_word' id='word_1_523' title='bbox 1582 3870 1648 3924; x_wconf 82' lang='lat' dir='ltr'><strong>iis</strong></span> <span class='ocrx_word' id='word_1_524' title='bbox 1691 3870 1894 3938; x_wconf 86' lang='lat' dir='ltr'><strong>pariter</strong></span> <span class='ocrx_word' id='word_1_525' title='bbox 1919 3885 2057 3938; x_wconf 91' lang='lat' dir='ltr'><strong>quos</strong></span> 
     </span>
    </p>
   </div>
   <div class='ocr_carea' id='block_1_71' title="bbox 487 3961 2055 4034">
    <p class='ocr_par' dir='ltr' id='par_1_71' title="bbox 487 3961 2055 4034">
     <span class='ocr_line' id='line_1_71' title="bbox 487 3961 2055 4034; baseline -0.001 -16"><span class='ocrx_word' id='word_1_526' title='bbox 487 3974 655 4032; x_wconf 83' lang='lat' dir='ltr'><strong>supra</strong></span> <span class='ocrx_word' id='word_1_527' title='bbox 687 3961 926 4018; x_wconf 82' lang='lat' dir='ltr'><strong>diximus</strong></span> <span class='ocrx_word' id='word_1_528' title='bbox 963 3964 1030 4018; x_wconf 88' lang='lat' dir='ltr'><strong>ab</strong></span> <span class='ocrx_word' id='word_1_529' title='bbox 1068 3964 1345 4019; x_wconf 88' lang='lat' dir='ltr'><strong>auditione</strong></span> <span class='ocrx_word' id='word_1_530' title='bbox 1379 3980 1595 4034; x_wconf 90' lang='lat' dir='ltr'><strong>quoque</strong></span> <span class='ocrx_word' id='word_1_531' title='bbox 1634 3963 2055 4032; x_wconf 81' lang='lat' dir='ltr'><strong>prohibeantur,</strong></span> 
     </span>
    </p>
   </div>
   <div class='ocr_carea' id='block_1_72' title="bbox 487 4053 2060 4126">
    <p class='ocr_par' dir='ltr' id='par_1_72' title="bbox 487 4053 2060 4126">
     <span class='ocr_line' id='line_1_72' title="bbox 487 4053 2060 4126; baseline 0.004 -20"><span class='ocrx_word' id='word_1_532' title='bbox 487 4063 651 4124; x_wconf 85' lang='lat' dir='ltr'><strong>atque</strong></span> <span class='ocrx_word' id='word_1_533' title='bbox 675 4053 729 4108; x_wconf 91' lang='lat' dir='ltr'><strong>in</strong></span> <span class='ocrx_word' id='word_1_534' title='bbox 753 4054 995 4110; x_wconf 82' lang='lat' dir='ltr'><strong>ﬂentium</strong></span> <span class='ocrx_word' id='word_1_535' title='bbox 1021 4057 1266 4111; x_wconf 91' lang='lat' dir='ltr'><strong>ordinem</strong></span> <span class='ocrx_word' id='word_1_536' title='bbox 1298 4057 1638 4126; x_wconf 76' lang='lat' dir='ltr'><strong>relegentur;</strong></span> <span class='ocrx_word' id='word_1_537' title='bbox 1670 4057 1752 4110; x_wconf 91' lang='lat' dir='ltr'><strong>sin</strong></span> <span class='ocrx_word' id='word_1_538' title='bbox 1786 4067 1964 4111; x_wconf 83' lang='lat' dir='ltr'><strong>autem</strong></span> <span class='ocrx_word' id='word_1_539' title='bbox 2003 4073 2060 4112; x_wconf 89' lang='lat' dir='ltr'><strong>se</strong></span> 
     </span>
    </p>
   </div>
   <div class='ocr_carea' id='block_1_73' title="bbox 490 4144 2058 4214">
    <p class='ocr_par' dir='ltr' id='par_1_73' title="bbox 490 4144 2058 4214">
     <span class='ocr_line' id='line_1_73' title="bbox 490 4144 2058 4214; baseline 0.003 -17"><span class='ocrx_word' id='word_1_540' title='bbox 490 4146 641 4214; x_wconf 89' lang='lat' dir='ltr'><strong>ipsos</strong></span> <span class='ocrx_word' id='word_1_541' title='bbox 668 4144 1000 4212; x_wconf 85' lang='lat' dir='ltr'><strong>detexerint,</strong></span> <span class='ocrx_word' id='word_1_542' title='bbox 1040 4156 1136 4200; x_wconf 86' lang='lat' dir='ltr'><strong>aut</strong></span> <span class='ocrx_word' id='word_1_543' title='bbox 1178 4157 1304 4202; x_wconf 86' lang='lat' dir='ltr'><strong>ante</strong></span> <span class='ocrx_word' id='word_1_544' title='bbox 1346 4148 1745 4203; x_wconf 82' lang='lat' dir='ltr'><strong>accusationem</strong></span> <span class='ocrx_word' id='word_1_545' title='bbox 1783 4149 2058 4204; x_wconf 90' lang='lat' dir='ltr'><strong>occultum</strong></span> 
     </span>
    </p>
   </div>
   <div class='ocr_carea' id='block_1_74' title="bbox 487 4235 2055 4308">
    <p class='ocr_par' dir='ltr' id='par_1_74' title="bbox 487 4235 2055 4308">
     <span class='ocr_line' id='line_1_74' title="bbox 487 4235 2055 4308; baseline 0.004 -20"><span class='ocrx_word' id='word_1_546' title='bbox 487 4235 696 4290; x_wconf 87' lang='lat' dir='ltr'><strong>crimen</strong></span> <span class='ocrx_word' id='word_1_547' title='bbox 725 4235 962 4291; x_wconf 84' lang='lat' dir='ltr'><strong>confessi</strong></span> <span class='ocrx_word' id='word_1_548' title='bbox 993 4235 1213 4303; x_wconf 83' lang='lat' dir='ltr'><strong>fuerint,</strong></span> <span class='ocrx_word' id='word_1_549' title='bbox 1242 4253 1435 4308; x_wconf 91' lang='lat' dir='ltr'><strong>resque</strong></span> <span class='ocrx_word' id='word_1_550' title='bbox 1461 4239 1667 4293; x_wconf 86' lang='lat' dir='ltr'><strong>ablatas</strong></span> <span class='ocrx_word' id='word_1_551' title='bbox 1695 4239 2055 4305; x_wconf 90' lang='lat' dir='ltr'><strong>reddiderint,</strong></span> 
     </span>
    </p>
   </div>
   <div class='ocr_carea' id='block_1_75' title="bbox 487 4323 2060 4401">
    <p class='ocr_par' dir='ltr' id='par_1_75' title="bbox 487 4323 2060 4401">
     <span class='ocr_line' id='line_1_75' title="bbox 487 4323 2060 4401; baseline 0.004 -23"><span class='ocrx_word' id='word_1_552' title='bbox 487 4323 892 4401; x_wconf 72' lang='lat' dir='ltr'><strong>constituantur</strong></span> <span class='ocrx_word' id='word_1_553' title='bbox 940 4327 993 4381; x_wconf 93' lang='lat' dir='ltr'><strong>in</strong></span> <span class='ocrx_word' id='word_1_554' title='bbox 1041 4343 1229 4382; x_wconf 88' lang='lat' dir='ltr'><strong>eorum</strong></span> <span class='ocrx_word' id='word_1_555' title='bbox 1261 4329 1448 4383; x_wconf 80' lang='lat' dir='ltr'><strong>ordine</strong></span> <span class='ocrx_word' id='word_1_556' title='bbox 1481 4329 1572 4398; x_wconf 89' lang='lat' dir='ltr'><strong>qui</strong></span> <span class='ocrx_word' id='word_1_557' title='bbox 1605 4345 1634 4382; x_wconf 92' lang='lat' dir='ltr'><strong>a</strong></span> <span class='ocrx_word' id='word_1_558' title='bbox 1670 4339 1892 4398; x_wconf 88' lang='lat' dir='ltr'><strong>peccato</strong></span> <span class='ocrx_word' id='word_1_559' title='bbox 1937 4346 2060 4384; x_wconf 87' lang='lat' dir='ltr'><strong>con-</strong></span> 
     </span>
    </p>
   </div>
   <div class='ocr_carea' id='block_1_76' title="bbox 2151 3122 3679 3196">
    <p class='ocr_par' dir='ltr' id='par_1_76' title="bbox 2151 3122 3679 3196">
     <span class='ocr_line' id='line_1_76' title="bbox 2151 3122 3679 3196; baseline -0.001 -19"><span class='ocrx_word' id='word_1_560' title='bbox 2151 3125 2413 3196; x_wconf 80' lang='grc' dir='ltr'>ταστῆσαι</span> <span class='ocrx_word' id='word_1_561' title='bbox 2439 3124 2499 3178; x_wconf 80' lang='grc' dir='ltr'><strong>τὸ</strong></span> <span class='ocrx_word' id='word_1_562' title='bbox 2525 3125 2772 3195; x_wconf 81' lang='grc' dir='ltr'>πρᾶγμα,</span> <span class='ocrx_word' id='word_1_563' title='bbox 2803 3125 2896 3178; x_wconf 77' lang='grc' dir='ltr'><strong>καί</strong></span> <span class='ocrx_word' id='word_1_564' title='bbox 2926 3125 3000 3195; x_wconf 86' lang='grc' dir='ltr'><strong>μὴ</strong></span> <span class='ocrx_word' id='word_1_565' title='bbox 3042 3123 3225 3178; x_wconf 80' lang='grc' dir='ltr'>δοῦναι</span> <span class='ocrx_word' id='word_1_566' title='bbox 3263 3125 3326 3178; x_wconf 79' lang='grc' dir='ltr'><strong>τὸ</strong></span> <span class='ocrx_word' id='word_1_567' title='bbox 3372 3122 3679 3196; x_wconf 81' lang='grc' dir='ltr'>τετραπλοῦν.</span> 
     </span>
    </p>
   </div>
   <div class='ocr_carea' id='block_1_77' title="bbox 2155 3214 3683 3288">
    <p class='ocr_par' dir='ltr' id='par_1_77' title="bbox 2155 3214 3683 3288">
     <span class='ocr_line' id='line_1_77' title="bbox 2155 3214 3683 3288; baseline -0.003 -20"><span class='ocrx_word' id='word_1_568' title='bbox 2155 3217 2310 3269; x_wconf 87' lang='grc' dir='ltr'>Ἐστι</span> <span class='ocrx_word' id='word_1_569' title='bbox 2337 3216 2394 3269; x_wconf 80' lang='grc' dir='ltr'>δὲ</span> <span class='ocrx_word' id='word_1_570' title='bbox 2417 3217 2511 3270; x_wconf 74' lang='grc' dir='ltr'><strong>καὶ</strong></span> <span class='ocrx_word' id='word_1_571' title='bbox 2535 3215 2695 3286; x_wconf 79' lang='grc' dir='ltr'>ἑτέρα</span> <span class='ocrx_word' id='word_1_572' title='bbox 2722 3215 2950 3288; x_wconf 76' lang='grc' dir='ltr'>διαφορά</span> <span class='ocrx_word' id='word_1_573' title='bbox 2969 3217 3074 3268; x_wconf 83' lang='grc' dir='ltr'><strong>τῶν</strong></span> <span class='ocrx_word' id='word_1_574' title='bbox 3096 3217 3282 3287; x_wconf 89' lang='grc' dir='ltr'>βιαίως</span> <span class='ocrx_word' id='word_1_575' title='bbox 3312 3214 3683 3286; x_wconf 75' lang='grc' dir='ltr'>ἀφαιρουμένων</span> 
     </span>
    </p>
   </div>
   <div class='ocr_carea' id='block_1_78' title="bbox 2155 3308 3680 3382">
    <p class='ocr_par' dir='ltr' id='par_1_78' title="bbox 2155 3308 3680 3382">
     <span class='ocr_line' id='line_1_78' title="bbox 2155 3308 3680 3382; baseline -0.003 -20"><span class='ocrx_word' id='word_1_576' title='bbox 2155 3310 2449 3382; x_wconf 76' lang='grc' dir='ltr'>πράγματα</span> <span class='ocrx_word' id='word_1_577' title='bbox 2472 3309 2693 3363; x_wconf 74' lang='grc' dir='ltr'>καὶτῶν</span> <span class='ocrx_word' id='word_1_578' title='bbox 2732 3309 2873 3363; x_wconf 75' lang='grc' dir='ltr'>κατὰ</span> <span class='ocrx_word' id='word_1_579' title='bbox 2903 3309 3064 3379; x_wconf 77' lang='grc' dir='ltr'>φόϐον</span> <span class='ocrx_word' id='word_1_580' title='bbox 3095 3310 3480 3381; x_wconf 83' lang='grc' dir='ltr'>λαμϐανόντων</span> <span class='ocrx_word' id='word_1_581' title='bbox 3520 3327 3565 3362; x_wconf 92' lang='grc' dir='ltr'>τι</span> <span class='ocrx_word' id='word_1_582' title='bbox 3598 3308 3680 3360; x_wconf 79' lang='grc' dir='ltr'><strong>ἀπό</strong></span> 
     </span>
    </p>
   </div>
   <div class='ocr_carea' id='block_1_79' title="bbox 2151 3399 3682 3473">
    <p class='ocr_par' dir='ltr' id='par_1_79' title="bbox 2151 3399 3682 3473">
     <span class='ocr_line' id='line_1_79' title="bbox 2151 3399 3682 3473; baseline -0.001 -20"><span class='ocrx_word' id='word_1_583' title='bbox 2151 3418 2294 3466; x_wconf 88' lang='grc' dir='ltr'>τινος</span> <span class='ocrx_word' id='word_1_584' title='bbox 2318 3418 2331 3432; x_wconf 78' lang='grc' dir='ltr'><strong><em>ο</em></strong></span> <span class='ocrx_word' id='word_1_585' title='bbox 2357 3401 2408 3454; x_wconf 78' lang='lat' dir='ltr'><strong>oi</strong></span> <span class='ocrx_word' id='word_1_586' title='bbox 2437 3401 2533 3472; x_wconf 83' lang='grc' dir='ltr'>μὲν</span> <span class='ocrx_word' id='word_1_587' title='bbox 2556 3401 2663 3471; x_wconf 85' lang='grc' dir='ltr'><strong>γὰρ</strong></span> <span class='ocrx_word' id='word_1_588' title='bbox 2689 3401 2932 3472; x_wconf 76' lang='grc' dir='ltr'>ἅρπαγες</span> <span class='ocrx_word' id='word_1_589' title='bbox 2977 3402 3073 3454; x_wconf 73' lang='grc' dir='ltr'><strong>σὺν</strong></span> <span class='ocrx_word' id='word_1_590' title='bbox 3112 3405 3178 3473; x_wconf 83' lang='grc' dir='ltr'>τῇ</span> <span class='ocrx_word' id='word_1_591' title='bbox 3215 3402 3472 3456; x_wconf 85' lang='grc' dir='ltr'>ἀποδόσει</span> <span class='ocrx_word' id='word_1_592' title='bbox 3509 3399 3590 3453; x_wconf 76' lang='grc' dir='ltr'>τοῦ</span> <span class='ocrx_word' id='word_1_593' title='bbox 3614 3417 3682 3451; x_wconf 81' lang='grc' dir='ltr'>τε·</span> 
     </span>
    </p>
   </div>
   <div class='ocr_carea' id='block_1_80' title="bbox 2153 3491 3679 3563">
    <p class='ocr_par' dir='ltr' id='par_1_80' title="bbox 2153 3491 3679 3563">
     <span class='ocr_line' id='line_1_80' title="bbox 2153 3491 3679 3563; baseline -0.001 -19"><span class='ocrx_word' id='word_1_594' title='bbox 2153 3491 2391 3563; x_wconf 84' lang='grc' dir='ltr'>τραπλοῦ</span> <span class='ocrx_word' id='word_1_595' title='bbox 2430 3492 2522 3544; x_wconf 80' lang='grc' dir='ltr'>καὶ</span> <span class='ocrx_word' id='word_1_596' title='bbox 2568 3491 2913 3563; x_wconf 81' lang='grc' dir='ltr'>ἀτιμοῦνται·</span> <span class='ocrx_word' id='word_1_597' title='bbox 2959 3494 3007 3546; x_wconf 82' lang='grc' dir='ltr'><strong>οἰ</strong></span> <span class='ocrx_word' id='word_1_598' title='bbox 3045 3493 3101 3546; x_wconf 84' lang='grc' dir='ltr'>δὲ</span> <span class='ocrx_word' id='word_1_599' title='bbox 3147 3492 3312 3562; x_wconf 79' lang='grc' dir='ltr'>φόϐον</span> <span class='ocrx_word' id='word_1_600' title='bbox 3337 3493 3679 3561; x_wconf 82' lang='grc' dir='ltr'>ἐπαγαγόντες,</span> 
     </span>
    </p>
   </div>
   <div class='ocr_carea' id='block_1_81' title="bbox 2157 3582 3254 3655">
    <p class='ocr_par' dir='ltr' id='par_1_81' title="bbox 2157 3582 3254 3655">
     <span class='ocr_line' id='line_1_81' title="bbox 2157 3582 3254 3655; baseline 0.004 -20"><span class='ocrx_word' id='word_1_601' title='bbox 2157 3582 2466 3636; x_wconf 83' lang='grc' dir='ltr'>σπιλοῦνται</span> <span class='ocrx_word' id='word_1_602' title='bbox 2496 3583 2653 3654; x_wconf 85' lang='grc' dir='ltr'>μόνον</span> <span class='ocrx_word' id='word_1_603' title='bbox 2680 3583 2819 3640; x_wconf 77' lang='grc' dir='ltr'>κατὰ</span> <span class='ocrx_word' id='word_1_604' title='bbox 2843 3583 2939 3655; x_wconf 76' lang='grc' dir='ltr'><strong>τὴν</strong></span> <span class='ocrx_word' id='word_1_605' title='bbox 2968 3584 3254 3654; x_wconf 74' lang='grc' dir='ltr'>ὑπόληψιν.</span> 
     </span>
    </p>
   </div>
   <div class='ocr_carea' id='block_1_82' title="bbox 2228 3673 3682 3746">
    <p class='ocr_par' dir='ltr' id='par_1_82' title="bbox 2228 3673 3682 3746">
     <span class='ocr_line' id='line_1_82' title="bbox 2228 3673 3682 3746; baseline -0.001 -21"><span class='ocrx_word' id='word_1_606' title='bbox 2228 3674 2469 3726; x_wconf 74' lang='grc' dir='ltr'><strong>ΖΩΝΑΡ.</strong></span> <span class='ocrx_word' id='word_1_607' title='bbox 2499 3674 2564 3726; x_wconf 82' lang='grc' dir='ltr'><strong>Οἵ</strong></span> <span class='ocrx_word' id='word_1_608' title='bbox 2591 3691 2733 3738; x_wconf 86' lang='grc' dir='ltr'>τινες</span> <span class='ocrx_word' id='word_1_609' title='bbox 2761 3673 2816 3728; x_wconf 77' lang='grc' dir='ltr'>δὲ</span> <span class='ocrx_word' id='word_1_610' title='bbox 2841 3674 3075 3744; x_wconf 78' lang='grc' dir='ltr'>ἐπῆλθον</span> <span class='ocrx_word' id='word_1_611' title='bbox 3101 3675 3273 3738; x_wconf 82' lang='grc' dir='ltr'>οἴκοις</span> <span class='ocrx_word' id='word_1_612' title='bbox 3298 3675 3581 3746; x_wconf 73' lang='grc' dir='ltr'>ἀλλοτρίοις</span> <span class='ocrx_word' id='word_1_613' title='bbox 3613 3673 3682 3724; x_wconf 77' lang='grc' dir='ltr'><strong>καί</strong></span> 
     </span>
    </p>
   </div>
   <div class='ocr_carea' id='block_1_83' title="bbox 2155 3760 3680 3838">
    <p class='ocr_par' dir='ltr' id='par_1_83' title="bbox 2155 3760 3680 3838">
     <span class='ocr_line' id='line_1_83' title="bbox 2155 3760 3680 3838; baseline 0 -22"><span class='ocrx_word' id='word_1_614' title='bbox 2155 3765 2406 3836; x_wconf 77' lang='grc' dir='ltr'>ἥρπασαν</span> <span class='ocrx_word' id='word_1_615' title='bbox 2433 3764 2636 3820; x_wconf 80' lang='grc' dir='ltr'>ἐκεῖθεν</span> <span class='ocrx_word' id='word_1_616' title='bbox 2669 3767 2940 3837; x_wconf 79' lang='grc' dir='ltr'>χρήματα,</span> <span class='ocrx_word' id='word_1_617' title='bbox 2981 3760 3145 3831; x_wconf 73' lang='grc' dir='ltr'>οὗτοι,</span> <span class='ocrx_word' id='word_1_618' title='bbox 3178 3770 3366 3837; x_wconf 69' lang='grc' dir='ltr'>φησιν,</span> <span class='ocrx_word' id='word_1_619' title='bbox 3389 3769 3436 3820; x_wconf 83' lang='grc' dir='ltr'><strong>εί</strong></span> <span class='ocrx_word' id='word_1_620' title='bbox 3456 3773 3680 3838; x_wconf 52' lang='lat' dir='ltr'><strong>pimus-</strong></span> 
     </span>
    </p>
   </div>
   <div class='ocr_carea' id='block_1_84' title="bbox 2158 3855 3682 3930">
    <p class='ocr_par' dir='ltr' id='par_1_84' title="bbox 2158 3855 3682 3930">
     <span class='ocr_line' id='line_1_84' title="bbox 2158 3855 3682 3930; baseline 0.001 -22"><span class='ocrx_word' id='word_1_621' title='bbox 2158 3855 2516 3928; x_wconf 87' lang='grc' dir='ltr'>ηγορηθέντες</span> <span class='ocrx_word' id='word_1_622' title='bbox 2577 3857 2670 3910; x_wconf 76' lang='grc' dir='ltr'><strong>καὶ</strong></span> <span class='ocrx_word' id='word_1_623' title='bbox 2711 3857 3062 3930; x_wconf 79' lang='grc' dir='ltr'>ἀρνούμενοι,</span> <span class='ocrx_word' id='word_1_624' title='bbox 3115 3858 3485 3930; x_wconf 78' lang='grc' dir='ltr'>ἐλεγχθῶσιν,</span> <span class='ocrx_word' id='word_1_625' title='bbox 3523 3858 3682 3928; x_wconf 79' lang='grc' dir='ltr'>ὁμοίως</span> 
     </span>
    </p>
   </div>
   <div class='ocr_carea' id='block_1_85' title="bbox 2158 3951 3681 4025">
    <p class='ocr_par' dir='ltr' id='par_1_85' title="bbox 2158 3951 3681 4025">
     <span class='ocr_line' id='line_1_85' title="bbox 2158 3951 3681 4025; baseline -0.002 -22"><span class='ocrx_word' id='word_1_626' title='bbox 2158 3953 2268 4015; x_wconf 76' lang='grc' dir='ltr'>τοῖς</span> <span class='ocrx_word' id='word_1_627' title='bbox 2301 3951 2712 4022; x_wconf 84' lang='grc' dir='ltr'>προειρημένοις</span> <span class='ocrx_word' id='word_1_628' title='bbox 2731 3953 2824 4006; x_wconf 70' lang='grc' dir='ltr'><strong>καὶ</strong></span> <span class='ocrx_word' id='word_1_629' title='bbox 2852 3952 2951 4022; x_wconf 76' lang='grc' dir='ltr'>τῆς</span> <span class='ocrx_word' id='word_1_630' title='bbox 2977 3953 3292 4025; x_wconf 83' lang='grc' dir='ltr'>ἀκροάσεως</span> <span class='ocrx_word' id='word_1_631' title='bbox 3319 3952 3681 4010; x_wconf 81' lang='grc' dir='ltr'>κωλυέσθωσαν,</span> 
     </span>
    </p>
   </div>
   <div class='ocr_carea' id='block_1_86' title="bbox 2159 4042 3681 4115">
    <p class='ocr_par' dir='ltr' id='par_1_86' title="bbox 2159 4042 3681 4115">
     <span class='ocr_line' id='line_1_86' title="bbox 2159 4042 3681 4115; baseline -0.001 -21"><span class='ocrx_word' id='word_1_632' title='bbox 2159 4043 2251 4095; x_wconf 73' lang='grc' dir='ltr'>καὶ</span> <span class='ocrx_word' id='word_1_633' title='bbox 2286 4042 2424 4113; x_wconf 82' lang='grc' dir='ltr'><strong>μετά</strong></span> <span class='ocrx_word' id='word_1_634' title='bbox 2455 4043 2563 4096; x_wconf 85' lang='grc' dir='ltr'>τῶν</span> <span class='ocrx_word' id='word_1_635' title='bbox 2591 4044 3024 4114; x_wconf 88' lang='grc' dir='ltr'>προσκλαιόντων</span> <span class='ocrx_word' id='word_1_636' title='bbox 3051 4045 3426 4115; x_wconf 78' lang='grc' dir='ltr'>τετάχθωσαν-</span> <span class='ocrx_word' id='word_1_637' title='bbox 3457 4042 3571 4097; x_wconf 79' lang='grc' dir='ltr'>εἰδὲ</span> <span class='ocrx_word' id='word_1_638' title='bbox 3593 4042 3681 4093; x_wconf 78' lang='grc' dir='ltr'>ἑαν-</span> 
     </span>
    </p>
   </div>
   <div class='ocr_carea' id='block_1_87' title="bbox 2157 4131 3683 4208">
    <p class='ocr_par' dir='ltr' id='par_1_87' title="bbox 2157 4131 3683 4208">
     <span class='ocr_line' id='line_1_87' title="bbox 2157 4131 3683 4208; baseline 0.003 -25"><span class='ocrx_word' id='word_1_639' title='bbox 2157 4133 2284 4195; x_wconf 78' lang='grc' dir='ltr'>τοὺς</span> <span class='ocrx_word' id='word_1_640' title='bbox 2316 4131 2623 4198; x_wconf 78' lang='grc' dir='ltr'>ἐξείπωσιν,</span> <span class='ocrx_word' id='word_1_641' title='bbox 2649 4134 2680 4204; x_wconf 82' lang='grc' dir='ltr'>ἢ</span> <span class='ocrx_word' id='word_1_642' title='bbox 2710 4133 2813 4205; x_wconf 82' lang='grc' dir='ltr'>πρὸ</span> <span class='ocrx_word' id='word_1_643' title='bbox 2844 4134 2936 4187; x_wconf 75' lang='grc' dir='ltr'>τοῦ</span> <span class='ocrx_word' id='word_1_644' title='bbox 2982 4136 3428 4208; x_wconf 84' lang='grc' dir='ltr'>κατηγορηθῆναι</span> <span class='ocrx_word' id='word_1_645' title='bbox 3476 4133 3683 4205; x_wconf 74' lang='grc' dir='ltr'>ὁμολογήο</span> 
     </span>
    </p>
   </div>
   <div class='ocr_carea' id='block_1_88' title="bbox 2161 4221 3682 4311">
    <p class='ocr_par' dir='ltr' id='par_1_88' title="bbox 2161 4221 3682 4311">
     <span class='ocr_line' id='line_1_88' title="bbox 2161 4221 3682 4311; baseline -0.001 -35"><span class='ocrx_word' id='word_1_646' title='bbox 2161 4238 2326 4278; x_wconf 92' lang='grc' dir='ltr'>σωσιν</span> <span class='ocrx_word' id='word_1_647' title='bbox 2353 4224 2707 4295; x_wconf 85' lang='grc' dir='ltr'>ἀγνοούμενον</span> <span class='ocrx_word' id='word_1_648' title='bbox 2728 4225 2788 4276; x_wconf 82' lang='grc' dir='ltr'>τὸ</span> <span class='ocrx_word' id='word_1_649' title='bbox 2808 4227 3128 4311; x_wconf 65' lang='grc' dir='ltr'>ἁμάρτημα,</span> <span class='ocrx_word' id='word_1_650' title='bbox 3149 4227 3241 4280; x_wconf 74' lang='grc' dir='ltr'>καὶ</span> <span class='ocrx_word' id='word_1_651' title='bbox 3262 4225 3547 4309; x_wconf 76' lang='grc' dir='ltr'>ἀποδοῖενᾶ</span> <span class='ocrx_word' id='word_1_652' title='bbox 3568 4221 3682 4290; x_wconf 72' lang='grc' dir='ltr'>ἀφεί-</span> 
     </span>
    </p>
   </div>
   <div class='ocr_carea' id='block_1_89' title="bbox 2158 4301 3681 4390">
    <p class='ocr_par' dir='ltr' id='par_1_89' title="bbox 2158 4301 3681 4390">
     <span class='ocr_line' id='line_1_89' title="bbox 2158 4301 3681 4390; baseline 0.001 -20"><span class='ocrx_word' id='word_1_653' title='bbox 2158 4317 2328 4379; x_wconf 85' lang='grc' dir='ltr'>λοντο,</span> <span class='ocrx_word' id='word_1_654' title='bbox 2356 4317 2594 4372; x_wconf 77' lang='grc' dir='ltr'>ἔστωσαν</span> <span class='ocrx_word' id='word_1_655' title='bbox 2621 4320 2677 4372; x_wconf 86' lang='grc' dir='ltr'><strong>ἐν</strong></span> <span class='ocrx_word' id='word_1_656' title='bbox 2710 4322 2820 4381; x_wconf 85' lang='grc' dir='ltr'>τοῖς</span> <span class='ocrx_word' id='word_1_657' title='bbox 2847 4301 3278 4390; x_wconf 74' lang='grc' dir='ltr'>ὑποστρέφουσιν</span> <span class='ocrx_word' id='word_1_658' title='bbox 3309 4321 3418 4375; x_wconf 77' lang='grc' dir='ltr'><strong>ἀπὸ</strong></span> <span class='ocrx_word' id='word_1_659' title='bbox 3437 4316 3681 4390; x_wconf 75' lang='grc' dir='ltr'>ἁμαρτίας.</span> 
     </span>
    </p>
   </div>
   <div class='ocr_carea' id='block_1_90' title="bbox 489 4402 2053 4490">
    <p class='ocr_par' dir='ltr' id='par_1_90' title="bbox 489 4418 2053 4490">
     <span class='ocr_line' id='line_1_90' title="bbox 489 4418 2053 4490; baseline 0.002 -20"><span class='ocrx_word' id='word_1_660' title='bbox 489 4425 796 4483; x_wconf 75' lang='lat' dir='ltr'><strong>vertuntur,</strong></span> <span class='ocrx_word' id='word_1_661' title='bbox 840 4418 944 4473; x_wconf 89' lang='lat' dir='ltr'><strong>boc</strong></span> <span class='ocrx_word' id='word_1_662' title='bbox 983 4428 1087 4485; x_wconf 85' lang='lat' dir='ltr'><strong>est,</strong></span> <span class='ocrx_word' id='word_1_663' title='bbox 1129 4420 1316 4474; x_wconf 85' lang='lat' dir='ltr'><strong>ordine</strong></span> <span class='ocrx_word' id='word_1_664' title='bbox 1360 4420 1781 4486; x_wconf 88' lang='lat' dir='ltr'><strong>substratorum,</strong></span> <span class='ocrx_word' id='word_1_665' title='bbox 1810 4419 1903 4490; x_wconf 90' lang='lat' dir='ltr'><strong>qui</strong></span> <span class='ocrx_word' id='word_1_666' title='bbox 1937 4436 2053 4474; x_wconf 90' lang='lat' dir='ltr'><strong>cum</strong></span> 
     </span>
    </p>
   </div>
   <div class='ocr_carea' id='block_1_91' title="bbox 2159 4402 3681 4490">
    <p class='ocr_par' dir='ltr' id='par_1_91' title="bbox 2165 4409 3681 4482">
     <span class='ocr_line' id='line_1_91' title="bbox 2165 4409 3681 4482; baseline -0.003 -18"><span class='ocrx_word' id='word_1_667' title='bbox 2165 4411 2406 4464; x_wconf 79' lang='grc' dir='ltr'>τουτέστι</span> <span class='ocrx_word' id='word_1_668' title='bbox 2430 4412 2526 4482; x_wconf 83' lang='grc' dir='ltr'><strong>τῆς</strong></span> <span class='ocrx_word' id='word_1_669' title='bbox 2563 4411 2766 4478; x_wconf 81' lang='grc' dir='ltr'>τάξεως</span> <span class='ocrx_word' id='word_1_670' title='bbox 2788 4411 2894 4465; x_wconf 81' lang='grc' dir='ltr'><strong>τῶν</strong></span> <span class='ocrx_word' id='word_1_671' title='bbox 2916 4411 3350 4476; x_wconf 80' lang='grc' dir='ltr'>ὑποπιπτόντων,</span> <span class='ocrx_word' id='word_1_672' title='bbox 3375 4413 3556 4473; x_wconf 79' lang='grc' dir='ltr'>οἵτινες</span> <span class='ocrx_word' id='word_1_673' title='bbox 3585 4409 3681 4460; x_wconf 74' lang='grc' dir='ltr'>ὑποο</span> 
     </span>
    </p>
   </div>
   <div class='ocr_carea' id='block_1_92' title="bbox 489 4507 2062 4581">
    <p class='ocr_par' dir='ltr' id='par_1_92' title="bbox 489 4507 2062 4581">
     <span class='ocr_line' id='line_1_92' title="bbox 489 4507 2062 4581; baseline 0.003 -19"><span class='ocrx_word' id='word_1_674' title='bbox 489 4507 742 4566; x_wconf 72' lang='lat' dir='ltr'><strong>fidelibus</strong></span> <span class='ocrx_word' id='word_1_675' title='bbox 785 4510 1000 4580; x_wconf 91' lang='lat' dir='ltr'><strong>quidem</strong></span> <span class='ocrx_word' id='word_1_676' title='bbox 1035 4520 1321 4580; x_wconf 84' lang='lat' dir='ltr'><strong>precantur</strong></span> <span class='ocrx_word' id='word_1_677' title='bbox 1355 4511 1610 4581; x_wconf 86' lang='lat' dir='ltr'><strong>templum</strong></span> <span class='ocrx_word' id='word_1_678' title='bbox 1643 4513 1923 4577; x_wconf 85' lang='lat' dir='ltr'><strong>intrantes,</strong></span> <span class='ocrx_word' id='word_1_679' title='bbox 1961 4528 2062 4566; x_wconf 75' lang='lat' dir='ltr'><strong>ca:-</strong></span> 
     </span>
    </p>
   </div>
   <div class='ocr_carea' id='block_1_93' title="bbox 490 4605 1783 4679">
    <p class='ocr_par' dir='ltr' id='par_1_93' title="bbox 490 4605 1783 4679">
     <span class='ocr_line' id='line_1_93' title="bbox 490 4605 1783 4679; baseline 0.003 -25"><span class='ocrx_word' id='word_1_680' title='bbox 490 4608 673 4655; x_wconf 72' lang='lat' dir='ltr'><strong>terum.</strong></span> <span class='ocrx_word' id='word_1_681' title='bbox 693 4618 844 4658; x_wconf 87' lang='lat' dir='ltr'><strong>more</strong></span> <span class='ocrx_word' id='word_1_682' title='bbox 868 4605 1381 4679; x_wconf 80' lang='lat' dir='ltr'><strong>catechumenorum</strong></span> <span class='ocrx_word' id='word_1_683' title='bbox 1413 4605 1783 4674; x_wconf 77' lang='lat' dir='ltr'><strong>egrediuntur.</strong></span> 
     </span>
    </p>
   </div>
   <div class='ocr_carea' id='block_1_94' title="bbox 1098 4695 1462 4754">
    <p class='ocr_par' dir='ltr' id='par_1_94' title="bbox 1098 4695 1462 4754">
     <span class='ocr_line' id='line_1_94' title="bbox 1098 4695 1462 4754; baseline 0.003 -2"><span class='ocrx_word' id='word_1_684' title='bbox 1098 4695 1325 4754; x_wconf 74' lang='lat' dir='ltr'><strong>CANON</strong></span> <span class='ocrx_word' id='word_1_685' title='bbox 1372 4697 1462 4753; x_wconf 79' lang='lat' dir='ltr'><strong>IX.</strong></span> 
     </span>
    </p>
   </div>
   <div class='ocr_carea' id='block_1_95' title="bbox 571 4785 2060 4859">
    <p class='ocr_par' dir='ltr' id='par_1_95' title="bbox 571 4785 2060 4859">
     <span class='ocr_line' id='line_1_95' title="bbox 571 4785 2060 4859; baseline 0.003 -21"><span class='ocrx_word' id='word_1_686' title='bbox 571 4804 592 4838; x_wconf 73' lang='grc' dir='ltr'>ι</span> <span class='ocrx_word' id='word_1_687' title='bbox 626 4785 701 4842; x_wconf 87' lang='lat' dir='ltr'><strong>De</strong></span> <span class='ocrx_word' id='word_1_688' title='bbox 733 4787 800 4841; x_wconf 89' lang='lat' dir='ltr'><strong>iis</strong></span> <span class='ocrx_word' id='word_1_689' title='bbox 823 4789 916 4857; x_wconf 89' lang='lat' dir='ltr'><strong>qui</strong></span> <span class='ocrx_word' id='word_1_690' title='bbox 938 4789 993 4843; x_wconf 92' lang='lat' dir='ltr'><strong>in</strong></span> <span class='ocrx_word' id='word_1_691' title='bbox 1025 4804 1155 4858; x_wconf 82' lang='lat' dir='ltr'><strong>agro</strong></span> <span class='ocrx_word' id='word_1_692' title='bbox 1186 4791 1269 4844; x_wconf 87' lang='lat' dir='ltr'><strong>vel</strong></span> <span class='ocrx_word' id='word_1_693' title='bbox 1296 4790 1348 4844; x_wconf 91' lang='lat' dir='ltr'><strong>in</strong></span> <span class='ocrx_word' id='word_1_694' title='bbox 1373 4791 1577 4845; x_wconf 62' lang='lat' dir='ltr'><strong>{edibus</strong></span> <span class='ocrx_word' id='word_1_695' title='bbox 1606 4792 1720 4846; x_wconf 89' lang='lat' dir='ltr'><strong>suis</strong></span> <span class='ocrx_word' id='word_1_696' title='bbox 1761 4805 1846 4850; x_wconf 86' lang='lat' dir='ltr'><strong>ea.</strong></span> <span class='ocrx_word' id='word_1_697' title='bbox 1877 4805 1998 4859; x_wconf 71' lang='lat' dir='ltr'><strong>qua:</strong></span> <span class='ocrx_word' id='word_1_698' title='bbox 2030 4805 2060 4842; x_wconf 89' lang='lat' dir='ltr'><strong>a</strong></span> 
     </span>
    </p>
   </div>
   <div class='ocr_carea' id='block_1_96' title="bbox 498 4876 2061 4951">
    <p class='ocr_par' dir='ltr' id='par_1_96' title="bbox 498 4876 2061 4951">
     <span class='ocr_line' id='line_1_96' title="bbox 498 4876 2061 4951; baseline 0.002 -20"><span class='ocrx_word' id='word_1_699' title='bbox 498 4895 522 4931; x_wconf 73' lang='grc' dir='ltr'>ι</span> <span class='ocrx_word' id='word_1_700' title='bbox 566 4876 817 4934; x_wconf 85' lang='lat' dir='ltr'><strong>barbaris</strong></span> <span class='ocrx_word' id='word_1_701' title='bbox 846 4880 1026 4934; x_wconf 89' lang='lat' dir='ltr'><strong>relicta</strong></span> <span class='ocrx_word' id='word_1_702' title='bbox 1051 4891 1200 4944; x_wconf 88' lang='lat' dir='ltr'><strong>sunt,</strong></span> <span class='ocrx_word' id='word_1_703' title='bbox 1240 4884 1582 4936; x_wconf 87' lang='lat' dir='ltr'><strong>invenerunt.</strong></span> <span class='ocrx_word' id='word_1_704' title='bbox 1621 4882 1728 4936; x_wconf 78' lang='lat' dir='ltr'><strong>Eos</strong></span> <span class='ocrx_word' id='word_1_705' title='bbox 1763 4893 1940 4936; x_wconf 87' lang='lat' dir='ltr'><strong>autem</strong></span> <span class='ocrx_word' id='word_1_706' title='bbox 1969 4882 2061 4951; x_wconf 90' lang='lat' dir='ltr'><strong>qui</strong></span> 
     </span>
    </p>
   </div>
   <div class='ocr_carea' id='block_1_97' title="bbox 499 4970 2064 5042">
    <p class='ocr_par' dir='ltr' id='par_1_97' title="bbox 499 4970 2064 5042">
     <span class='ocr_line' id='line_1_97' title="bbox 499 4970 2064 5042; baseline 0.003 -18"><span class='ocrx_word' id='word_1_707' title='bbox 499 4987 523 5024; x_wconf 72' lang='grc' dir='ltr'>ι</span> <span class='ocrx_word' id='word_1_708' title='bbox 567 4970 622 5025; x_wconf 92' lang='lat' dir='ltr'><strong>in</strong></span> <span class='ocrx_word' id='word_1_709' title='bbox 659 4987 850 5041; x_wconf 88' lang='lat' dir='ltr'><strong>campo</strong></span> <span class='ocrx_word' id='word_1_710' title='bbox 887 4973 1092 5042; x_wconf 86' lang='lat' dir='ltr'><strong>aliquid</strong></span> <span class='ocrx_word' id='word_1_711' title='bbox 1143 4976 1485 5038; x_wconf 87' lang='lat' dir='ltr'><strong>invenerunt,</strong></span> <span class='ocrx_word' id='word_1_712' title='bbox 1513 4977 1594 5029; x_wconf 83' lang='lat' dir='ltr'><strong>vel</strong></span> <span class='ocrx_word' id='word_1_713' title='bbox 1638 4977 1690 5028; x_wconf 93' lang='lat' dir='ltr'><strong>in</strong></span> <span class='ocrx_word' id='word_1_714' title='bbox 1720 4975 1836 5030; x_wconf 90' lang='lat' dir='ltr'><strong>suis</strong></span> <span class='ocrx_word' id='word_1_715' title='bbox 1857 4976 2064 5029; x_wconf 61' lang='lat' dir='ltr'><strong>aedibus</strong></span> 
     </span>
    </p>
   </div>
   <div class='ocr_carea' id='block_1_98' title="bbox 495 5065 2063 5137">
    <p class='ocr_par' dir='ltr' id='par_1_98' title="bbox 495 5065 2063 5137">
     <span class='ocr_line' id='line_1_98' title="bbox 495 5065 2063 5137; baseline 0.004 -21"><span class='ocrx_word' id='word_1_716' title='bbox 495 5082 520 5116; x_wconf 70' lang='grc' dir='ltr'><strong>ι</strong></span> <span class='ocrx_word' id='word_1_717' title='bbox 567 5079 598 5117; x_wconf 88' lang='lat' dir='ltr'><strong>a</strong></span> <span class='ocrx_word' id='word_1_718' title='bbox 629 5065 874 5122; x_wconf 88' lang='lat' dir='ltr'><strong>barbaris</strong></span> <span class='ocrx_word' id='word_1_719' title='bbox 909 5067 1184 5131; x_wconf 87' lang='lat' dir='ltr'><strong>relictum,</strong></span> <span class='ocrx_word' id='word_1_720' title='bbox 1219 5069 1264 5124; x_wconf 88' lang='lat' dir='ltr'><strong>si</strong></span> <span class='ocrx_word' id='word_1_721' title='bbox 1297 5069 1536 5124; x_wconf 88' lang='lat' dir='ltr'><strong>accusati</strong></span> <span class='ocrx_word' id='word_1_722' title='bbox 1567 5069 1783 5137; x_wconf 86' lang='lat' dir='ltr'><strong>quidem</strong></span> <span class='ocrx_word' id='word_1_723' title='bbox 1832 5070 2063 5124; x_wconf 88' lang='lat' dir='ltr'><strong>convicti</strong></span> 
     </span>
    </p>
   </div>
   <div class='ocr_carea' id='block_1_99' title="bbox 497 5157 2062 5231">
    <p class='ocr_par' dir='ltr' id='par_1_99' title="bbox 497 5157 2062 5231">
     <span class='ocr_line' id='line_1_99' title="bbox 497 5157 2062 5231; baseline 0.004 -23"><span class='ocrx_word' id='word_1_724' title='bbox 497 5175 520 5208; x_wconf 69' lang='grc' dir='ltr'>ι</span> <span class='ocrx_word' id='word_1_725' title='bbox 567 5157 788 5224; x_wconf 84' lang='lat' dir='ltr'><strong>fuerint,</strong></span> <span class='ocrx_word' id='word_1_726' title='bbox 818 5160 927 5214; x_wconf 90' lang='lat' dir='ltr'><strong>sint</strong></span> <span class='ocrx_word' id='word_1_727' title='bbox 951 5160 1202 5215; x_wconf 88' lang='lat' dir='ltr'><strong>similiter</strong></span> <span class='ocrx_word' id='word_1_728' title='bbox 1229 5163 1369 5215; x_wconf 87' lang='lat' dir='ltr'><strong>inter</strong></span> <span class='ocrx_word' id='word_1_729' title='bbox 1384 5176 1479 5216; x_wconf 90' lang='lat' dir='ltr'><strong>eos</strong></span> <span class='ocrx_word' id='word_1_730' title='bbox 1500 5162 1591 5231; x_wconf 93' lang='lat' dir='ltr'><strong>qui</strong></span> <span class='ocrx_word' id='word_1_731' title='bbox 1615 5162 2062 5228; x_wconf 84' lang='lat' dir='ltr'><strong>substernuntur;</strong></span> 
     </span>
    </p>
   </div>
   <div class='ocr_carea' id='block_1_100' title="bbox 500 5252 2063 5324">
    <p class='ocr_par' dir='ltr' id='par_1_100' title="bbox 500 5252 2063 5324">
     <span class='ocr_line' id='line_1_100' title="bbox 500 5252 2063 5324; baseline 0.003 -22"><span class='ocrx_word' id='word_1_732' title='bbox 500 5271 521 5302; x_wconf 72' lang='grc' dir='ltr'><strong>ε</strong></span> <span class='ocrx_word' id='word_1_733' title='bbox 566 5252 648 5308; x_wconf 91' lang='lat' dir='ltr'><strong>sin</strong></span> <span class='ocrx_word' id='word_1_734' title='bbox 679 5262 858 5307; x_wconf 91' lang='lat' dir='ltr'><strong>autem</strong></span> <span class='ocrx_word' id='word_1_735' title='bbox 889 5267 947 5308; x_wconf 88' lang='lat' dir='ltr'><strong>se</strong></span> <span class='ocrx_word' id='word_1_736' title='bbox 969 5253 1117 5324; x_wconf 83' lang='lat' dir='ltr'><strong>ipsos</strong></span> <span class='ocrx_word' id='word_1_737' title='bbox 1147 5253 1507 5309; x_wconf 72' lang='lat' dir='ltr'><strong>detulerintct</strong></span> <span class='ocrx_word' id='word_1_738' title='bbox 1528 5253 1877 5318; x_wconf 81' lang='lat' dir='ltr'><strong>reddiderint,</strong></span> <span class='ocrx_word' id='word_1_739' title='bbox 1901 5254 2063 5309; x_wconf 86' lang='lat' dir='ltr'><strong>etiam</strong></span> 
     </span>
    </p>
   </div>
   <div class='ocr_carea' id='block_1_101' title="bbox 497 5343 1428 5414">
    <p class='ocr_par' dir='ltr' id='par_1_101' title="bbox 497 5343 1428 5414">
     <span class='ocr_line' id='line_1_101' title="bbox 497 5343 1428 5414; baseline 0.002 -22"><span class='ocrx_word' id='word_1_740' title='bbox 497 5361 520 5392; x_wconf 67' lang='grc' dir='ltr'><strong>ί</strong></span> <span class='ocrx_word' id='word_1_741' title='bbox 567 5343 820 5411; x_wconf 89' lang='lat' dir='ltr'><strong>precibus</strong></span> <span class='ocrx_word' id='word_1_742' title='bbox 845 5343 995 5414; x_wconf 77' lang='lat' dir='ltr'><strong>digni</strong></span> <span class='ocrx_word' id='word_1_743' title='bbox 1026 5343 1360 5397; x_wconf 85' lang='lat' dir='ltr'><strong>‘babcantur.</strong></span> <span class='ocrx_word' id='word_1_744' title='bbox 1409 5361 1428 5394; x_wconf 72' lang='grc' dir='ltr'><strong>ι</strong></span> 
     </span>
    </p>
   </div>
   <div class='ocr_carea' id='block_1_102' title="bbox 567 5430 2065 5502">
    <p class='ocr_par' dir='ltr' id='par_1_102' title="bbox 567 5430 2065 5502">
     <span class='ocr_line' id='line_1_102' title="bbox 567 5430 2065 5502; baseline 0.003 -20"><span class='ocrx_word' id='word_1_745' title='bbox 567 5430 726 5487; x_wconf 64' lang='grc' dir='ltr'>Βλιε.</span> <span class='ocrx_word' id='word_1_746' title='bbox 776 5431 987 5487; x_wconf 90' lang='lat' dir='ltr'><strong>Dictum</strong></span> <span class='ocrx_word' id='word_1_747' title='bbox 1029 5443 1114 5488; x_wconf 89' lang='lat' dir='ltr'><strong>est</strong></span> <span class='ocrx_word' id='word_1_748' title='bbox 1161 5433 1411 5502; x_wconf 88' lang='lat' dir='ltr'><strong>superius</strong></span> <span class='ocrx_word' id='word_1_749' title='bbox 1436 5433 1502 5489; x_wconf 91' lang='lat' dir='ltr'><strong>de</strong></span> <span class='ocrx_word' id='word_1_750' title='bbox 1531 5433 1598 5490; x_wconf 91' lang='lat' dir='ltr'><strong>iis</strong></span> <span class='ocrx_word' id='word_1_751' title='bbox 1635 5433 1726 5502; x_wconf 91' lang='lat' dir='ltr'><strong>qui</strong></span> <span class='ocrx_word' id='word_1_752' title='bbox 1781 5431 1970 5486; x_wconf 88' lang='lat' dir='ltr'><strong>dicunt</strong></span> <span class='ocrx_word' id='word_1_753' title='bbox 2007 5448 2065 5487; x_wconf 91' lang='lat' dir='ltr'><strong>sc</strong></span> 
     </span>
    </p>
   </div>
   <div class='ocr_carea' id='block_1_103' title="bbox 496 5520 2064 5594">
    <p class='ocr_par' dir='ltr' id='par_1_103' title="bbox 496 5520 2064 5594">
     <span class='ocr_line' id='line_1_103' title="bbox 496 5520 2064 5594; baseline 0.001 -21"><span class='ocrx_word' id='word_1_754' title='bbox 496 5520 770 5577; x_wconf 84' lang='lat' dir='ltr'><strong>invenisse</strong></span> <span class='ocrx_word' id='word_1_755' title='bbox 784 5538 868 5579; x_wconf 87' lang='lat' dir='ltr'><strong>res</strong></span> <span class='ocrx_word' id='word_1_756' title='bbox 881 5524 1221 5592; x_wconf 86' lang='lat' dir='ltr'><strong>captivorum</strong></span> <span class='ocrx_word' id='word_1_757' title='bbox 1247 5523 1515 5594; x_wconf 80' lang='lat' dir='ltr'><strong>neglectui</strong></span> <span class='ocrx_word' id='word_1_758' title='bbox 1537 5523 1775 5590; x_wconf 89' lang='lat' dir='ltr'><strong>habitas,</strong></span> <span class='ocrx_word' id='word_1_759' title='bbox 1798 5533 1852 5578; x_wconf 88' lang='lat' dir='ltr'><strong>et</strong></span> <span class='ocrx_word' id='word_1_760' title='bbox 1877 5539 2064 5578; x_wconf 89' lang='lat' dir='ltr'><strong>earum</strong></span> 
     </span>
    </p>
   </div>
   <div class='ocr_carea' id='block_1_104' title="bbox 495 5611 2067 5682">
    <p class='ocr_par' dir='ltr' id='par_1_104' title="bbox 495 5611 2067 5682">
     <span class='ocr_line' id='line_1_104' title="bbox 495 5611 2067 5682; baseline 0.003 -18"><span class='ocrx_word' id='word_1_761' title='bbox 495 5611 599 5664; x_wconf 81' lang='lat' dir='ltr'><strong>sibi</strong></span> <span class='ocrx_word' id='word_1_762' title='bbox 643 5613 1026 5682; x_wconf 85' lang='lat' dir='ltr'><strong>proprietatem</strong></span> <span class='ocrx_word' id='word_1_763' title='bbox 1053 5614 1382 5670; x_wconf 84' lang='lat' dir='ltr'><strong>vindicasse.</strong></span> <span class='ocrx_word' id='word_1_764' title='bbox 1413 5613 1569 5670; x_wconf 88' lang='lat' dir='ltr'><strong>Nunc</strong></span> <span class='ocrx_word' id='word_1_765' title='bbox 1616 5625 1794 5671; x_wconf 88' lang='lat' dir='ltr'><strong>autem</strong></span> <span class='ocrx_word' id='word_1_766' title='bbox 1825 5614 2067 5669; x_wconf 87' lang='lat' dir='ltr'><strong>decernit</strong></span> 
     </span>
    </p>
   </div>
   <div class='ocr_carea' id='block_1_105' title="bbox 492 5707 2062 5778">
    <p class='ocr_par' dir='ltr' id='par_1_105' title="bbox 492 5707 2062 5778">
     <span class='ocr_line' id='line_1_105' title="bbox 492 5707 2062 5778; baseline 0.003 -22"><span class='ocrx_word' id='word_1_767' title='bbox 492 5715 738 5772; x_wconf 74' lang='lat' dir='ltr'><strong>sanctus,</strong></span> <span class='ocrx_word' id='word_1_768' title='bbox 761 5721 854 5763; x_wconf 88' lang='lat' dir='ltr'><strong>eos</strong></span> <span class='ocrx_word' id='word_1_769' title='bbox 878 5708 971 5778; x_wconf 89' lang='lat' dir='ltr'><strong>qui</strong></span> <span class='ocrx_word' id='word_1_770' title='bbox 991 5724 1078 5765; x_wconf 83' lang='lat' dir='ltr'><strong>res</strong></span> <span class='ocrx_word' id='word_1_771' title='bbox 1113 5710 1450 5778; x_wconf 85' lang='lat' dir='ltr'><strong>captivorum</strong></span> <span class='ocrx_word' id='word_1_772' title='bbox 1481 5709 1532 5761; x_wconf 94' lang='lat' dir='ltr'><strong>in</strong></span> <span class='ocrx_word' id='word_1_773' title='bbox 1559 5707 1812 5763; x_wconf 91' lang='lat' dir='ltr'><strong>domibus</strong></span> <span class='ocrx_word' id='word_1_774' title='bbox 1836 5708 2062 5762; x_wconf 84' lang='lat' dir='ltr'><strong>invene-</strong></span> 
     </span>
    </p>
   </div>
   <div class='ocr_carea' id='block_1_106' title="bbox 2169 4501 3680 4574">
    <p class='ocr_par' dir='ltr' id='par_1_106' title="bbox 2169 4501 3680 4574">
     <span class='ocr_line' id='line_1_106' title="bbox 2169 4501 3680 4574; baseline -0.005 -18"><span class='ocrx_word' id='word_1_775' title='bbox 2169 4503 2510 4574; x_wconf 79' lang='grc' dir='ltr'>συνεύχονται</span> <span class='ocrx_word' id='word_1_776' title='bbox 2545 4504 2642 4574; x_wconf 86' lang='grc' dir='ltr'><strong>μὲν</strong></span> <span class='ocrx_word' id='word_1_777' title='bbox 2666 4507 2778 4567; x_wconf 83' lang='grc' dir='ltr'>τοῖς</span> <span class='ocrx_word' id='word_1_778' title='bbox 2803 4507 3010 4566; x_wconf 80' lang='grc' dir='ltr'>πιστοῖς</span> <span class='ocrx_word' id='word_1_779' title='bbox 3054 4506 3312 4571; x_wconf 84' lang='grc' dir='ltr'>εἰσιόντες</span> <span class='ocrx_word' id='word_1_780' title='bbox 3341 4508 3420 4570; x_wconf 86' lang='grc' dir='ltr'><strong>εἰς</strong></span> <span class='ocrx_word' id='word_1_781' title='bbox 3454 4504 3536 4557; x_wconf 73' lang='grc' dir='ltr'>τὸν</span> <span class='ocrx_word' id='word_1_782' title='bbox 3569 4501 3680 4561; x_wconf 74' lang='grc' dir='ltr'>ναὸν,</span> 
     </span>
    </p>
   </div>
   <div class='ocr_carea' id='block_1_107' title="bbox 2165 4597 3166 4670">
    <p class='ocr_par' dir='ltr' id='par_1_107' title="bbox 2165 4597 3166 4670">
     <span class='ocr_line' id='line_1_107' title="bbox 2165 4597 3166 4670; baseline 0.002 -19"><span class='ocrx_word' id='word_1_783' title='bbox 2165 4597 2471 4670; x_wconf 78' lang='grc' dir='ltr'>ἐξέρχονται</span> <span class='ocrx_word' id='word_1_784' title='bbox 2493 4597 2548 4650; x_wconf 85' lang='grc' dir='ltr'>δὲ</span> <span class='ocrx_word' id='word_1_785' title='bbox 2577 4599 2652 4661; x_wconf 88' lang='grc' dir='ltr'>ὼς</span> <span class='ocrx_word' id='word_1_786' title='bbox 2673 4600 2722 4650; x_wconf 83' lang='lat' dir='ltr'><strong>oi</strong></span> <span class='ocrx_word' id='word_1_787' title='bbox 2757 4599 2990 4668; x_wconf 85' lang='grc' dir='ltr'>κατηχού</span> <span class='ocrx_word' id='word_1_788' title='bbox 3000 4617 3166 4670; x_wconf 88' lang='grc' dir='ltr'>μενοι.</span> 
     </span>
    </p>
   </div>
   <div class='ocr_carea' id='block_1_108' title="bbox 2761 4692 3127 4745">
    <p class='ocr_par' dir='ltr' id='par_1_108' title="bbox 2761 4692 3127 4745">
     <span class='ocr_line' id='line_1_108' title="bbox 2761 4692 3127 4745; baseline -0.003 0"><span class='ocrx_word' id='word_1_789' title='bbox 2761 4692 3000 4745; x_wconf 77' lang='grc' dir='ltr'><strong>ΚΑΝΩΝ</strong></span> <span class='ocrx_word' id='word_1_790' title='bbox 3051 4692 3127 4745; x_wconf 79' lang='grc' dir='ltr'><strong>ϐ’.</strong></span> 
     </span>
    </p>
   </div>
   <div class='ocr_carea' id='block_1_109' title="bbox 2240 4779 3681 4856">
    <p class='ocr_par' dir='ltr' id='par_1_109' title="bbox 2240 4779 3681 4856">
     <span class='ocr_line' id='line_1_109' title="bbox 2240 4779 3681 4856; baseline -0.001 -20"><span class='ocrx_word' id='word_1_791' title='bbox 2240 4803 2258 4834; x_wconf 76' lang='grc' dir='ltr'>ι</span> <span class='ocrx_word' id='word_1_792' title='bbox 2296 4785 2431 4856; x_wconf 76' lang='grc' dir='ltr'>Περὶ</span> <span class='ocrx_word' id='word_1_793' title='bbox 2472 4785 2581 4838; x_wconf 81' lang='grc' dir='ltr'>τῶν</span> <span class='ocrx_word' id='word_1_794' title='bbox 2625 4785 2683 4836; x_wconf 86' lang='grc' dir='ltr'><strong>ἐν</strong></span> <span class='ocrx_word' id='word_1_795' title='bbox 2711 4783 2788 4855; x_wconf 80' lang='grc' dir='ltr'><strong>τῷ</strong></span> <span class='ocrx_word' id='word_1_796' title='bbox 2834 4784 3059 4855; x_wconf 81' lang='grc' dir='ltr'>πεδίῳῆ</span> <span class='ocrx_word' id='word_1_797' title='bbox 3108 4787 3165 4838; x_wconf 85' lang='grc' dir='ltr'><strong>ἐν</strong></span> <span class='ocrx_word' id='word_1_798' title='bbox 3201 4786 3316 4848; x_wconf 85' lang='grc' dir='ltr'>τοῖς</span> <span class='ocrx_word' id='word_1_799' title='bbox 3369 4783 3511 4843; x_wconf 84' lang='grc' dir='ltr'>ίδίοις</span> <span class='ocrx_word' id='word_1_800' title='bbox 3551 4779 3681 4834; x_wconf 77' lang='grc' dir='ltr'>οἴκοις</span> 
     </span>
    </p>
   </div>
   <div class='ocr_carea' id='block_1_110' title="bbox 2170 4870 3675 4948">
    <p class='ocr_par' dir='ltr' id='par_1_110' title="bbox 2170 4870 3675 4948">
     <span class='ocr_line' id='line_1_110' title="bbox 2170 4870 3675 4948; baseline -0.003 -21"><span class='ocrx_word' id='word_1_801' title='bbox 2170 4894 2188 4926; x_wconf 73' lang='grc' dir='ltr'>ι</span> <span class='ocrx_word' id='word_1_802' title='bbox 2225 4875 2488 4948; x_wconf 84' lang='grc' dir='ltr'>εὑρόντων</span> <span class='ocrx_word' id='word_1_803' title='bbox 2531 4876 2600 4929; x_wconf 84' lang='grc' dir='ltr'><strong>τά</strong></span> <span class='ocrx_word' id='word_1_804' title='bbox 2649 4877 2754 4930; x_wconf 85' lang='grc' dir='ltr'><strong>ὑπὸ</strong></span> <span class='ocrx_word' id='word_1_805' title='bbox 2805 4877 2911 4930; x_wconf 78' lang='grc' dir='ltr'><strong>τῶν</strong></span> <span class='ocrx_word' id='word_1_806' title='bbox 2951 4876 3236 4948; x_wconf 86' lang='grc' dir='ltr'>βαρϐάρων</span> <span class='ocrx_word' id='word_1_807' title='bbox 3284 4870 3675 4939; x_wconf 68' lang='grc' dir='ltr'>καταλειφθέντα.</span> 
     </span>
    </p>
   </div>
   <div class='ocr_carea' id='block_1_111' title="bbox 2171 4958 3678 5042">
    <p class='ocr_par' dir='ltr' id='par_1_111' title="bbox 2171 4958 3678 5042">
     <span class='ocr_line' id='line_1_111' title="bbox 2171 4958 3678 5042; baseline -0.006 -19"><span class='ocrx_word' id='word_1_808' title='bbox 2171 4988 2190 5020; x_wconf 75' lang='grc' dir='ltr'>ι</span> <span class='ocrx_word' id='word_1_809' title='bbox 2225 4971 2362 5032; x_wconf 78' lang='grc' dir='ltr'>Τοὺς</span> <span class='ocrx_word' id='word_1_810' title='bbox 2387 4969 2443 5023; x_wconf 78' lang='grc' dir='ltr'><strong>δὲ</strong></span> <span class='ocrx_word' id='word_1_811' title='bbox 2487 4971 2545 5022; x_wconf 87' lang='grc' dir='ltr'><strong>ἐν</strong></span> <span class='ocrx_word' id='word_1_812' title='bbox 2595 4969 2757 5041; x_wconf 82' lang='grc' dir='ltr'>πεδίῳ</span> <span class='ocrx_word' id='word_1_813' title='bbox 2785 4971 3042 5042; x_wconf 81' lang='grc' dir='ltr'>εὑρόντας</span> <span class='ocrx_word' id='word_1_814' title='bbox 3085 4987 3140 5022; x_wconf 92' lang='grc' dir='ltr'><strong>τι</strong></span> <span class='ocrx_word' id='word_1_815' title='bbox 3182 4969 3215 5040; x_wconf 82' lang='grc' dir='ltr'>ἦ</span> <span class='ocrx_word' id='word_1_816' title='bbox 3256 4970 3315 5020; x_wconf 85' lang='grc' dir='ltr'><strong>ἐν</strong></span> <span class='ocrx_word' id='word_1_817' title='bbox 3357 4971 3472 5029; x_wconf 83' lang='grc' dir='ltr'>ταῖς</span> <span class='ocrx_word' id='word_1_818' title='bbox 3514 4958 3678 5016; x_wconf 79' lang='grc' dir='ltr'>ἑαυτῶν</span> 
     </span>
    </p>
   </div>
   <div class='ocr_carea' id='block_1_112' title="bbox 2172 5049 3676 5130">
    <p class='ocr_par' dir='ltr' id='par_1_112' title="bbox 2172 5049 3676 5130">
     <span class='ocr_line' id='line_1_112' title="bbox 2172 5049 3676 5130; baseline 0.005 -19"><span class='ocrx_word' id='word_1_819' title='bbox 2172 5078 2189 5111; x_wconf 79' lang='grc' dir='ltr'>ι</span> <span class='ocrx_word' id='word_1_820' title='bbox 2225 5059 2425 5123; x_wconf 81' lang='grc' dir='ltr'>οἰκίαις</span> <span class='ocrx_word' id='word_1_821' title='bbox 2451 5060 2804 5128; x_wconf 78' lang='grc' dir='ltr'>καταλειφθὲν</span> <span class='ocrx_word' id='word_1_822' title='bbox 2844 5061 2948 5113; x_wconf 83' lang='grc' dir='ltr'><strong>ὑπὸ</strong></span> <span class='ocrx_word' id='word_1_823' title='bbox 2991 5059 3100 5114; x_wconf 85' lang='grc' dir='ltr'><strong>τῶν</strong></span> <span class='ocrx_word' id='word_1_824' title='bbox 3142 5058 3455 5130; x_wconf 82' lang='grc' dir='ltr'>βαρϐάρων,</span> <span class='ocrx_word' id='word_1_825' title='bbox 3483 5054 3567 5106; x_wconf 75' lang='grc' dir='ltr'><strong>ἐὰν</strong></span> <span class='ocrx_word' id='word_1_826' title='bbox 3605 5049 3676 5119; x_wconf 64' lang='grc' dir='ltr'><strong>μὲν</strong></span> 
     </span>
    </p>
   </div>
   <div class='ocr_carea' id='block_1_113' title="bbox 2173 5142 3677 5222">
    <p class='ocr_par' dir='ltr' id='par_1_113' title="bbox 2173 5142 3677 5222">
     <span class='ocr_line' id='line_1_113' title="bbox 2173 5142 3677 5222; baseline -0.003 -21"><span class='ocrx_word' id='word_1_827' title='bbox 2173 5169 2190 5200; x_wconf 77' lang='grc' dir='ltr'>ι</span> <span class='ocrx_word' id='word_1_828' title='bbox 2228 5151 2694 5222; x_wconf 82' lang='grc' dir='ltr'>κατηγορηθέντες</span> <span class='ocrx_word' id='word_1_829' title='bbox 2738 5150 3062 5221; x_wconf 78' lang='grc' dir='ltr'>ἐλεγχθῶσιν</span> <span class='ocrx_word' id='word_1_830' title='bbox 3084 5190 3098 5213; x_wconf 90' lang='grc'><strong>,</strong></span> <span class='ocrx_word' id='word_1_831' title='bbox 3128 5150 3327 5220; x_wconf 85' lang='grc' dir='ltr'>ὁμοίως</span> <span class='ocrx_word' id='word_1_832' title='bbox 3357 5151 3413 5202; x_wconf 88' lang='grc' dir='ltr'><strong>ἐν</strong></span> <span class='ocrx_word' id='word_1_833' title='bbox 3450 5149 3550 5208; x_wconf 85' lang='grc' dir='ltr'>τοῖς</span> <span class='ocrx_word' id='word_1_834' title='bbox 3577 5142 3677 5193; x_wconf 83' lang='grc' dir='ltr'>ὑπο·</span> 
     </span>
    </p>
   </div>
   <div class='ocr_carea' id='block_1_114' title="bbox 2172 5229 3672 5306">
    <p class='ocr_par' dir='ltr' id='par_1_114' title="bbox 2172 5229 3672 5306">
     <span class='ocr_line' id='line_1_114' title="bbox 2172 5229 3672 5306; baseline -0.003 -15"><span class='ocrx_word' id='word_1_835' title='bbox 2172 5260 2190 5291; x_wconf 79' lang='grc' dir='ltr'>ι</span> <span class='ocrx_word' id='word_1_836' title='bbox 2232 5241 2547 5294; x_wconf 80' lang='grc' dir='ltr'>πίπτουσιν·</span> <span class='ocrx_word' id='word_1_837' title='bbox 2581 5240 2675 5294; x_wconf 85' lang='grc' dir='ltr'>ἐὰν</span> <span class='ocrx_word' id='word_1_838' title='bbox 2715 5240 2771 5294; x_wconf 86' lang='grc' dir='ltr'>δὲ</span> <span class='ocrx_word' id='word_1_839' title='bbox 2802 5241 3027 5302; x_wconf 79' lang='grc' dir='ltr'>ἑαυτοὺς</span> <span class='ocrx_word' id='word_1_840' title='bbox 3051 5239 3308 5306; x_wconf 70' lang='grc' dir='ltr'>ἑξείπωσι</span> <span class='ocrx_word' id='word_1_841' title='bbox 3336 5239 3427 5292; x_wconf 70' lang='grc' dir='ltr'><strong>καὶ</strong></span> <span class='ocrx_word' id='word_1_842' title='bbox 3451 5229 3672 5289; x_wconf 72' lang='grc' dir='ltr'>ἀποδῶσιν</span> 
     </span>
    </p>
   </div>
   <div class='ocr_carea' id='block_1_115' title="bbox 2172 5332 2964 5404">
    <p class='ocr_par' dir='ltr' id='par_1_115' title="bbox 2172 5332 2964 5404">
     <span class='ocr_line' id='line_1_115' title="bbox 2172 5332 2964 5404; baseline 0.001 -20"><span class='ocrx_word' id='word_1_843' title='bbox 2172 5354 2190 5384; x_wconf 77' lang='grc' dir='ltr'>ι</span> <span class='ocrx_word' id='word_1_844' title='bbox 2231 5335 2322 5388; x_wconf 75' lang='grc' dir='ltr'><strong>καὶ</strong></span> <span class='ocrx_word' id='word_1_845' title='bbox 2349 5335 2445 5404; x_wconf 83' lang='grc' dir='ltr'>τῆς</span> <span class='ocrx_word' id='word_1_846' title='bbox 2475 5335 2639 5404; x_wconf 85' lang='grc' dir='ltr'>εύχης</span> <span class='ocrx_word' id='word_1_847' title='bbox 2667 5332 2913 5397; x_wconf 79' lang='grc' dir='ltr'>ἀξιῶσαι.</span> <span class='ocrx_word' id='word_1_848' title='bbox 2946 5352 2964 5384; x_wconf 73' lang='grc' dir='ltr'>ι</span> 
     </span>
    </p>
   </div>
   <div class='ocr_carea' id='block_1_116' title="bbox 2240 5406 3674 5496">
    <p class='ocr_par' dir='ltr' id='par_1_116' title="bbox 2240 5406 3674 5496">
     <span class='ocr_line' id='line_1_116' title="bbox 2240 5406 3674 5496; baseline -0.011 -17"><span class='ocrx_word' id='word_1_849' title='bbox 2240 5426 2428 5480; x_wconf 79' lang='grc' dir='ltr'><strong>ΒΑΛΣ.</strong></span> <span class='ocrx_word' id='word_1_850' title='bbox 2461 5427 2685 5496; x_wconf 75' lang='grc' dir='ltr'>Εἴρηται</span> <span class='ocrx_word' id='word_1_851' title='bbox 2714 5424 2931 5477; x_wconf 78' lang='grc' dir='ltr'>δπισθεν</span> <span class='ocrx_word' id='word_1_852' title='bbox 2959 5425 3087 5496; x_wconf 74' lang='grc' dir='ltr'>περὶ</span> <span class='ocrx_word' id='word_1_853' title='bbox 3117 5422 3224 5477; x_wconf 82' lang='grc' dir='ltr'>τῶν</span> <span class='ocrx_word' id='word_1_854' title='bbox 3264 5422 3512 5492; x_wconf 77' lang='grc' dir='ltr'>λεγόντων</span> <span class='ocrx_word' id='word_1_855' title='bbox 3535 5406 3674 5482; x_wconf 78' lang='grc' dir='ltr'>εὑρεῖν</span> 
     </span>
    </p>
   </div>
   <div class='ocr_carea' id='block_1_117' title="bbox 2163 5510 3673 5589">
    <p class='ocr_par' dir='ltr' id='par_1_117' title="bbox 2163 5510 3673 5589">
     <span class='ocr_line' id='line_1_117' title="bbox 2163 5510 3673 5589; baseline -0.007 -17"><span class='ocrx_word' id='word_1_856' title='bbox 2163 5517 2531 5589; x_wconf 77' lang='grc' dir='ltr'>ἀνεπιμέλητα</span> <span class='ocrx_word' id='word_1_857' title='bbox 2562 5516 2630 5569; x_wconf 87' lang='grc' dir='ltr'><strong>τά</strong></span> <span class='ocrx_word' id='word_1_858' title='bbox 2661 5515 2768 5568; x_wconf 86' lang='grc' dir='ltr'>τῶν</span> <span class='ocrx_word' id='word_1_859' title='bbox 2813 5515 3351 5587; x_wconf 79' lang='grc' dir='ltr'>αἰχμαλωτισθέντων</span> <span class='ocrx_word' id='word_1_860' title='bbox 3404 5510 3673 5584; x_wconf 69' lang='grc' dir='ltr'>πράγματα»</span> 
     </span>
    </p>
   </div>
   <div class='ocr_carea' id='block_1_118' title="bbox 2167 5599 3671 5678">
    <p class='ocr_par' dir='ltr' id='par_1_118' title="bbox 2167 5599 3671 5678">
     <span class='ocr_line' id='line_1_118' title="bbox 2167 5599 3671 5678; baseline -0.007 -14"><span class='ocrx_word' id='word_1_861' title='bbox 2167 5613 2258 5666; x_wconf 76' lang='grc' dir='ltr'>καὶ</span> <span class='ocrx_word' id='word_1_862' title='bbox 2289 5607 2598 5664; x_wconf 80' lang='grc' dir='ltr'>ἰδιώσασθαι</span> <span class='ocrx_word' id='word_1_863' title='bbox 2628 5607 2784 5662; x_wconf 73' lang='grc' dir='ltr'>αὑτά.</span> <span class='ocrx_word' id='word_1_864' title='bbox 2817 5609 2928 5661; x_wconf 71' lang='grc' dir='ltr'>Καὶ</span> <span class='ocrx_word' id='word_1_865' title='bbox 2968 5606 3063 5661; x_wconf 54' lang='lat' dir='ltr'><strong>vi”</strong></span> <span class='ocrx_word' id='word_1_866' title='bbox 3090 5607 3145 5660; x_wconf 85' lang='grc' dir='ltr'><strong>δὲ</strong></span> <span class='ocrx_word' id='word_1_867' title='bbox 3188 5607 3468 5678; x_wconf 82' lang='grc' dir='ltr'>διορίζεται</span> <span class='ocrx_word' id='word_1_868' title='bbox 3505 5599 3671 5663; x_wconf 68' lang='grc' dir='ltr'>ὁᾶγιθς</span> 
     </span>
    </p>
   </div>
   <div class='ocr_carea' id='block_1_119' title="bbox 2167 5689 3670 5771">
    <p class='ocr_par' dir='ltr' id='par_1_119' title="bbox 2167 5689 3670 5771">
     <span class='ocr_line' id='line_1_119' title="bbox 2167 5689 3670 5771; baseline -0.007 -14"><span class='ocrx_word' id='word_1_869' title='bbox 2167 5706 2290 5766; x_wconf 77' lang='grc' dir='ltr'>τοὺς</span> <span class='ocrx_word' id='word_1_870' title='bbox 2323 5706 2377 5756; x_wconf 77' lang='grc' dir='ltr'><strong>ἐν</strong></span> <span class='ocrx_word' id='word_1_871' title='bbox 2407 5704 2522 5763; x_wconf 84' lang='grc' dir='ltr'>ταῖς</span> <span class='ocrx_word' id='word_1_872' title='bbox 2551 5701 2747 5764; x_wconf 79' lang='grc' dir='ltr'>οἰκίαις</span> <span class='ocrx_word' id='word_1_873' title='bbox 2772 5699 2878 5753; x_wconf 83' lang='grc' dir='ltr'>τῶν</span> <span class='ocrx_word' id='word_1_874' title='bbox 2907 5699 3436 5771; x_wconf 82' lang='grc' dir='ltr'>αἰχμαλωτισθέντων</span> <span class='ocrx_word' id='word_1_875' title='bbox 3462 5689 3670 5762; x_wconf 67' lang='grc' dir='ltr'>εὑρόντα(</span> 
     </span>
    </p>
   </div>
  </div>
