3950 6326
219 307 240 364 Ι
251 307 362 367 0ιὸ

1462 307 1796 366 EPISTOLA
1833 310 2198 364 CANONICA.

3309 313 3467 367 lOiG.

212 422 546 494 πράγματα,
567 421 643 486 ὡς
669 421 742 493 μὴ
776 421 926 493 παρὰ
953 421 1059 475 τῶν
1088 421 1374 496 βαρϐάρων
1405 423 1784 498 ἀφαιρεθέντα,

1895 435 2036 490 runt,
2060 433 2242 495 utpote
2268 440 2373 478 non
2413 440 2442 477 a
2483 423 2726 478 barbaris
2753 424 2980 487 ablatas,
3009 424 3089 476 vel
3119 425 3170 477 in
3197 425 3299 478 viis
3349 427 3433 480 ab

212 515 249 586 ἢ
283 515 378 568 καὶ
409 515 551 568 κατὰ
579 513 676 577 τὰς
720 514 870 578 ὁδοὺς
911 515 1152 585 ῥιφέντα,
1188 516 1276 590 διά
1307 519 1367 572 τὸ
1401 519 1563 592 βάρος
1601 520 1781 589 τυχὸν,

213 605 701 669 ἀποκαθιστῶντας
730 607 828 677 μὲν
869 606 1224 679 εὐγνωμόνως
1265 609 1333 664 τά
1372 611 1680 682 εὑρεθέντα,
1705 612 1785 675 είς

213 700 310 753 τὸν
355 699 520 752 τόπον
567 699 816 754 ἵστασθαι
856 699 948 753 τὸν
983 700 1184 755 τέλειον
1217 702 1353 774 μετά
1390 703 1498 757 τῶν
1541 703 1782 757 πιστῶν⁸

213 794 264 845 εἰ
296 791 355 846 δὲ
381 791 838 856 καταδικασθῶσι,
867 792 1154 848 τάττεσθαι
1183 795 1280 848 σὺν
1308 798 1419 860 τοῖς
1453 796 1785 850 ὑποπίπτου-

216 899 328 946 σιν,
353 883 520 953 ἤγουν
545 883 859 954 ἐξὲρχεσθαι
889 885 1025 955 μετά
1053 885 1161 940 τῶν
1191 887 1631 957 κατηχουμένων.
1655 885 1788 940 Τού-

213 992 329 1029 των
355 973 529 1040 οὕτως
570 976 801 1047 ἐχόντων
821 1017 836 1044 ,
866 977 1010 1030 εἴποι
1050 995 1156 1044 τις,
1184 979 1261 1043 ὡς
1290 979 1351 1032 τὺ
1393 977 1536 1033 οὕτω
1568 979 1789 1044 κολάζε-

217 1067 349 1122 σθαι
385 1069 515 1131 τοὺς
549 1068 916 1140 ἀναμένοντας
965 1071 1264 1143 καταδίκην
1304 1072 1462 1144 χάριν
1505 1073 1784 1142 ἀντιστρο-

216 1161 330 1230 φῆς
374 1161 467 1214 τοῦ
493 1160 817 1232 εὐρέματος,
846 1161 1179 1216 δικαιότατόν
1232 1165 1378 1216 ἐστιν
1402 1203 1417 1228 ,
1468 1163 1549 1216 δτι
1597 1163 1687 1216 καὶ
1719 1165 1784 1234 τῇ

217 1252 354 1324 περὶ
393 1251 602 1322 κλοπῆς
631 1253 820 1324 ἀγωγῇ
853 1254 1160 1325 ἐνέχονται,
1192 1253 1334 1308 κατά
1377 1254 1468 1308 τὸν
1508 1254 1670 1325 νόμον
1697 1253 1787 1307 τὸν

217 1343 479 1413 λέγονταο
542 1344 794 1417 κλέπτης
851 1347 997 1399 ἐστὶν
1049 1349 1079 1400 ό
1119 1345 1181 1400 τὸ
1223 1346 1500 1419 ἀλλότριον
1557 1349 1790 1420 πρᾶγμα

215 1435 487 1506 ψηλαφῶν
518 1435 668 1509 παρὰ
697 1434 919 1508 γνώμην
953 1437 1047 1491 τοῦ
1077 1437 1334 1492 δεσπότου
1375 1441 1432 1492 ἐν
1469 1439 1668 1510 είδήσει
1693 1439 1786 1492 τοῦ

215 1528 464 1598 λυπῆσαι
505 1528 686 1582 αὐτόν.
723 1528 796 1581 Τὸ
825 1529 883 1582 δὲ
925 1529 1272 1584 συνίστασθαι
1302 1533 1414 1594 τοῖς
1436 1533 1665 1594 πιστοῖς,
1697 1532 1790 1584 καὶ

218 1621 386 1692 μόνον
424 1621 498 1692 μὴ
542 1621 820 1686 ἀξιοῦσθαι
856 1623 914 1676 δὲ
955 1621 1064 1676 τῶν
1113 1623 1468 1694 ἀγιασμάτων
1502 1623 1592 1677 τὸν
1623 1641 1789 1695 προσ-

217 1713 551 1782 αγγείλαντα
577 1713 767 1766 ἑαυτὸν
786 1715 879 1767 καὶ
905 1714 1258 1785 εὐγνωμόνως
1284 1715 1443 1769 δόντα
1469 1715 1531 1768 τὸ
1560 1715 1786 1786 εὕρεμα,

217 1806 409 1860 καινόν
441 1809 620 1860 ἐστιν’
650 1804 797 1870 ἄξιος
829 1804 938 1877 γὰρ
983 1806 1180 1876 μᾶλλον
1218 1808 1580 1878 Εὐχαριστίας
1619 1807 1784 1874 ἐστὶν,

216 1899 296 1962 ὡς
340 1899 403 1952 τὸ
433 1900 666 1969 πρᾶγμα
717 1897 811 1951 τοῦ
859 1899 1380 1969 αἰχμαλωτισθέντος
1406 1899 1644 1969 φυλάξας
1694 1901 1790 1954 καὶ

217 1990 681 2059 ἀποκαταστήσας
709 1988 861 2043 αὐτό.
896 1989 987 2042 Διὸ
1013 1989 1108 2042 καὶ
1140 1989 1355 2058 λέγουσί
1379 2008 1526 2055 τινες
1561 1990 1786 2044 συνέπε-

220 2081 346 2135 σθαι
381 2083 450 2152 τῇ
487 2081 624 2152 μετὰ
672 2080 780 2134 τῶν
823 2081 1027 2134 πιστῶν
1072 2083 1357 2147 συστάσει,
1403 2083 1499 2137 καὶ
1542 2081 1638 2154 τὴν
1683 2083 1789 2136 τῶν

220 2173 580 2244 άγιασμάτων
615 2173 838 2244 μέθεξιν
859 2173 1170 2246 σιωπηρῶς.

290 2266 537 2320 ΖΩΝΑΡ.
587 2267 650 2318 Οἱ
683 2265 974 2337 βάρϐαροι,
1020 2265 1401 2336 λεηλατοῦντες
1441 2267 1538 2338 τὴν
1584 2267 1789 2340 χώραν,

219 2357 468 2429 ἥρπαζον
524 2359 849 2429 πράγματα·
901 2361 994 2412 καὶ
1049 2359 1081 2430 ἢ
1130 2359 1402 2430 κρείττοσι
1449 2361 1584 2430 μετά
1622 2363 1791 2416 ταῦτα

220 2450 661 2521 ἐντυγχάνοντες,
690 2451 722 2522 ἢ
752 2451 838 2505 διὰ
867 2451 1033 2523 βάρος
1063 2452 1139 2523 μὴ
1165 2453 1446 2523 δυνάμενοι
1477 2455 1664 2526 φέρειν
1691 2455 1789 2509 ὅσα

220 2543 498 2613 ἥρπασαν,
529 2541 602 2596 τὰ
635 2543 728 2613 μὲν
773 2545 832 2596 ἐν
858 2544 935 2615 τῷ
966 2544 1131 2615 πεδίῳ
1175 2543 1461 2616 ἐρῤιπτον,
1498 2547 1567 2600 τὰ
1597 2549 1652 2601 δὲ
1697 2550 1791 2602 καὶ

219 2634 278 2686 ἐν
319 2633 521 2696 οἰκίαις
565 2634 726 2687 τινῶν
749 2675 766 2698 ,
810 2636 868 2688 ἐν
915 2630 1002 2700 αἷς
1054 2635 1182 2701 ἴσως
1226 2637 1478 2694 καλλίονα
1517 2639 1788 2711 εὕρισκον.

223 2726 381 2779 Ὅσοι
428 2725 592 2795 γοῦν,
645 2728 841 2797 φησὶν,
886 2722 1039 2800 εὕρόν
1083 2747 1204 2784 τινα
1248 2734 1305 2785 ὲν
1342 2731 1420 2802 τῷ
1470 2731 1633 2802 πεδίῳ
1667 2732 1700 2802 ἢ
1735 2734 1792 2784 ἐν

221 2821 344 2882 ταῖς
375 2819 586 2872 ἑαυτῶν
638 2819 873 2884 οἰκίαις,
924 2815 1102 2886 οὗτοι,
1131 2825 1178 2875 εί
1235 2825 1331 2894 μὲν
1376 2823 1790 2896 κατηγορηθῶσι

223 2911 318 2963 καὶ
349 2910 668 2980 ἐλεγχθῶσι,
708 2913 1084 2966 ταττέσθωσαν
1126 2916 1182 2968 ἐν
1212 2919 1323 2979 τοῖς
1365 2915 1786 2972 ὑποπίπτουσινο

223 3002 321 3054 ἐὰν
373 3002 433 3056 δὲ
488 3003 714 3066 ἑαυτοὺς
761 3004 1196 3074 προσαγγείλωσι
1217 3045 1232 3070 ,
1288 3007 1381 3060 καὶ
1432 3007 1700 3060 ἀποδῶσιν
1758 3005 1792 3060 a

1881 517 2068 586 jeetas,
2093 517 2319 571 fortasse
2335 526 2548 585 propter
2566 516 2794 585 pondus,
2815 516 3290 586 inventasquidem
3304 518 3442 571 bona

1884 611 1989 664 ﬁde
2014 609 2380 674 restituentes,
2411 607 2462 662 in
2492 607 2728 677 perfecto
2746 607 2911 676 gradu
2934 618 3078 664 stare
3112 609 3308 665 debere
3320 626 3444 666 cum

1885 699 2152 755 ﬁdelibus.
2181 700 2274 753 Sin
2301 709 2480 753 autem
2515 699 2859 752 condemnati
2920 701 3141 765 fuerint,
3191 701 3446 757 collocari

1885 808 2007 848 cum
2040 793 2107 848 iis
2139 793 2232 861 qui
2250 793 2692 859 substernuntur,
2717 793 2920 847 scilicet
2942 794 3122 864 egredi
3146 810 3269 851 cum
3293 805 3444 858 cate-

1886 884 2190 938 cliumenis.
2206 881 2331 938 Haac
2344 898 2467 938 cum
2491 883 2562 938 ita
2585 899 2640 939 se
2665 883 2920 949 habeant,
2941 885 3137 940 dixerit
3153 887 3442 957 quispiam,
3465 931 3467 936 .

1885 995 1979 1034 eos
2013 979 2090 1035 sic
2118 979 2316 1048 puniri,
2345 979 2437 1050 qui
2471 994 2568 1049 pro
2597 995 2655 1032 re
2683 979 2899 1033 inventa
2933 981 3262 1036 restituenda
3303 998 3446 1046 ,eon-

1886 1071 2284 1128 demnationem
2327 1079 2667 1140 exspectant,
2710 1085 2830 1125 esse
2860 1071 3222 1146 justissimuni
3249 1114 3267 1138 ,
3303 1092 3444 1144 quo-

1887 1163 2034 1218 niam
2065 1161 2194 1217 furti
2223 1177 2437 1232 quoque
2469 1161 2682 1216 actione
2711 1172 2996 1228 tenentur,
3027 1164 3326 1220 secundum
3360 1167 3445 1220 le-

1887 1271 2028 1326 gem,
2057 1269 2177 1325 quae
2208 1253 2337 1308 dicit
2361 1271 2374 1308 :
2402 1251 2512 1307 Fur
2535 1254 2731 1321 estqui
2761 1270 2870 1308 rem
2895 1254 3127 1309 alienam
3151 1264 3447 1314 contrectat

1887 1355 2081 1415 praeter
2109 1345 2313 1400 domini
2343 1343 2698 1408 voluntatem,
2742 1347 2920 1400 sciens
2941 1347 2993 1400 id
3030 1347 3108 1401 illi
3157 1347 3445 1416 molestum

1887 1453 2026 1493 esse.
2056 1438 2192 1491 Cum
2220 1437 2467 1491 ﬁdelibus
2489 1447 2666 1490 autem
2693 1438 3014 1500 consistere.
3039 1448 3094 1493 et
3129 1455 3447 1498 sacramen-

1891 1528 1958 1582 tis
2010 1537 2218 1582 tantum
2243 1542 2350 1581 non
2383 1527 2593 1597 dignari
2618 1543 2742 1581 eum
2771 1529 2861 1597 qui
2889 1543 2948 1583 se
2973 1529 3148 1598 ipsum
3173 1531 3445 1594 detulerit,

1888 1629 1938 1674 et
1961 1621 2127 1689 probe
2144 1635 2256 1673 rem
2283 1619 2555 1672 inventam
2580 1619 2804 1685 dederit,
2832 1637 3030 1675 novum
3055 1631 3170 1687 est;
3199 1633 3282 1678 est
3303 1615 3445 1680 enini

1888 1711 2069 1779 potius
2101 1708 2439 1764 Eucliaristia
2464 1709 2679 1780 dignus.
2705 1721 2758 1764 ut
2781 1712 2871 1780 qui
2897 1727 3010 1766 rem
3040 1714 3235 1782 captivi
3265 1731 3448 1782 serva-

1890 1801 2046 1864 verit,
2077 1809 2132 1855 et
2161 1805 2331 1870 ipsam
2354 1802 2672 1856 restituerit.
2715 1800 2781 1855 Et
2823 1803 2942 1857 ideo
2964 1803 3151 1858 dicunt
3177 1807 3446 1872 nonnulli,

1891 1907 2014 1946 cum
2038 1892 2284 1948 ﬁdelibus
2307 1894 2736 1960 consistentiam,
2751 1905 3216 1952 sacramentorum
3234 1915 3449 1969 quoque

1891 1988 2350 2059 participationem
2381 1989 2544 2042 tacite
2579 1991 2857 2060 consequi.

1962 2263 2158 2319 Zoma.
2194 2262 2439 2328 Barbari,
2466 2281 2586 2319 cuin
2643 2265 3096 2334 depopularentur
3142 2267 3449 2336 regionem,

1892 2374 1980 2413 res
2011 2357 2274 2427 quasdam
2331 2369 2664 2427 rapuerunt;
2723 2373 2956 2428 moxque
3008 2359 3092 2413 vel
3116 2359 3258 2413 obvii
3319 2359 3446 2415 facti

1892 2451 2234 2516 melioribus,
2259 2451 2340 2506 vel
2365 2452 2570 2521 gravati
2597 2453 2852 2522 pondere,
2868 2469 2990 2508 cum
3015 2469 3135 2523 qua:
3159 2463 3450 2522 rapuerunt

1892 2542 2036 2598 ferre
2061 2544 2282 2597 minime
2319 2553 2564 2613 possent,
2595 2544 2792 2613 partim
2820 2561 2917 2614 per
2942 2560 3161 2614 campos
3181 2545 3459 2614 abiecere,

1890 2631 2087 2699 partim
2142 2631 2196 2684 in
2229 2631 2535 2702 aliquorum
2593 2633 2820 2697 aadibus,
2874 2635 2925 2687 in
2977 2635 3176 2702 quibus
3220 2635 3449 2696 meliora

1891 2720 2026 2776 forte
2055 2732 2382 2792 repererant,
2411 2723 2729 2792 deposuere.
2785 2724 3105 2794 Quicunque
3139 2726 3322 2796 igitur,
3360 2727 3456 2786 iur

1891 2813 2029 2884 quit,
2057 2825 2150 2869 aut
2179 2815 2232 2868 in
2256 2815 2462 2884 eampis
2493 2825 2587 2870 aut
2631 2817 2683 2870 in
2721 2817 2834 2872 suis
2883 2817 3130 2880 domibus
3150 2819 3332 2886 aliqua
3362 2817 3447 2871 in-

1889 2907 2266 2973 venerunt,illi
2291 2908 2335 2962 si
2370 2909 2588 2978 quidem
2620 2910 2858 2964 accusati
2883 2917 2936 2963 et
2967 2910 3195 2966 convicti
3225 2908 3448 2976 fuerint,

1892 2998 2031 3050 inter
2051 3013 2144 3052 eos
2166 2998 2258 3067 qui
2277 2999 2701 3053 substernuntur
2724 3001 2900 3056 locum
2922 3001 3206 3070 accipiant.
3238 2999 3296 3054 Si
3319 3017 3450 3056 vero

225 3086 423 3165 εὕρον,
472 3097 565 3148 καὶ
597 3095 696 3165 τῆς
743 3097 906 3166 εὐχῆς
953 3097 1354 3164 ἀξιούσθωσαν·
1413 3099 1578 3170 ἤγουν
1630 3100 1789 3170 μέχρι

1895 3103 1950 3142 se
1983 3089 2130 3157 ipsos
2157 3089 2469 3156 detulerint,
2493 3105 2556 3145 ac
2578 3105 2640 3145 ea
2673 3108 2792 3160 quae
2817 3093 3068 3146 invenere
3099 3093 3448 3158 reddiderint,

224 3185 416 3251 τέλους
472 3187 573 3256 τῆς
646 3187 811 3258 εὐχῆς
865 3189 1339 3259 συνεπηκέτωσαν
1387 3193 1498 3254 τοῖς
1544 3193 1750 3254 πιστοῖς
1775 3229 1790 3253 ,

228 3277 400 3348 μόνης
458 3279 559 3348 τῆς
605 3279 768 3346 άγίας
833 3279 1182 3352 μεταλήψεως
1225 3281 1577 3352 κωλυόμενοι·
1626 3282 1792 3352 ἤγουν

228 3370 425 3442 μέχρις
452 3370 518 3425 ἂν
551 3371 835 3442 μετάνοιαν
866 3373 1259 3440 ἐπιδείξωνται,
1282 3375 1377 3428 καὶ
1397 3373 1599 3445 ταύτης
1629 3373 1792 3440 ἀξιω-

227 3462 387 3517 θῶσι.

844 3627 1080 3682 ΚΑΝΩΝ
1119 3630 1176 3682 l'.

303 3734 322 3766 ι
365 3715 506 3778 Τοὺς
535 3715 591 3768 δὲ
639 3716 738 3788 τὴν
777 3718 993 3789 ἐντολὴν
1032 3717 1370 3790 πληροῦντας
1411 3720 1564 3783 ἐκτὸς
1611 3718 1792 3791 πάσης

231 3826 252 3859 ¢
290 3808 734 3879 αἰσχροκερδείας
765 3809 1001 3881 πληροῦν
1027 3811 1128 3874 δεῖ,
1161 3813 1296 3884 μήτε
1345 3814 1584 3885 μήνυτρα
1614 3813 1646 3885 ἢ
1680 3813 1790 3867 σῶ-

230 3919 251 3951 ‹
292 3917 463 3971 στρα,
492 3899 524 3971 ἦ
554 3899 820 3972 εὕρετρα,
853 3903 886 3973 ἢ
931 3896 980 3971 ᾧ
1019 3903 1241 3975 ὀνόματι
1287 3904 1458 3957 ταῦτα
1505 3903 1790 3973 καλοῦσιν,

233 4010 252 4042 ο
293 3991 677 4056 ἀπαιτοῦντας.
708 4013 726 4044 ι

296 4083 495 4137 ΒΑΛΣ.
529 4083 945 4155 Ἀποδεξάμενος
967 4084 1063 4156 τὴν
1090 4083 1472 4154 ἀγαθοθέλειαν
1492 4084 1599 4137 τῶν
1630 4101 1794 4156 προσ-

224 4174 597 4244 αγγειλάντων
652 4178 876 4240 ἑαυτοὺς
931 4177 1026 4230 καὶ
1082 4176 1384 4230 ἀποδόντων
1441 4177 1794 4246 εὐγνωμόνως

222 4268 286 4321 τὸ
319 4267 566 4338 εὕρεμα,
598 4268 949 4340 προστίθησιν
993 4269 1022 4321 ὁ
1067 4268 1258 4336 ἆγιος,
1302 4267 1408 4332 ὡς,
1456 4270 1503 4320 εί
1552 4267 1792 4321 θέλουσιν

221 4357 375 4415 οὗτοι
421 4361 729 4433 λογισθῆναι
776 4362 1055 4434 πληρωταὶ
1091 4361 1189 4432 τῆς
1233 4361 1452 4431 ἐντολῆς
1502 4361 1594 4414 τοῦ
1635 4363 1790 4428 Θεου,

1894 3180 2207 3249 precatione
2236 3197 2453 3251 quoque
2474 3181 2621 3253 digni
2655 3183 2956 3238 habeantur
2984 3204 2996 3237 :
3033 3185 3133 3238 hoc
3159 3192 3260 3246 est,
3289 3184 3354 3238 ad
3382 3184 3448 3236 ii-

1893 3285 2017 3324 nem
2041 3285 2213 3340 usque
2239 3273 2570 3341 precationis
2601 3290 2722 3329 cum
2755 3274 3001 3330 ﬁdelibus
3027 3276 3352 3341 consistant,
3386 3290 3448 3329 ac

1893 3375 1924 3412 a
1959 3370 2144 3414 sancta
2179 3361 2562 3416 communione
2611 3363 2986 3416 tantummodo
3013 3371 3335 3427 arceantur;
3363 3361 3446 3413 vi-

1892 3449 2081 3504 delicet
2125 3451 2424 3518 usquedum
2461 3451 2832 3520 paenitentiam
2878 3454 3315 3522 ostenderint,ct
3346 3452 3448 3507 bac

1894 3556 2110 3611 quoque
2132 3541 2281 3612 digni
2312 3542 2710 3597 existimentur.

2503 3632 2729 3688 CANON
2763 3634 2830 3688 Χ.

1968 3743 1988 3776 ι
2031 3724 2140 3780 Εοε
2167 3733 2349 3780 autem
2380 3724 2472 3793 qui
2502 3734 2722 3779 servant
2747 3725 3018 3792 mandata,
3065 3726 3269 3796 absque
3300 3727 3448 3780 omni

1897 3834 1916 3868 ι
1957 3817 2102 3886 turpi
2151 3816 2307 3871 lucro
2335 3829 2552 3870 servare
2579 3825 2823 3885 oportet;
2878 3832 2977 3872 nec
3008 3817 3190 3871 indicii
3221 3817 3306 3870 vel
3349 3833 3449 3872 cu-

1897 3926 1916 3960 c
1955 3907 2166 3974 stodiaz,
2204 3906 2289 3961 vel
2329 3905 2658 3960 inventionis
2686 3906 2942 3976 pretium,
2988 3908 3070 3961 vel
3126 3922 3452 3978 quocunque

1897 4017 1919 4053 ο
1963 3999 2183 4054 nomine
2211 3998 2316 4053 boc
2352 3997 2641 4068 appellant,
2672 3997 2966 4068 exigentes.
3010 4017 3029 4049 ι

1961 4089 2124 4146 Bas.
2149 4090 2284 4144 Cum
2325 4087 2636 4143 admisisset
2667 4097 2889 4143 sanctus
2912 4089 3108 4143 bonam
3140 4103 3329 4144 eorum
3355 4103 3453 4143 vo-

1891 4179 2177 4246 luntatem,
2198 4179 2290 4249 qui
2323 4194 2382 4233 se
2411 4177 2561 4247 ipsos
2584 4178 2896 4233 detulerunt
2939 4187 2992 4232 et
3047 4179 3324 4234 inventum
3353 4179 3450 4235 be-

1893 4271 2084 4327 nevole
2103 4271 2478 4330 reddiderunt,
2499 4269 2704 4338 adjicit,
2723 4272 2866 4340 quod
2892 4271 2935 4326 si
2964 4271 3001 4324 ii
3025 4270 3187 4325 velint
3215 4269 3450 4323 mandati

1896 4363 1987 4418 Dei
2012 4365 2390 4419 observatores
2412 4361 2607 4428 videri,
2638 4364 2836 4418 debent
2859 4365 3062 4432 absque
3093 4363 3296 4432 quovis'
3310 4360 3454 4430 turpi

221 4453 503 4521 ὀφείλουσι
562 4453 729 4526 χωρὶς
775 4453 998 4524 αἰσχροῦ
1046 4452 1269 4524 κέρδους
1303 4453 1414 4505 οἴου
1437 4452 1498 4524 δή
1523 4469 1662 4516 τινος
1693 4453 1789 4524 τὴν

1895 4455 2048 4512 lucro
2075 4472 2189 4511 rem
2227 4457 2500 4511 inventam
2532 4456 2774 4512 reddere.
2816 4455 3103 4510 Deﬁnitum
3139 4463 3316 4508 autem
3347 4462 3450 4517 est,

223 4544 482 4598 ἀπόδοσιν
513 4543 606 4596 τοῦ
641 4543 937 4615 εὐρέματος
967 4546 1158 4596 ποιεῖν.
1196 4542 1410 4614 Ὠρίσθη
1441 4543 1497 4597 δὲ
1521 4542 1596 4614 μὴ
1629 4545 1794 4597 ἀπαι-

219 4636 439 4691 τεῖσθαι
489 4635 638 4706 παρὰ
691 4634 784 4688 τοῦ
841 4636 1130 4706 εὐρηκότος
1179 4636 1244 4687 ὲκ
1304 4634 1397 4687 τοῦ
1459 4634 1654 4708 μέρους
1698 4636 1793 4690 τοῦ

223 4724 579 4797 αἰχμαλώτου
615 4727 860 4798 μήνυτρα
903 4726 936 4795 ἦ
969 4727 1185 4798 σῶστρα
1213 4728 1244 4798 ἢ
1276 4725 1506 4798 εὕρετρα
1529 4767 1544 4791 ,
1590 4729 1623 4799 ἢ
1667 4729 1794 4784 ἄλλο

219 4837 300 4879 τι,
329 4817 418 4871 διὰ
444 4817 506 4870 τὸ
541 4817 615 4889 μὴ
646 4817 704 4884 ἐξ
737 4817 995 4888 ἀμελείας
1033 4819 1141 4871 τῶν
1181 4817 1453 4870 δεσποτῶν
1499 4820 1532 4890 ἢ
1576 4821 1670 4876 καὶ
1696 4839 1791 4874 τυ-

221 4912 398 4982 χαίως
425 4909 673 4978 γενέσθαι
699 4909 795 4980 τὴν
817 4909 1109 4974 ἀπώλειαν,
1132 4909 1267 4964 ἀλλά
1294 4911 1402 4964 ἀπὸ
1424 4914 1792 4984 περιστάσεως

223 5002 475 5074 μεγάλης
513 5003 608 5056 καὶ
651 5003 949 5074 ἐπιδρομῆς
991 5003 1344 5077 βαρϐαρικῆς.
1377 5007 1440 5059 Ol.
1481 5007 1589 5078 γὰρ
1631 5007 1794 5079 εὕρη-

219 5097 387 5159 κότες
419 5096 715 5166 πράγματα
745 5095 805 5160 ἐξ
833 5096 1087 5166 ἀμελείας
1119 5097 1226 5150 τῶν
1261 5098 1528 5152 δεσποτῶν
1561 5098 1592 5170 ἢ
1626 5099 1792 5171 τύχης

220 5189 616 5250 ἁπολεσθέντα,
647 5190 739 5244 καὶ
761 5189 1230 5256 ἀποκαθιστῶντες
1259 5191 1451 5256 ταῦτα,
1475 5193 1792 5247 ἀπαιτοῦσιν

221 5281 482 5354 εὕρετρα,
516 5279 696 5346 καθὼς
727 5280 883 5334 τοῦτο
909 5282 1254 5351 ἀναφαίνεται
1296 5285 1402 5338 ἀπὸ
1428 5283 1538 5337 τῶν
1573 5284 1792 5338 δπισθεν

221 5373 722 5444 καταπρωθέντων
753 5372 953 5442 νόμων.

297 5466 542 5518 ΖΩΝΑΡ.
611 5465 733 5529 Τοῖς
789 5465 1105 5535 ὁμολογοῦσι
1155 5466 1216 5519 τὸ
1266 5467 1474 5538 εὕρεμα
1522 5470 1582 5522 τὸ
1639 5468 1790 5522 ἀλλό-

218 5575 376 5628 τριον
430 5555 541 5626 (54)
591 5557 1126 5628 συγγνωμονέστερον
1179 5557 1508 5612 διατίθεσθαι
1557 5560 1588 5612 ό
1639 5559 1793 5629 ἅγιος

295 5718 411 5790 (54)
456 5718 525 5773 Τὸ
560 5718 898 5785 ἀλλότριον.
930 5716 1117 5773 Scribe
1148 5717 1255 5772 τῶν
1284 5717 1592 5789 ἀλλοτρίων.

1892 4563 2000 4602 non
2035 4549 2247 4620 exigere
2272 4561 2521 4620 oportere
2550 4565 2672 4602 eum
2704 4549 2797 4617 qui
2841 4547 3067 4611 invenit,
3117 4547 3184 4600 ab
3240 4559 3306 4600 eo
3358 4546 3450 4614 qui

1894 4639 2138 4708 captivus
2176 4639 2299 4705 fuit,
2323 4641 2404 4694 vel
2431 4640 2636 4705 indicii,
2666 4639 2743 4692 vel
2771 4637 3050 4704 custodiae,
3079 4639 3159 4691 vel
3187 4637 3454 4692 inventio-

1895 4734 1978 4785 nis
2001 4731 2254 4800 pretium,
2286 4733 2367 4784 vel
2399 4731 2601 4800 aliquid
2625 4731 2801 4792 aliud;
2842 4746 2906 4783 eo
2941 4731 3084 4798 quod
3113 4746 3216 4783 non
3255 4747 3320 4784 ex
3356 4746 3450 4784 ne-

1893 4824 2152 4893 gligentia
2181 4823 2550 4886 dominorum,
2578 4823 2660 4876 vel
2680 4822 2842 4876 etiam
2880 4821 3102 4874 fortuito
3138 4839 3224 4876 res
3251 4824 3448 4876 amissa

1893 4915 1986 4980 sit,
2018 4915 2111 4969 sed
2157 4929 2350 4983 magna
2381 4914 2688 4967 calamitate
2717 4920 2770 4966 et
2799 4911 3083 4966 barbarica
3117 4913 3448 4966 incursione.

1893 5006 1996 5073 Qui
2039 5007 2183 5061 enim
2220 5023 2306 5063 res
2337 5006 2680 5062 dominorum
2725 5005 3046 5074 negligentia
3096 5005 3177 5058 vel
3230 5004 3452 5058 fortuito

1894 5101 2130 5170 perditas
2159 5100 2480 5154 invenerunt
2520 5108 2574 5154 et
2616 5098 3075 5163 easrestituunt,
3126 5095 3453 5151 inventionis

1893 5192 2125 5262 pretium
2150 5199 2298 5246 recte
2325 5192 2568 5260 exigunt,
2598 5191 3049 5260 quemadmodum
3078 5190 3180 5242 lioe
3211 5204 3276 5240 ex
3323 5186 3452 5252 legi-

1892 5284 1995 5339 bus
2027 5284 2277 5354 superius
2307 5284 2498 5354 positis
2530 5291 2769 5353 apparet.

1969 5466 2170 5524 Zonan.
2199 5467 2334 5522 Cum
2365 5465 2432 5522 iis
2459 5465 2551 5535 qui
2593 5480 2704 5519 rem
2733 5464 2960 5525 alienam
3003 5479 3032 5517 a
3075 5478 3133 5517 se
3178 5461 3450 5514 inventam

1893 5561 2245 5629 denuntiant,
2291 5559 2577 5632 benignius
2622 5559 2883 5630 agendum
2936 5572 3054 5614 esse
3106 5556 3188 5611 vir
3231 5563 3452 5611 sanctus
