3950 6326
517 334 656 389 1M7

1631 327 2052 388 S.GREGORH
2094 297 2594 388 THAUMATURGI

3595 328 3723 385 £038

513 451 815 508 constituit.
867 449 1066 503 Verum
1112 462 1179 502 ne
1226 446 1605 503 denuntiantes
1648 449 1816 519 pretia
1861 449 1931 503 ob
1965 464 2076 502 rem

2187 445 2470 512 διετάξατο.
2514 449 2628 501 Ἵνα
2682 446 2738 500 δὲ
2792 446 2864 518 μὴ
2902 447 2951 500 οἱ
3004 443 3385 517 ὁμολογοῦντες
3432 445 3728 498 ἀπαιτῶσιν

515 543 813 607 inventam,
849 540 930 594 vel
959 539 1106 594 aliud
1150 554 1474 610 quocunque
1503 539 1633 595 illud
1677 541 1894 596 nomine
1932 541 2079 595 voci-

514 641 680 695 tetur,
712 636 948 701 exigant,
985 629 1236 700 subjecit,
1268 644 1375 684 non
1403 645 1525 684 esse
1547 629 1841 699 quidquam
1863 629 2081 699 exigen-

517 725 646 777 dum
682 721 749 776 ab
785 736 852 774 eo
885 720 976 790 qui
1014 721 1188 775 aliena
1220 720 1450 790 benigne
1489 720 1683 784 reddit,
1720 720 1814 774 sed
1857 721 2082 773 manda-

518 821 634 866 tum
662 814 868 881 absque
897 813 1037 880 turpi
1073 811 1226 866 lucro
1251 810 1604 880 implendum.
1629 808 1808 878 Turpe
1848 823 2082 879 namque

517 904 730 958 lucrum
767 913 852 957 est
894 917 1081 957 revera
1127 902 1403 984 qpidpiam
1434 902 1503 958 ab
1545 918 1611 957 eo
1642 903 1853 972 exigere
1875 903 1967 972 qui
1997 917 2082 957 res

516 1010 647 1050 suas
676 994 1006 1050 turbulentis
1041 993 1379 1063 temporibus
1405 993 1662 1063 perdidit,
1687 1007 1787 1048 nec
1811 993 1929 1047 illas
1956 1007 2081 1062 gra-

517 1086 657 1140 tuito
688 1085 934 1140 reddere.

1124 1171 1350 1228 CANON
1388 1172 1480 1227 Xl.

593 1281 613 1314 ι
645 1262 830 1319 Fletus
873 1279 969 1320 seu
1014 1265 1215 1331 luctus,
1259 1273 1341 1320 est
1383 1271 1539 1319 extra
1580 1271 1789 1334 portam
1825 1263 2082 1331 oratorii,

523 1371 544 1406 ι
575 1355 664 1408 ubi
699 1366 1038 1424 peecatorem
1069 1365 1298 1412 stantem
1327 1365 1537 1424 oportet
1570 1355 1754 1414 ﬁdeles
1779 1356 2086 1427 ingredien-

525 1465 543 1496 ι
578 1455 657 1502 tes
686 1462 864 1513 orare,
904 1456 966 1502 ut
1006 1464 1106 1518 pro
1143 1463 1200 1503 se
1227 1455 1535 1519 precentur.
1577 1449 1799 1504 Auditio
1828 1431 1912 1503 est
1945 1448 2084 1501 intra

526 1557 543 1588 ‹
577 1547 786 1608 portam
816 1540 870 1592 in
897 1541 1129 1608 porticu,
1154 1540 1248 1594 u‘bi
1283 1547 1498 1609 oportet
1525 1555 1647 1595 eum
1687 1541 1781 1610 qui
1821 1545 2083 1612 peccavit,

523 1643 548 1682 ι
577 1638 742 1694 stare,
788 1645 961 1701 usque
996 1631 1062 1684 ad
1109 1631 1553 1698 catechumenos,
1594 1641 1647 1686 et
1695 1633 1844 1688 illinc
1881 1637 2081 1704 egredi.

431 1735 448 1744 ε
527 1737 547 1771 ι
580 1719 820 1778 Audiens
853 1722 1030 1788 enim,
1079 1722 1286 1792 inquit,
1323 1722 1636 1792 Scripturas
1675 1733 1728 1778 et
1760 1725 2084 1794 doctrinam,

2177 535 2427 608 εὖρετρα,
2461 537 2494 607 ἦ
2521 553 2574 589 τι
2605 535 2841 590 τοιοῦτον
2863 535 2938 600 ὡς
2965 536 3031 590 ἀν
3050 530 3295 601 καλοῖτο,
3336 535 3617 605 ἐπήγαγεν
3647 537 3731 589 δτι

2176 630 2235 682 οὑ
2267 629 2346 682 δεῖ
2385 645 2438 681 τι
2483 629 2742 693 ἀπαιτεῖνΔ
2771 626 2862 681 τὸν
2905 627 3220 680 ἀποδιδόντα
3265 625 3622 696 εὐγνωμόνως
3668 627 3732 682 τὰ

2178 720 2458 790 ἀλλότρια,
2486 720 2620 774 ἀλλὰ
2660 721 2825 792 χωρὶς
2857 719 3082 791 αἶσχροῦ
3114 719 3341 790 κέρδους
3375 719 3480 790 τὴν
3522 719 3733 790 ἐντολὴν

2178 811 2502 883 ἐκπληροῦν.
2540 812 2770 882 Alexpr
2797 811 2904 881 γὰρ
2923 811 3090 875 ὅντως
3113 811 3306 883 κέρδος
3331 810 3450 863 ἐστὶ
3479 809 3544 863 τδ
3575 811 3732 863 ἀπαι-

2179 905 2289 955 τεῖν
2335 919 2385 956 τι
2435 903 2540 956 ἀπὸ
2592 903 2684 955 τοῦ
2738 903 3099 968 ἀπολέσαντος
3139 902 3208 956 τὰ
3250 903 3425 956 οἰκεῖα
3473 902 3532 955 ἐν
3565 900 3736 972 καιρῷ

2182 994 2576 1063 περιστάσεως,
2602 995 2696 1047 καὶ
2730 993 2803 1066 μὴ
2833 995 3138 1049 ἀποδιδόναι
3165 994 3306 1048 αὐτά
3337 995 3551 1066 ἀμισθί.

2768 1177 3161 1230 ΚΑΝοΝιΑκ.
3408 1243 3445 1250 _

2259 1287 2278 1319 ι
2326 1267 2389 1322 Ἦ
2431 1267 2790 1339 πρόσκλαυσις
2830 1268 2933 1334 ἔξω
2974 1269 3074 1340 τῆς
3111 1269 3284 1340 πύλης
3321 1269 3414 1324 τοῦ
3452 1270 3738 1343 εὑκτηρίοιι

2189 1375 2210 1410 ι
2247 1360 2424 1413 ἐστιν⁸
2477 1360 2602 1414 ἔνθα
2650 1360 2857 1414 ἑστῶτα
2907 1360 2997 1414 τὸν
3057 1361 3436 1432 ἁμαρτάνοντα
3485 1363 3592 1435 χρὴ
3633 1363 3739 1417 τῶν

2190 1471 2210 1504 ‹
2245 1454 2517 1508 εἰσιόντων
2559 1453 2760 1508 δεῖσθαι
2807 1453 3045 1519 πιστῶν,
3091 1455 3233 1525 ὑπὲρ
3261 1454 3422 1509 αὐτοῦ
3468 1454 3737 1526 εὖχεσθαι.

2189 1563 2208 1595 ι
2260 1545 2322 1597 Ἡ
2373 1545 2632 1617 ἀκρόασις
2675 1545 2844 1599 ἐνδοοι
2886 1545 2986 1615 τῆς
3033 1543 3208 1618 πύλης
3253 1547 3312 1599 ἑν
3355 1545 3433 1618 τῷ
3477 1545 3737 1618 νάρθηκι,

2192 1657 2208 1689 ι
2247 1636 2374 1692 ἔνθα
2399 1639 2614 1693 ἑστάναι
2643 1639 2746 1710 χρὴ
2789 1639 2878 1693 τὸν
2903 1638 3259 1712 ἡμαρτηκότα
3294 1639 3398 1702 ἕως
3429 1639 3542 1693 τῶν
3581 1655 3740 1709 κατη-

2193 1747 2210 1780 ι
2248 1729 2543 1812 χονμένων,
2577 1731 2669 1784 καὶ
2695 1730 2940 1784 ἐντεῦθεν
2969 1729 3302 1802 ὲξὲρχεσθαι.
3339 1729 3578 1784 Ἀκούων
3616 1729 3736 1800 γὰρ,

527 1830 548 1866 ι
577 1813 847 1883 ejiciatur,
881 1822 935 1869 et
961 1815 1272 1884 precatione
1310 1814 1565 1886 indignus
1594 1826 1901 1873 censeatur.
1947 1819 2082 1873 Sub-

2198 1840 2215 1873 ι
2249 1786 2404 1891 ἷρήᾶι,
2433 1786 2542 1876 τῶν
2571 1822 2802 1894 Γραφῶν
2826 1823 2918 1878 καὶ
2956 1786 3456 1894 τηςιδιδασκαλίας,
3494 1786 3740 1876 ὲκὸαῖλλξί

525 1921 547 1956 ι
572 1906 736 1974 jectio
775 1914 959 1960 autem
999 1921 1093 1962 seu
1133 1906 1430 1962 substratio
1472 1918 1587 1973 est,
1613 1917 1672 1962 ut
1713 1909 1854 1964 intra
1899 1912 2082 1981 templi

528 2015 548 2048 ι
582 2006 791 2066 portam
818 2005 989 2065 stans,
1011 2013 1135 2053 cum
1165 1997 1566 2054 ca’techumenis
1594 2000 1916 2071 egrediatur.
1943 2001 2088 2058 Con-

529 2109 547 2140 ‹
580 2091 819 2160 gregatio
843 2105 941 2146 seu
966 2090 1317 2146 consistentia
1339 2098 1444 2158 est,
1466 2100 1525 2144 ut
1547 2106 1668 2146 cum
1692 2092 1937 2150 ﬁdelibus
1959 2109 2084 2150 con-

526 2197 548 2232 ι
579 2181 763 2246 sistat,
798 2189 852 2236 et
879 2195 1005 2236 cum
1030 2181 1436 2238 catechumenis
1467 2197 1573 2238 non
1607 2182 1945 2252 egrediatur;
1985 2199 2082 2255 po-

528 2289 549 2323 ‹
579 2281 782 2328 stremo
806 2281 889 2327 est
920 2271 1262 2343 participatio
1285 2283 1766 2329 sacramentorum.
1795 2293 1815 2326 ›

591 2451 752 2508 ΒΑιε.
791 2451 1039 2510 Praesens
1075 2455 1292 2526 quidem
1333 2465 1574 2524 sanctus,
1604 2457 1889 2516 declaratis
1923 2460 2082 2529 quin-

521 2560 630 2614 que
657 2545 791 2601 locis
814 2559 1001 2601 eorum
1025 2547 1117 2618 qui
1149 2554 1318 2618 agunt
1340 2549 1731 2618 paenitentiam,
1769 2566 1870 2608 nec
1889 2566 2077 2607 eorum

523 2636 770 2690 exercitii
818 2645 1060 2708 tempora
1104 2638 1416 2707 declaravit,
1452 2655 1553 2696 nec
1598 2650 1821 2710 peccata
1865 2650 2084 2714 propter

523 2744 647 2799 qua:
679 2731 1000 2800 pmnitentia
1029 2731 1248 2788 deﬁnita
1283 2741 1387 2789 est.
1445 2733 1670 2805 Magnus
1709 2743 1890 2792 autem
1933 2735 2084 2792 Basi-

525 2819 654 2886 lius,
687 2821 742 2876 in
780 2822 897 2878 suis
927 2825 1209 2880 canonicis
1237 2825 1502 2894 epistolis,
1533 2827 1647 2882 haec
1668 2828 1851 2883 omnia
1894 2839 2084 2886 exacte

524 2911 765 2968 tradidit.
815 2912 1015 2970 Verum
1079 2914 1168 2971 hic
1216 2931 1432 2988 quoque
1482 2932 1766 2989 pmnarum
1818 2921 2082 2978 medelam

522 3003 819 3077 episcopali
853 3006 1076 3063 arbitrio
1115 3006 1350 3078 reliquit.

2197 1930 2215 1964 ι
2257 1911 2386 1974 σθω,
2427 1912 2520 1966 καὶ
2557 1911 2630 1982 μὴ
2653 1911 2914 1977 άξιούσθω
2938 1913 3261 1984 προσευχῆς.
3296 1911 3360 1966 Ἦ
3398 1912 3460 1966 δὲ
3496 1911 3739 1966 ὑπόπτω-

2194 2021 2213 2055 ι
2252 2019 2354 2066 σις,
2397 2002 2517 2068 ἵνα,
2562 2001 2760 2055 ἔσωθεν
2790 2001 2890 2071 τῆς
2936 1999 3106 2072 πύλης
3135 1999 3229 2054 τοῦ
3259 1999 3390 2056 ναοῦ
3438 1999 3738 2070 ἱστάμενος,

2194 2113 2212 2147 ι
2253 2093 2390 2166 μετὰ
2428 2093 2535 2148 τῶν
2565 2095 2982 2166 κατηχουμὲνων
3025 2093 3330 2166 ἐξέρχηται.
3369 2093 3436 2146 Ἠ
3466 2091 3737 2155 σύστασις,

2191 2205 2211 2238 ι
2251 2187 2338 2242 ἵνα
2389 2188 2700 2242 συνιστᾶται
2745 2189 2856 2250 τοῖς
2902 2187 3112 2251 πιστοῖς
3137 2225 3152 2251 ,
3187 2184 3280 2238 καὶ
3329 2184 3405 2256 μὴ
3459 2184 3737 2256 ἐξέρχηται

2192 2301 2212 2334 ι
2253 2283 2390 2353 μετά
2436 2281 2543 2336 τῶν
2594 2280 3038 2351 κατηχουμένων·
3085 2280 3389 2332 τελευταῖον
3439 2279 3476 2349 ἡ
3537 2274 3737 2349 μέθεξις

2191 2389 2210 2423 ι
2247 2372 2354 2424 τῶν
2382 2370 2757 2442 ἀγιασμάτων.
2790 2387 2810 2422 ι

2255 2463 2449 2518 ΒΑΛΣ.
2499 2463 2557 2518 '0
2594 2463 2690 2534 μὲν
2725 2459 2910 2534 παρὼν
2943 2460 3124 2529 ἅγιος,
3157 2457 3318 2512 πέντε
3352 2457 3555 2520 τόπους
3586 2472 3735 2526 μετα-

2188 2553 2446 2608 νοούντων
2477 2550 2850 2617 ὑποτυπώσας,
2893 2549 2955 2604 οὐ
2992 2548 3342 2621 παρεδήλωσε
3365 2547 3494 2611 τοὺς
3526 2546 3734 2617 καιροὺς

2189 2643 2285 2713 τῆς
2311 2642 2568 2713 ἐργασίας
2596 2639 2794 2706 αὐτῶν,
2827 2638 2949 2694 οὔτε
2978 2638 3082 2711 μὴν
3108 2638 3176 2692 τὰ
3208 2638 3586 2709 ἁμαρτήματα
3619 2634 3731 2688 διά

2190 2735 2224 2806 ή
2257 2735 2509 2804 μετάνοια
2545 2731 2775 2804 ὡρίσθη.
2817 2731 2875 2785 ’0
2909 2731 2964 2785 δὲ
3006 2729 3177 2802 μέγας
3212 2726 3491 2790 Βασίλειος
3527 2727 3586 2779 ὲν
3623 2726 3728 2787 ταῖς

2189 2825 2496 2889 κανονικαῖς
2535 2823 2840 2887 ἐπιστολαῖς
2859 2821 3046 2898 ,αὑτοῦ
3081 2820 3253 2875 ταῦτα
3286 2816 3426 2890 μετὰ
3461 2815 3728 2888 ἀκριϐείας

2189 2917 2492 2990 παρέδωκε.
2515 2915 2658 2988 Πλὴν
2693 2916 2787 2970 καὶ
2827 2907 2978 2978 οὗτος
3003 2914 3084 2977 εἰς
3117 2911 3214 2984 τὴν
3240 2909 3602 2981 ὲπισκοπικὴν
3630 2908 3727 2961 διὰ·

2189 3026 2368 3082 κρισιν
2411 3009 2509 3082 τὴν
2538 3009 2627 3062 διὰ
2657 3008 2764 3063 τῶν
2795 3007 3083 3079 ἐπιτιμίων
3105 3004 3396 3077 Θεραπειαν
3418 3005 3723 3076 ἀνήρτησεν.
