  <div class='ocr_page' id='page_1' title='image "/cluster/home/n/w/nwhite01/storage/ocr_20150623/10/hvd.32044073501348/541.png"; bbox 0 0 3950 6326; ppageno 0'>
   <div class='ocr_carea' id='block_1_1' title="bbox 553 325 698 384">
    <p class='ocr_par' dir='ltr' id='par_1_1' title="bbox 553 325 698 384">
     <span class='ocr_line' id='line_1_1' title="bbox 553 325 698 384; baseline 0.014 -2"><span class='ocrx_word' id='word_1_1' title='bbox 553 325 698 384; x_wconf 71' lang='grc'><strong>1055</strong></span> 
     </span>
    </p>
   </div>
   <div class='ocr_carea' id='block_1_2' title="bbox 1613 326 2658 392">
    <p class='ocr_par' dir='ltr' id='par_1_2' title="bbox 1613 326 2658 392">
     <span class='ocr_line' id='line_1_2' title="bbox 1613 326 2658 392; baseline 0.007 -9"><span class='ocrx_word' id='word_1_2' title='bbox 1613 351 1615 354; x_wconf 92' lang='grc'>·</span> <span class='ocrx_word' id='word_1_3' title='bbox 1689 326 1746 386; x_wconf 88' lang='lat' dir='ltr'><strong>S.</strong></span> <span class='ocrx_word' id='word_1_4' title='bbox 1788 327 2114 387; x_wconf 76' lang='lat' dir='ltr'><strong>GREGORII</strong></span> <span class='ocrx_word' id='word_1_5' title='bbox 2153 328 2658 392; x_wconf 79' lang='lat' dir='ltr'><strong>THAUMATL‘RGI</strong></span> 
     </span>
    </p>
   </div>
   <div class='ocr_carea' id='block_1_3' title="bbox 3606 357 3712 417">
    <p class='ocr_par' dir='ltr' id='par_1_3' title="bbox 3606 357 3712 417">
     <span class='ocr_line' id='line_1_3' title="bbox 3606 357 3712 417; baseline 0.085 -8"><span class='ocrx_word' id='word_1_6' title='bbox 3606 357 3712 417; x_wconf 70' lang='lat'><strong>1036</strong></span> 
     </span>
    </p>
   </div>
   <div class='ocr_carea' id='block_1_4' title="bbox 552 439 2101 541">
    <p class='ocr_par' dir='ltr' id='par_1_4' title="bbox 552 439 2094 518">
     <span class='ocr_line' id='line_1_4' title="bbox 552 439 2094 518; baseline 0.005 -22"><span class='ocrx_word' id='word_1_7' title='bbox 552 441 689 498; x_wconf 90' lang='lat' dir='ltr'><strong>tium</strong></span> <span class='ocrx_word' id='word_1_8' title='bbox 718 439 810 497; x_wconf 85' lang='lat' dir='ltr'><strong>sed</strong></span> <span class='ocrx_word' id='word_1_9' title='bbox 842 439 1275 514; x_wconf 78' lang='lat' dir='ltr'><strong>corruptibilium</strong></span> <span class='ocrx_word' id='word_1_10' title='bbox 1305 441 1580 514; x_wconf 88' lang='lat' dir='ltr'><strong>variisque</strong></span> <span class='ocrx_word' id='word_1_11' title='bbox 1602 446 1780 501; x_wconf 90' lang='lat' dir='ltr'><strong>modis</strong></span> <span class='ocrx_word' id='word_1_12' title='bbox 1805 456 1859 502; x_wconf 89' lang='lat' dir='ltr'><strong>et</strong></span> <span class='ocrx_word' id='word_1_13' title='bbox 1889 447 1997 504; x_wconf 86' lang='lat' dir='ltr'><strong>cito</strong></span> <span class='ocrx_word' id='word_1_14' title='bbox 2029 463 2094 518; x_wconf 89' lang='lat' dir='ltr'><strong>pe</strong></span> 
     </span>
    </p>
   </div>
   <div class='ocr_carea' id='block_1_5' title="bbox 2204 439 3716 541">
    <p class='ocr_par' dir='ltr' id='par_1_5' title="bbox 2227 450 3716 541">
     <span class='ocr_line' id='line_1_5' title="bbox 2227 450 3716 541; baseline 0.013 -38"><span class='ocrx_word' id='word_1_15' title='bbox 2227 450 2492 505; x_wconf 86' lang='grc' dir='ltr'><strong>ποιεῖσθαί</strong></span> <span class='ocrx_word' id='word_1_16' title='bbox 2534 466 2656 508; x_wconf 87' lang='grc' dir='ltr'><strong>τινα</strong></span> <span class='ocrx_word' id='word_1_17' title='bbox 2705 454 3022 526; x_wconf 85' lang='grc' dir='ltr'><strong>σεμνοειδῶς</strong></span> <span class='ocrx_word' id='word_1_18' title='bbox 3064 458 3158 512; x_wconf 75' lang='grc' dir='ltr'><strong>καὶ</strong></span> <span class='ocrx_word' id='word_1_19' title='bbox 3193 458 3510 534; x_wconf 78' lang='grc' dir='ltr'><strong>ἀξιοπρεπῶς</strong></span> <span class='ocrx_word' id='word_1_20' title='bbox 3549 467 3606 541; x_wconf 73' lang='grc' dir='ltr'><strong>δὴ</strong></span> <span class='ocrx_word' id='word_1_21' title='bbox 3624 477 3716 538; x_wconf 74' lang='grc' dir='ltr'><strong>ταῖς</strong></span> 
     </span>
    </p>
   </div>
   <div class='ocr_carea' id='block_1_6' title="bbox 552 530 2126 607">
    <p class='ocr_par' dir='ltr' id='par_1_6' title="bbox 552 530 2126 607">
     <span class='ocr_line' id='line_1_6' title="bbox 552 530 2126 607; baseline 0.003 -21"><span class='ocrx_word' id='word_1_22' title='bbox 552 531 832 587; x_wconf 86' lang='lat' dir='ltr'><strong>reuntium</strong></span> <span class='ocrx_word' id='word_1_23' title='bbox 864 530 1155 599; x_wconf 89' lang='lat' dir='ltr'><strong>rationem,</strong></span> <span class='ocrx_word' id='word_1_24' title='bbox 1188 539 1446 603; x_wconf 89' lang='lat' dir='ltr'><strong>tanquam</strong></span> <span class='ocrx_word' id='word_1_25' title='bbox 1476 532 1530 588; x_wconf 91' lang='lat' dir='ltr'><strong>in</strong></span> <span class='ocrx_word' id='word_1_26' title='bbox 1562 547 1620 591; x_wconf 87' lang='lat' dir='ltr'><strong>re</strong></span> <span class='ocrx_word' id='word_1_27' title='bbox 1659 535 1810 605; x_wconf 88' lang='lat' dir='ltr'><strong>gravi</strong></span> <span class='ocrx_word' id='word_1_28' title='bbox 1839 550 1904 592; x_wconf 88' lang='lat' dir='ltr'><strong>ac</strong></span> <span class='ocrx_word' id='word_1_29' title='bbox 1943 536 2126 607; x_wconf 89' lang='lat' dir='ltr'><strong>digna,</strong></span> 
     </span>
    </p>
   </div>
   <div class='ocr_carea' id='block_1_7' title="bbox 554 617 2130 691">
    <p class='ocr_par' dir='ltr' id='par_1_7' title="bbox 554 617 2130 691">
     <span class='ocr_line' id='line_1_7' title="bbox 554 617 2130 691; baseline 0.003 -17"><span class='ocrx_word' id='word_1_30' title='bbox 554 618 992 691; x_wconf 87' lang='lat' dir='ltr'><strong>pertimescendo</strong></span> <span class='ocrx_word' id='word_1_31' title='bbox 1013 627 1110 674; x_wconf 89' lang='lat' dir='ltr'><strong>aut</strong></span> <span class='ocrx_word' id='word_1_32' title='bbox 1140 617 1605 691; x_wconf 86' lang='lat' dir='ltr'><strong>subterfugiendo,</strong></span> <span class='ocrx_word' id='word_1_33' title='bbox 1639 619 1895 691; x_wconf 89' lang='lat' dir='ltr'><strong>frigidum</strong></span> <span class='ocrx_word' id='word_1_34' title='bbox 1923 621 2130 678; x_wconf 85' lang='lat' dir='ltr'><strong>scilicet</strong></span> 
     </span>
    </p>
   </div>
   <div class='ocr_carea' id='block_1_8' title="bbox 553 708 2128 782">
    <p class='ocr_par' dir='ltr' id='par_1_8' title="bbox 553 708 2128 782">
     <span class='ocr_line' id='line_1_8' title="bbox 553 708 2128 782; baseline 0.004 -19"><span class='ocrx_word' id='word_1_35' title='bbox 553 723 622 765; x_wconf 84' lang='lat' dir='ltr'><strong>ac</strong></span> <span class='ocrx_word' id='word_1_36' title='bbox 657 708 814 764; x_wconf 84' lang='lat' dir='ltr'><strong>futile</strong></span> <span class='ocrx_word' id='word_1_37' title='bbox 845 708 1162 765; x_wconf 79' lang='lat' dir='ltr'><strong>videretur:</strong></span> <span class='ocrx_word' id='word_1_38' title='bbox 1196 709 1332 765; x_wconf 91' lang='lat' dir='ltr'><strong>mihi</strong></span> <span class='ocrx_word' id='word_1_39' title='bbox 1373 718 1520 766; x_wconf 89' lang='lat' dir='ltr'><strong>certe</strong></span> <span class='ocrx_word' id='word_1_40' title='bbox 1562 710 1609 766; x_wconf 89' lang='lat' dir='ltr'><strong>si</strong></span> <span class='ocrx_word' id='word_1_41' title='bbox 1649 711 1778 782; x_wconf 89' lang='lat' dir='ltr'><strong>quid</strong></span> <span class='ocrx_word' id='word_1_42' title='bbox 1814 711 2009 768; x_wconf 87' lang='lat' dir='ltr'><strong>horum</strong></span> <span class='ocrx_word' id='word_1_43' title='bbox 2059 713 2128 769; x_wconf 91' lang='lat' dir='ltr'><strong>ad</strong></span> 
     </span>
    </p>
   </div>
   <div class='ocr_carea' id='block_1_9' title="bbox 553 800 2124 873">
    <p class='ocr_par' dir='ltr' id='par_1_9' title="bbox 553 800 2124 873">
     <span class='ocr_line' id='line_1_9' title="bbox 553 800 2124 873; baseline 0.004 -19"><span class='ocrx_word' id='word_1_44' title='bbox 553 800 849 857; x_wconf 90' lang='lat' dir='ltr'><strong>dicendum</strong></span> <span class='ocrx_word' id='word_1_45' title='bbox 889 801 1229 873; x_wconf 82' lang='lat' dir='ltr'><strong>prapositum</strong></span> <span class='ocrx_word' id='word_1_46' title='bbox 1265 809 1431 868; x_wconf 88' lang='lat' dir='ltr'><strong>esset,</strong></span> <span class='ocrx_word' id='word_1_47' title='bbox 1458 804 1731 859; x_wconf 82' lang='lat' dir='ltr'><strong>inutilium</strong></span> <span class='ocrx_word' id='word_1_48' title='bbox 1773 813 1829 862; x_wconf 89' lang='lat' dir='ltr'><strong>et</strong></span> <span class='ocrx_word' id='word_1_49' title='bbox 1858 806 2124 873; x_wconf 89' lang='lat' dir='ltr'><strong>inanium,</strong></span> 
     </span>
    </p>
   </div>
   <div class='ocr_carea' id='block_1_10' title="bbox 555 895 2125 970">
    <p class='ocr_par' dir='ltr' id='par_1_10' title="bbox 555 895 2125 970">
     <span class='ocr_line' id='line_1_10' title="bbox 555 895 2125 970; baseline 0.003 -20"><span class='ocrx_word' id='word_1_50' title='bbox 555 903 611 950; x_wconf 85' lang='lat' dir='ltr'><strong>et</strong></span> <span class='ocrx_word' id='word_1_51' title='bbox 638 895 822 964; x_wconf 84' lang='lat' dir='ltr'><strong>qualia</strong></span> <span class='ocrx_word' id='word_1_52' title='bbox 853 910 1131 965; x_wconf 87' lang='lat' dir='ltr'><strong>nunquam</strong></span> <span class='ocrx_word' id='word_1_53' title='bbox 1159 895 1339 952; x_wconf 86' lang='lat' dir='ltr'><strong>dicere</strong></span> <span class='ocrx_word' id='word_1_54' title='bbox 1373 895 1750 964; x_wconf 85' lang='lat' dir='ltr'><strong>instituerem;</strong></span> <span class='ocrx_word' id='word_1_55' title='bbox 1776 898 1824 953; x_wconf 90' lang='lat' dir='ltr'><strong>si</strong></span> <span class='ocrx_word' id='word_1_56' title='bbox 1854 899 2004 970; x_wconf 90' lang='lat' dir='ltr'><strong>quid,</strong></span> <span class='ocrx_word' id='word_1_57' title='bbox 2042 899 2125 954; x_wconf 94' lang='lat' dir='ltr'><strong>in-</strong></span> 
     </span>
    </p>
   </div>
   <div class='ocr_carea' id='block_1_11' title="bbox 553 983 2125 1056">
    <p class='ocr_par' dir='ltr' id='par_1_11' title="bbox 553 983 2125 1056">
     <span class='ocr_line' id='line_1_11' title="bbox 553 983 2125 1056; baseline 0.005 -20"><span class='ocrx_word' id='word_1_58' title='bbox 553 996 740 1053; x_wconf 90' lang='lat' dir='ltr'><strong>quam,</strong></span> <span class='ocrx_word' id='word_1_59' title='bbox 771 983 905 1038; x_wconf 90' lang='lat' dir='ltr'><strong>mihi</strong></span> <span class='ocrx_word' id='word_1_60' title='bbox 937 984 1274 1054; x_wconf 88' lang='lat' dir='ltr'><strong>propositum</strong></span> <span class='ocrx_word' id='word_1_61' title='bbox 1301 996 1444 1042; x_wconf 89' lang='lat' dir='ltr'><strong>esset</strong></span> <span class='ocrx_word' id='word_1_62' title='bbox 1472 987 1760 1056; x_wconf 87' lang='lat' dir='ltr'><strong>ejusmodi,</strong></span> <span class='ocrx_word' id='word_1_63' title='bbox 1801 1003 1898 1045; x_wconf 88' lang='lat' dir='ltr'><strong>nec</strong></span> <span class='ocrx_word' id='word_1_64' title='bbox 1937 988 2125 1044; x_wconf 89' lang='lat' dir='ltr'><strong>formi-</strong></span> 
     </span>
    </p>
   </div>
   <div class='ocr_carea' id='block_1_12' title="bbox 551 1074 2123 1152">
    <p class='ocr_par' dir='ltr' id='par_1_12' title="bbox 551 1074 2123 1152">
     <span class='ocr_line' id='line_1_12' title="bbox 551 1074 2123 1152; baseline 0.004 -22"><span class='ocrx_word' id='word_1_65' title='bbox 551 1074 737 1130; x_wconf 88' lang='lat' dir='ltr'><strong>dinem</strong></span> <span class='ocrx_word' id='word_1_66' title='bbox 768 1074 932 1129; x_wconf 90' lang='lat' dir='ltr'><strong>ullam</strong></span> <span class='ocrx_word' id='word_1_67' title='bbox 966 1075 1190 1132; x_wconf 83' lang='lat' dir='ltr'><strong>haberet</strong></span> <span class='ocrx_word' id='word_1_68' title='bbox 1221 1077 1418 1142; x_wconf 83' lang='lat' dir='ltr'><strong>oratio,</strong></span> <span class='ocrx_word' id='word_1_69' title='bbox 1446 1094 1546 1135; x_wconf 91' lang='lat' dir='ltr'><strong>nec</strong></span> <span class='ocrx_word' id='word_1_70' title='bbox 1566 1089 1858 1146; x_wconf 83' lang='lat' dir='ltr'><strong>vereretur,</strong></span> <span class='ocrx_word' id='word_1_71' title='bbox 1891 1097 1959 1135; x_wconf 93' lang='lat' dir='ltr'><strong>ne</strong></span> <span class='ocrx_word' id='word_1_72' title='bbox 1990 1081 2123 1152; x_wconf 91' lang='lat' dir='ltr'><strong>quid</strong></span> 
     </span>
    </p>
   </div>
   <div class='ocr_carea' id='block_1_13' title="bbox 551 1164 2121 1241">
    <p class='ocr_par' dir='ltr' id='par_1_13' title="bbox 551 1164 2121 1241">
     <span class='ocr_line' id='line_1_13' title="bbox 551 1164 2121 1241; baseline 0.006 -23"><span class='ocrx_word' id='word_1_73' title='bbox 551 1164 768 1240; x_wconf 85' lang='lat' dir='ltr'><strong>uspiam</strong></span> <span class='ocrx_word' id='word_1_74' title='bbox 797 1165 984 1220; x_wconf 91' lang='lat' dir='ltr'><strong>dicens</strong></span> <span class='ocrx_word' id='word_1_75' title='bbox 1011 1165 1153 1221; x_wconf 90' lang='lat' dir='ltr'><strong>infra</strong></span> <span class='ocrx_word' id='word_1_76' title='bbox 1169 1166 1486 1239; x_wconf 86' lang='lat' dir='ltr'><strong>dignitatem</strong></span> <span class='ocrx_word' id='word_1_77' title='bbox 1511 1170 1690 1241; x_wconf 89' lang='lat' dir='ltr'><strong>eloqui</strong></span> <span class='ocrx_word' id='word_1_78' title='bbox 1720 1170 2121 1228; x_wconf 83' lang='lat' dir='ltr'><strong>viderer.Nunc</strong></span> 
     </span>
    </p>
   </div>
   <div class='ocr_carea' id='block_1_14' title="bbox 548 1255 2121 1333">
    <p class='ocr_par' dir='ltr' id='par_1_14' title="bbox 548 1255 2121 1333">
     <span class='ocr_line' id='line_1_14' title="bbox 548 1255 2121 1333; baseline 0.007 -24"><span class='ocrx_word' id='word_1_79' title='bbox 548 1271 681 1312; x_wconf 89' lang='lat' dir='ltr'><strong>vero</strong></span> <span class='ocrx_word' id='word_1_80' title='bbox 727 1256 873 1326; x_wconf 92' lang='lat' dir='ltr'><strong>quod</strong></span> <span class='ocrx_word' id='word_1_81' title='bbox 921 1255 975 1312; x_wconf 91' lang='lat' dir='ltr'><strong>in</strong></span> <span class='ocrx_word' id='word_1_82' title='bbox 1020 1272 1086 1313; x_wconf 93' lang='lat' dir='ltr'><strong>eo</strong></span> <span class='ocrx_word' id='word_1_83' title='bbox 1133 1269 1217 1315; x_wconf 90' lang='lat' dir='ltr'><strong>est</strong></span> <span class='ocrx_word' id='word_1_84' title='bbox 1264 1260 1348 1315; x_wconf 87' lang='lat' dir='ltr'><strong>vel</strong></span> <span class='ocrx_word' id='word_1_85' title='bbox 1389 1275 1555 1333; x_wconf 90' lang='lat' dir='ltr'><strong>prope</strong></span> <span class='ocrx_word' id='word_1_86' title='bbox 1596 1262 1860 1326; x_wconf 86' lang='lat' dir='ltr'><strong>divinum,</strong></span> <span class='ocrx_word' id='word_1_87' title='bbox 1889 1264 1971 1319; x_wconf 87' lang='lat' dir='ltr'><strong>vel</strong></span> <span class='ocrx_word' id='word_1_88' title='bbox 2010 1263 2121 1320; x_wconf 90' lang='lat' dir='ltr'><strong>Deo</strong></span> 
     </span>
    </p>
   </div>
   <div class='ocr_carea' id='block_1_15' title="bbox 548 1349 2120 1428">
    <p class='ocr_par' dir='ltr' id='par_1_15' title="bbox 548 1349 2120 1428">
     <span class='ocr_line' id='line_1_15' title="bbox 548 1349 2120 1428; baseline 0.008 -27"><span class='ocrx_word' id='word_1_89' title='bbox 548 1363 714 1418; x_wconf 89' lang='lat' dir='ltr'><strong>quam</strong></span> <span class='ocrx_word' id='word_1_90' title='bbox 744 1349 1104 1418; x_wconf 86' lang='lat' dir='ltr'><strong>simillimum,</strong></span> <span class='ocrx_word' id='word_1_91' title='bbox 1148 1351 1422 1407; x_wconf 87' lang='lat' dir='ltr'><strong>inclusum</strong></span> <span class='ocrx_word' id='word_1_92' title='bbox 1469 1354 1688 1425; x_wconf 90' lang='lat' dir='ltr'><strong>quidem</strong></span> <span class='ocrx_word' id='word_1_93' title='bbox 1733 1355 1838 1412; x_wconf 87' lang='lat' dir='ltr'><strong>hoc</strong></span> <span class='ocrx_word' id='word_1_94' title='bbox 1877 1369 2120 1428; x_wconf 88' lang='lat' dir='ltr'><strong>aspecta-</strong></span> 
     </span>
    </p>
   </div>
   <div class='ocr_carea' id='block_1_16' title="bbox 547 1441 2118 1508">
    <p class='ocr_par' dir='ltr' id='par_1_16' title="bbox 547 1441 2118 1508">
     <span class='ocr_line' id='line_1_16' title="bbox 547 1441 2118 1508; baseline 0.008 -12"><span class='ocrx_word' id='word_1_95' title='bbox 547 1441 642 1496; x_wconf 90' lang='lat' dir='ltr'><strong>hili</strong></span> <span class='ocrx_word' id='word_1_96' title='bbox 677 1455 742 1497; x_wconf 90' lang='lat' dir='ltr'><strong>ac</strong></span> <span class='ocrx_word' id='word_1_97' title='bbox 772 1443 1010 1508; x_wconf 85' lang='lat' dir='ltr'><strong>mortali,</strong></span> <span class='ocrx_word' id='word_1_98' title='bbox 1043 1442 1136 1499; x_wconf 91' lang='lat' dir='ltr'><strong>sed</strong></span> <span class='ocrx_word' id='word_1_99' title='bbox 1163 1446 1231 1500; x_wconf 89' lang='lat' dir='ltr'><strong>ad</strong></span> <span class='ocrx_word' id='word_1_100' title='bbox 1264 1444 1358 1501; x_wconf 88' lang='lat' dir='ltr'><strong>Dei</strong></span> <span class='ocrx_word' id='word_1_101' title='bbox 1395 1447 1801 1504; x_wconf 88' lang='lat' dir='ltr'><strong>similitudinem</strong></span> <span class='ocrx_word' id='word_1_102' title='bbox 1833 1451 2118 1508; x_wconf 88' lang='lat' dir='ltr'><strong>studiosis-</strong></span> 
     </span>
    </p>
   </div>
   <div class='ocr_carea' id='block_1_17' title="bbox 547 1531 2118 1610">
    <p class='ocr_par' dir='ltr' id='par_1_17' title="bbox 547 1531 2118 1610">
     <span class='ocr_line' id='line_1_17' title="bbox 547 1531 2118 1610; baseline 0.009 -24"><span class='ocrx_word' id='word_1_103' title='bbox 547 1531 688 1588; x_wconf 87' lang='lat' dir='ltr'><strong>sime</strong></span> <span class='ocrx_word' id='word_1_104' title='bbox 729 1535 1110 1590; x_wconf 91' lang='lat' dir='ltr'><strong>contendens:</strong></span> <span class='ocrx_word' id='word_1_105' title='bbox 1149 1537 1310 1608; x_wconf 87' lang='lat' dir='ltr'><strong>hujus</strong></span> <span class='ocrx_word' id='word_1_106' title='bbox 1352 1553 1452 1610; x_wconf 92' lang='lat' dir='ltr'><strong>ego</strong></span> <span class='ocrx_word' id='word_1_107' title='bbox 1493 1540 1821 1596; x_wconf 88' lang='lat' dir='ltr'><strong>mentionem</strong></span> <span class='ocrx_word' id='word_1_108' title='bbox 1855 1541 2033 1600; x_wconf 88' lang='lat' dir='ltr'><strong>facere</strong></span> <span class='ocrx_word' id='word_1_109' title='bbox 2063 1553 2118 1600; x_wconf 89' lang='lat' dir='ltr'><strong>et</strong></span> 
     </span>
    </p>
   </div>
   <div class='ocr_carea' id='block_1_18' title="bbox 545 1621 2114 1704">
    <p class='ocr_par' dir='ltr' id='par_1_18' title="bbox 545 1621 2114 1704">
     <span class='ocr_line' id='line_1_18' title="bbox 545 1621 2114 1704; baseline 0.01 -29"><span class='ocrx_word' id='word_1_110' title='bbox 545 1636 635 1676; x_wconf 87' lang='lat' dir='ltr'><strong>res</strong></span> <span class='ocrx_word' id='word_1_111' title='bbox 677 1621 916 1692; x_wconf 89' lang='lat' dir='ltr'><strong>majores</strong></span> <span class='ocrx_word' id='word_1_112' title='bbox 968 1624 1230 1696; x_wconf 86' lang='lat' dir='ltr'><strong>attingere</strong></span> <span class='ocrx_word' id='word_1_113' title='bbox 1277 1642 1513 1697; x_wconf 87' lang='lat' dir='ltr'><strong>parans,</strong></span> <span class='ocrx_word' id='word_1_114' title='bbox 1567 1627 1788 1701; x_wconf 91' lang='lat' dir='ltr'><strong>Deoque</strong></span> <span class='ocrx_word' id='word_1_115' title='bbox 1833 1641 2114 1704; x_wconf 86' lang='lat' dir='ltr'><strong>propterea</strong></span> 
     </span>
    </p>
   </div>
   <div class='ocr_carea' id='block_1_19' title="bbox 545 1711 2109 1784">
    <p class='ocr_par' dir='ltr' id='par_1_19' title="bbox 545 1711 2109 1784">
     <span class='ocr_line' id='line_1_19' title="bbox 545 1711 2109 1784; baseline 0.012 -21"><span class='ocrx_word' id='word_1_116' title='bbox 545 1711 748 1781; x_wconf 80' lang='lat' dir='ltr'><strong>gratias</strong></span> <span class='ocrx_word' id='word_1_117' title='bbox 776 1728 956 1782; x_wconf 84' lang='lat' dir='ltr'><strong>agere,</strong></span> <span class='ocrx_word' id='word_1_118' title='bbox 989 1716 1135 1784; x_wconf 90' lang='lat' dir='ltr'><strong>quod</strong></span> <span class='ocrx_word' id='word_1_119' title='bbox 1162 1716 1310 1774; x_wconf 89' lang='lat' dir='ltr'><strong>hunc</strong></span> <span class='ocrx_word' id='word_1_120' title='bbox 1348 1719 1483 1774; x_wconf 89' lang='lat' dir='ltr'><strong>mihi</strong></span> <span class='ocrx_word' id='word_1_121' title='bbox 1512 1719 1687 1775; x_wconf 90' lang='lat' dir='ltr'><strong>virum</strong></span> <span class='ocrx_word' id='word_1_122' title='bbox 1713 1723 1956 1779; x_wconf 89' lang='lat' dir='ltr'><strong>nancisci</strong></span> <span class='ocrx_word' id='word_1_123' title='bbox 1982 1739 2109 1780; x_wconf 87' lang='lat' dir='ltr'><strong>con-</strong></span> 
     </span>
    </p>
   </div>
   <div class='ocr_carea' id='block_1_20' title="bbox 2228 538 3716 627">
    <p class='ocr_par' dir='ltr' id='par_1_20' title="bbox 2228 538 3716 627">
     <span class='ocr_line' id='line_1_20' title="bbox 2228 538 3716 627; baseline 0.014 -33"><span class='ocrx_word' id='word_1_124' title='bbox 2228 538 2535 608; x_wconf 76' lang='grc' dir='ltr'><strong>ἀναϐολαῖς,</strong></span> <span class='ocrx_word' id='word_1_125' title='bbox 2565 541 2640 613; x_wconf 79' lang='grc' dir='ltr'><strong>μὴ</strong></span> <span class='ocrx_word' id='word_1_126' title='bbox 2653 543 2748 597; x_wconf 78' lang='grc' dir='ltr'><strong>καὶ</strong></span> <span class='ocrx_word' id='word_1_127' title='bbox 2777 543 2983 615; x_wconf 77' lang='grc' dir='ltr'><strong>ψυχρὸν</strong></span> <span class='ocrx_word' id='word_1_128' title='bbox 3009 545 3044 618; x_wconf 81' lang='grc' dir='ltr'><strong>ἡ</strong></span> <span class='ocrx_word' id='word_1_129' title='bbox 3075 548 3339 622; x_wconf 54' lang='grc' dir='ltr'><strong>πέρι-ερον</strong></span> <span class='ocrx_word' id='word_1_130' title='bbox 3421 553 3538 627; x_wconf 56' lang='grc'>(48)</span> <span class='ocrx_word' id='word_1_131' title='bbox 3563 538 3646 616; x_wconf 76' lang='grc' dir='ltr'><strong>οὐκ</strong></span> <span class='ocrx_word' id='word_1_132' title='bbox 3666 567 3716 620; x_wconf 68' lang='grc' dir='ltr'><strong>ἄν</strong></span> 
     </span>
    </p>
   </div>
   <div class='ocr_carea' id='block_1_21' title="bbox 2229 631 3718 724">
    <p class='ocr_par' dir='ltr' id='par_1_21' title="bbox 2229 631 3718 724">
     <span class='ocr_line' id='line_1_21' title="bbox 2229 631 3718 724; baseline 0.014 -39"><span class='ocrx_word' id='word_1_133' title='bbox 2229 649 2318 703; x_wconf 86' lang='grc' dir='ltr'><strong>μοι</strong></span> <span class='ocrx_word' id='word_1_134' title='bbox 2339 631 2539 689; x_wconf 90' lang='grc' dir='ltr'><strong>τούτων</strong></span> <span class='ocrx_word' id='word_1_135' title='bbox 2563 632 2721 708; x_wconf 75' lang='grc' dir='ltr'><strong>εἴπερ</strong></span> <span class='ocrx_word' id='word_1_136' title='bbox 2743 652 2798 688; x_wconf 87' lang='grc' dir='ltr'><strong>τι</strong></span> <span class='ocrx_word' id='word_1_137' title='bbox 2831 635 3008 706; x_wconf 90' lang='grc' dir='ltr'><strong>λέγειν</strong></span> <span class='ocrx_word' id='word_1_138' title='bbox 3039 639 3336 711; x_wconf 78' lang='grc' dir='ltr'><strong>προύκειτο,</strong></span> <span class='ocrx_word' id='word_1_139' title='bbox 3368 645 3616 718; x_wconf 75' lang='grc' dir='ltr'><strong>ἀχρήστων</strong></span> <span class='ocrx_word' id='word_1_140' title='bbox 3642 655 3718 724; x_wconf 78' lang='grc' dir='ltr'><strong>μὲν</strong></span> 
     </span>
    </p>
   </div>
   <div class='ocr_carea' id='block_1_22' title="bbox 2224 721 3718 816">
    <p class='ocr_par' dir='ltr' id='par_1_22' title="bbox 2224 721 3718 816">
     <span class='ocr_line' id='line_1_22' title="bbox 2224 721 3718 816; baseline 0.015 -39"><span class='ocrx_word' id='word_1_141' title='bbox 2224 721 2392 778; x_wconf 75' lang='grc' dir='ltr'><strong>ὄντων</strong></span> <span class='ocrx_word' id='word_1_142' title='bbox 2414 726 2508 779; x_wconf 78' lang='grc' dir='ltr'><strong>καὶ</strong></span> <span class='ocrx_word' id='word_1_143' title='bbox 2537 726 2802 797; x_wconf 76' lang='grc' dir='ltr'><strong>ματαίων,</strong></span> <span class='ocrx_word' id='word_1_144' title='bbox 2825 730 2919 784; x_wconf 79' lang='grc' dir='ltr'><strong>καὶ</strong></span> <span class='ocrx_word' id='word_1_145' title='bbox 2943 731 3069 785; x_wconf 82' lang='grc' dir='ltr'><strong>οἵων</strong></span> <span class='ocrx_word' id='word_1_146' title='bbox 3099 733 3198 787; x_wconf 86' lang='grc' dir='ltr'><strong>οὐκ</strong></span> <span class='ocrx_word' id='word_1_147' title='bbox 3219 735 3282 790; x_wconf 76' lang='grc' dir='ltr'><strong>ἄν</strong></span> <span class='ocrx_word' id='word_1_148' title='bbox 3309 755 3429 792; x_wconf 74' lang='lat' dir='ltr'><strong>me</strong></span> <span class='ocrx_word' id='word_1_149' title='bbox 3456 741 3575 796; x_wconf 77' lang='grc' dir='ltr'><strong>ἑκὼν</strong></span> <span class='ocrx_word' id='word_1_150' title='bbox 3594 721 3718 816; x_wconf 78' lang='grc' dir='ltr'><strong>πρού-</strong></span> 
     </span>
    </p>
   </div>
   <div class='ocr_carea' id='block_1_23' title="bbox 2225 813 3718 908">
    <p class='ocr_par' dir='ltr' id='par_1_23' title="bbox 2225 813 3718 908">
     <span class='ocr_line' id='line_1_23' title="bbox 2225 813 3718 908; baseline 0.017 -42"><span class='ocrx_word' id='word_1_151' title='bbox 2225 813 2395 908; x_wconf 70' lang='grc' dir='ltr'><strong>θέμὴν</strong></span> <span class='ocrx_word' id='word_1_152' title='bbox 2442 817 2640 886; x_wconf 83' lang='grc' dir='ltr'><strong>λέγειν·</strong></span> <span class='ocrx_word' id='word_1_153' title='bbox 2665 821 2741 908; x_wconf 36' lang='grc' dir='ltr'><strong>ῌού</strong></span> <span class='ocrx_word' id='word_1_154' title='bbox 2778 821 2887 893; x_wconf 83' lang='grc' dir='ltr'><strong>μὴν</strong></span> <span class='ocrx_word' id='word_1_155' title='bbox 2931 823 3046 877; x_wconf 84' lang='grc' dir='ltr'><strong>ἀλλ’</strong></span> <span class='ocrx_word' id='word_1_156' title='bbox 3079 825 3235 899; x_wconf 72' lang='grc' dir='ltr'><strong>εἴπερ</strong></span> <span class='ocrx_word' id='word_1_157' title='bbox 3281 813 3718 908; x_wconf 66' lang='grc' dir='ltr'><strong>προύκειτό(4θ)τι</strong></span> 
     </span>
    </p>
   </div>
   <div class='ocr_carea' id='block_1_24' title="bbox 2223 903 3716 999">
    <p class='ocr_par' dir='ltr' id='par_1_24' title="bbox 2223 903 3716 999">
     <span class='ocr_line' id='line_1_24' title="bbox 2223 903 3716 999; baseline 0.018 -44"><span class='ocrx_word' id='word_1_158' title='bbox 2223 904 2479 973; x_wconf 83' lang='grc' dir='ltr'><strong>τοιοῦτον,</strong></span> <span class='ocrx_word' id='word_1_159' title='bbox 2503 907 2612 962; x_wconf 86' lang='grc' dir='ltr'><strong>οὐδ’</strong></span> <span class='ocrx_word' id='word_1_160' title='bbox 2638 903 2781 979; x_wconf 74' lang='grc' dir='ltr'><strong>εἶχεν</strong></span> <span class='ocrx_word' id='word_1_161' title='bbox 2813 909 2879 965; x_wconf 82' lang='grc' dir='ltr'><strong>ἀν</strong></span> <span class='ocrx_word' id='word_1_162' title='bbox 2900 913 3185 968; x_wconf 77' lang='grc' dir='ltr'><strong>εὐλάϐειαν</strong></span> <span class='ocrx_word' id='word_1_163' title='bbox 3210 918 3237 969; x_wconf 72' lang='grc' dir='ltr'><strong>ὁ</strong></span> <span class='ocrx_word' id='word_1_164' title='bbox 3262 916 3429 987; x_wconf 87' lang='grc' dir='ltr'><strong>λόγος,</strong></span> <span class='ocrx_word' id='word_1_165' title='bbox 3457 923 3563 978; x_wconf 79' lang='grc' dir='ltr'><strong>οὐδὲ</strong></span> <span class='ocrx_word' id='word_1_166' title='bbox 3575 903 3716 999; x_wconf 22' lang='grc' dir='ltr'><strong>νφρον-</strong></span> 
     </span>
    </p>
   </div>
   <div class='ocr_carea' id='block_1_25' title="bbox 2223 995 3717 1088">
    <p class='ocr_par' dir='ltr' id='par_1_25' title="bbox 2223 995 3717 1088">
     <span class='ocr_line' id='line_1_25' title="bbox 2223 995 3717 1088; baseline 0.016 -40"><span class='ocrx_word' id='word_1_167' title='bbox 2223 995 2360 1060; x_wconf 84' lang='grc' dir='ltr'><strong>τίδα,</strong></span> <span class='ocrx_word' id='word_1_168' title='bbox 2399 998 2471 1069; x_wconf 88' lang='grc' dir='ltr'><strong>μή</strong></span> <span class='ocrx_word' id='word_1_169' title='bbox 2507 1000 2581 1070; x_wconf 84' lang='grc' dir='ltr'><strong>πή</strong></span> <span class='ocrx_word' id='word_1_170' title='bbox 2610 1017 2661 1052; x_wconf 93' lang='grc' dir='ltr'><strong>τι</strong></span> <span class='ocrx_word' id='word_1_171' title='bbox 2689 1000 2883 1072; x_wconf 86' lang='grc' dir='ltr'><strong>λέγων,</strong></span> <span class='ocrx_word' id='word_1_172' title='bbox 2927 1003 3102 1073; x_wconf 74' lang='grc' dir='ltr'><strong>ἥττων</strong></span> <span class='ocrx_word' id='word_1_173' title='bbox 3145 1006 3245 1077; x_wconf 80' lang='grc' dir='ltr'><strong>τῆς</strong></span> <span class='ocrx_word' id='word_1_174' title='bbox 3287 1006 3433 1074; x_wconf 83' lang='grc' dir='ltr'><strong>ἀξίας</strong></span> <span class='ocrx_word' id='word_1_175' title='bbox 3463 995 3717 1088; x_wconf 77' lang='grc' dir='ltr'><strong>φαινοίμην.</strong></span> 
     </span>
    </p>
   </div>
   <div class='ocr_carea' id='block_1_26' title="bbox 2221 1086 3721 1181">
    <p class='ocr_par' dir='ltr' id='par_1_26' title="bbox 2221 1086 3721 1181">
     <span class='ocr_line' id='line_1_26' title="bbox 2221 1086 3721 1181; baseline 0.017 -44"><span class='ocrx_word' id='word_1_176' title='bbox 2221 1086 2354 1139; x_wconf 78' lang='grc' dir='ltr'><strong>Νυνὶ</strong></span> <span class='ocrx_word' id='word_1_177' title='bbox 2378 1086 2434 1139; x_wconf 82' lang='grc' dir='ltr'><strong>δὲ</strong></span> <span class='ocrx_word' id='word_1_178' title='bbox 2462 1088 2490 1141; x_wconf 84' lang='grc' dir='ltr'><strong><em>ὃ</em></strong></span> <span class='ocrx_word' id='word_1_179' title='bbox 2527 1107 2578 1143; x_wconf 84' lang='grc' dir='ltr'><strong>τι</strong></span> <span class='ocrx_word' id='word_1_180' title='bbox 2611 1090 3002 1148; x_wconf 87' lang='grc' dir='ltr'><strong>θεοειδέστατον</strong></span> <span class='ocrx_word' id='word_1_181' title='bbox 3034 1096 3218 1162; x_wconf 83' lang='grc' dir='ltr'><strong>αὐτοῦ,</strong></span> <span class='ocrx_word' id='word_1_182' title='bbox 3265 1101 3355 1154; x_wconf 75' lang='grc' dir='ltr'><strong>καὶ</strong></span> <span class='ocrx_word' id='word_1_183' title='bbox 3377 1102 3501 1174; x_wconf 81' lang='grc' dir='ltr'><strong>ὅπερ</strong></span> <span class='ocrx_word' id='word_1_184' title='bbox 3536 1107 3584 1158; x_wconf 80' lang='grc' dir='ltr'><strong>ὲν</strong></span> <span class='ocrx_word' id='word_1_185' title='bbox 3607 1086 3721 1181; x_wconf 75' lang='grc' dir='ltr'><strong>αὐτῷ</strong></span> 
     </span>
    </p>
   </div>
   <div class='ocr_carea' id='block_1_27' title="bbox 2223 1180 3722 1272">
    <p class='ocr_par' dir='ltr' id='par_1_27' title="bbox 2223 1180 3722 1272">
     <span class='ocr_line' id='line_1_27' title="bbox 2223 1180 3722 1272; baseline 0.016 -42"><span class='ocrx_word' id='word_1_186' title='bbox 2223 1181 2478 1247; x_wconf 82' lang='grc' dir='ltr'><strong>συγγενὲς</strong></span> <span class='ocrx_word' id='word_1_187' title='bbox 2517 1180 2576 1234; x_wconf 79' lang='grc' dir='ltr'><strong>ὃν</strong></span> <span class='ocrx_word' id='word_1_188' title='bbox 2615 1185 2868 1254; x_wconf 80' lang='grc' dir='ltr'><strong>τυγχάνει</strong></span> <span class='ocrx_word' id='word_1_189' title='bbox 2903 1186 3038 1258; x_wconf 84' lang='grc' dir='ltr'><strong>Θεῷ,</strong></span> <span class='ocrx_word' id='word_1_190' title='bbox 3073 1189 3512 1264; x_wconf 85' lang='grc' dir='ltr'><strong>ὲγκαθειργμένον</strong></span> <span class='ocrx_word' id='word_1_191' title='bbox 3551 1198 3633 1268; x_wconf 75' lang='grc' dir='ltr'><strong>μὲν</strong></span> <span class='ocrx_word' id='word_1_192' title='bbox 3664 1201 3722 1272; x_wconf 83' lang='grc' dir='ltr'><strong>τῷ</strong></span> 
     </span>
    </p>
   </div>
   <div class='ocr_carea' id='block_1_28' title="bbox 2221 1269 3721 1352">
    <p class='ocr_par' dir='ltr' id='par_1_28' title="bbox 2221 1269 3721 1352">
     <span class='ocr_line' id='line_1_28' title="bbox 2221 1269 3721 1352; baseline 0.017 -33"><span class='ocrx_word' id='word_1_193' title='bbox 2221 1269 2527 1341; x_wconf 80' lang='grc' dir='ltr'><strong>φαινομένῳ</strong></span> <span class='ocrx_word' id='word_1_194' title='bbox 2577 1272 2669 1326; x_wconf 78' lang='grc' dir='ltr'><strong>καὶ</strong></span> <span class='ocrx_word' id='word_1_195' title='bbox 2715 1274 2892 1346; x_wconf 83' lang='grc' dir='ltr'><strong>θνητῷ</strong></span> <span class='ocrx_word' id='word_1_196' title='bbox 2939 1277 3095 1348; x_wconf 86' lang='grc' dir='ltr'><strong>τῷδε,</strong></span> <span class='ocrx_word' id='word_1_197' title='bbox 3152 1280 3232 1334; x_wconf 82' lang='grc' dir='ltr'><strong>ὅτι</strong></span> <span class='ocrx_word' id='word_1_198' title='bbox 3273 1281 3330 1334; x_wconf 82' lang='grc' dir='ltr'><strong>δὲ</strong></span> <span class='ocrx_word' id='word_1_199' title='bbox 3379 1269 3721 1352; x_wconf 72' lang='grc' dir='ltr'><strong>φιλοπονάηατα</strong></span> 
     </span>
    </p>
   </div>
   <div class='ocr_carea' id='block_1_29' title="bbox 2219 1358 3720 1452">
    <p class='ocr_par' dir='ltr' id='par_1_29' title="bbox 2219 1358 3720 1452">
     <span class='ocr_line' id='line_1_29' title="bbox 2219 1358 3720 1452; baseline 0.015 -41"><span class='ocrx_word' id='word_1_200' title='bbox 2219 1358 2594 1430; x_wconf 78' lang='grc' dir='ltr'><strong>ἐξομοιοῦσθαι</strong></span> <span class='ocrx_word' id='word_1_201' title='bbox 2621 1363 2733 1434; x_wconf 84' lang='grc'>(50)</span> <span class='ocrx_word' id='word_1_202' title='bbox 2767 1366 3083 1438; x_wconf 74' lang='grc' dir='ltr'><strong>βιαζόμενον</strong></span> <span class='ocrx_word' id='word_1_203' title='bbox 3126 1371 3202 1442; x_wconf 87' lang='grc' dir='ltr'><strong>τῷ</strong></span> <span class='ocrx_word' id='word_1_204' title='bbox 3247 1372 3390 1444; x_wconf 87' lang='grc' dir='ltr'><strong>Θεῷ·</strong></span> <span class='ocrx_word' id='word_1_205' title='bbox 3419 1377 3589 1434; x_wconf 86' lang='grc' dir='ltr'><strong>τούτου</strong></span> <span class='ocrx_word' id='word_1_206' title='bbox 3618 1399 3720 1452; x_wconf 74' lang='grc' dir='ltr'><strong>μνη-</strong></span> 
     </span>
    </p>
   </div>
   <div class='ocr_carea' id='block_1_30' title="bbox 2221 1452 3724 1543">
    <p class='ocr_par' dir='ltr' id='par_1_30' title="bbox 2221 1452 3724 1543">
     <span class='ocr_line' id='line_1_30' title="bbox 2221 1452 3724 1543; baseline 0.016 -40"><span class='ocrx_word' id='word_1_207' title='bbox 2221 1452 2468 1522; x_wconf 89' lang='grc' dir='ltr'><strong>μονεύων</strong></span> <span class='ocrx_word' id='word_1_208' title='bbox 2512 1456 2605 1508; x_wconf 79' lang='grc' dir='ltr'><strong>καὶ</strong></span> <span class='ocrx_word' id='word_1_209' title='bbox 2653 1457 2987 1527; x_wconf 80' lang='grc' dir='ltr'><strong>ὲιράπτεσθαί</strong></span> <span class='ocrx_word' id='word_1_210' title='bbox 3034 1479 3150 1526; x_wconf 86' lang='grc' dir='ltr'><strong>πως</strong></span> <span class='ocrx_word' id='word_1_211' title='bbox 3199 1465 3402 1535; x_wconf 83' lang='grc' dir='ltr'><strong>μέλλων</strong></span> <span class='ocrx_word' id='word_1_212' title='bbox 3443 1475 3724 1543; x_wconf 74' lang='grc' dir='ltr'><strong>πραγμάτοιν</strong></span> 
     </span>
    </p>
   </div>
   <div class='ocr_carea' id='block_1_31' title="bbox 2220 1540 3722 1628">
    <p class='ocr_par' dir='ltr' id='par_1_31' title="bbox 2220 1540 3722 1628">
     <span class='ocr_line' id='line_1_31' title="bbox 2220 1540 3722 1628; baseline 0.017 -35"><span class='ocrx_word' id='word_1_213' title='bbox 2220 1540 2498 1612; x_wconf 76' lang='grc' dir='ltr'><strong>μειζόνων,</strong></span> <span class='ocrx_word' id='word_1_214' title='bbox 2540 1547 2632 1600; x_wconf 83' lang='grc' dir='ltr'><strong>καί</strong></span> <span class='ocrx_word' id='word_1_215' title='bbox 2655 1564 2796 1613; x_wconf 85' lang='grc' dir='ltr'><strong>τινος</strong></span> <span class='ocrx_word' id='word_1_216' title='bbox 2823 1549 2909 1604; x_wconf 85' lang='grc' dir='ltr'><strong>διὰ</strong></span> <span class='ocrx_word' id='word_1_217' title='bbox 2933 1552 3124 1606; x_wconf 87' lang='grc' dir='ltr'><strong>τούτου</strong></span> <span class='ocrx_word' id='word_1_218' title='bbox 3152 1555 3246 1609; x_wconf 80' lang='grc' dir='ltr'><strong>καὶ</strong></span> <span class='ocrx_word' id='word_1_219' title='bbox 3274 1557 3374 1628; x_wconf 80' lang='grc' dir='ltr'><strong>τῆς</strong></span> <span class='ocrx_word' id='word_1_220' title='bbox 3401 1540 3563 1624; x_wconf 55' lang='lat' dir='ltr'><strong>sicae</strong></span> <span class='ocrx_word' id='word_1_221' title='bbox 3583 1540 3722 1618; x_wconf 22' lang='lat' dir='ltr'><strong>V9£iov</strong></span> 
     </span>
    </p>
   </div>
   <div class='ocr_carea' id='block_1_32' title="bbox 2215 1633 3723 1726">
    <p class='ocr_par' dir='ltr' id='par_1_32' title="bbox 2215 1633 3723 1726">
     <span class='ocr_line' id='line_1_32' title="bbox 2215 1633 3723 1726; baseline 0.016 -42"><span class='ocrx_word' id='word_1_222' title='bbox 2215 1633 2580 1704; x_wconf 74' lang='grc' dir='ltr'><strong>εὐχαριστίας,</strong></span> <span class='ocrx_word' id='word_1_223' title='bbox 2614 1637 2695 1692; x_wconf 80' lang='grc' dir='ltr'><strong>ὅτι</strong></span> <span class='ocrx_word' id='word_1_224' title='bbox 2725 1656 2814 1709; x_wconf 90' lang='grc' dir='ltr'><strong>μοι</strong></span> <span class='ocrx_word' id='word_1_225' title='bbox 2859 1645 3196 1715; x_wconf 81' lang='grc' dir='ltr'><strong>συγκυρῆσαι</strong></span> <span class='ocrx_word' id='word_1_226' title='bbox 3233 1648 3454 1721; x_wconf 76' lang='grc' dir='ltr'><strong>τοιούτῳ</strong></span> <span class='ocrx_word' id='word_1_227' title='bbox 3480 1651 3723 1726; x_wconf 73' lang='grc' dir='ltr'><strong>δεδώρηται</strong></span> 
     </span>
    </p>
   </div>
   <div class='ocr_carea' id='block_1_33' title="bbox 2212 1723 3723 1813">
    <p class='ocr_par' dir='ltr' id='par_1_33' title="bbox 2212 1723 3723 1813">
     <span class='ocr_line' id='line_1_33' title="bbox 2212 1723 3723 1813; baseline 0.015 -37"><span class='ocrx_word' id='word_1_228' title='bbox 2212 1723 2367 1813; x_wconf 72' lang='grc' dir='ltr'><strong>ἀνδρὶ</strong></span> <span class='ocrx_word' id='word_1_229' title='bbox 2414 1726 2564 1813; x_wconf 84' lang='grc' dir='ltr'><strong>παρὰ</strong></span> <span class='ocrx_word' id='word_1_230' title='bbox 2617 1730 2795 1785; x_wconf 79' lang='grc' dir='ltr'><strong>πᾶσάν</strong></span> <span class='ocrx_word' id='word_1_231' title='bbox 2847 1748 2912 1800; x_wconf 89' lang='grc' dir='ltr'><strong>γε</strong></span> <span class='ocrx_word' id='word_1_232' title='bbox 2957 1732 3056 1804; x_wconf 80' lang='grc' dir='ltr'><strong>τὴν</strong></span> <span class='ocrx_word' id='word_1_233' title='bbox 3107 1735 3409 1808; x_wconf 84' lang='grc' dir='ltr'><strong>ἀνθρώπων</strong></span> 
     </span>
    </p>
   </div>
   <div class='ocr_carea' id='block_1_34' title="bbox 543 1801 2101 1902">
    <p class='ocr_par' dir='ltr' id='par_1_34' title="bbox 543 1803 2101 1884">
     <span class='ocr_line' id='line_1_34' title="bbox 543 1803 2101 1884; baseline 0.009 -30"><span class='ocrx_word' id='word_1_234' title='bbox 543 1814 760 1857; x_wconf 87' lang='lat' dir='ltr'><strong>cessum</strong></span> <span class='ocrx_word' id='word_1_235' title='bbox 801 1803 892 1869; x_wconf 87' lang='lat' dir='ltr'><strong>sit,</strong></span> <span class='ocrx_word' id='word_1_236' title='bbox 941 1819 1105 1874; x_wconf 88' lang='lat' dir='ltr'><strong>supra</strong></span> <span class='ocrx_word' id='word_1_237' title='bbox 1138 1820 1354 1862; x_wconf 90' lang='lat' dir='ltr'><strong>omnem</strong></span> <span class='ocrx_word' id='word_1_238' title='bbox 1397 1808 1680 1866; x_wconf 85' lang='lat' dir='ltr'><strong>hominum</strong></span> <span class='ocrx_word' id='word_1_239' title='bbox 1727 1813 2101 1884; x_wconf 78' lang='lat' dir='ltr'><strong>cogitationem</strong></span> 
     </span>
    </p>
   </div>
   <div class='ocr_carea' id='block_1_35' title="bbox 2204 1801 3723 1902">
    <p class='ocr_par' dir='ltr' id='par_1_35' title="bbox 2215 1801 3723 1902">
     <span class='ocr_line' id='line_1_35' title="bbox 2215 1801 3723 1902; baseline 0.017 -41"><span class='ocrx_word' id='word_1_240' title='bbox 2215 1809 2323 1863; x_wconf 90' lang='grc' dir='ltr'><strong>τῶν</strong></span> <span class='ocrx_word' id='word_1_241' title='bbox 2349 1829 2406 1864; x_wconf 85' lang='grc' dir='ltr'><strong>τε</strong></span> <span class='ocrx_word' id='word_1_242' title='bbox 2447 1812 2618 1868; x_wconf 81' lang='grc' dir='ltr'><strong>ἄλλων</strong></span> <span class='ocrx_word' id='word_1_243' title='bbox 2652 1817 2744 1869; x_wconf 79' lang='grc' dir='ltr'><strong>καὶ</strong></span> <span class='ocrx_word' id='word_1_244' title='bbox 2778 1818 2876 1889; x_wconf 77' lang='grc' dir='ltr'><strong>τὴν</strong></span> <span class='ocrx_word' id='word_1_245' title='bbox 2904 1801 3036 1890; x_wconf 72' lang='grc' dir='ltr'><strong>ὲμοιῖ</strong></span> <span class='ocrx_word' id='word_1_246' title='bbox 3066 1801 3250 1890; x_wconf 66' lang='grc' dir='ltr'><strong>αὐτού,</strong></span> <span class='ocrx_word' id='word_1_247' title='bbox 3299 1827 3420 1881; x_wconf 77' lang='grc' dir='ltr'><strong>οὐτε</strong></span> <span class='ocrx_word' id='word_1_248' title='bbox 3446 1801 3723 1902; x_wconf 77' lang='grc' dir='ltr'><strong>προθεμένου</strong></span> 
     </span>
    </p>
   </div>
   <div class='ocr_carea' id='block_1_36' title="bbox 543 1898 2111 1970">
    <p class='ocr_par' dir='ltr' id='par_1_36' title="bbox 543 1898 2111 1970">
     <span class='ocr_line' id='line_1_36' title="bbox 543 1898 2111 1970; baseline 0.01 -24"><span class='ocrx_word' id='word_1_249' title='bbox 543 1901 706 1963; x_wconf 89' lang='lat' dir='ltr'><strong>atque</strong></span> <span class='ocrx_word' id='word_1_250' title='bbox 750 1898 1251 1966; x_wconf 78' lang='lat' dir='ltr'><strong>exspectationem,</strong></span> <span class='ocrx_word' id='word_1_251' title='bbox 1303 1909 1417 1955; x_wconf 91' lang='lat' dir='ltr'><strong>tum</strong></span> <span class='ocrx_word' id='word_1_252' title='bbox 1460 1903 1724 1970; x_wconf 90' lang='lat' dir='ltr'><strong>aliorum,</strong></span> <span class='ocrx_word' id='word_1_253' title='bbox 1774 1913 1888 1959; x_wconf 90' lang='lat' dir='ltr'><strong>tum</strong></span> <span class='ocrx_word' id='word_1_254' title='bbox 1937 1922 2111 1962; x_wconf 90' lang='lat' dir='ltr'><strong>meam</strong></span> 
     </span>
    </p>
   </div>
   <div class='ocr_carea' id='block_1_37' title="bbox 541 1987 2113 2066">
    <p class='ocr_par' dir='ltr' id='par_1_37' title="bbox 541 1987 2113 2066">
     <span class='ocr_line' id='line_1_37' title="bbox 541 1987 2113 2066; baseline 0.01 -27"><span class='ocrx_word' id='word_1_255' title='bbox 541 1992 725 2050; x_wconf 89' lang='lat' dir='ltr'><strong>certe,</strong></span> <span class='ocrx_word' id='word_1_256' title='bbox 770 1987 866 2056; x_wconf 92' lang='lat' dir='ltr'><strong>qui</strong></span> <span class='ocrx_word' id='word_1_257' title='bbox 913 2003 1014 2045; x_wconf 93' lang='lat' dir='ltr'><strong>nec</strong></span> <span class='ocrx_word' id='word_1_258' title='bbox 1064 1990 1191 2046; x_wconf 89' lang='lat' dir='ltr'><strong>talia</strong></span> <span class='ocrx_word' id='word_1_259' title='bbox 1223 2007 1462 2061; x_wconf 91' lang='lat' dir='ltr'><strong>unquam</strong></span> <span class='ocrx_word' id='word_1_260' title='bbox 1504 1993 1637 2048; x_wconf 90' lang='lat' dir='ltr'><strong>mihi</strong></span> <span class='ocrx_word' id='word_1_261' title='bbox 1675 1997 1975 2066; x_wconf 86' lang='lat' dir='ltr'><strong>proposui,</strong></span> <span class='ocrx_word' id='word_1_262' title='bbox 2012 2013 2113 2056; x_wconf 79' lang='lat' dir='ltr'><strong>nec</strong></span> 
     </span>
    </p>
   </div>
   <div class='ocr_carea' id='block_1_38' title="bbox 541 2079 2110 2157">
    <p class='ocr_par' dir='ltr' id='par_1_38' title="bbox 541 2079 2110 2157">
     <span class='ocr_line' id='line_1_38' title="bbox 541 2079 2110 2157; baseline 0.011 -28"><span class='ocrx_word' id='word_1_263' title='bbox 541 2089 676 2131; x_wconf 88' lang='lat' dir='ltr'><strong>sane</strong></span> <span class='ocrx_word' id='word_1_264' title='bbox 703 2079 947 2148; x_wconf 86' lang='lat' dir='ltr'><strong>speravi;</strong></span> <span class='ocrx_word' id='word_1_265' title='bbox 997 2095 1122 2136; x_wconf 84' lang='lat' dir='ltr'><strong>cum</strong></span> <span class='ocrx_word' id='word_1_266' title='bbox 1169 2083 1303 2148; x_wconf 72' lang='lat' dir='ltr'><strong>haec,</strong></span> <span class='ocrx_word' id='word_1_267' title='bbox 1351 2085 1596 2156; x_wconf 89' lang='lat' dir='ltr'><strong>inquam,</strong></span> <span class='ocrx_word' id='word_1_268' title='bbox 1640 2102 1841 2157; x_wconf 88' lang='lat' dir='ltr'><strong>parvus</strong></span> <span class='ocrx_word' id='word_1_269' title='bbox 1877 2098 1932 2145; x_wconf 89' lang='lat' dir='ltr'><strong>et</strong></span> <span class='ocrx_word' id='word_1_270' title='bbox 1963 2090 2110 2146; x_wconf 90' lang='lat' dir='ltr'><strong>nullo</strong></span> 
     </span>
    </p>
   </div>
   <div class='ocr_carea' id='block_1_39' title="bbox 541 2165 2111 2244">
    <p class='ocr_par' dir='ltr' id='par_1_39' title="bbox 541 2165 2111 2244">
     <span class='ocr_line' id='line_1_39' title="bbox 541 2165 2111 2244; baseline 0.011 -24"><span class='ocrx_word' id='word_1_271' title='bbox 541 2165 760 2237; x_wconf 90' lang='lat' dir='ltr'><strong>ingenio</strong></span> <span class='ocrx_word' id='word_1_272' title='bbox 805 2171 1066 2238; x_wconf 66' lang='lat' dir='ltr'><strong>praeditus</strong></span> <span class='ocrx_word' id='word_1_273' title='bbox 1094 2174 1397 2244; x_wconf 89' lang='lat' dir='ltr'><strong>aggrediar,</strong></span> <span class='ocrx_word' id='word_1_274' title='bbox 1440 2191 1550 2232; x_wconf 87' lang='lat' dir='ltr'><strong>non</strong></span> <span class='ocrx_word' id='word_1_275' title='bbox 1583 2177 1852 2236; x_wconf 88' lang='lat' dir='ltr'><strong>immerito</strong></span> <span class='ocrx_word' id='word_1_276' title='bbox 1885 2191 2111 2238; x_wconf 86' lang='lat' dir='ltr'><strong>cunctor</strong></span> 
     </span>
    </p>
   </div>
   <div class='ocr_carea' id='block_1_40' title="bbox 540 2259 2110 2336">
    <p class='ocr_par' dir='ltr' id='par_1_40' title="bbox 540 2259 2110 2336">
     <span class='ocr_line' id='line_1_40' title="bbox 540 2259 2110 2336; baseline 0.012 -24"><span class='ocrx_word' id='word_1_277' title='bbox 540 2272 606 2314; x_wconf 84' lang='lat' dir='ltr'><strong>ac</strong></span> <span class='ocrx_word' id='word_1_278' title='bbox 639 2259 826 2326; x_wconf 84' lang='lat' dir='ltr'><strong>timeo,</strong></span> <span class='ocrx_word' id='word_1_279' title='bbox 881 2271 936 2317; x_wconf 93' lang='lat' dir='ltr'><strong>et</strong></span> <span class='ocrx_word' id='word_1_280' title='bbox 973 2264 1132 2320; x_wconf 88' lang='lat' dir='ltr'><strong>silere</strong></span> <span class='ocrx_word' id='word_1_281' title='bbox 1178 2282 1402 2336; x_wconf 89' lang='lat' dir='ltr'><strong>prorsus</strong></span> <span class='ocrx_word' id='word_1_282' title='bbox 1448 2269 1613 2325; x_wconf 89' lang='lat' dir='ltr'><strong>malo.</strong></span> <span class='ocrx_word' id='word_1_283' title='bbox 1660 2268 1727 2327; x_wconf 88' lang='lat' dir='ltr'><strong>Et</strong></span> <span class='ocrx_word' id='word_1_284' title='bbox 1777 2287 1905 2328; x_wconf 91' lang='lat' dir='ltr'><strong>vero</strong></span> <span class='ocrx_word' id='word_1_285' title='bbox 1951 2274 2110 2331; x_wconf 90' lang='lat' dir='ltr'><strong>silere</strong></span> 
     </span>
    </p>
   </div>
   <div class='ocr_carea' id='block_1_41' title="bbox 538 2348 2110 2432">
    <p class='ocr_par' dir='ltr' id='par_1_41' title="bbox 538 2348 2110 2432">
     <span class='ocr_line' id='line_1_41' title="bbox 538 2348 2110 2432; baseline 0.013 -30"><span class='ocrx_word' id='word_1_286' title='bbox 538 2348 678 2404; x_wconf 84' lang='lat' dir='ltr'><strong>mihi</strong></span> <span class='ocrx_word' id='word_1_287' title='bbox 720 2351 1056 2410; x_wconf 91' lang='lat' dir='ltr'><strong>tutissimum</strong></span> <span class='ocrx_word' id='word_1_288' title='bbox 1093 2357 1394 2426; x_wconf 85' lang='lat' dir='ltr'><strong>videbatur,</strong></span> <span class='ocrx_word' id='word_1_289' title='bbox 1442 2376 1507 2416; x_wconf 91' lang='lat' dir='ltr'><strong>ne</strong></span> <span class='ocrx_word' id='word_1_290' title='bbox 1543 2365 1838 2432; x_wconf 78' lang='lat' dir='ltr'><strong>gratiarum</strong></span> <span class='ocrx_word' id='word_1_291' title='bbox 1880 2367 2110 2423; x_wconf 88' lang='lat' dir='ltr'><strong>actionis</strong></span> 
     </span>
    </p>
   </div>
   <div class='ocr_carea' id='block_1_42' title="bbox 536 2447 2109 2527">
    <p class='ocr_par' dir='ltr' id='par_1_42' title="bbox 536 2447 2109 2527">
     <span class='ocr_line' id='line_1_42' title="bbox 536 2447 2109 2527; baseline 0.013 -32"><span class='ocrx_word' id='word_1_292' title='bbox 536 2449 825 2512; x_wconf 63' lang='lat' dir='ltr'><strong>prmtextu,</strong></span> <span class='ocrx_word' id='word_1_293' title='bbox 859 2447 1120 2518; x_wconf 72' lang='lat' dir='ltr'><strong>praecipiti</strong></span> <span class='ocrx_word' id='word_1_294' title='bbox 1151 2449 1336 2506; x_wconf 90' lang='lat' dir='ltr'><strong>forsan</strong></span> <span class='ocrx_word' id='word_1_295' title='bbox 1369 2453 1626 2510; x_wconf 82' lang='lat' dir='ltr'><strong>facilitate</strong></span> <span class='ocrx_word' id='word_1_296' title='bbox 1653 2457 1720 2512; x_wconf 90' lang='lat' dir='ltr'><strong>de</strong></span> <span class='ocrx_word' id='word_1_297' title='bbox 1743 2459 1996 2527; x_wconf 75' lang='lat' dir='ltr'><strong>gravibus</strong></span> <span class='ocrx_word' id='word_1_298' title='bbox 2021 2475 2109 2514; x_wconf 90' lang='lat' dir='ltr'><strong>sa-</strong></span> 
     </span>
    </p>
   </div>
   <div class='ocr_carea' id='block_1_43' title="bbox 536 2532 2108 2620">
    <p class='ocr_par' dir='ltr' id='par_1_43' title="bbox 536 2532 2108 2620">
     <span class='ocr_line' id='line_1_43' title="bbox 536 2532 2108 2620; baseline 0.013 -33"><span class='ocrx_word' id='word_1_299' title='bbox 536 2532 756 2604; x_wconf 87' lang='lat' dir='ltr'><strong>crisque</strong></span> <span class='ocrx_word' id='word_1_300' title='bbox 784 2537 1008 2596; x_wconf 86' lang='lat' dir='ltr'><strong>minime</strong></span> <span class='ocrx_word' id='word_1_301' title='bbox 1036 2542 1244 2612; x_wconf 89' lang='lat' dir='ltr'><strong>gravia,</strong></span> <span class='ocrx_word' id='word_1_302' title='bbox 1281 2545 1375 2599; x_wconf 88' lang='lat' dir='ltr'><strong>sed</strong></span> <span class='ocrx_word' id='word_1_303' title='bbox 1403 2545 1628 2601; x_wconf 83' lang='lat' dir='ltr'><strong>humilia</strong></span> <span class='ocrx_word' id='word_1_304' title='bbox 1673 2557 1835 2619; x_wconf 88' lang='lat' dir='ltr'><strong>atque</strong></span> <span class='ocrx_word' id='word_1_305' title='bbox 1877 2551 2108 2620; x_wconf 83' lang='lat' dir='ltr'><strong>protrita</strong></span> 
     </span>
    </p>
   </div>
   <div class='ocr_carea' id='block_1_44' title="bbox 535 2621 2107 2706">
    <p class='ocr_par' dir='ltr' id='par_1_44' title="bbox 535 2621 2107 2706">
     <span class='ocr_line' id='line_1_44' title="bbox 535 2621 2107 2706; baseline 0.01 -29"><span class='ocrx_word' id='word_1_306' title='bbox 535 2621 789 2690; x_wconf 90' lang='lat' dir='ltr'><strong>dicendo,</strong></span> <span class='ocrx_word' id='word_1_307' title='bbox 833 2640 943 2682; x_wconf 90' lang='lat' dir='ltr'><strong>non</strong></span> <span class='ocrx_word' id='word_1_308' title='bbox 988 2631 1163 2685; x_wconf 89' lang='lat' dir='ltr'><strong>solum</strong></span> <span class='ocrx_word' id='word_1_309' title='bbox 1205 2632 1489 2688; x_wconf 86' lang='lat' dir='ltr'><strong>veritatem</strong></span> <span class='ocrx_word' id='word_1_310' title='bbox 1539 2649 1649 2688; x_wconf 93' lang='lat' dir='ltr'><strong>non</strong></span> <span class='ocrx_word' id='word_1_311' title='bbox 1691 2649 1971 2706; x_wconf 87' lang='lat' dir='ltr'><strong>assequar,</strong></span> <span class='ocrx_word' id='word_1_312' title='bbox 2010 2637 2107 2693; x_wconf 87' lang='lat' dir='ltr'><strong>sed</strong></span> 
     </span>
    </p>
   </div>
   <div class='ocr_carea' id='block_1_45' title="bbox 535 2715 2106 2799">
    <p class='ocr_par' dir='ltr' id='par_1_45' title="bbox 535 2715 2106 2799">
     <span class='ocr_line' id='line_1_45' title="bbox 535 2715 2106 2799; baseline 0.01 -30"><span class='ocrx_word' id='word_1_313' title='bbox 535 2715 740 2786; x_wconf 88' lang='lat' dir='ltr'><strong>aliquid</strong></span> <span class='ocrx_word' id='word_1_314' title='bbox 763 2718 926 2774; x_wconf 90' lang='lat' dir='ltr'><strong>etiam</strong></span> <span class='ocrx_word' id='word_1_315' title='bbox 951 2721 1018 2776; x_wconf 92' lang='lat' dir='ltr'><strong>de</strong></span> <span class='ocrx_word' id='word_1_316' title='bbox 1042 2737 1129 2788; x_wconf 92' lang='lat' dir='ltr'><strong>ea,</strong></span> <span class='ocrx_word' id='word_1_317' title='bbox 1157 2725 1302 2794; x_wconf 91' lang='lat' dir='ltr'><strong>quod</strong></span> <span class='ocrx_word' id='word_1_318' title='bbox 1333 2725 1386 2780; x_wconf 92' lang='lat' dir='ltr'><strong>in</strong></span> <span class='ocrx_word' id='word_1_319' title='bbox 1416 2741 1503 2780; x_wconf 91' lang='lat' dir='ltr'><strong>me</strong></span> <span class='ocrx_word' id='word_1_320' title='bbox 1528 2738 1632 2789; x_wconf 86' lang='lat' dir='ltr'><strong>est,</strong></span> <span class='ocrx_word' id='word_1_321' title='bbox 1660 2727 1941 2783; x_wconf 89' lang='lat' dir='ltr'><strong>detraham</strong></span> <span class='ocrx_word' id='word_1_322' title='bbox 1963 2730 2106 2799; x_wconf 91' lang='lat' dir='ltr'><strong>apud</strong></span> 
     </span>
    </p>
   </div>
   <div class='ocr_carea' id='block_1_46' title="bbox 533 2809 2105 2883">
    <p class='ocr_par' dir='ltr' id='par_1_46' title="bbox 533 2809 2105 2883">
     <span class='ocr_line' id='line_1_46' title="bbox 533 2809 2105 2883; baseline 0.008 -22"><span class='ocrx_word' id='word_1_323' title='bbox 533 2821 649 2872; x_wconf 90' lang='lat' dir='ltr'><strong>eos,</strong></span> <span class='ocrx_word' id='word_1_324' title='bbox 681 2809 777 2879; x_wconf 90' lang='lat' dir='ltr'><strong>qui</strong></span> <span class='ocrx_word' id='word_1_325' title='bbox 816 2825 930 2866; x_wconf 88' lang='lat' dir='ltr'><strong>rem</strong></span> <span class='ocrx_word' id='word_1_326' title='bbox 971 2813 1053 2868; x_wconf 88' lang='lat' dir='ltr'><strong>sic</strong></span> <span class='ocrx_word' id='word_1_327' title='bbox 1095 2828 1153 2868; x_wconf 91' lang='lat' dir='ltr'><strong>se</strong></span> <span class='ocrx_word' id='word_1_328' title='bbox 1192 2815 1393 2870; x_wconf 89' lang='lat' dir='ltr'><strong>habere</strong></span> <span class='ocrx_word' id='word_1_329' title='bbox 1424 2815 1675 2883; x_wconf 86' lang='lat' dir='ltr'><strong>credent,</strong></span> <span class='ocrx_word' id='word_1_330' title='bbox 1720 2832 1845 2871; x_wconf 88' lang='lat' dir='ltr'><strong>cum</strong></span> <span class='ocrx_word' id='word_1_331' title='bbox 1891 2818 2105 2874; x_wconf 84' lang='lat' dir='ltr'><strong>inﬁrma</strong></span> 
     </span>
    </p>
   </div>
   <div class='ocr_carea' id='block_1_47' title="bbox 534 2899 2104 2980">
    <p class='ocr_par' dir='ltr' id='par_1_47' title="bbox 534 2899 2104 2980">
     <span class='ocr_line' id='line_1_47' title="bbox 534 2899 2104 2980; baseline 0.009 -28"><span class='ocrx_word' id='word_1_332' title='bbox 534 2899 714 2954; x_wconf 89' lang='lat' dir='ltr'><strong>oratio</strong></span> <span class='ocrx_word' id='word_1_333' title='bbox 757 2904 1144 2958; x_wconf 90' lang='lat' dir='ltr'><strong>contumeliam</strong></span> <span class='ocrx_word' id='word_1_334' title='bbox 1185 2907 1368 2974; x_wconf 89' lang='lat' dir='ltr'><strong>potius</strong></span> <span class='ocrx_word' id='word_1_335' title='bbox 1413 2906 1679 2974; x_wconf 80' lang='lat' dir='ltr'><strong>inferens,</strong></span> <span class='ocrx_word' id='word_1_336' title='bbox 1731 2923 1894 2978; x_wconf 92' lang='lat' dir='ltr'><strong>quam</strong></span> <span class='ocrx_word' id='word_1_337' title='bbox 1941 2925 2104 2980; x_wconf 89' lang='lat' dir='ltr'><strong>opera</strong></span> 
     </span>
    </p>
   </div>
   <div class='ocr_carea' id='block_1_48' title="bbox 425 2989 2104 3072">
    <p class='ocr_par' dir='ltr' id='par_1_48' title="bbox 425 2989 2104 3072">
     <span class='ocr_line' id='line_1_48' title="bbox 425 2989 2104 3072; baseline 0.008 -27"><span class='ocrx_word' id='word_1_338' title='bbox 425 3011 428 3015; x_wconf 81' lang='grc'><strong><em>-</em></strong></span> <span class='ocrx_word' id='word_1_339' title='bbox 532 2989 792 3049; x_wconf 82' lang='lat' dir='ltr'><strong>facultate</strong></span> <span class='ocrx_word' id='word_1_340' title='bbox 815 2995 1128 3065; x_wconf 66' lang='lat' dir='ltr'><strong>adaequatis,</strong></span> <span class='ocrx_word' id='word_1_341' title='bbox 1158 2997 1458 3068; x_wconf 76' lang='lat' dir='ltr'><strong>eilingctur.</strong></span> <span class='ocrx_word' id='word_1_342' title='bbox 1495 3000 1566 3054; x_wconf 86' lang='lat' dir='ltr'><strong>At</strong></span> <span class='ocrx_word' id='word_1_343' title='bbox 1602 3009 1692 3055; x_wconf 92' lang='lat' dir='ltr'><strong>tua</strong></span> <span class='ocrx_word' id='word_1_344' title='bbox 1725 3002 1942 3072; x_wconf 89' lang='lat' dir='ltr'><strong>quidem</strong></span> <span class='ocrx_word' id='word_1_345' title='bbox 1985 3019 2104 3058; x_wconf 93' lang='lat' dir='ltr'><strong>om-</strong></span> 
     </span>
    </p>
   </div>
   <div class='ocr_carea' id='block_1_49' title="bbox 531 3085 2101 3164">
    <p class='ocr_par' dir='ltr' id='par_1_49' title="bbox 531 3085 2101 3164">
     <span class='ocr_line' id='line_1_49' title="bbox 531 3085 2101 3164; baseline 0.008 -26"><span class='ocrx_word' id='word_1_346' title='bbox 531 3085 625 3140; x_wconf 86' lang='lat' dir='ltr'><strong>nia</strong></span> <span class='ocrx_word' id='word_1_347' title='bbox 673 3099 776 3139; x_wconf 91' lang='lat' dir='ltr'><strong>nec</strong></span> <span class='ocrx_word' id='word_1_348' title='bbox 823 3087 994 3140; x_wconf 89' lang='lat' dir='ltr'><strong>minui</strong></span> <span class='ocrx_word' id='word_1_349' title='bbox 1023 3098 1274 3156; x_wconf 91' lang='lat' dir='ltr'><strong>possunt,</strong></span> <span class='ocrx_word' id='word_1_350' title='bbox 1323 3105 1422 3145; x_wconf 88' lang='lat' dir='ltr'><strong>nec</strong></span> <span class='ocrx_word' id='word_1_351' title='bbox 1466 3092 1849 3147; x_wconf 86' lang='lat' dir='ltr'><strong>contumeliam</strong></span> <span class='ocrx_word' id='word_1_352' title='bbox 1887 3095 2023 3164; x_wconf 89' lang='lat' dir='ltr'><strong>pati,</strong></span> <span class='ocrx_word' id='word_1_353' title='bbox 2065 3110 2101 3151; x_wconf 86' lang='grc' dir='ltr'>ο</span> 
     </span>
    </p>
   </div>
   <div class='ocr_carea' id='block_1_50' title="bbox 531 3175 2098 3256">
    <p class='ocr_par' dir='ltr' id='par_1_50' title="bbox 531 3175 2098 3256">
     <span class='ocr_line' id='line_1_50' title="bbox 531 3175 2098 3256; baseline 0.008 -27"><span class='ocrx_word' id='word_1_354' title='bbox 531 3175 760 3230; x_wconf 88' lang='lat' dir='ltr'><strong>charum</strong></span> <span class='ocrx_word' id='word_1_355' title='bbox 791 3185 984 3246; x_wconf 91' lang='lat' dir='ltr'><strong>caput;</strong></span> <span class='ocrx_word' id='word_1_356' title='bbox 1021 3179 1106 3234; x_wconf 90' lang='lat' dir='ltr'><strong>vel</strong></span> <span class='ocrx_word' id='word_1_357' title='bbox 1143 3177 1329 3235; x_wconf 77' lang='lat' dir='ltr'><strong>divina</strong></span> <span class='ocrx_word' id='word_1_358' title='bbox 1359 3181 1559 3250; x_wconf 89' lang='lat' dir='ltr'><strong>potius,</strong></span> <span class='ocrx_word' id='word_1_359' title='bbox 1589 3197 1710 3252; x_wconf 74' lang='lat' dir='ltr'><strong>qua:</strong></span> <span class='ocrx_word' id='word_1_360' title='bbox 1750 3184 1803 3238; x_wconf 90' lang='lat' dir='ltr'><strong>in</strong></span> <span class='ocrx_word' id='word_1_361' title='bbox 1849 3199 1908 3240; x_wconf 87' lang='lat' dir='ltr'><strong>se</strong></span> <span class='ocrx_word' id='word_1_362' title='bbox 1946 3185 2098 3256; x_wconf 80' lang='lat' dir='ltr'><strong>ipsis,</strong></span> 
     </span>
    </p>
   </div>
   <div class='ocr_carea' id='block_1_51' title="bbox 531 3264 2099 3345">
    <p class='ocr_par' dir='ltr' id='par_1_51' title="bbox 531 3264 2099 3345">
     <span class='ocr_line' id='line_1_51' title="bbox 531 3264 2099 3345; baseline 0.008 -26"><span class='ocrx_word' id='word_1_363' title='bbox 531 3266 716 3334; x_wconf 85' lang='lat' dir='ltr'><strong>qualia</strong></span> <span class='ocrx_word' id='word_1_364' title='bbox 747 3277 893 3334; x_wconf 92' lang='lat' dir='ltr'><strong>sunt,</strong></span> <span class='ocrx_word' id='word_1_365' title='bbox 930 3269 1154 3325; x_wconf 89' lang='lat' dir='ltr'><strong>immota</strong></span> <span class='ocrx_word' id='word_1_366' title='bbox 1184 3281 1520 3341; x_wconf 90' lang='lat' dir='ltr'><strong>permanent,</strong></span> <span class='ocrx_word' id='word_1_367' title='bbox 1546 3274 1790 3345; x_wconf 88' lang='lat' dir='ltr'><strong>nihilque</strong></span> <span class='ocrx_word' id='word_1_368' title='bbox 1817 3264 1889 3331; x_wconf 82' lang='lat' dir='ltr'><strong>ab</strong></span> <span class='ocrx_word' id='word_1_369' title='bbox 1910 3277 2099 3332; x_wconf 85' lang='lat' dir='ltr'><strong>humili</strong></span> 
     </span>
    </p>
   </div>
   <div class='ocr_carea' id='block_1_52' title="bbox 530 3358 2097 3434">
    <p class='ocr_par' dir='ltr' id='par_1_52' title="bbox 530 3358 2097 3434">
     <span class='ocr_line' id='line_1_52' title="bbox 530 3358 2097 3434; baseline 0.008 -22"><span class='ocrx_word' id='word_1_370' title='bbox 530 3367 588 3413; x_wconf 91' lang='lat' dir='ltr'><strong>et</strong></span> <span class='ocrx_word' id='word_1_371' title='bbox 607 3358 826 3430; x_wconf 88' lang='lat' dir='ltr'><strong>indigna</strong></span> <span class='ocrx_word' id='word_1_372' title='bbox 857 3362 1102 3417; x_wconf 90' lang='lat' dir='ltr'><strong>oratione</strong></span> <span class='ocrx_word' id='word_1_373' title='bbox 1133 3373 1318 3418; x_wconf 89' lang='lat' dir='ltr'><strong>nostra</strong></span> <span class='ocrx_word' id='word_1_374' title='bbox 1355 3363 1764 3422; x_wconf 89' lang='lat' dir='ltr'><strong>labefactantur.</strong></span> <span class='ocrx_word' id='word_1_375' title='bbox 1807 3365 1917 3424; x_wconf 88' lang='lat' dir='ltr'><strong>Nos</strong></span> <span class='ocrx_word' id='word_1_376' title='bbox 1948 3383 2097 3434; x_wconf 91' lang='lat' dir='ltr'><strong>vero,</strong></span> 
     </span>
    </p>
   </div>
   <div class='ocr_carea' id='block_1_53' title="bbox 530 3450 2097 3528">
    <p class='ocr_par' dir='ltr' id='par_1_53' title="bbox 530 3450 2097 3528">
     <span class='ocr_line' id='line_1_53' title="bbox 530 3450 2097 3528; baseline 0.008 -25"><span class='ocrx_word' id='word_1_377' title='bbox 530 3450 718 3505; x_wconf 88' lang='lat' dir='ltr'><strong>nescio</strong></span> <span class='ocrx_word' id='word_1_378' title='bbox 753 3467 862 3521; x_wconf 90' lang='lat' dir='ltr'><strong>quo</strong></span> <span class='ocrx_word' id='word_1_379' title='bbox 891 3462 1048 3522; x_wconf 90' lang='lat' dir='ltr'><strong>pacto</strong></span> <span class='ocrx_word' id='word_1_380' title='bbox 1074 3456 1312 3510; x_wconf 79' lang='lat' dir='ltr'><strong>audaciae</strong></span> <span class='ocrx_word' id='word_1_381' title='bbox 1338 3457 1762 3528; x_wconf 88' lang='lat' dir='ltr'><strong>temeritatisque</strong></span> <span class='ocrx_word' id='word_1_382' title='bbox 1791 3470 1973 3514; x_wconf 90' lang='lat' dir='ltr'><strong>notam</strong></span> <span class='ocrx_word' id='word_1_383' title='bbox 1999 3459 2097 3515; x_wconf 86' lang='lat' dir='ltr'><strong>de-</strong></span> 
     </span>
    </p>
   </div>
   <div class='ocr_carea' id='block_1_54' title="bbox 529 3541 2098 3623">
    <p class='ocr_par' dir='ltr' id='par_1_54' title="bbox 529 3541 2098 3623">
     <span class='ocr_line' id='line_1_54' title="bbox 529 3541 2098 3623; baseline 0.007 -26"><span class='ocrx_word' id='word_1_384' title='bbox 529 3541 732 3598; x_wconf 88' lang='lat' dir='ltr'><strong>clinare</strong></span> <span class='ocrx_word' id='word_1_385' title='bbox 759 3546 1055 3614; x_wconf 85' lang='lat' dir='ltr'><strong>possimus,</strong></span> <span class='ocrx_word' id='word_1_386' title='bbox 1090 3549 1183 3617; x_wconf 90' lang='lat' dir='ltr'><strong>qui</strong></span> <span class='ocrx_word' id='word_1_387' title='bbox 1213 3564 1320 3618; x_wconf 68' lang='lat' dir='ltr'><strong>prae</strong></span> <span class='ocrx_word' id='word_1_388' title='bbox 1369 3551 1636 3618; x_wconf 88' lang='lat' dir='ltr'><strong>amentia,</strong></span> <span class='ocrx_word' id='word_1_389' title='bbox 1667 3552 1816 3606; x_wconf 90' lang='lat' dir='ltr'><strong>tenui</strong></span> <span class='ocrx_word' id='word_1_390' title='bbox 1863 3560 1916 3607; x_wconf 91' lang='lat' dir='ltr'><strong>et</strong></span> <span class='ocrx_word' id='word_1_391' title='bbox 1946 3553 2098 3623; x_wconf 88' lang='lat' dir='ltr'><strong>inge-</strong></span> 
     </span>
    </p>
   </div>
   <div class='ocr_carea' id='block_1_55' title="bbox 531 3633 2096 3712">
    <p class='ocr_par' dir='ltr' id='par_1_55' title="bbox 531 3633 2096 3712">
     <span class='ocr_line' id='line_1_55' title="bbox 531 3633 2096 3712; baseline 0.007 -23"><span class='ocrx_word' id='word_1_392' title='bbox 531 3633 626 3689; x_wconf 88' lang='lat' dir='ltr'><strong>nio</strong></span> <span class='ocrx_word' id='word_1_393' title='bbox 662 3642 718 3688; x_wconf 90' lang='lat' dir='ltr'><strong>et</strong></span> <span class='ocrx_word' id='word_1_394' title='bbox 759 3647 1018 3706; x_wconf 89' lang='lat' dir='ltr'><strong>apparatu</strong></span> <span class='ocrx_word' id='word_1_395' title='bbox 1071 3654 1158 3693; x_wconf 90' lang='lat' dir='ltr'><strong>res</strong></span> <span class='ocrx_word' id='word_1_396' title='bbox 1198 3655 1421 3710; x_wconf 86' lang='lat' dir='ltr'><strong>magnas</strong></span> <span class='ocrx_word' id='word_1_397' title='bbox 1463 3657 1526 3696; x_wconf 92' lang='lat' dir='ltr'><strong>ac</strong></span> <span class='ocrx_word' id='word_1_398' title='bbox 1577 3651 1793 3712; x_wconf 90' lang='lat' dir='ltr'><strong>captum</strong></span> <span class='ocrx_word' id='word_1_399' title='bbox 1847 3652 2096 3700; x_wconf 90' lang='lat' dir='ltr'><strong>nostrum</strong></span> 
     </span>
    </p>
   </div>
   <div class='ocr_carea' id='block_1_56' title="bbox 529 3726 2097 3804">
    <p class='ocr_par' dir='ltr' id='par_1_56' title="bbox 529 3726 2097 3804">
     <span class='ocr_line' id='line_1_56' title="bbox 529 3726 2097 3804; baseline 0.008 -24"><span class='ocrx_word' id='word_1_400' title='bbox 529 3726 854 3784; x_wconf 80' lang='lat' dir='ltr'><strong>excedentes</strong></span> <span class='ocrx_word' id='word_1_401' title='bbox 901 3730 1232 3786; x_wconf 88' lang='lat' dir='ltr'><strong>adoriamur.</strong></span> <span class='ocrx_word' id='word_1_402' title='bbox 1276 3731 1432 3799; x_wconf 86' lang='lat' dir='ltr'><strong>Quod</strong></span> <span class='ocrx_word' id='word_1_403' title='bbox 1476 3733 1522 3788; x_wconf 89' lang='lat' dir='ltr'><strong>si</strong></span> <span class='ocrx_word' id='word_1_404' title='bbox 1565 3734 1693 3790; x_wconf 90' lang='lat' dir='ltr'><strong>alibi</strong></span> <span class='ocrx_word' id='word_1_405' title='bbox 1742 3734 1995 3804; x_wconf 89' lang='lat' dir='ltr'><strong>fortasse,</strong></span> <span class='ocrx_word' id='word_1_406' title='bbox 2043 3745 2097 3793; x_wconf 92' lang='lat' dir='ltr'><strong>et</strong></span> 
     </span>
    </p>
   </div>
   <div class='ocr_carea' id='block_1_57' title="bbox 531 3818 2095 3895">
    <p class='ocr_par' dir='ltr' id='par_1_57' title="bbox 531 3818 2095 3895">
     <span class='ocr_line' id='line_1_57' title="bbox 531 3818 2095 3895; baseline 0.007 -24"><span class='ocrx_word' id='word_1_407' title='bbox 531 3818 676 3887; x_wconf 86' lang='lat' dir='ltr'><strong>apud</strong></span> <span class='ocrx_word' id='word_1_408' title='bbox 712 3819 870 3884; x_wconf 88' lang='lat' dir='ltr'><strong>alios,</strong></span> <span class='ocrx_word' id='word_1_409' title='bbox 913 3821 1092 3876; x_wconf 89' lang='lat' dir='ltr'><strong>simile</strong></span> <span class='ocrx_word' id='word_1_410' title='bbox 1123 3822 1400 3893; x_wconf 89' lang='lat' dir='ltr'><strong>quidpiam</strong></span> <span class='ocrx_word' id='word_1_411' title='bbox 1428 3824 1652 3894; x_wconf 88' lang='lat' dir='ltr'><strong>juvenili</strong></span> <span class='ocrx_word' id='word_1_412' title='bbox 1692 3825 1953 3895; x_wconf 76' lang='lat' dir='ltr'><strong>iactantia</strong></span> <span class='ocrx_word' id='word_1_413' title='bbox 1982 3840 2095 3882; x_wconf 72' lang='lat' dir='ltr'><strong>etn-</strong></span> 
     </span>
    </p>
   </div>
   <div class='ocr_carea' id='block_1_58' title="bbox 527 3909 2090 3987">
    <p class='ocr_par' dir='ltr' id='par_1_58' title="bbox 527 3909 2090 3987">
     <span class='ocr_line' id='line_1_58' title="bbox 527 3909 2090 3987; baseline 0.006 -24"><span class='ocrx_word' id='word_1_414' title='bbox 527 3909 820 3980; x_wconf 84' lang='lat' dir='ltr'><strong>pissemus,</strong></span> <span class='ocrx_word' id='word_1_415' title='bbox 837 3911 1072 3967; x_wconf 87' lang='lat' dir='ltr'><strong>audaces</strong></span> <span class='ocrx_word' id='word_1_416' title='bbox 1101 3913 1287 3983; x_wconf 90' lang='lat' dir='ltr'><strong>utique</strong></span> <span class='ocrx_word' id='word_1_417' title='bbox 1310 3929 1373 3969; x_wconf 83' lang='lat' dir='ltr'><strong>ac</strong></span> <span class='ocrx_word' id='word_1_418' title='bbox 1397 3916 1734 3984; x_wconf 55' lang='lat' dir='ltr'><strong>praefidentes</strong></span> <span class='ocrx_word' id='word_1_419' title='bbox 1755 3917 2090 3987; x_wconf 89' lang='lat' dir='ltr'><strong>videremur;</strong></span> 
     </span>
    </p>
   </div>
   <div class='ocr_carea' id='block_1_59' title="bbox 527 4000 2094 4072">
    <p class='ocr_par' dir='ltr' id='par_1_59' title="bbox 527 4000 2094 4072">
     <span class='ocr_line' id='line_1_59' title="bbox 527 4000 2094 4072; baseline 0.004 -15"><span class='ocrx_word' id='word_1_420' title='bbox 527 4000 626 4057; x_wconf 86' lang='lat' dir='ltr'><strong>sed</strong></span> <span class='ocrx_word' id='word_1_421' title='bbox 656 4009 837 4058; x_wconf 90' lang='lat' dir='ltr'><strong>tamen</strong></span> <span class='ocrx_word' id='word_1_422' title='bbox 867 4001 1214 4072; x_wconf 72' lang='lat' dir='ltr'><strong>impudentia:</strong></span> <span class='ocrx_word' id='word_1_423' title='bbox 1236 4004 1522 4060; x_wconf 86' lang='lat' dir='ltr'><strong>tribuenda</strong></span> <span class='ocrx_word' id='word_1_424' title='bbox 1549 4007 1824 4064; x_wconf 87' lang='lat' dir='ltr'><strong>temeritas</strong></span> <span class='ocrx_word' id='word_1_425' title='bbox 1862 4023 1973 4064; x_wconf 89' lang='lat' dir='ltr'><strong>non</strong></span> <span class='ocrx_word' id='word_1_426' title='bbox 2007 4023 2094 4064; x_wconf 85' lang='lat' dir='ltr'><strong>es-</strong></span> 
     </span>
    </p>
   </div>
   <div class='ocr_carea' id='block_1_60' title="bbox 526 4094 2092 4162">
    <p class='ocr_par' dir='ltr' id='par_1_60' title="bbox 526 4094 2092 4162">
     <span class='ocr_line' id='line_1_60' title="bbox 526 4094 2092 4162; baseline 0.005 -15"><span class='ocrx_word' id='word_1_427' title='bbox 526 4103 630 4157; x_wconf 87' lang='lat' dir='ltr'><strong>set,</strong></span> <span class='ocrx_word' id='word_1_428' title='bbox 663 4094 807 4162; x_wconf 90' lang='lat' dir='ltr'><strong>quod</strong></span> <span class='ocrx_word' id='word_1_429' title='bbox 833 4110 943 4150; x_wconf 91' lang='lat' dir='ltr'><strong>non</strong></span> <span class='ocrx_word' id='word_1_430' title='bbox 975 4111 1161 4151; x_wconf 87' lang='lat' dir='ltr'><strong>coram</strong></span> <span class='ocrx_word' id='word_1_431' title='bbox 1197 4105 1250 4152; x_wconf 92' lang='lat' dir='ltr'><strong>te</strong></span> <span class='ocrx_word' id='word_1_432' title='bbox 1285 4097 1413 4152; x_wconf 88' lang='lat' dir='ltr'><strong>talia</strong></span> <span class='ocrx_word' id='word_1_433' title='bbox 1441 4098 1785 4155; x_wconf 91' lang='lat' dir='ltr'><strong>auderemus.</strong></span> <span class='ocrx_word' id='word_1_434' title='bbox 1812 4097 1968 4155; x_wconf 86' lang='lat' dir='ltr'><strong>Nunc</strong></span> <span class='ocrx_word' id='word_1_435' title='bbox 1995 4115 2092 4155; x_wconf 89' lang='lat' dir='ltr'><strong>au-</strong></span> 
     </span>
    </p>
   </div>
   <div class='ocr_carea' id='block_1_61' title="bbox 526 4188 2090 4261">
    <p class='ocr_par' dir='ltr' id='par_1_61' title="bbox 526 4188 2090 4261">
     <span class='ocr_line' id='line_1_61' title="bbox 526 4188 2090 4261; baseline 0.005 -23"><span class='ocrx_word' id='word_1_436' title='bbox 526 4190 635 4238; x_wconf 84' lang='lat' dir='ltr'><strong>tem</strong></span> <span class='ocrx_word' id='word_1_437' title='bbox 665 4201 880 4240; x_wconf 90' lang='lat' dir='ltr'><strong>omnem</strong></span> <span class='ocrx_word' id='word_1_438' title='bbox 905 4188 1156 4242; x_wconf 61' lang='lat' dir='ltr'><strong>amentiae</strong></span> <span class='ocrx_word' id='word_1_439' title='bbox 1185 4188 1405 4242; x_wconf 91' lang='lat' dir='ltr'><strong>modum</strong></span> <span class='ocrx_word' id='word_1_440' title='bbox 1433 4189 1799 4258; x_wconf 89' lang='lat' dir='ltr'><strong>implehimus,</strong></span> <span class='ocrx_word' id='word_1_441' title='bbox 1843 4198 1952 4244; x_wconf 63' lang='lat' dir='ltr'><strong>aut.</strong></span> <span class='ocrx_word' id='word_1_442' title='bbox 1975 4190 2090 4261; x_wconf 91' lang='lat' dir='ltr'><strong>jam</strong></span> 
     </span>
    </p>
   </div>
   <div class='ocr_carea' id='block_1_62' title="bbox 526 4275 2089 4353">
    <p class='ocr_par' dir='ltr' id='par_1_62' title="bbox 526 4275 2089 4353">
     <span class='ocr_line' id='line_1_62' title="bbox 526 4275 2089 4353; baseline 0.005 -22"><span class='ocrx_word' id='word_1_443' title='bbox 526 4275 688 4332; x_wconf 90' lang='lat' dir='ltr'><strong>etiam</strong></span> <span class='ocrx_word' id='word_1_444' title='bbox 721 4279 1087 4349; x_wconf 88' lang='lat' dir='ltr'><strong>implevimus,</strong></span> <span class='ocrx_word' id='word_1_445' title='bbox 1115 4280 1208 4349; x_wconf 90' lang='lat' dir='ltr'><strong>qui</strong></span> <span class='ocrx_word' id='word_1_446' title='bbox 1253 4279 1436 4345; x_wconf 91' lang='lat' dir='ltr'><strong>illotis,</strong></span> <span class='ocrx_word' id='word_1_447' title='bbox 1479 4282 1626 4350; x_wconf 91' lang='lat' dir='ltr'><strong>quod</strong></span> <span class='ocrx_word' id='word_1_448' title='bbox 1662 4283 1836 4347; x_wconf 88' lang='lat' dir='ltr'><strong>aiunt,</strong></span> <span class='ocrx_word' id='word_1_449' title='bbox 1863 4283 2089 4353; x_wconf 86' lang='lat' dir='ltr'><strong>pedibus</strong></span> 
     </span>
    </p>
   </div>
   <div class='ocr_carea' id='block_1_63' title="bbox 524 4367 2087 4441">
    <p class='ocr_par' dir='ltr' id='par_1_63' title="bbox 524 4367 2087 4441">
     <span class='ocr_line' id='line_1_63' title="bbox 524 4367 2087 4441; baseline 0.004 -19"><span class='ocrx_word' id='word_1_450' title='bbox 524 4367 592 4423; x_wconf 82' lang='lat' dir='ltr'><strong>ad</strong></span> <span class='ocrx_word' id='word_1_451' title='bbox 633 4383 794 4424; x_wconf 88' lang='lat' dir='ltr'><strong>aures</strong></span> <span class='ocrx_word' id='word_1_452' title='bbox 825 4369 1052 4424; x_wconf 89' lang='lat' dir='ltr'><strong>introire</strong></span> <span class='ocrx_word' id='word_1_453' title='bbox 1096 4370 1214 4425; x_wconf 88' lang='lat' dir='ltr'><strong>ausi</strong></span> <span class='ocrx_word' id='word_1_454' title='bbox 1265 4386 1486 4436; x_wconf 88' lang='lat' dir='ltr'><strong>sumus,</strong></span> <span class='ocrx_word' id='word_1_455' title='bbox 1524 4372 1580 4426; x_wconf 91' lang='lat' dir='ltr'><strong>in</strong></span> <span class='ocrx_word' id='word_1_456' title='bbox 1605 4372 1803 4441; x_wconf 91' lang='lat' dir='ltr'><strong>quibus</strong></span> <span class='ocrx_word' id='word_1_457' title='bbox 1845 4374 2087 4428; x_wconf 83' lang='lat' dir='ltr'><strong>divinum</strong></span> 
     </span>
    </p>
   </div>
   <div class='ocr_carea' id='block_1_64' title="bbox 2203 1903 3723 1997">
    <p class='ocr_par' dir='ltr' id='par_1_64' title="bbox 2203 1903 3723 1997">
     <span class='ocr_line' id='line_1_64' title="bbox 2203 1903 3723 1997; baseline 0.017 -43"><span class='ocrx_word' id='word_1_458' title='bbox 2203 1903 2342 1956; x_wconf 85' lang='grc' dir='ltr'><strong>ποτὲ</strong></span> <span class='ocrx_word' id='word_1_459' title='bbox 2370 1903 2492 1958; x_wconf 78' lang='grc' dir='ltr'><strong>οὐτε</strong></span> <span class='ocrx_word' id='word_1_460' title='bbox 2522 1907 2615 1959; x_wconf 77' lang='grc' dir='ltr'><strong>καὶ</strong></span> <span class='ocrx_word' id='word_1_461' title='bbox 2638 1907 2977 1975; x_wconf 76' lang='grc' dir='ltr'><strong>ἐλπίσαντοςο</strong></span> <span class='ocrx_word' id='word_1_462' title='bbox 3008 1914 3264 1971; x_wconf 81' lang='grc' dir='ltr'><strong>τοιούτων</strong></span> <span class='ocrx_word' id='word_1_463' title='bbox 3294 1921 3604 1990; x_wconf 79' lang='grc' dir='ltr'><strong>ἐφάπτεσθαι</strong></span> <span class='ocrx_word' id='word_1_464' title='bbox 3631 1926 3723 1997; x_wconf 79' lang='grc' dir='ltr'><strong>μέλ-</strong></span> 
     </span>
    </p>
   </div>
   <div class='ocr_carea' id='block_1_65' title="bbox 2210 1993 3726 2086">
    <p class='ocr_par' dir='ltr' id='par_1_65' title="bbox 2210 1993 3726 2086">
     <span class='ocr_line' id='line_1_65' title="bbox 2210 1993 3726 2086; baseline 0.017 -40"><span class='ocrx_word' id='word_1_465' title='bbox 2210 1993 2336 2061; x_wconf 85' lang='grc' dir='ltr'><strong>λων,</strong></span> <span class='ocrx_word' id='word_1_466' title='bbox 2392 1998 2585 2069; x_wconf 84' lang='grc' dir='ltr'><strong>μικρὸς</strong></span> <span class='ocrx_word' id='word_1_467' title='bbox 2634 1999 2709 2053; x_wconf 87' lang='grc' dir='ltr'><strong>ῶν</strong></span> <span class='ocrx_word' id='word_1_468' title='bbox 2752 2003 2844 2056; x_wconf 74' lang='grc' dir='ltr'><strong>καὶ</strong></span> <span class='ocrx_word' id='word_1_469' title='bbox 2875 2003 3033 2069; x_wconf 76' lang='grc' dir='ltr'><strong>ἄνους</strong></span> <span class='ocrx_word' id='word_1_470' title='bbox 3078 2009 3377 2077; x_wconf 82' lang='grc' dir='ltr'><strong>παντελῶς,</strong></span> <span class='ocrx_word' id='word_1_471' title='bbox 3407 2015 3502 2068; x_wconf 85' lang='grc' dir='ltr'><strong>οὐκ</strong></span> <span class='ocrx_word' id='word_1_472' title='bbox 3539 1993 3726 2086; x_wconf 73' lang='grc' dir='ltr'><strong>εὐλόγως</strong></span> 
     </span>
    </p>
   </div>
   <div class='ocr_carea' id='block_1_66' title="bbox 2211 2084 3722 2175">
    <p class='ocr_par' dir='ltr' id='par_1_66' title="bbox 2211 2084 3722 2175">
     <span class='ocr_line' id='line_1_66' title="bbox 2211 2084 3722 2175; baseline 0.018 -40"><span class='ocrx_word' id='word_1_473' title='bbox 2211 2084 2508 2175; x_wconf 76' lang='grc' dir='ltr'><strong>ἀναδύομαί</strong></span> <span class='ocrx_word' id='word_1_474' title='bbox 2535 2105 2594 2140; x_wconf 89' lang='grc' dir='ltr'><strong>τε</strong></span> <span class='ocrx_word' id='word_1_475' title='bbox 2621 2090 2715 2142; x_wconf 78' lang='grc' dir='ltr'><strong>καὶ</strong></span> <span class='ocrx_word' id='word_1_476' title='bbox 2752 2091 2896 2146; x_wconf 83' lang='grc' dir='ltr'><strong>ὀκνῶ</strong></span> <span class='ocrx_word' id='word_1_477' title='bbox 2937 2096 3030 2149; x_wconf 81' lang='grc' dir='ltr'><strong>καὶ</strong></span> <span class='ocrx_word' id='word_1_478' title='bbox 3071 2099 3213 2154; x_wconf 80' lang='grc' dir='ltr'><strong>ἑκὼν</strong></span> <span class='ocrx_word' id='word_1_479' title='bbox 3245 2097 3394 2157; x_wconf 72' lang='grc' dir='ltr'><strong>εἶναι</strong></span> <span class='ocrx_word' id='word_1_480' title='bbox 3433 2107 3617 2160; x_wconf 79' lang='grc' dir='ltr'><strong>σιωπῶ.</strong></span> <span class='ocrx_word' id='word_1_481' title='bbox 3637 2084 3722 2175; x_wconf 56' lang='grc' dir='ltr'><strong>Καὶ</strong></span> 
     </span>
    </p>
   </div>
   <div class='ocr_carea' id='block_1_67' title="bbox 2209 2173 3722 2265">
    <p class='ocr_par' dir='ltr' id='par_1_67' title="bbox 2209 2173 3722 2265">
     <span class='ocr_line' id='line_1_67' title="bbox 2209 2173 3722 2265; baseline 0.017 -40"><span class='ocrx_word' id='word_1_482' title='bbox 2209 2173 2343 2244; x_wconf 86' lang='grc' dir='ltr'><strong>δῆτα</strong></span> <span class='ocrx_word' id='word_1_483' title='bbox 2366 2175 2466 2246; x_wconf 83' lang='grc' dir='ltr'><strong>τὴν</strong></span> <span class='ocrx_word' id='word_1_484' title='bbox 2490 2178 2714 2249; x_wconf 78' lang='grc' dir='ltr'><strong>ἡσυχίαν</strong></span> <span class='ocrx_word' id='word_1_485' title='bbox 2753 2180 2905 2249; x_wconf 78' lang='grc' dir='ltr'><strong>ἄγειν</strong></span> <span class='ocrx_word' id='word_1_486' title='bbox 2943 2185 3186 2256; x_wconf 77' lang='grc' dir='ltr'><strong>ἀσφαλές</strong></span> <span class='ocrx_word' id='word_1_487' title='bbox 3228 2209 3322 2261; x_wconf 91' lang='grc' dir='ltr'><strong>μοι</strong></span> <span class='ocrx_word' id='word_1_488' title='bbox 3372 2173 3722 2265; x_wconf 65' lang='grc' dir='ltr'><strong>καταφαίνεται,</strong></span> 
     </span>
    </p>
   </div>
   <div class='ocr_carea' id='block_1_68' title="bbox 2214 2265 3724 2357">
    <p class='ocr_par' dir='ltr' id='par_1_68' title="bbox 2214 2265 3724 2357">
     <span class='ocr_line' id='line_1_68' title="bbox 2214 2265 3724 2357; baseline 0.011 -34"><span class='ocrx_word' id='word_1_489' title='bbox 2214 2265 2286 2357; x_wconf 63' lang='grc' dir='ltr'><strong>μή</strong></span> <span class='ocrx_word' id='word_1_490' title='bbox 2311 2284 2386 2338; x_wconf 89' lang='grc' dir='ltr'><strong>πη</strong></span> <span class='ocrx_word' id='word_1_491' title='bbox 2416 2272 2683 2340; x_wconf 85' lang='grc' dir='ltr'><strong>προφάσει</strong></span> <span class='ocrx_word' id='word_1_492' title='bbox 2712 2273 2810 2344; x_wconf 78' lang='grc' dir='ltr'><strong>μὲν</strong></span> <span class='ocrx_word' id='word_1_493' title='bbox 2845 2276 3207 2347; x_wconf 82' lang='grc' dir='ltr'><strong>εὐχαριστίας,</strong></span> <span class='ocrx_word' id='word_1_494' title='bbox 3239 2281 3350 2339; x_wconf 75' lang='grc' dir='ltr'><strong>ὑπὸ</strong></span> <span class='ocrx_word' id='word_1_495' title='bbox 3372 2283 3428 2336; x_wconf 85' lang='grc' dir='ltr'><strong>δὲ</strong></span> <span class='ocrx_word' id='word_1_496' title='bbox 3455 2289 3724 2357; x_wconf 69' lang='grc' dir='ltr'><strong>προπετείας</strong></span> 
     </span>
    </p>
   </div>
   <div class='ocr_carea' id='block_1_69' title="bbox 2212 2353 3723 2445">
    <p class='ocr_par' dir='ltr' id='par_1_69' title="bbox 2212 2353 3723 2445">
     <span class='ocr_line' id='line_1_69' title="bbox 2212 2353 3723 2445; baseline 0.014 -39"><span class='ocrx_word' id='word_1_497' title='bbox 2212 2353 2340 2420; x_wconf 75' lang='grc' dir='ltr'><strong>ἴσως</strong></span> <span class='ocrx_word' id='word_1_498' title='bbox 2387 2359 2515 2429; x_wconf 77' lang='grc' dir='ltr'><strong>περὶ</strong></span> <span class='ocrx_word' id='word_1_499' title='bbox 2562 2361 2774 2432; x_wconf 83' lang='grc' dir='ltr'><strong>σεμνῶν</strong></span> <span class='ocrx_word' id='word_1_500' title='bbox 2803 2364 2897 2418; x_wconf 81' lang='grc' dir='ltr'><strong>καὶ</strong></span> <span class='ocrx_word' id='word_1_501' title='bbox 2926 2365 3085 2436; x_wconf 79' lang='grc' dir='ltr'><strong>ἱερῶν</strong></span> <span class='ocrx_word' id='word_1_502' title='bbox 3128 2367 3345 2440; x_wconf 80' lang='grc' dir='ltr'><strong>ἀσεμνά</strong></span> <span class='ocrx_word' id='word_1_503' title='bbox 3367 2388 3428 2424; x_wconf 83' lang='grc' dir='ltr'><strong>τε</strong></span> <span class='ocrx_word' id='word_1_504' title='bbox 3467 2353 3555 2428; x_wconf 75' lang='grc' dir='ltr'><strong>καὶ</strong></span> <span class='ocrx_word' id='word_1_505' title='bbox 3577 2374 3723 2445; x_wconf 81' lang='grc' dir='ltr'><strong>εὐτελῆ</strong></span> 
     </span>
    </p>
   </div>
   <div class='ocr_carea' id='block_1_70' title="bbox 2208 2445 3726 2535">
    <p class='ocr_par' dir='ltr' id='par_1_70' title="bbox 2208 2445 3726 2535">
     <span class='ocr_line' id='line_1_70' title="bbox 2208 2445 3726 2535; baseline 0.014 -36"><span class='ocrx_word' id='word_1_506' title='bbox 2208 2445 2304 2500; x_wconf 79' lang='grc' dir='ltr'><strong>καὶ</strong></span> <span class='ocrx_word' id='word_1_507' title='bbox 2340 2455 2844 2526; x_wconf 83' lang='grc' dir='ltr'><strong>καταπεπατημένα</strong></span> <span class='ocrx_word' id='word_1_508' title='bbox 2877 2456 3087 2522; x_wconf 83' lang='grc' dir='ltr'><strong>διεξιὼν</strong></span> <span class='ocrx_word' id='word_1_509' title='bbox 3105 2499 3121 2524; x_wconf 92' lang='grc'><strong>,</strong></span> <span class='ocrx_word' id='word_1_510' title='bbox 3146 2461 3208 2513; x_wconf 88' lang='grc' dir='ltr'><strong>οὐ</strong></span> <span class='ocrx_word' id='word_1_511' title='bbox 3245 2462 3412 2532; x_wconf 86' lang='grc' dir='ltr'><strong>μόνον</strong></span> <span class='ocrx_word' id='word_1_512' title='bbox 3430 2464 3524 2519; x_wconf 87' lang='grc' dir='ltr'><strong>οὐκ</strong></span> <span class='ocrx_word' id='word_1_513' title='bbox 3541 2467 3726 2535; x_wconf 76' lang='grc' dir='ltr'><strong>ὲφικνῶ-</strong></span> 
     </span>
    </p>
   </div>
   <div class='ocr_carea' id='block_1_71' title="bbox 2211 2537 3723 2625">
    <p class='ocr_par' dir='ltr' id='par_1_71' title="bbox 2211 2537 3723 2625">
     <span class='ocr_line' id='line_1_71' title="bbox 2211 2537 3723 2625; baseline 0.015 -36"><span class='ocrx_word' id='word_1_514' title='bbox 2211 2554 2308 2606; x_wconf 86' lang='grc' dir='ltr'><strong>μαι</strong></span> <span class='ocrx_word' id='word_1_515' title='bbox 2339 2537 2441 2608; x_wconf 84' lang='grc' dir='ltr'><strong>τῆς</strong></span> <span class='ocrx_word' id='word_1_516' title='bbox 2468 2539 2742 2612; x_wconf 82' lang='grc' dir='ltr'><strong>ἀληθείας,</strong></span> <span class='ocrx_word' id='word_1_517' title='bbox 2791 2545 2926 2600; x_wconf 85' lang='grc' dir='ltr'><strong>ἀλλά</strong></span> <span class='ocrx_word' id='word_1_518' title='bbox 2959 2548 3053 2601; x_wconf 77' lang='grc' dir='ltr'><strong>καὶ</strong></span> <span class='ocrx_word' id='word_1_519' title='bbox 3081 2549 3334 2623; x_wconf 83' lang='grc' dir='ltr'><strong>καθαιρῶ</strong></span> <span class='ocrx_word' id='word_1_520' title='bbox 3380 2572 3463 2623; x_wconf 86' lang='grc' dir='ltr'><strong>τι,</strong></span> <span class='ocrx_word' id='word_1_521' title='bbox 3491 2555 3548 2610; x_wconf 83' lang='grc' dir='ltr'><strong>τό</strong></span> <span class='ocrx_word' id='word_1_522' title='bbox 3583 2573 3634 2625; x_wconf 83' lang='grc' dir='ltr'><strong>γε</strong></span> <span class='ocrx_word' id='word_1_523' title='bbox 3660 2559 3723 2610; x_wconf 75' lang='grc' dir='ltr'><strong>ἐπ’</strong></span> 
     </span>
    </p>
   </div>
   <div class='ocr_carea' id='block_1_72' title="bbox 2208 2630 3724 2710">
    <p class='ocr_par' dir='ltr' id='par_1_72' title="bbox 2208 2630 3724 2710">
     <span class='ocr_line' id='line_1_72' title="bbox 2208 2630 3724 2710; baseline 0.014 -29"><span class='ocrx_word' id='word_1_524' title='bbox 2208 2630 2348 2701; x_wconf 75' lang='grc' dir='ltr'><strong>ἐμοὶ,</strong></span> <span class='ocrx_word' id='word_1_525' title='bbox 2379 2633 2528 2703; x_wconf 87' lang='grc' dir='ltr'><strong>παρά</strong></span> <span class='ocrx_word' id='word_1_526' title='bbox 2555 2637 2669 2699; x_wconf 89' lang='grc' dir='ltr'><strong>τοῖς</strong></span> <span class='ocrx_word' id='word_1_527' title='bbox 2708 2635 2879 2701; x_wconf 76' lang='grc' dir='ltr'><strong>οὕτως</strong></span> <span class='ocrx_word' id='word_1_528' title='bbox 2926 2638 3068 2710; x_wconf 78' lang='grc' dir='ltr'><strong>ἔχειν</strong></span> <span class='ocrx_word' id='word_1_529' title='bbox 3107 2644 3474 2710; x_wconf 80' lang='grc' dir='ltr'><strong>πιστεύουσιν,</strong></span> <span class='ocrx_word' id='word_1_530' title='bbox 3506 2647 3573 2710; x_wconf 81' lang='grc' dir='ltr'><strong>ὡς</strong></span> <span class='ocrx_word' id='word_1_531' title='bbox 3602 2647 3724 2701; x_wconf 79' lang='grc' dir='ltr'><strong>ἀσθε-</strong></span> 
     </span>
    </p>
   </div>
   <div class='ocr_carea' id='block_1_73' title="bbox 2207 2720 3727 2812">
    <p class='ocr_par' dir='ltr' id='par_1_73' title="bbox 2207 2720 3727 2812">
     <span class='ocr_line' id='line_1_73' title="bbox 2207 2720 3727 2812; baseline 0.015 -40"><span class='ocrx_word' id='word_1_532' title='bbox 2207 2720 2301 2791; x_wconf 82' lang='grc' dir='ltr'><strong>νὴς</strong></span> <span class='ocrx_word' id='word_1_533' title='bbox 2329 2720 2404 2774; x_wconf 86' lang='grc' dir='ltr'><strong>ὢν</strong></span> <span class='ocrx_word' id='word_1_534' title='bbox 2433 2723 2462 2774; x_wconf 86' lang='grc' dir='ltr'>ὁ</span> <span class='ocrx_word' id='word_1_535' title='bbox 2489 2723 2661 2794; x_wconf 85' lang='grc' dir='ltr'><strong>λόγος,</strong></span> <span class='ocrx_word' id='word_1_536' title='bbox 2698 2729 3059 2802; x_wconf 78' lang='grc' dir='ltr'><strong>περιυϐρίζων</strong></span> <span class='ocrx_word' id='word_1_537' title='bbox 3093 2734 3314 2804; x_wconf 81' lang='grc' dir='ltr'><strong>μᾶλλον,</strong></span> <span class='ocrx_word' id='word_1_538' title='bbox 3339 2739 3481 2811; x_wconf 78' lang='grc' dir='ltr'><strong>ἥπερ</strong></span> <span class='ocrx_word' id='word_1_539' title='bbox 3507 2738 3727 2812; x_wconf 76' lang='grc' dir='ltr'><strong>ἐξομοιού-</strong></span> 
     </span>
    </p>
   </div>
   <div class='ocr_carea' id='block_1_74' title="bbox 2207 2815 3724 2892">
    <p class='ocr_par' dir='ltr' id='par_1_74' title="bbox 2207 2815 3724 2892">
     <span class='ocr_line' id='line_1_74' title="bbox 2207 2815 3724 2892; baseline 0.013 -27"><span class='ocrx_word' id='word_1_540' title='bbox 2207 2829 2367 2883; x_wconf 86' lang='grc' dir='ltr'><strong>μενος</strong></span> <span class='ocrx_word' id='word_1_541' title='bbox 2393 2817 2505 2879; x_wconf 87' lang='grc' dir='ltr'><strong>τοῖς</strong></span> <span class='ocrx_word' id='word_1_542' title='bbox 2526 2815 2704 2888; x_wconf 80' lang='grc' dir='ltr'><strong>ἔργοις</strong></span> <span class='ocrx_word' id='word_1_543' title='bbox 2731 2823 2797 2891; x_wconf 80' lang='grc' dir='ltr'><strong>τῇ</strong></span> <span class='ocrx_word' id='word_1_544' title='bbox 2829 2821 3082 2892; x_wconf 85' lang='grc' dir='ltr'><strong>δυνάμει,</strong></span> <span class='ocrx_word' id='word_1_545' title='bbox 3118 2826 3549 2886; x_wconf 85' lang='grc' dir='ltr'><strong>ὐποτυπώσεται.</strong></span> <span class='ocrx_word' id='word_1_546' title='bbox 3575 2830 3724 2884; x_wconf 75' lang='grc' dir='ltr'><strong>Καίτοι</strong></span> 
     </span>
    </p>
   </div>
   <div class='ocr_carea' id='block_1_75' title="bbox 2204 2905 3726 2994">
    <p class='ocr_par' dir='ltr' id='par_1_75' title="bbox 2204 2905 3726 2994">
     <span class='ocr_line' id='line_1_75' title="bbox 2204 2905 3726 2994; baseline 0.014 -38"><span class='ocrx_word' id='word_1_547' title='bbox 2204 2905 2294 2994; x_wconf 15' lang='grc' dir='ltr'><strong>τὰᾲ</strong></span> <span class='ocrx_word' id='word_1_548' title='bbox 2324 2905 2426 2994; x_wconf 82' lang='grc' dir='ltr'><strong>μὲν</strong></span> <span class='ocrx_word' id='word_1_549' title='bbox 2473 2907 2539 2962; x_wconf 85' lang='grc' dir='ltr'><strong>σὰ</strong></span> <span class='ocrx_word' id='word_1_550' title='bbox 2585 2909 2922 2984; x_wconf 84' lang='grc' dir='ltr'><strong>ἀκαθαίρετα</strong></span> <span class='ocrx_word' id='word_1_551' title='bbox 2963 2916 3053 2969; x_wconf 82' lang='grc' dir='ltr'><strong>καί</strong></span> <span class='ocrx_word' id='word_1_552' title='bbox 3096 2917 3418 2989; x_wconf 78' lang='grc' dir='ltr'><strong>ἀνύϐριστα,</strong></span> <span class='ocrx_word' id='word_1_553' title='bbox 3456 2915 3500 2976; x_wconf 79' lang='grc' dir='ltr'><strong>ὦ</strong></span> <span class='ocrx_word' id='word_1_554' title='bbox 3527 2922 3633 2994; x_wconf 84' lang='grc' dir='ltr'><strong>φίλη</strong></span> <span class='ocrx_word' id='word_1_555' title='bbox 3657 2939 3726 2976; x_wconf 70' lang='grc' dir='ltr'><strong>κε·</strong></span> 
     </span>
    </p>
   </div>
   <div class='ocr_carea' id='block_1_76' title="bbox 2205 2992 3723 3082">
    <p class='ocr_par' dir='ltr' id='par_1_76' title="bbox 2205 2992 3723 3082">
     <span class='ocr_line' id='line_1_76' title="bbox 2205 2992 3723 3082; baseline 0.014 -37"><span class='ocrx_word' id='word_1_556' title='bbox 2205 2992 2370 3064; x_wconf 81' lang='grc' dir='ltr'><strong>φαλὴ,</strong></span> <span class='ocrx_word' id='word_1_557' title='bbox 2396 2997 2489 3049; x_wconf 71' lang='grc' dir='ltr'><strong>κα).</strong></span> <span class='ocrx_word' id='word_1_558' title='bbox 2521 2998 2654 3053; x_wconf 81' lang='grc' dir='ltr'><strong>πολὺ</strong></span> <span class='ocrx_word' id='word_1_559' title='bbox 2692 3003 2889 3072; x_wconf 80' lang='grc' dir='ltr'><strong>μᾶλλον</strong></span> <span class='ocrx_word' id='word_1_560' title='bbox 2925 3006 2992 3060; x_wconf 81' lang='grc' dir='ltr'><strong>τὰ</strong></span> <span class='ocrx_word' id='word_1_561' title='bbox 3019 3006 3136 3060; x_wconf 84' lang='grc' dir='ltr'><strong>θεῖα</strong></span> <span class='ocrx_word' id='word_1_562' title='bbox 3171 3009 3406 3079; x_wconf 87' lang='grc' dir='ltr'><strong>μένοντα</strong></span> <span class='ocrx_word' id='word_1_563' title='bbox 3429 3013 3510 3082; x_wconf 76' lang='grc' dir='ltr'><strong>ἐφ’</strong></span> <span class='ocrx_word' id='word_1_564' title='bbox 3540 2992 3723 3077; x_wconf 71' lang='grc' dir='ltr'><strong>ἑαυτῶν,</strong></span> 
     </span>
    </p>
   </div>
   <div class='ocr_carea' id='block_1_77' title="bbox 2202 3081 3724 3173">
    <p class='ocr_par' dir='ltr' id='par_1_77' title="bbox 2202 3081 3724 3173">
     <span class='ocr_line' id='line_1_77' title="bbox 2202 3081 3724 3173; baseline 0.014 -38"><span class='ocrx_word' id='word_1_565' title='bbox 2202 3081 2278 3146; x_wconf 81' lang='grc' dir='ltr'><strong>ὡς</strong></span> <span class='ocrx_word' id='word_1_566' title='bbox 2320 3083 2468 3155; x_wconf 77' lang='grc' dir='ltr'><strong>ἔχει,</strong></span> <span class='ocrx_word' id='word_1_567' title='bbox 2505 3088 2801 3156; x_wconf 87' lang='grc' dir='ltr'><strong>ἀσάλευτα,</strong></span> <span class='ocrx_word' id='word_1_568' title='bbox 2845 3093 2994 3148; x_wconf 81' lang='grc' dir='ltr'><strong>οὐδὲν</strong></span> <span class='ocrx_word' id='word_1_569' title='bbox 3037 3095 3384 3170; x_wconf 86' lang='grc' dir='ltr'><strong>βλαπτόμενα</strong></span> <span class='ocrx_word' id='word_1_570' title='bbox 3419 3081 3518 3157; x_wconf 84' lang='grc' dir='ltr'><strong>ὑπὸ</strong></span> <span class='ocrx_word' id='word_1_571' title='bbox 3541 3102 3634 3157; x_wconf 84' lang='grc' dir='ltr'><strong>τῶν</strong></span> <span class='ocrx_word' id='word_1_572' title='bbox 3655 3120 3724 3173; x_wconf 82' lang='grc' dir='ltr'><strong>μι-</strong></span> 
     </span>
    </p>
   </div>
   <div class='ocr_carea' id='block_1_78' title="bbox 2201 3175 3723 3265">
    <p class='ocr_par' dir='ltr' id='par_1_78' title="bbox 2201 3175 3723 3265">
     <span class='ocr_line' id='line_1_78' title="bbox 2201 3175 3723 3265; baseline 0.014 -38"><span class='ocrx_word' id='word_1_573' title='bbox 2201 3175 2350 3265; x_wconf 21' lang='grc' dir='ltr'><strong>κᾷρῶν</strong></span> <span class='ocrx_word' id='word_1_574' title='bbox 2395 3179 2490 3232; x_wconf 79' lang='grc' dir='ltr'><strong>καὶ</strong></span> <span class='ocrx_word' id='word_1_575' title='bbox 2533 3181 2761 3246; x_wconf 83' lang='grc' dir='ltr'><strong>ἀναξίων</strong></span> <span class='ocrx_word' id='word_1_576' title='bbox 2800 3187 3081 3258; x_wconf 74' lang='grc' dir='ltr'><strong>ἡμετέρων</strong></span> <span class='ocrx_word' id='word_1_577' title='bbox 3129 3189 3305 3260; x_wconf 89' lang='grc' dir='ltr'><strong>λόγων</strong></span> <span class='ocrx_word' id='word_1_578' title='bbox 3325 3210 3340 3223; x_wconf 74' lang='grc' dir='ltr'><strong>ο</strong></span> <span class='ocrx_word' id='word_1_579' title='bbox 3387 3197 3542 3265; x_wconf 80' lang='grc' dir='ltr'><strong>ἡμεῖς</strong></span> <span class='ocrx_word' id='word_1_580' title='bbox 3571 3196 3619 3249; x_wconf 81' lang='grc' dir='ltr'><strong>δὲ</strong></span> <span class='ocrx_word' id='word_1_581' title='bbox 3650 3196 3723 3248; x_wconf 70' lang='grc' dir='ltr'><strong>οὐκ</strong></span> 
     </span>
    </p>
   </div>
   <div class='ocr_carea' id='block_1_79' title="bbox 2200 3261 3721 3353">
    <p class='ocr_par' dir='ltr' id='par_1_79' title="bbox 2200 3261 3721 3353">
     <span class='ocr_line' id='line_1_79' title="bbox 2200 3261 3721 3353; baseline 0.014 -34"><span class='ocrx_word' id='word_1_582' title='bbox 2200 3261 2296 3319; x_wconf 74' lang='grc' dir='ltr'><strong>οἷδ’</strong></span> <span class='ocrx_word' id='word_1_583' title='bbox 2327 3269 2474 3333; x_wconf 83' lang='grc' dir='ltr'><strong>ὅπως</strong></span> <span class='ocrx_word' id='word_1_584' title='bbox 2503 3271 2603 3343; x_wconf 83' lang='grc' dir='ltr'><strong>τὴν</strong></span> <span class='ocrx_word' id='word_1_585' title='bbox 2639 3273 2738 3337; x_wconf 77' lang='grc' dir='ltr'><strong>τῆς</strong></span> <span class='ocrx_word' id='word_1_586' title='bbox 2767 3274 3100 3350; x_wconf 84' lang='grc' dir='ltr'><strong>θρασύτητος</strong></span> <span class='ocrx_word' id='word_1_587' title='bbox 3128 3281 3222 3334; x_wconf 70' lang='grc' dir='ltr'><strong>καὶ</strong></span> <span class='ocrx_word' id='word_1_588' title='bbox 3250 3261 3574 3353; x_wconf 69' lang='grc' dir='ltr'><strong>προπετείας</strong></span> <span class='ocrx_word' id='word_1_589' title='bbox 3603 3285 3721 3352; x_wconf 76' lang='grc' dir='ltr'><strong>δόξαν</strong></span> 
     </span>
    </p>
   </div>
   <div class='ocr_carea' id='block_1_80' title="bbox 2198 3357 3719 3448">
    <p class='ocr_par' dir='ltr' id='par_1_80' title="bbox 2198 3357 3719 3448">
     <span class='ocr_line' id='line_1_80' title="bbox 2198 3357 3719 3448; baseline 0.013 -39"><span class='ocrx_word' id='word_1_590' title='bbox 2198 3357 2616 3448; x_wconf 82' lang='grc' dir='ltr'><strong>διαφευξόμεθα,</strong></span> <span class='ocrx_word' id='word_1_591' title='bbox 2647 3364 3078 3436; x_wconf 72' lang='grc' dir='ltr'><strong>ἐπιπηδήσαντες</strong></span> <span class='ocrx_word' id='word_1_592' title='bbox 3111 3371 3203 3423; x_wconf 84' lang='grc' dir='ltr'><strong>ὐπ’</strong></span> <span class='ocrx_word' id='word_1_593' title='bbox 3235 3373 3446 3442; x_wconf 83' lang='grc' dir='ltr'><strong>ἀνοίας,</strong></span> <span class='ocrx_word' id='word_1_594' title='bbox 3477 3377 3636 3448; x_wconf 84' lang='grc' dir='ltr'><strong>μικρῷ</strong></span> <span class='ocrx_word' id='word_1_595' title='bbox 3655 3379 3719 3431; x_wconf 71' lang='grc' dir='ltr'><strong>καὶ</strong></span> 
     </span>
    </p>
   </div>
   <div class='ocr_carea' id='block_1_81' title="bbox 2197 3447 3725 3538">
    <p class='ocr_par' dir='ltr' id='par_1_81' title="bbox 2197 3447 3725 3538">
     <span class='ocr_line' id='line_1_81' title="bbox 2197 3447 3725 3538; baseline 0.014 -38"><span class='ocrx_word' id='word_1_596' title='bbox 2197 3447 2273 3518; x_wconf 84' lang='grc' dir='ltr'><strong>νῷ</strong></span> <span class='ocrx_word' id='word_1_597' title='bbox 2301 3450 2393 3502; x_wconf 82' lang='grc' dir='ltr'><strong>καὶ</strong></span> <span class='ocrx_word' id='word_1_598' title='bbox 2419 3457 2760 3525; x_wconf 86' lang='grc' dir='ltr'><strong>παρασκευῇ,</strong></span> <span class='ocrx_word' id='word_1_599' title='bbox 2817 3457 3069 3525; x_wconf 88' lang='grc' dir='ltr'><strong>μεγάλοις</strong></span> <span class='ocrx_word' id='word_1_600' title='bbox 3133 3462 3227 3515; x_wconf 83' lang='grc' dir='ltr'><strong>καὶ</strong></span> <span class='ocrx_word' id='word_1_601' title='bbox 3283 3465 3426 3538; x_wconf 83' lang='grc' dir='ltr'><strong>ὑπὲρ</strong></span> <span class='ocrx_word' id='word_1_602' title='bbox 3460 3447 3725 3538; x_wconf 62' lang='grc' dir='ltr'><strong>ἡμᾱςίοιικ</strong></span> 
     </span>
    </p>
   </div>
   <div class='ocr_carea' id='block_1_82' title="bbox 2199 3540 3721 3621">
    <p class='ocr_par' dir='ltr' id='par_1_82' title="bbox 2199 3540 3721 3621">
     <span class='ocr_line' id='line_1_82' title="bbox 2199 3540 3721 3621; baseline 0.016 -30"><span class='ocrx_word' id='word_1_603' title='bbox 2199 3540 2504 3611; x_wconf 87' lang='grc' dir='ltr'><strong>πράγμασι.</strong></span> <span class='ocrx_word' id='word_1_604' title='bbox 2541 3545 2650 3596; x_wconf 77' lang='grc' dir='ltr'><strong>Καὶ</strong></span> <span class='ocrx_word' id='word_1_605' title='bbox 2681 3548 2730 3599; x_wconf 87' lang='grc' dir='ltr'><strong>εί</strong></span> <span class='ocrx_word' id='word_1_606' title='bbox 2776 3549 2872 3616; x_wconf 84' lang='grc' dir='ltr'><strong>μὲν</strong></span> <span class='ocrx_word' id='word_1_607' title='bbox 2900 3547 3152 3621; x_wconf 84' lang='grc' dir='ltr'><strong>ἀλλαχόθι</strong></span> <span class='ocrx_word' id='word_1_608' title='bbox 3199 3571 3305 3607; x_wconf 86' lang='grc' dir='ltr'><strong>που</strong></span> <span class='ocrx_word' id='word_1_609' title='bbox 3350 3559 3445 3610; x_wconf 82' lang='grc' dir='ltr'><strong>καὶ</strong></span> <span class='ocrx_word' id='word_1_610' title='bbox 3484 3560 3564 3612; x_wconf 81' lang='grc' dir='ltr'><strong>ἐπ’</strong></span> <span class='ocrx_word' id='word_1_611' title='bbox 3588 3558 3721 3614; x_wconf 74' lang='grc' dir='ltr'><strong>ἀλλων</strong></span> 
     </span>
    </p>
   </div>
   <div class='ocr_carea' id='block_1_83' title="bbox 2195 3625 3719 3721">
    <p class='ocr_par' dir='ltr' id='par_1_83' title="bbox 2195 3625 3719 3721">
     <span class='ocr_line' id='line_1_83' title="bbox 2195 3625 3719 3721; baseline 0.013 -36"><span class='ocrx_word' id='word_1_612' title='bbox 2195 3633 2418 3688; x_wconf 80' lang='grc' dir='ltr'><strong>τοιαῦτα</strong></span> <span class='ocrx_word' id='word_1_613' title='bbox 2460 3625 2914 3710; x_wconf 77' lang='grc' dir='ltr'><strong>προεθυμήθημεν</strong></span> <span class='ocrx_word' id='word_1_614' title='bbox 2947 3644 3381 3714; x_wconf 85' lang='grc' dir='ltr'><strong>νεανιεύσασθαι,</strong></span> <span class='ocrx_word' id='word_1_615' title='bbox 3423 3649 3624 3721; x_wconf 58' lang='grc' dir='ltr'><strong>θρασεξ</strong></span> <span class='ocrx_word' id='word_1_616' title='bbox 3649 3648 3719 3719; x_wconf 75' lang='grc' dir='ltr'><strong>μὲν</strong></span> 
     </span>
    </p>
   </div>
   <div class='ocr_carea' id='block_1_84' title="bbox 2196 3725 3721 3814">
    <p class='ocr_par' dir='ltr' id='par_1_84' title="bbox 2196 3725 3721 3814">
     <span class='ocr_line' id='line_1_84' title="bbox 2196 3725 3721 3814; baseline 0.01 -36"><span class='ocrx_word' id='word_1_617' title='bbox 2196 3727 2289 3779; x_wconf 77' lang='grc' dir='ltr'><strong>καὶ</strong></span> <span class='ocrx_word' id='word_1_618' title='bbox 2321 3726 2492 3792; x_wconf 77' lang='grc' dir='ltr'><strong>οὕτως</strong></span> <span class='ocrx_word' id='word_1_619' title='bbox 2513 3725 2654 3800; x_wconf 81' lang='grc' dir='ltr'><strong>ἦμεν</strong></span> <span class='ocrx_word' id='word_1_620' title='bbox 2682 3733 2772 3785; x_wconf 74' lang='grc' dir='ltr'><strong>καὶ</strong></span> <span class='ocrx_word' id='word_1_621' title='bbox 2797 3733 3052 3806; x_wconf 86' lang='grc' dir='ltr'><strong>τολμηροί</strong></span> <span class='ocrx_word' id='word_1_622' title='bbox 3073 3755 3233 3802; x_wconf 88' lang='grc' dir='ltr'><strong>τινες·</strong></span> <span class='ocrx_word' id='word_1_623' title='bbox 3261 3740 3326 3793; x_wconf 91' lang='grc' dir='ltr'><strong>οὐ</strong></span> <span class='ocrx_word' id='word_1_624' title='bbox 3358 3742 3465 3814; x_wconf 84' lang='grc' dir='ltr'><strong>μὴν</strong></span> <span class='ocrx_word' id='word_1_625' title='bbox 3487 3743 3589 3797; x_wconf 87' lang='grc' dir='ltr'><strong>ἀλλ’</strong></span> <span class='ocrx_word' id='word_1_626' title='bbox 3606 3742 3721 3796; x_wconf 85' lang='grc' dir='ltr'><strong>ἀναί-</strong></span> 
     </span>
    </p>
   </div>
   <div class='ocr_carea' id='block_1_85' title="bbox 2195 3816 3720 3907">
    <p class='ocr_par' dir='ltr' id='par_1_85' title="bbox 2195 3816 3720 3907">
     <span class='ocr_line' id='line_1_85' title="bbox 2195 3816 3720 3907; baseline 0.01 -37"><span class='ocrx_word' id='word_1_627' title='bbox 2195 3816 2313 3871; x_wconf 91' lang='grc' dir='ltr'><strong>δεια</strong></span> <span class='ocrx_word' id='word_1_628' title='bbox 2339 3819 2438 3890; x_wconf 86' lang='grc' dir='ltr'><strong>τῆς</strong></span> <span class='ocrx_word' id='word_1_629' title='bbox 2466 3823 2796 3892; x_wconf 87' lang='grc' dir='ltr'><strong>προπετείας</strong></span> <span class='ocrx_word' id='word_1_630' title='bbox 2819 3827 2990 3893; x_wconf 81' lang='grc' dir='ltr'><strong>αἰτία,</strong></span> <span class='ocrx_word' id='word_1_631' title='bbox 3021 3828 3097 3899; x_wconf 84' lang='grc' dir='ltr'><strong>τῷ</strong></span> <span class='ocrx_word' id='word_1_632' title='bbox 3125 3831 3198 3902; x_wconf 81' lang='grc' dir='ltr'><strong>μὴ</strong></span> <span class='ocrx_word' id='word_1_633' title='bbox 3229 3833 3328 3885; x_wconf 78' lang='grc' dir='ltr'><strong>ἐπὶ</strong></span> <span class='ocrx_word' id='word_1_634' title='bbox 3362 3835 3444 3888; x_wconf 74' lang='grc' dir='ltr'><strong>σοὶ</strong></span> <span class='ocrx_word' id='word_1_635' title='bbox 3469 3833 3720 3907; x_wconf 80' lang='grc' dir='ltr'><strong>(51)ταῦτα</strong></span> 
     </span>
    </p>
   </div>
   <div class='ocr_carea' id='block_1_86' title="bbox 2195 3907 3719 3998">
    <p class='ocr_par' dir='ltr' id='par_1_86' title="bbox 2195 3907 3719 3998">
     <span class='ocr_line' id='line_1_86' title="bbox 2195 3907 3719 3998; baseline 0.016 -38"><span class='ocrx_word' id='word_1_636' title='bbox 2195 3907 2573 3980; x_wconf 86' lang='grc' dir='ltr'><strong>θρασύνεσθαι.</strong></span> <span class='ocrx_word' id='word_1_637' title='bbox 2627 3914 2762 3968; x_wconf 79' lang='grc' dir='ltr'><strong>Νυνὶ</strong></span> <span class='ocrx_word' id='word_1_638' title='bbox 2815 3915 2870 3970; x_wconf 86' lang='grc' dir='ltr'><strong>δὲ</strong></span> <span class='ocrx_word' id='word_1_639' title='bbox 2929 3919 3036 3971; x_wconf 82' lang='grc' dir='ltr'><strong>πᾶν</strong></span> <span class='ocrx_word' id='word_1_640' title='bbox 3075 3919 3148 3988; x_wconf 29' lang='grc' dir='ltr'><strong>τὸ,</strong></span> <span class='ocrx_word' id='word_1_641' title='bbox 3193 3923 3395 3995; x_wconf 83' lang='grc' dir='ltr'><strong>μέτρον</strong></span> <span class='ocrx_word' id='word_1_642' title='bbox 3440 3926 3536 3998; x_wconf 80' lang='grc' dir='ltr'><strong>τῆς</strong></span> <span class='ocrx_word' id='word_1_643' title='bbox 3575 3925 3719 3986; x_wconf 66' lang='grc' dir='ltr'><strong>ἀνοίας</strong></span> 
     </span>
    </p>
   </div>
   <div class='ocr_carea' id='block_1_87' title="bbox 2192 4002 3720 4088">
    <p class='ocr_par' dir='ltr' id='par_1_87' title="bbox 2192 4002 3720 4088">
     <span class='ocr_line' id='line_1_87' title="bbox 2192 4002 3720 4088; baseline 0.009 -35"><span class='ocrx_word' id='word_1_644' title='bbox 2192 4002 2598 4074; x_wconf 86' lang='grc' dir='ltr'><strong>ἀποπλήσομεν,</strong></span> <span class='ocrx_word' id='word_1_645' title='bbox 2633 4006 2666 4076; x_wconf 80' lang='grc' dir='ltr'>ἢ</span> <span class='ocrx_word' id='word_1_646' title='bbox 2699 4008 2792 4061; x_wconf 79' lang='grc' dir='ltr'><strong>καὶ</strong></span> <span class='ocrx_word' id='word_1_647' title='bbox 2827 4009 3220 4083; x_wconf 88' lang='grc' dir='ltr'><strong>ἀπεπλὴσαμεν</strong></span> <span class='ocrx_word' id='word_1_648' title='bbox 3255 4015 3386 4087; x_wconf 70' lang='grc' dir='ltr'><strong>ἤδη,</strong></span> <span class='ocrx_word' id='word_1_649' title='bbox 3419 4017 3720 4088; x_wconf 78' lang='grc' dir='ltr'><strong>ὲπεμόαίνειν</strong></span> 
     </span>
    </p>
   </div>
   <div class='ocr_carea' id='block_1_88' title="bbox 2191 4093 3720 4179">
    <p class='ocr_par' dir='ltr' id='par_1_88' title="bbox 2191 4093 3720 4179">
     <span class='ocr_line' id='line_1_88' title="bbox 2191 4093 3720 4179; baseline 0.01 -35"><span class='ocrx_word' id='word_1_650' title='bbox 2191 4093 2554 4165; x_wconf 86' lang='grc' dir='ltr'><strong>τολμήσαντες</strong></span> <span class='ocrx_word' id='word_1_651' title='bbox 2585 4098 2830 4164; x_wconf 87' lang='grc' dir='ltr'><strong>ἀνίπτοις</strong></span> <span class='ocrx_word' id='word_1_652' title='bbox 2871 4105 2983 4165; x_wconf 89' lang='grc' dir='ltr'><strong>τοῖς</strong></span> <span class='ocrx_word' id='word_1_653' title='bbox 3015 4105 3140 4157; x_wconf 63' lang='grc' dir='ltr'><strong>ποσὶ⁵</strong></span> <span class='ocrx_word' id='word_1_654' title='bbox 3178 4107 3361 4177; x_wconf 80' lang='grc' dir='ltr'><strong>(τοῦτο</strong></span> <span class='ocrx_word' id='word_1_655' title='bbox 3384 4109 3447 4179; x_wconf 85' lang='grc' dir='ltr'><strong>δὴ</strong></span> <span class='ocrx_word' id='word_1_656' title='bbox 3475 4109 3530 4163; x_wconf 84' lang='grc' dir='ltr'><strong>τὸ</strong></span> <span class='ocrx_word' id='word_1_657' title='bbox 3556 4108 3634 4162; x_wconf 79' lang='grc' dir='ltr'><strong>τοῦ</strong></span> <span class='ocrx_word' id='word_1_658' title='bbox 3656 4107 3720 4160; x_wconf 78' lang='grc' dir='ltr'><strong>λό-</strong></span> 
     </span>
    </p>
   </div>
   <div class='ocr_carea' id='block_1_89' title="bbox 2191 4185 3718 4266">
    <p class='ocr_par' dir='ltr' id='par_1_89' title="bbox 2191 4185 3718 4266">
     <span class='ocr_line' id='line_1_89' title="bbox 2191 4185 3718 4266; baseline 0.009 -28"><span class='ocrx_word' id='word_1_659' title='bbox 2191 4185 2310 4258; x_wconf 89' lang='grc' dir='ltr'><strong>γου)</strong></span> <span class='ocrx_word' id='word_1_660' title='bbox 2359 4189 2575 4253; x_wconf 84' lang='grc' dir='ltr'><strong>ἀκοαῖς,</strong></span> <span class='ocrx_word' id='word_1_661' title='bbox 2609 4185 2698 4254; x_wconf 75' lang='grc' dir='ltr'><strong>αἷς</strong></span> <span class='ocrx_word' id='word_1_662' title='bbox 2730 4192 2888 4256; x_wconf 84' lang='grc' dir='ltr'><strong>αὐτὸς</strong></span> <span class='ocrx_word' id='word_1_663' title='bbox 2910 4195 2938 4246; x_wconf 89' lang='grc' dir='ltr'>ὁ</span> <span class='ocrx_word' id='word_1_664' title='bbox 2968 4195 3109 4260; x_wconf 90' lang='grc' dir='ltr'><strong>θεῖος</strong></span> <span class='ocrx_word' id='word_1_665' title='bbox 3146 4198 3316 4266; x_wconf 87' lang='grc' dir='ltr'><strong>Λόγος</strong></span> <span class='ocrx_word' id='word_1_666' title='bbox 3361 4201 3509 4253; x_wconf 80' lang='grc' dir='ltr'><strong>οὐδὲν</strong></span> <span class='ocrx_word' id='word_1_667' title='bbox 3528 4202 3718 4253; x_wconf 78' lang='grc' dir='ltr'><strong>ἐσκεπα-</strong></span> 
     </span>
    </p>
   </div>
   <div class='ocr_carea' id='block_1_90' title="bbox 2193 4279 3714 4362">
    <p class='ocr_par' dir='ltr' id='par_1_90' title="bbox 2193 4279 3714 4362">
     <span class='ocr_line' id='line_1_90' title="bbox 2193 4279 3714 4362; baseline 0.01 -33"><span class='ocrx_word' id='word_1_668' title='bbox 2193 4279 2428 4348; x_wconf 89' lang='grc' dir='ltr'><strong>σμένοις,</strong></span> <span class='ocrx_word' id='word_1_669' title='bbox 2459 4281 2534 4345; x_wconf 86' lang='grc' dir='ltr'><strong>ὡς</strong></span> <span class='ocrx_word' id='word_1_670' title='bbox 2565 4285 2683 4347; x_wconf 84' lang='grc' dir='ltr'><strong>ταῖς</strong></span> <span class='ocrx_word' id='word_1_671' title='bbox 2719 4285 2825 4339; x_wconf 88' lang='grc' dir='ltr'><strong>τῶν</strong></span> <span class='ocrx_word' id='word_1_672' title='bbox 2853 4287 3060 4342; x_wconf 83' lang='grc' dir='ltr'><strong>πολλῶν</strong></span> <span class='ocrx_word' id='word_1_673' title='bbox 3093 4289 3416 4362; x_wconf 85' lang='grc' dir='ltr'><strong>ἀνθρώπων,</strong></span> <span class='ocrx_word' id='word_1_674' title='bbox 3448 4295 3554 4357; x_wconf 86' lang='grc' dir='ltr'><strong>τοῖς</strong></span> <span class='ocrx_word' id='word_1_675' title='bbox 3576 4293 3714 4353; x_wconf 75' lang='grc' dir='ltr'><strong>ποσὶν,</strong></span> 
     </span>
    </p>
   </div>
   <div class='ocr_carea' id='block_1_91' title="bbox 2190 4367 3716 4452">
    <p class='ocr_par' dir='ltr' id='par_1_91' title="bbox 2190 4367 3716 4452">
     <span class='ocr_line' id='line_1_91' title="bbox 2190 4367 3716 4452; baseline 0.007 -31"><span class='ocrx_word' id='word_1_676' title='bbox 2190 4367 2380 4441; x_wconf 85' lang='grc' dir='ltr'><strong>ὥσπερ</strong></span> <span class='ocrx_word' id='word_1_677' title='bbox 2412 4371 2515 4425; x_wconf 82' lang='grc' dir='ltr'><strong>ὑπὸ</strong></span> <span class='ocrx_word' id='word_1_678' title='bbox 2543 4374 2760 4443; x_wconf 82' lang='grc' dir='ltr'><strong>παχέων</strong></span> <span class='ocrx_word' id='word_1_679' title='bbox 2804 4378 2961 4430; x_wconf 85' lang='grc' dir='ltr'><strong>τινῶν</strong></span> <span class='ocrx_word' id='word_1_680' title='bbox 2989 4377 3271 4450; x_wconf 86' lang='grc' dir='ltr'><strong>δερμάτων</strong></span> <span class='ocrx_word' id='word_1_681' title='bbox 3302 4381 3414 4436; x_wconf 86' lang='grc' dir='ltr'><strong>τῶν</strong></span> <span class='ocrx_word' id='word_1_682' title='bbox 3441 4385 3716 4452; x_wconf 82' lang='grc' dir='ltr'><strong>αἰνιγματω-</strong></span> 
     </span>
    </p>
   </div>
   <div class='ocr_carea' id='block_1_92' title="bbox 524 4459 2101 4544">
    <p class='ocr_par' dir='ltr' id='par_1_92' title="bbox 524 4459 2086 4535">
     <span class='ocr_line' id='line_1_92' title="bbox 524 4459 2086 4535; baseline 0.003 -20"><span class='ocrx_word' id='word_1_683' title='bbox 524 4459 705 4530; x_wconf 88' lang='lat' dir='ltr'><strong>ipsum</strong></span> <span class='ocrx_word' id='word_1_684' title='bbox 735 4461 993 4530; x_wconf 80' lang='lat' dir='ltr'><strong>Verbum,</strong></span> <span class='ocrx_word' id='word_1_685' title='bbox 1020 4479 1130 4518; x_wconf 87' lang='lat' dir='ltr'><strong>non</strong></span> <span class='ocrx_word' id='word_1_686' title='bbox 1157 4465 1331 4529; x_wconf 91' lang='lat' dir='ltr'><strong>tectis,</strong></span> <span class='ocrx_word' id='word_1_687' title='bbox 1369 4471 1429 4518; x_wconf 90' lang='lat' dir='ltr'><strong>ut</strong></span> <span class='ocrx_word' id='word_1_688' title='bbox 1456 4463 1597 4533; x_wconf 88' lang='lat' dir='ltr'><strong>apud</strong></span> <span class='ocrx_word' id='word_1_689' title='bbox 1624 4464 1769 4535; x_wconf 88' lang='lat' dir='ltr'><strong>vulgi</strong></span> <span class='ocrx_word' id='word_1_690' title='bbox 1807 4465 2086 4520; x_wconf 90' lang='lat' dir='ltr'><strong>hominum</strong></span> 
     </span>
    </p>
   </div>
   <div class='ocr_carea' id='block_1_93' title="bbox 2204 4459 3716 4544">
    <p class='ocr_par' dir='ltr' id='par_1_93' title="bbox 2204 4461 3716 4544">
     <span class='ocr_line' id='line_1_93' title="bbox 2204 4461 3716 4544; baseline 0.006 -29"><span class='ocrx_word' id='word_1_691' title='bbox 2204 4461 2295 4515; x_wconf 64' lang='grc' dir='ltr'><strong>δῶν</strong></span> <span class='ocrx_word' id='word_1_692' title='bbox 2344 4463 2437 4517; x_wconf 74' lang='grc' dir='ltr'><strong>καὶ</strong></span> <span class='ocrx_word' id='word_1_693' title='bbox 2467 4465 2689 4534; x_wconf 82' lang='grc' dir='ltr'><strong>ἀσαφῶν</strong></span> <span class='ocrx_word' id='word_1_694' title='bbox 2720 4466 2828 4538; x_wconf 71' lang='grc'>(52)</span> <span class='ocrx_word' id='word_1_695' title='bbox 2857 4468 3074 4535; x_wconf 78' lang='grc' dir='ltr'><strong>λέξεων,</strong></span> <span class='ocrx_word' id='word_1_696' title='bbox 3125 4471 3260 4526; x_wconf 82' lang='grc' dir='ltr'><strong>ἀλλὰ</strong></span> <span class='ocrx_word' id='word_1_697' title='bbox 3283 4476 3510 4544; x_wconf 88' lang='grc' dir='ltr'><strong>γυμνοῖς</strong></span> <span class='ocrx_word' id='word_1_698' title='bbox 3541 4473 3632 4544; x_wconf 86' lang='grc' dir='ltr'><strong>(ὠς</strong></span> <span class='ocrx_word' id='word_1_699' title='bbox 3667 4471 3716 4524; x_wconf 77' lang='grc' dir='ltr'><strong>ἂν</strong></span> 
     </span>
    </p>
   </div>
   <div class='ocr_carea' id='block_1_94' title="bbox 521 4552 2086 4626">
    <p class='ocr_par' dir='ltr' id='par_1_94' title="bbox 521 4552 2086 4626">
     <span class='ocr_line' id='line_1_94' title="bbox 521 4552 2086 4626; baseline 0.006 -23"><span class='ocrx_word' id='word_1_700' title='bbox 521 4565 717 4616; x_wconf 89' lang='lat' dir='ltr'><strong>aures,</strong></span> <span class='ocrx_word' id='word_1_701' title='bbox 775 4552 1001 4623; x_wconf 91' lang='lat' dir='ltr'><strong>pedibus</strong></span> <span class='ocrx_word' id='word_1_702' title='bbox 1047 4562 1303 4624; x_wconf 89' lang='lat' dir='ltr'><strong>tanquam</strong></span> <span class='ocrx_word' id='word_1_703' title='bbox 1353 4554 1457 4609; x_wconf 91' lang='lat' dir='ltr'><strong>sub</strong></span> <span class='ocrx_word' id='word_1_704' title='bbox 1507 4553 1706 4610; x_wconf 90' lang='lat' dir='ltr'><strong>crassis</strong></span> <span class='ocrx_word' id='word_1_705' title='bbox 1761 4557 2086 4626; x_wconf 86' lang='lat' dir='ltr'><strong>quibusdam</strong></span> 
     </span>
    </p>
   </div>
   <div class='ocr_carea' id='block_1_95' title="bbox 522 4640 2088 4717">
    <p class='ocr_par' dir='ltr' id='par_1_95' title="bbox 522 4640 2088 4717">
     <span class='ocr_line' id='line_1_95' title="bbox 522 4640 2088 4717; baseline 0.006 -22"><span class='ocrx_word' id='word_1_706' title='bbox 522 4640 986 4711; x_wconf 67' lang='lat' dir='ltr'><strong>aanigmaticarum</strong></span> <span class='ocrx_word' id='word_1_707' title='bbox 1024 4653 1398 4716; x_wconf 90' lang='lat' dir='ltr'><strong>tectarumque</strong></span> <span class='ocrx_word' id='word_1_708' title='bbox 1441 4661 1633 4701; x_wconf 89' lang='lat' dir='ltr'><strong>vocum</strong></span> <span class='ocrx_word' id='word_1_709' title='bbox 1680 4647 1939 4717; x_wconf 90' lang='lat' dir='ltr'><strong>pellibus,</strong></span> <span class='ocrx_word' id='word_1_710' title='bbox 1993 4652 2088 4705; x_wconf 90' lang='lat' dir='ltr'><strong>sed</strong></span> 
     </span>
    </p>
   </div>
   <div class='ocr_carea' id='block_1_96' title="bbox 523 4734 2089 4812">
    <p class='ocr_par' dir='ltr' id='par_1_96' title="bbox 523 4734 2089 4812">
     <span class='ocr_line' id='line_1_96' title="bbox 523 4734 2089 4812; baseline 0.006 -24"><span class='ocrx_word' id='word_1_711' title='bbox 523 4734 708 4803; x_wconf 89' lang='lat' dir='ltr'><strong>nudis,</strong></span> <span class='ocrx_word' id='word_1_712' title='bbox 737 4745 799 4791; x_wconf 89' lang='lat' dir='ltr'><strong>ut</strong></span> <span class='ocrx_word' id='word_1_713' title='bbox 842 4737 986 4796; x_wconf 89' lang='lat' dir='ltr'><strong>dicat</strong></span> <span class='ocrx_word' id='word_1_714' title='bbox 1031 4739 1302 4809; x_wconf 91' lang='lat' dir='ltr'><strong>quispiam</strong></span> <span class='ocrx_word' id='word_1_715' title='bbox 1328 4780 1344 4806; x_wconf 88' lang='lat'><strong>,</strong></span> <span class='ocrx_word' id='word_1_716' title='bbox 1390 4739 1740 4796; x_wconf 91' lang='lat' dir='ltr'><strong>manifestum</strong></span> <span class='ocrx_word' id='word_1_717' title='bbox 1790 4750 1844 4796; x_wconf 91' lang='lat' dir='ltr'><strong>et</strong></span> <span class='ocrx_word' id='word_1_718' title='bbox 1881 4744 2089 4812; x_wconf 73' lang='lat' dir='ltr'><strong>perspio</strong></span> 
     </span>
    </p>
   </div>
   <div class='ocr_carea' id='block_1_97' title="bbox 599 4865 2090 4944">
    <p class='ocr_par' dir='ltr' id='par_1_97' title="bbox 599 4865 2090 4944">
     <span class='ocr_line' id='line_1_97' title="bbox 599 4865 2090 4944; baseline 0.006 -24"><span class='ocrx_word' id='word_1_719' title='bbox 599 4866 711 4938; x_wconf 71' lang='grc'>(48)</span> <span class='ocrx_word' id='word_1_720' title='bbox 741 4867 838 4944; x_wconf 69' lang='grc' dir='ltr'><strong>Μὴ</strong></span> <span class='ocrx_word' id='word_1_721' title='bbox 875 4869 974 4922; x_wconf 78' lang='grc' dir='ltr'><strong>καὶ</strong></span> <span class='ocrx_word' id='word_1_722' title='bbox 1022 4871 1261 4944; x_wconf 66' lang='grc' dir='ltr'><strong>ψυχρὸν</strong></span> <span class='ocrx_word' id='word_1_723' title='bbox 1304 4871 1342 4940; x_wconf 79' lang='grc' dir='ltr'><strong>ἢ</strong></span> <span class='ocrx_word' id='word_1_724' title='bbox 1394 4871 1688 4940; x_wconf 78' lang='grc' dir='ltr'><strong>πέρπερον</strong></span> <span class='ocrx_word' id='word_1_725' title='bbox 1724 4865 1782 4942; x_wconf 73' lang='grc' dir='ltr'><strong>ᾖ.</strong></span> <span class='ocrx_word' id='word_1_726' title='bbox 1817 4871 1906 4944; x_wconf 87' lang='grc' dir='ltr'><strong>Μή</strong></span> <span class='ocrx_word' id='word_1_727' title='bbox 1948 4872 2090 4944; x_wconf 85' lang='lat' dir='ltr'><strong>valet</strong></span> 
     </span>
    </p>
   </div>
   <div class='ocr_carea' id='block_1_98' title="bbox 521 4939 2087 5013">
    <p class='ocr_par' dir='ltr' id='par_1_98' title="bbox 521 4939 2087 5013">
     <span class='ocr_line' id='line_1_98' title="bbox 521 4939 2087 5013; baseline 0.005 -22"><span class='ocrx_word' id='word_1_728' title='bbox 521 4947 580 5013; x_wconf 64' lang='lat' dir='ltr'><strong>ut</strong></span> <span class='ocrx_word' id='word_1_729' title='bbox 629 4954 733 4990; x_wconf 83' lang='lat' dir='ltr'><strong>non</strong></span> <span class='ocrx_word' id='word_1_730' title='bbox 783 4939 956 5013; x_wconf 61' lang='lat' dir='ltr'><strong>dicam</strong></span> <span class='ocrx_word' id='word_1_731' title='bbox 985 4956 1003 4993; x_wconf 92' lang='lat'><strong><em>:</em></strong></span> <span class='ocrx_word' id='word_1_732' title='bbox 1032 4939 1122 4994; x_wconf 87' lang='lat' dir='ltr'><strong>ubi</strong></span> <span class='ocrx_word' id='word_1_733' title='bbox 1181 4944 1232 4996; x_wconf 90' lang='lat' dir='ltr'><strong>id</strong></span> <span class='ocrx_word' id='word_1_734' title='bbox 1281 4939 1424 5012; x_wconf 90' lang='lat' dir='ltr'><strong>quod</strong></span> <span class='ocrx_word' id='word_1_735' title='bbox 1466 4939 1652 5011; x_wconf 86' lang='lat' dir='ltr'><strong>majus</strong></span> <span class='ocrx_word' id='word_1_736' title='bbox 1707 4939 1789 4997; x_wconf 68' lang='lat' dir='ltr'><strong>eat</strong></span> <span class='ocrx_word' id='word_1_737' title='bbox 1834 4939 2087 5013; x_wconf 84' lang='lat' dir='ltr'><strong>quodque</strong></span> 
     </span>
    </p>
   </div>
   <div class='ocr_carea' id='block_1_99' title="bbox 523 5007 2086 5083">
    <p class='ocr_par' dir='ltr' id='par_1_99' title="bbox 523 5007 2086 5083">
     <span class='ocr_line' id='line_1_99' title="bbox 523 5007 2086 5083; baseline 0.004 -19"><span class='ocrx_word' id='word_1_738' title='bbox 523 5009 704 5083; x_wconf 79' lang='lat' dir='ltr'><strong>ipsum</strong></span> <span class='ocrx_word' id='word_1_739' title='bbox 744 5007 1012 5083; x_wconf 73' lang='lat' dir='ltr'><strong>afﬁrmare</strong></span> <span class='ocrx_word' id='word_1_740' title='bbox 1049 5007 1380 5078; x_wconf 77' lang='lat' dir='ltr'><strong>poteramus,</strong></span> <span class='ocrx_word' id='word_1_741' title='bbox 1406 5007 1739 5078; x_wconf 82' lang='lat' dir='ltr'><strong>omittimus,</strong></span> <span class='ocrx_word' id='word_1_742' title='bbox 1771 5022 1828 5067; x_wconf 91' lang='lat' dir='ltr'><strong>ut</strong></span> <span class='ocrx_word' id='word_1_743' title='bbox 1851 5007 1907 5066; x_wconf 79' lang='lat' dir='ltr'><strong>id</strong></span> <span class='ocrx_word' id='word_1_744' title='bbox 1940 5007 2086 5083; x_wconf 82' lang='lat' dir='ltr'><strong>quod</strong></span> 
     </span>
    </p>
   </div>
   <div class='ocr_carea' id='block_1_100' title="bbox 523 5078 2087 5154">
    <p class='ocr_par' dir='ltr' id='par_1_100' title="bbox 523 5078 2087 5154">
     <span class='ocr_line' id='line_1_100' title="bbox 523 5078 2087 5154; baseline 0.005 -23"><span class='ocrx_word' id='word_1_745' title='bbox 523 5078 709 5154; x_wconf 75' lang='lat' dir='ltr'><strong>minus</strong></span> <span class='ocrx_word' id='word_1_746' title='bbox 737 5087 841 5145; x_wconf 87' lang='lat' dir='ltr'><strong>est,</strong></span> <span class='ocrx_word' id='word_1_747' title='bbox 861 5079 1211 5154; x_wconf 72' lang='lat' dir='ltr'><strong>aflirmemus.</strong></span> <span class='ocrx_word' id='word_1_748' title='bbox 1231 5082 1541 5154; x_wconf 78' lang='grc' dir='ltr'><strong>Περπερεία</strong></span> <span class='ocrx_word' id='word_1_749' title='bbox 1562 5083 1827 5154; x_wconf 78' lang='lat' dir='ltr'><strong>Clementi</strong></span> <span class='ocrx_word' id='word_1_750' title='bbox 1852 5078 2087 5139; x_wconf 75' lang='lat' dir='ltr'><strong>Aleian-</strong></span> 
     </span>
    </p>
   </div>
   <div class='ocr_carea' id='block_1_101' title="bbox 523 5148 2088 5228">
    <p class='ocr_par' dir='ltr' id='par_1_101' title="bbox 523 5148 2088 5228">
     <span class='ocr_line' id='line_1_101' title="bbox 523 5148 2088 5228; baseline 0.003 -25"><span class='ocrx_word' id='word_1_751' title='bbox 523 5148 686 5228; x_wconf 72' lang='lat' dir='ltr'><strong>dring</strong></span> <span class='ocrx_word' id='word_1_752' title='bbox 715 5157 800 5204; x_wconf 86' lang='lat' dir='ltr'><strong>est</strong></span> <span class='ocrx_word' id='word_1_753' title='bbox 823 5149 1225 5228; x_wconf 40' lang='lat' dir='ltr'><strong>gallwmapbg,</strong></span> <span class='ocrx_word' id='word_1_754' title='bbox 1255 5148 1635 5228; x_wconf 71' lang='grc' dir='ltr'><strong>περιττότητος</strong></span> <span class='ocrx_word' id='word_1_755' title='bbox 1664 5153 1760 5228; x_wconf 53' lang='grc' dir='ltr'><strong>καὶ</strong></span> <span class='ocrx_word' id='word_1_756' title='bbox 1801 5155 2088 5228; x_wconf 81' lang='grc' dir='ltr'><strong>ἀρχαιότη-</strong></span> 
     </span>
    </p>
   </div>
   <div class='ocr_carea' id='block_1_102' title="bbox 521 5217 2082 5293">
    <p class='ocr_par' dir='ltr' id='par_1_102' title="bbox 521 5217 2082 5293">
     <span class='ocr_line' id='line_1_102' title="bbox 521 5217 2082 5293; baseline 0.005 -21"><span class='ocrx_word' id='word_1_757' title='bbox 521 5235 615 5284; x_wconf 87' lang='grc' dir='ltr'><strong>τος</strong></span> <span class='ocrx_word' id='word_1_758' title='bbox 654 5217 1119 5293; x_wconf 30' lang='grc' dir='ltr'><strong>ἔχωνΑέμφασινξ</strong></span> <span class='ocrx_word' id='word_1_759' title='bbox 1145 5217 1341 5278; x_wconf 78' lang='lat' dir='ltr'><strong>Petrus</strong></span> <span class='ocrx_word' id='word_1_760' title='bbox 1387 5217 1786 5278; x_wconf 77' lang='lat' dir='ltr'><strong>Alexandrinus</strong></span> <span class='ocrx_word' id='word_1_761' title='bbox 1833 5217 1906 5278; x_wconf 61' lang='lat' dir='ltr'><strong>in&quot;</strong></span> <span class='ocrx_word' id='word_1_762' title='bbox 1925 5217 2082 5293; x_wconf 79' lang='lat' dir='ltr'><strong>epist.</strong></span> 
     </span>
    </p>
   </div>
   <div class='ocr_carea' id='block_1_103' title="bbox 524 5289 2083 5380">
    <p class='ocr_par' dir='ltr' id='par_1_103' title="bbox 524 5289 2083 5380">
     <span class='ocr_line' id='line_1_103' title="bbox 524 5289 2083 5380; baseline 0.003 -37"><span class='ocrx_word' id='word_1_763' title='bbox 524 5304 647 5380; x_wconf 53' lang='lat' dir='ltr'><strong>can.</strong></span> <span class='ocrx_word' id='word_1_764' title='bbox 682 5289 1108 5380; x_wconf 28' lang='lat' dir='ltr'><strong>apude‘clericis</strong></span> <span class='ocrx_word' id='word_1_765' title='bbox 1142 5293 1283 5380; x_wconf 65' lang='lat' dir='ltr'><strong>ultro</strong></span> <span class='ocrx_word' id='word_1_766' title='bbox 1311 5295 1377 5348; x_wconf 89' lang='lat' dir='ltr'><strong>ad</strong></span> <span class='ocrx_word' id='word_1_767' title='bbox 1413 5294 1730 5380; x_wconf 68' lang='lat' dir='ltr'><strong>martyrium</strong></span> <span class='ocrx_word' id='word_1_768' title='bbox 1759 5289 2083 5380; x_wconf 51' lang='lat' dir='ltr'><strong>ruentibus:</strong></span> 
     </span>
    </p>
   </div>
   <div class='ocr_carea' id='block_1_104' title="bbox 526 5360 2087 5486">
    <p class='ocr_par' dir='ltr' id='par_1_104' title="bbox 526 5360 2087 5486">
     <span class='ocr_line' id='line_1_104' title="bbox 526 5360 2087 5435; baseline 0.005 -23"><span class='ocrx_word' id='word_1_769' title='bbox 526 5360 656 5412; x_wconf 86' lang='grc' dir='ltr'><strong>Ὅτε</strong></span> <span class='ocrx_word' id='word_1_770' title='bbox 679 5360 736 5412; x_wconf 84' lang='grc' dir='ltr'><strong>δὲ</strong></span> <span class='ocrx_word' id='word_1_771' title='bbox 766 5360 996 5415; x_wconf 73' lang='grc' dir='ltr'><strong>ἔπαισαν</strong></span> <span class='ocrx_word' id='word_1_772' title='bbox 1023 5360 1099 5424; x_wconf 85' lang='grc' dir='ltr'><strong>ὡς</strong></span> <span class='ocrx_word' id='word_1_773' title='bbox 1139 5363 1205 5416; x_wconf 84' lang='grc' dir='ltr'><strong>ἂν</strong></span> <span class='ocrx_word' id='word_1_774' title='bbox 1236 5381 1302 5415; x_wconf 91' lang='grc' dir='ltr'><strong>πε</strong></span> <span class='ocrx_word' id='word_1_775' title='bbox 1345 5360 1581 5435; x_wconf 86' lang='grc' dir='ltr'><strong>περευσά</strong></span> <span class='ocrx_word' id='word_1_776' title='bbox 1629 5381 1753 5416; x_wconf 86' lang='grc' dir='ltr'><strong>ενοι.</strong></span> <span class='ocrx_word' id='word_1_777' title='bbox 1789 5363 1887 5419; x_wconf 89' lang='lat' dir='ltr'><strong>Ubi</strong></span> <span class='ocrx_word' id='word_1_778' title='bbox 1917 5364 2087 5420; x_wconf 85' lang='lat' dir='ltr'><strong>Zona-</strong></span> 
     </span>
     <span class='ocr_line' id='line_1_105' title="bbox 526 5381 2082 5486; baseline 0.001 -1"><span class='ocrx_word' id='word_1_779' title='bbox 526 5445 658 5485; x_wconf 86' lang='lat' dir='ltr'><strong>ras:</strong></span> <span class='ocrx_word' id='word_1_780' title='bbox 692 5432 1029 5486; x_wconf 84' lang='grc' dir='ltr'><strong>Πεοπεοείαν</strong></span> <span class='ocrx_word' id='word_1_781' title='bbox 1065 5433 1109 5486; x_wconf 87' lang='grc' dir='ltr'><strong>δ’</strong></span> <span class='ocrx_word' id='word_1_782' title='bbox 1143 5381 1373 5486; x_wconf 53' lang='grc' dir='ltr'><strong>ἐνταῦθα</strong></span> <span class='ocrx_word' id='word_1_783' title='bbox 1414 5435 1513 5486; x_wconf 68' lang='grc' dir='ltr'><strong>τὴν</strong></span> <span class='ocrx_word' id='word_1_784' title='bbox 1554 5382 1867 5486; x_wconf 58' lang='grc' dir='ltr'><strong>ἀλαζονείαν</strong></span> <span class='ocrx_word' id='word_1_785' title='bbox 1909 5435 2082 5486; x_wconf 83' lang='grc' dir='ltr'><strong>καλεῖ.</strong></span> 
     </span>
    </p>
   </div>
   <div class='ocr_carea' id='block_1_105' title="bbox 522 5432 2082 5505">
    <p class='ocr_par' dir='ltr' id='par_1_105' title="bbox 522 5432 2082 5505">
     <span class='ocr_line' id='line_1_106' title="bbox 522 5432 2082 5505; baseline 0.003 -20"><span class='ocrx_word' id='word_1_786' title='bbox 522 5445 658 5505; x_wconf 66' lang='lat' dir='ltr'><strong>ras;</strong></span> <span class='ocrx_word' id='word_1_787' title='bbox 692 5432 1029 5505; x_wconf 75' lang='grc' dir='ltr'><strong>Περπερείαν</strong></span> <span class='ocrx_word' id='word_1_788' title='bbox 1065 5433 1109 5486; x_wconf 87' lang='grc' dir='ltr'><strong>δ’</strong></span> <span class='ocrx_word' id='word_1_789' title='bbox 1143 5432 1373 5500; x_wconf 75' lang='grc' dir='ltr'><strong>ἐνταῦθα</strong></span> <span class='ocrx_word' id='word_1_790' title='bbox 1414 5432 1513 5505; x_wconf 79' lang='grc' dir='ltr'><strong>τὴν</strong></span> <span class='ocrx_word' id='word_1_791' title='bbox 1554 5432 1867 5498; x_wconf 69' lang='grc' dir='ltr'><strong>ἀλαζονείαν</strong></span> <span class='ocrx_word' id='word_1_792' title='bbox 1909 5435 2082 5490; x_wconf 84' lang='grc' dir='ltr'><strong>καλεῖ.</strong></span> 
     </span>
    </p>
   </div>
   <div class='ocr_carea' id='block_1_106' title="bbox 525 5498 2086 5574">
    <p class='ocr_par' dir='ltr' id='par_1_106' title="bbox 525 5498 2086 5574">
     <span class='ocr_line' id='line_1_107' title="bbox 525 5498 2086 5574; baseline 0.006 -21"><span class='ocrx_word' id='word_1_793' title='bbox 525 5498 935 5574; x_wconf 69' lang='lat' dir='ltr'><strong>Verbum&#39;illud</strong></span> <span class='ocrx_word' id='word_1_794' title='bbox 982 5518 1092 5574; x_wconf 91' lang='lat' dir='ltr'><strong>quo</strong></span> <span class='ocrx_word' id='word_1_795' title='bbox 1131 5513 1185 5558; x_wconf 90' lang='lat' dir='ltr'><strong>et</strong></span> <span class='ocrx_word' id='word_1_796' title='bbox 1232 5498 1555 5559; x_wconf 82' lang='lat' dir='ltr'><strong>Sirmondus</strong></span> <span class='ocrx_word' id='word_1_797' title='bbox 1607 5513 1660 5559; x_wconf 90' lang='lat' dir='ltr'><strong>et</strong></span> <span class='ocrx_word' id='word_1_798' title='bbox 1700 5505 2086 5562; x_wconf 73' lang='lat' dir='ltr'><strong>llltodomanus</strong></span> 
     </span>
    </p>
   </div>
   <div class='ocr_carea' id='block_1_107' title="bbox 522 5571 2084 5644">
    <p class='ocr_par' dir='ltr' id='par_1_107' title="bbox 522 5571 2084 5644">
     <span class='ocr_line' id='line_1_108' title="bbox 522 5571 2084 5644; baseline 0.003 -18"><span class='ocrx_word' id='word_1_799' title='bbox 522 5571 611 5626; x_wconf 87' lang='lat' dir='ltr'><strong>usi</strong></span> <span class='ocrx_word' id='word_1_800' title='bbox 630 5582 797 5644; x_wconf 74' lang='lat' dir='ltr'><strong>sunt,</strong></span> <span class='ocrx_word' id='word_1_801' title='bbox 830 5571 1015 5643; x_wconf 61' lang='lat' dir='ltr'><strong>futile,</strong></span> <span class='ocrx_word' id='word_1_802' title='bbox 1039 5575 1166 5629; x_wconf 88' lang='lat' dir='ltr'><strong>huic</strong></span> <span class='ocrx_word' id='word_1_803' title='bbox 1208 5574 1329 5630; x_wconf 86' lang='lat' dir='ltr'><strong>loco</strong></span> <span class='ocrx_word' id='word_1_804' title='bbox 1376 5576 1558 5630; x_wconf 88' lang='lat' dir='ltr'><strong>minus</strong></span> <span class='ocrx_word' id='word_1_805' title='bbox 1598 5590 1762 5644; x_wconf 88' lang='lat' dir='ltr'><strong>quam</strong></span> <span class='ocrx_word' id='word_1_806' title='bbox 1803 5575 1924 5631; x_wconf 89' lang='lat' dir='ltr'><strong>aliis</strong></span> <span class='ocrx_word' id='word_1_807' title='bbox 1954 5592 2084 5631; x_wconf 91' lang='lat' dir='ltr'><strong>con-</strong></span> 
     </span>
    </p>
   </div>
   <div class='ocr_carea' id='block_1_108' title="bbox 563 5641 2083 5715">
    <p class='ocr_par' dir='ltr' id='par_1_108' title="bbox 563 5641 2083 5715">
     <span class='ocr_line' id='line_1_109' title="bbox 563 5641 2083 5715; baseline 0.006 -22"><span class='ocrx_word' id='word_1_808' title='bbox 563 5641 672 5715; x_wconf 79' lang='lat' dir='ltr'><strong>ruit</strong></span> <span class='ocrx_word' id='word_1_809' title='bbox 706 5658 718 5692; x_wconf 92' lang='lat'>:</span> <span class='ocrx_word' id='word_1_810' title='bbox 749 5641 964 5715; x_wconf 70' lang='lat' dir='ltr'><strong>mallem</strong></span> <span class='ocrx_word' id='word_1_811' title='bbox 1000 5645 1245 5700; x_wconf 81' lang='lat' dir='ltr'><strong>insolens.</strong></span> <span class='ocrx_word' id='word_1_812' title='bbox 1283 5644 1388 5701; x_wconf 88' lang='lat' dir='ltr'><strong>Sed</strong></span> <span class='ocrx_word' id='word_1_813' title='bbox 1414 5646 1588 5715; x_wconf 81' lang='lat' dir='ltr'><strong>ipsum</strong></span> <span class='ocrx_word' id='word_1_814' title='bbox 1616 5641 1884 5713; x_wconf 64' lang='lat' dir='ltr'><strong>perper-um</strong></span> <span class='ocrx_word' id='word_1_815' title='bbox 1917 5646 2083 5702; x_wconf 83' lang='lat' dir='ltr'><strong>etiam</strong></span> 
     </span>
    </p>
   </div>
   <div class='ocr_carea' id='block_1_109' title="bbox 523 5657 2083 5788">
    <p class='ocr_par' dir='ltr' id='par_1_109' title="bbox 523 5657 2083 5788">
     <span class='ocr_line' id='line_1_110' title="bbox 563 5657 2083 5715; baseline 0.006 -22"><span class='ocrx_word' id='word_1_816' title='bbox 563 5657 672 5695; x_wconf 84' lang='lat' dir='ltr'><strong>l&#39;llll.</strong></span> <span class='ocrx_word' id='word_1_817' title='bbox 706 5658 718 5692; x_wconf 91' lang='lat'><strong>:</strong></span> <span class='ocrx_word' id='word_1_818' title='bbox 749 5657 964 5708; x_wconf 81' lang='lat' dir='ltr'><strong>mallem</strong></span> <span class='ocrx_word' id='word_1_819' title='bbox 1000 5657 1245 5700; x_wconf 81' lang='lat' dir='ltr'><strong>msotens.</strong></span> <span class='ocrx_word' id='word_1_820' title='bbox 1283 5657 1388 5701; x_wconf 59' lang='lat' dir='ltr'><strong>aed</strong></span> <span class='ocrx_word' id='word_1_821' title='bbox 1414 5661 1588 5715; x_wconf 78' lang='lat' dir='ltr'><strong>ipsum</strong></span> <span class='ocrx_word' id='word_1_822' title='bbox 1616 5662 1884 5713; x_wconf 76' lang='lat' dir='ltr'><strong>perperam</strong></span> <span class='ocrx_word' id='word_1_823' title='bbox 1917 5657 2083 5702; x_wconf 77' lang='lat' dir='ltr'><strong>etiam</strong></span> 
     </span>
     <span class='ocr_line' id='line_1_111' title="bbox 523 5657 2083 5788; baseline 0.003 -24"><span class='ocrx_word' id='word_1_824' title='bbox 523 5657 774 5788; x_wconf 63' lang='lat' dir='ltr'><strong>Eatipum</strong></span> <span class='ocrx_word' id='word_1_825' title='bbox 805 5723 907 5768; x_wconf 91' lang='lat' dir='ltr'><strong>est.</strong></span> <span class='ocrx_word' id='word_1_826' title='bbox 933 5713 1161 5788; x_wconf 66' lang='lat' dir='ltr'><strong>Benest.</strong></span> <span class='ocrx_word' id='word_1_827' title='bbox 1180 5745 1248 5755; x_wconf 88' lang='lat'><strong>-—-</strong></span> <span class='ocrx_word' id='word_1_828' title='bbox 1270 5715 1593 5788; x_wconf 80' lang='lat' dir='ltr'><strong>Hesychium</strong></span> <span class='ocrx_word' id='word_1_829' title='bbox 1620 5716 1840 5788; x_wconf 87' lang='lat' dir='ltr'><strong>consule</strong></span> <span class='ocrx_word' id='word_1_830' title='bbox 1861 5731 1912 5788; x_wconf 10' lang='lat' dir='ltr'><strong>v7.</strong></span> <span class='ocrx_word' id='word_1_831' title='bbox 1945 5717 2083 5788; x_wconf 59' lang='grc' dir='ltr'><strong>Περέ</strong></span> 
     </span>
    </p>
   </div>
   <div class='ocr_carea' id='block_1_110' title="bbox 527 5783 2082 5862">
    <p class='ocr_par' dir='ltr' id='par_1_110' title="bbox 527 5783 2082 5862">
     <span class='ocr_line' id='line_1_112' title="bbox 527 5783 2082 5862; baseline 0.005 -27"><span class='ocrx_word' id='word_1_832' title='bbox 527 5783 670 5853; x_wconf 83' lang='grc' dir='ltr'><strong>περᾷ</strong></span> <span class='ocrx_word' id='word_1_833' title='bbox 701 5793 752 5839; x_wconf 85' lang='lat' dir='ltr'><strong>et</strong></span> <span class='ocrx_word' id='word_1_834' title='bbox 785 5786 1209 5858; x_wconf 82' lang='grc' dir='ltr'><strong>περπερεύεται,</strong></span> <span class='ocrx_word' id='word_1_835' title='bbox 1253 5783 1435 5862; x_wconf 79' lang='lat' dir='ltr'><strong>ibique</strong></span> <span class='ocrx_word' id='word_1_836' title='bbox 1479 5786 1731 5844; x_wconf 81' lang='lat' dir='ltr'><strong>adnotata</strong></span> <span class='ocrx_word' id='word_1_837' title='bbox 1765 5786 1831 5843; x_wconf 88' lang='lat' dir='ltr'><strong>cl.</strong></span> <span class='ocrx_word' id='word_1_838' title='bbox 1877 5783 2082 5846; x_wconf 78' lang='lat' dir='ltr'><strong>Alberti</strong></span> 
     </span>
    </p>
   </div>
   <div class='ocr_carea' id='block_1_111' title="bbox 2192 4553 3714 4633">
    <p class='ocr_par' dir='ltr' id='par_1_111' title="bbox 2192 4553 3714 4633">
     <span class='ocr_line' id='line_1_113' title="bbox 2192 4553 3714 4633; baseline 0.007 -27"><span class='ocrx_word' id='word_1_839' title='bbox 2192 4553 2336 4607; x_wconf 80' lang='grc' dir='ltr'><strong>είποι</strong></span> <span class='ocrx_word' id='word_1_840' title='bbox 2364 4554 2489 4626; x_wconf 88' lang='grc' dir='ltr'><strong>τις),</strong></span> <span class='ocrx_word' id='word_1_841' title='bbox 2526 4557 2702 4628; x_wconf 79' lang='grc' dir='ltr'><strong>σαφὴς</strong></span> <span class='ocrx_word' id='word_1_842' title='bbox 2738 4561 2831 4612; x_wconf 76' lang='grc' dir='ltr'><strong>καὶ</strong></span> <span class='ocrx_word' id='word_1_843' title='bbox 2867 4560 3129 4632; x_wconf 77' lang='grc' dir='ltr'><strong>πρόδηλος</strong></span> <span class='ocrx_word' id='word_1_844' title='bbox 3159 4563 3480 4633; x_wconf 73' lang='grc' dir='ltr'><strong>ἐμϐατεύων</strong></span> <span class='ocrx_word' id='word_1_845' title='bbox 3509 4563 3714 4630; x_wconf 76' lang='grc' dir='ltr'><strong>ἐνεπιδη-</strong></span> 
     </span>
    </p>
   </div>
   <div class='ocr_carea' id='block_1_112' title="bbox 2190 4649 3714 4727">
    <p class='ocr_par' dir='ltr' id='par_1_112' title="bbox 2190 4649 3714 4727">
     <span class='ocr_line' id='line_1_114' title="bbox 2190 4649 3714 4727; baseline 0.005 -28"><span class='ocrx_word' id='word_1_846' title='bbox 2190 4650 2300 4717; x_wconf 76' lang='grc' dir='ltr'><strong>μεῖο</strong></span> <span class='ocrx_word' id='word_1_847' title='bbox 2336 4649 2493 4718; x_wconf 81' lang='grc' dir='ltr'><strong>ἡμεῖς</strong></span> <span class='ocrx_word' id='word_1_848' title='bbox 2530 4649 2803 4723; x_wconf 82' lang='grc' dir='ltr'><strong>δὲῶσπερ</strong></span> <span class='ocrx_word' id='word_1_849' title='bbox 2847 4652 3017 4723; x_wconf 75' lang='grc' dir='ltr'><strong>ῥύπον</strong></span> <span class='ocrx_word' id='word_1_850' title='bbox 3048 4655 3080 4724; x_wconf 83' lang='grc' dir='ltr'><strong>ἦ</strong></span> <span class='ocrx_word' id='word_1_851' title='bbox 3119 4655 3284 4727; x_wconf 84' lang='grc' dir='ltr'><strong>πηλόν</strong></span> <span class='ocrx_word' id='word_1_852' title='bbox 3332 4673 3453 4711; x_wconf 87' lang='grc' dir='ltr'><strong>τινα</strong></span> <span class='ocrx_word' id='word_1_853' title='bbox 3499 4657 3612 4719; x_wconf 81' lang='grc' dir='ltr'><strong>τοὺς</strong></span> <span class='ocrx_word' id='word_1_854' title='bbox 3644 4656 3714 4707; x_wconf 79' lang='grc' dir='ltr'><strong>ἀν-</strong></span> 
     </span>
    </p>
   </div>
   <div class='ocr_carea' id='block_1_113' title="bbox 2190 4737 3711 4818">
    <p class='ocr_par' dir='ltr' id='par_1_113' title="bbox 2190 4737 3711 4818">
     <span class='ocr_line' id='line_1_115' title="bbox 2190 4737 3711 4818; baseline 0.007 -27"><span class='ocrx_word' id='word_1_855' title='bbox 2190 4737 2494 4809; x_wconf 79' lang='grc' dir='ltr'><strong>θρωπίνους</strong></span> <span class='ocrx_word' id='word_1_856' title='bbox 2540 4741 2694 4812; x_wconf 84' lang='grc' dir='ltr'><strong>ἡμῶν</strong></span> <span class='ocrx_word' id='word_1_857' title='bbox 2759 4743 2948 4812; x_wconf 88' lang='grc' dir='ltr'><strong>λόγους</strong></span> <span class='ocrx_word' id='word_1_858' title='bbox 3001 4745 3255 4815; x_wconf 80' lang='grc' dir='ltr'><strong>φέροντες</strong></span> <span class='ocrx_word' id='word_1_859' title='bbox 3305 4748 3580 4803; x_wconf 70' lang='grc' dir='ltr'><strong>ἑπαντλεῖν</strong></span> <span class='ocrx_word' id='word_1_860' title='bbox 3626 4744 3711 4818; x_wconf 68' lang='grc'>(55)</span> 
     </span>
    </p>
   </div>
   <div class='ocr_carea' id='block_1_114' title="bbox 2185 4875 2732 4962">
    <p class='ocr_par' dir='ltr' id='par_1_114' title="bbox 2185 4875 2732 4962">
     <span class='ocr_line' id='line_1_116' title="bbox 2185 4875 2732 4962; baseline 0.002 -33"><span class='ocrx_word' id='word_1_861' title='bbox 2185 4875 2570 4962; x_wconf 41' lang='grc' dir='ltr'><strong>ιοφίηξίετριιξς.</strong></span> <span class='ocrx_word' id='word_1_862' title='bbox 2609 4877 2732 4933; x_wconf 76' lang='grc'><strong>945.</strong></span> 
     </span>
    </p>
   </div>
   <div class='ocr_carea' id='block_1_115' title="bbox 2256 4945 3710 5022">
    <p class='ocr_par' dir='ltr' id='par_1_115' title="bbox 2256 4945 3710 5022">
     <span class='ocr_line' id='line_1_117' title="bbox 2256 4945 3710 5022; baseline 0.004 -24"><span class='ocrx_word' id='word_1_863' title='bbox 2256 4945 2367 5017; x_wconf 76' lang='grc'>(49)</span> <span class='ocrx_word' id='word_1_864' title='bbox 2390 4945 2737 5022; x_wconf 52' lang='grc' dir='ltr'><strong>ιζρφῧκειτοἒ</strong></span> <span class='ocrx_word' id='word_1_865' title='bbox 2761 4947 3048 5022; x_wconf 70' lang='lat' dir='ltr'><strong>Bepgelius</strong></span> <span class='ocrx_word' id='word_1_866' title='bbox 3079 4964 3201 5006; x_wconf 90' lang='lat' dir='ltr'><strong>cum</strong></span> <span class='ocrx_word' id='word_1_867' title='bbox 3227 4951 3547 5018; x_wconf 71' lang='lat' dir='ltr'><strong>Hmschelio,</strong></span> <span class='ocrx_word' id='word_1_868' title='bbox 3577 4945 3710 5022; x_wconf 74' lang='grc' dir='ltr'><strong>προῦσ</strong></span> 
     </span>
    </p>
   </div>
   <div class='ocr_carea' id='block_1_116' title="bbox 2186 5015 3682 5098">
    <p class='ocr_par' dir='ltr' id='par_1_116' title="bbox 2186 5015 3682 5098">
     <span class='ocr_line' id='line_1_118' title="bbox 2186 5015 3682 5098; baseline 0.003 -28"><span class='ocrx_word' id='word_1_869' title='bbox 2186 5015 2364 5098; x_wconf 44' lang='lat' dir='ltr'><strong>xst&#39;fon,‘</strong></span> <span class='ocrx_word' id='word_1_870' title='bbox 2388 5016 2506 5098; x_wconf 47' lang='lat'><strong>0.06:</strong></span> <span class='ocrx_word' id='word_1_871' title='bbox 2529 5018 2771 5098; x_wconf 71' lang='grc' dir='ltr'><strong>ἡντινοῦν</strong></span> <span class='ocrx_word' id='word_1_872' title='bbox 2803 5015 2947 5098; x_wconf 78' lang='grc' dir='ltr'><strong>εἶχεν</strong></span> <span class='ocrx_word' id='word_1_873' title='bbox 2976 5021 3081 5098; x_wconf 28' lang='grc' dir='ltr'><strong>ἄντ’</strong></span> <span class='ocrx_word' id='word_1_874' title='bbox 3225 5094 3257 5098; x_wconf 87' lang='lat'><strong>__</strong></span> <span class='ocrx_word' id='word_1_875' title='bbox 3341 5095 3353 5098; x_wconf 91' lang='lat'>_</span> <span class='ocrx_word' id='word_1_876' title='bbox 3377 5095 3390 5098; x_wconf 27' lang='grc' dir='ltr'><strong>Α</strong></span> <span class='ocrx_word' id='word_1_877' title='bbox 3536 5015 3544 5018; x_wconf 56' lang='grc'><strong><em>“</em></strong></span> <span class='ocrx_word' id='word_1_878' title='bbox 3615 5015 3627 5022; x_wconf 80' lang='grc'><em>’</em></span> <span class='ocrx_word' id='word_1_879' title='bbox 3672 5088 3682 5098; x_wconf 39' lang='lat'>.</span> 
     </span>
    </p>
   </div>
   <div class='ocr_carea' id='block_1_117' title="bbox 2257 5087 3706 5168">
    <p class='ocr_par' dir='ltr' id='par_1_117' title="bbox 2257 5087 3706 5168">
     <span class='ocr_line' id='line_1_119' title="bbox 2257 5087 3706 5168; baseline 0.003 -28"><span class='ocrx_word' id='word_1_880' title='bbox 2257 5087 2370 5168; x_wconf 79' lang='grc'>(50)</span> <span class='ocrx_word' id='word_1_881' title='bbox 2412 5087 3396 5168; x_wconf 39' lang='grc' dir='ltr'><strong>’ῌξρμοιοῦρᾷαιῖΑωρίὶιιε-αιίιιιιὶᾁ</strong></span> <span class='ocrx_word' id='word_1_882' title='bbox 3433 5106 3614 5168; x_wconf 78' lang='lat' dir='ltr'><strong>sonare</strong></span> <span class='ocrx_word' id='word_1_883' title='bbox 3641 5088 3706 5168; x_wconf 55' lang='lat' dir='ltr'><strong>vi:</strong></span> 
     </span>
    </p>
   </div>
   <div class='ocr_carea' id='block_1_118' title="bbox 2185 5157 3708 5236">
    <p class='ocr_par' dir='ltr' id='par_1_118' title="bbox 2185 5157 3708 5236">
     <span class='ocr_line' id='line_1_120' title="bbox 2185 5157 3708 5236; baseline -0.001 -26"><span class='ocrx_word' id='word_1_884' title='bbox 2185 5157 2345 5236; x_wconf 60' lang='lat' dir='ltr'><strong>detur</strong></span> <span class='ocrx_word' id='word_1_885' title='bbox 2390 5157 2450 5210; x_wconf 85' lang='grc' dir='ltr'><strong>τὸ</strong></span> <span class='ocrx_word' id='word_1_886' title='bbox 2487 5157 2883 5236; x_wconf 78' lang='grc' dir='ltr'><strong>ἐξομοιοῦσθαι,</strong></span> <span class='ocrx_word' id='word_1_887' title='bbox 2918 5157 3203 5236; x_wconf 47' lang='lat' dir='ltr'><strong>qua—prro</strong></span> <span class='ocrx_word' id='word_1_888' title='bbox 3243 5157 3540 5236; x_wconf 70' lang='grc' dir='ltr'><strong>μιμεῖσθαι,</strong></span> <span class='ocrx_word' id='word_1_889' title='bbox 3565 5159 3708 5228; x_wconf 86' lang='lat' dir='ltr'><strong>inquit</strong></span> 
     </span>
    </p>
   </div>
   <div class='ocr_carea' id='block_1_119' title="bbox 2186 5227 3706 5304">
    <p class='ocr_par' dir='ltr' id='par_1_119' title="bbox 2186 5227 3706 5304">
     <span class='ocr_line' id='line_1_121' title="bbox 2186 5227 3706 5304; baseline 0.001 -23"><span class='ocrx_word' id='word_1_890' title='bbox 2186 5227 2494 5304; x_wconf 61' lang='lat' dir='ltr'><strong>Qatakerus</strong></span> <span class='ocrx_word' id='word_1_891' title='bbox 2513 5227 2817 5304; x_wconf 65' lang='lat' dir='ltr'><strong>adAnton.</strong></span> <span class='ocrx_word' id='word_1_892' title='bbox 2850 5227 2972 5301; x_wconf 75' lang='lat' dir='ltr'><strong>pag.</strong></span> <span class='ocrx_word' id='word_1_893' title='bbox 3012 5232 3137 5304; x_wconf 69' lang='grc'><strong>560.</strong></span> <span class='ocrx_word' id='word_1_894' title='bbox 3165 5227 3369 5304; x_wconf 73' lang='lat' dir='ltr'><strong>Nempe</strong></span> <span class='ocrx_word' id='word_1_895' title='bbox 3396 5234 3608 5288; x_wconf 86' lang='lat' dir='ltr'><strong>alterum</strong></span> <span class='ocrx_word' id='word_1_896' title='bbox 3630 5227 3706 5284; x_wconf 80' lang='lat' dir='ltr'><strong>re-</strong></span> 
     </span>
    </p>
   </div>
   <div class='ocr_carea' id='block_1_120' title="bbox 2184 5297 3619 5364">
    <p class='ocr_par' dir='ltr' id='par_1_120' title="bbox 2184 5297 3619 5364">
     <span class='ocr_line' id='line_1_122' title="bbox 2184 5297 3619 5364; baseline 0.008 -13"><span class='ocrx_word' id='word_1_897' title='bbox 2184 5297 2355 5352; x_wconf 86' lang='lat' dir='ltr'><strong>fertur</strong></span> <span class='ocrx_word' id='word_1_898' title='bbox 2387 5298 2454 5353; x_wconf 88' lang='lat' dir='ltr'><strong>ad</strong></span> <span class='ocrx_word' id='word_1_899' title='bbox 2481 5299 2746 5364; x_wconf 88' lang='lat' dir='ltr'><strong>habitum,</strong></span> <span class='ocrx_word' id='word_1_900' title='bbox 2770 5297 2998 5355; x_wconf 73' lang='lat' dir='ltr'><strong>alterum</strong></span> <span class='ocrx_word' id='word_1_901' title='bbox 3026 5302 3091 5357; x_wconf 89' lang='lat' dir='ltr'><strong>ad</strong></span> <span class='ocrx_word' id='word_1_902' title='bbox 3122 5297 3382 5362; x_wconf 69' lang='lat' dir='ltr'><strong>actionés.</strong></span> <span class='ocrx_word' id='word_1_903' title='bbox 3408 5305 3619 5357; x_wconf 72' lang='lat' dir='ltr'><strong>BENGBL-</strong></span> 
     </span>
    </p>
   </div>
   <div class='ocr_carea' id='block_1_121' title="bbox 2256 5369 3702 5442">
    <p class='ocr_par' dir='ltr' id='par_1_121' title="bbox 2256 5369 3702 5442">
     <span class='ocr_line' id='line_1_123' title="bbox 2256 5369 3702 5442; baseline 0 -19"><span class='ocrx_word' id='word_1_904' title='bbox 2256 5369 2340 5437; x_wconf 76' lang='grc'>(51</span> <span class='ocrx_word' id='word_1_905' title='bbox 2353 5369 2531 5442; x_wconf 56' lang='grc' dir='ltr'><strong>λἘπὶ</strong></span> <span class='ocrx_word' id='word_1_906' title='bbox 2560 5370 2678 5442; x_wconf 70' lang='grc' dir='ltr'><strong>σοί.</strong></span> <span class='ocrx_word' id='word_1_907' title='bbox 2707 5369 2939 5442; x_wconf 78' lang='lat' dir='ltr'><strong>Prorsus</strong></span> <span class='ocrx_word' id='word_1_908' title='bbox 2991 5371 3271 5442; x_wconf 80' lang='lat' dir='ltr'><strong>legendum</strong></span> <span class='ocrx_word' id='word_1_909' title='bbox 3312 5375 3405 5428; x_wconf 74' lang='grc' dir='ltr'><strong>ἐπὶ</strong></span> <span class='ocrx_word' id='word_1_910' title='bbox 3449 5373 3536 5427; x_wconf 82' lang='grc' dir='ltr'><strong>σοῦ</strong></span> <span class='ocrx_word' id='word_1_911' title='bbox 3566 5383 3702 5425; x_wconf 83' lang='lat' dir='ltr'><strong>:nam</strong></span> 
     </span>
    </p>
   </div>
   <div class='ocr_carea' id='block_1_122' title="bbox 2184 5439 3322 5501">
    <p class='ocr_par' dir='ltr' id='par_1_122' title="bbox 2184 5439 3322 5501">
     <span class='ocr_line' id='line_1_124' title="bbox 2184 5439 3322 5501; baseline 0.005 -9"><span class='ocrx_word' id='word_1_912' title='bbox 2184 5442 2347 5493; x_wconf 91' lang='lat' dir='ltr'><strong>modo</strong></span> <span class='ocrx_word' id='word_1_913' title='bbox 2378 5439 2430 5493; x_wconf 90' lang='lat' dir='ltr'><strong>in</strong></span> <span class='ocrx_word' id='word_1_914' title='bbox 2463 5440 2725 5494; x_wconf 88' lang='lat' dir='ltr'><strong>antitheto</strong></span> <span class='ocrx_word' id='word_1_915' title='bbox 2753 5440 2887 5496; x_wconf 81' lang='lat' dir='ltr'><strong>dixit</strong></span> <span class='ocrx_word' id='word_1_916' title='bbox 2910 5442 2994 5494; x_wconf 76' lang='grc' dir='ltr'><strong>ἐπ’</strong></span> <span class='ocrx_word' id='word_1_917' title='bbox 3023 5439 3215 5501; x_wconf 74' lang='grc' dir='ltr'><strong>ἄλλων.</strong></span> <span class='ocrx_word' id='word_1_918' title='bbox 3249 5444 3322 5500; x_wconf 80' lang='lat' dir='ltr'><strong>In.</strong></span> 
     </span>
    </p>
   </div>
   <div class='ocr_carea' id='block_1_123' title="bbox 2254 5508 3423 5584">
    <p class='ocr_par' dir='ltr' id='par_1_123' title="bbox 2254 5508 3423 5584">
     <span class='ocr_line' id='line_1_125' title="bbox 2254 5508 3423 5584; baseline 0.007 -22"><span class='ocrx_word' id='word_1_919' title='bbox 2254 5508 2368 5584; x_wconf 59' lang='grc' dir='ltr'>(ξὲ)</span> <span class='ocrx_word' id='word_1_920' title='bbox 2410 5509 2693 5584; x_wconf 65' lang='grc' dir='ltr'><strong>ᾎᾳαφῶν.</strong></span> <span class='ocrx_word' id='word_1_921' title='bbox 2715 5509 2843 5584; x_wconf 85' lang='lat' dir='ltr'><strong>_Ger.</strong></span> <span class='ocrx_word' id='word_1_922' title='bbox 2869 5511 3118 5584; x_wconf 75' lang='lat' dir='ltr'><strong>Vossius,</strong></span> <span class='ocrx_word' id='word_1_923' title='bbox 3147 5516 3423 5584; x_wconf 81' lang='grc' dir='ltr'><strong>ἀσφαλῶν.</strong></span> 
     </span>
    </p>
   </div>
   <div class='ocr_carea' id='block_1_124' title="bbox 2255 5580 3701 5649">
    <p class='ocr_par' dir='ltr' id='par_1_124' title="bbox 2255 5580 3701 5649">
     <span class='ocr_line' id='line_1_126' title="bbox 2255 5580 3701 5649; baseline -0.002 -16"><span class='ocrx_word' id='word_1_924' title='bbox 2255 5580 2368 5649; x_wconf 77' lang='grc'>(55)</span> <span class='ocrx_word' id='word_1_925' title='bbox 2396 5581 2680 5648; x_wconf 62' lang='grc' dir='ltr'><strong>Φέροιτες</strong></span> <span class='ocrx_word' id='word_1_926' title='bbox 2703 5581 3039 5637; x_wconf 74' lang='grc' dir='ltr'><strong>ἐπαντλεῖν.</strong></span> <span class='ocrx_word' id='word_1_927' title='bbox 3068 5580 3377 5642; x_wconf 84' lang='lat' dir='ltr'><strong>Idiotismus</strong></span> <span class='ocrx_word' id='word_1_928' title='bbox 3401 5581 3592 5639; x_wconf 84' lang='lat' dir='ltr'><strong>auctori</strong></span> <span class='ocrx_word' id='word_1_929' title='bbox 3618 5591 3701 5632; x_wconf 89' lang='lat' dir='ltr'><strong>no-</strong></span> 
     </span>
    </p>
   </div>
   <div class='ocr_carea' id='block_1_125' title="bbox 2184 5649 3700 5734">
    <p class='ocr_par' dir='ltr' id='par_1_125' title="bbox 2184 5649 3700 5734">
     <span class='ocr_line' id='line_1_127' title="bbox 2184 5649 3700 5734; baseline 0.003 -31"><span class='ocrx_word' id='word_1_930' title='bbox 2184 5656 2317 5734; x_wconf 39' lang='lat' dir='ltr'><strong>stroﬁ</strong></span> <span class='ocrx_word' id='word_1_931' title='bbox 2335 5649 2616 5734; x_wconf 72' lang='lat' dir='ltr'><strong>frequens.</strong></span> <span class='ocrx_word' id='word_1_932' title='bbox 2643 5649 2757 5734; x_wconf 80' lang='lat' dir='ltr'><strong>_Sic</strong></span> <span class='ocrx_word' id='word_1_933' title='bbox 2797 5653 2940 5706; x_wconf 82' lang='lat' dir='ltr'><strong>intra</strong></span> <span class='ocrx_word' id='word_1_934' title='bbox 2973 5653 3152 5734; x_wconf 78' lang='grc' dir='ltr'><strong>φέρων</strong></span> <span class='ocrx_word' id='word_1_935' title='bbox 3189 5656 3458 5734; x_wconf 75' lang='grc' dir='ltr'><strong>ἐπιδοίην,</strong></span> <span class='ocrx_word' id='word_1_936' title='bbox 3483 5654 3700 5734; x_wconf 48' lang='grc' dir='ltr'><strong>φέροντες</strong></span> 
     </span>
    </p>
   </div>
   <div class='ocr_carea' id='block_1_126' title="bbox 2185 5719 3698 5797">
    <p class='ocr_par' dir='ltr' id='par_1_126' title="bbox 2185 5719 3698 5797">
     <span class='ocr_line' id='line_1_128' title="bbox 2185 5719 3698 5797; baseline -0.001 -23"><span class='ocrx_word' id='word_1_937' title='bbox 2185 5719 2542 5797; x_wconf 83' lang='grc' dir='ltr'><strong>ἀναθήσομεν,</strong></span> <span class='ocrx_word' id='word_1_938' title='bbox 2567 5720 2772 5797; x_wconf 28' lang='grc' dir='ltr'><strong>,φέρων</strong></span> <span class='ocrx_word' id='word_1_939' title='bbox 2787 5719 3188 5797; x_wconf 54' lang='grc' dir='ltr'><strong>κατεστήσατο,</strong></span> <span class='ocrx_word' id='word_1_940' title='bbox 3241 5719 3416 5797; x_wconf 74' lang='grc' dir='ltr'><strong>φέρων</strong></span> <span class='ocrx_word' id='word_1_941' title='bbox 3479 5719 3698 5797; x_wconf 59' lang='grc' dir='ltr'><strong>παμδρὺο</strong></span> 
     </span>
    </p>
   </div>
   <div class='ocr_carea' id='block_1_127' title="bbox 2186 5792 3693 5869">
    <p class='ocr_par' dir='ltr' id='par_1_127' title="bbox 2186 5792 3693 5869">
     <span class='ocr_line' id='line_1_129' title="bbox 2186 5792 3693 5869; baseline -0.002 -25"><span class='ocrx_word' id='word_1_942' title='bbox 2186 5808 2332 5857; x_wconf 90' lang='grc' dir='ltr'><strong>σατο,</strong></span> <span class='ocrx_word' id='word_1_943' title='bbox 2357 5792 2534 5863; x_wconf 74' lang='grc' dir='ltr'><strong>φέρων</strong></span> <span class='ocrx_word' id='word_1_944' title='bbox 2563 5792 2905 5864; x_wconf 78' lang='grc' dir='ltr'><strong>ἐμφυτεύσει,</strong></span> <span class='ocrx_word' id='word_1_945' title='bbox 2942 5792 3117 5869; x_wconf 72' lang='grc' dir='ltr'><strong>φέρων</strong></span> <span class='ocrx_word' id='word_1_946' title='bbox 3149 5792 3474 5866; x_wconf 70' lang='grc' dir='ltr'><strong>ἐγκατέθετο.</strong></span> <span class='ocrx_word' id='word_1_947' title='bbox 3497 5795 3693 5847; x_wconf 65' lang='grc' dir='ltr'><strong>Βιιςοει.</strong></span> 
     </span>
    </p>
   </div>
  </div>
