3950 6326
209 352 355 409 1057

1215 346 1283 402 IN
1322 341 1672 401 ORIGENEM
1699 341 1957 398 ORATIO
1995 337 2453 395 PANEGYRICA.

3317 332 3456 392 £058

205 465 591 541 ἀτολμήταμεν
638 466 829 532 ἀκοαῖς
885 465 1045 520 θείων
1102 464 1196 518 καὶ
1261 461 1518 534 καθαρῶν
1571 459 1781 515 ἀκούειν

1889 471 2052 513 eunm
2080 457 2336 512 incedens
2356 452 2672 510 obambulat
2703 472 2716 507 :
2749 461 2804 508 et
2831 466 2930 508 nos
2967 459 3144 507 autem
3170 450 3314 506 velut
3335 467 3459 507 sor-

207 560 668 632 μιμελετηκυίαις
712 557 920 628 φωνῶν.
963 556 1082 629 Ἆρ’
1112 551 1203 609 οὖν
1235 556 1448 626 ἀπόχρη
1480 553 1640 625 μέχρι
1665 551 1784 606 τού-

205 669 306 708 του
357 652 653 724 ἁμαρτεῖν·
711 651 804 704 καὶ
861 650 953 704 νῦν
1007 649 1136 718 γοῦν
1179 649 1472 718 σωφρονεῖν
1519 644 1783 718 ἄρξασθαι

205 747 343 817 χρὴ,
379 744 574 816 μηκέτι
611 743 707 814 μὲν
744 741 1054 814 περαιτέρω
1098 739 1486 809 προσαίνοντας
1513 737 1590 808 τῷ
1620 737 1780 806 λόγῳ,

207 835 379 888 αὐτοῦ
421 835 476 888 δὲ
520 832 1004 896 καταπαύσαντας,
1059 832 1357 902 ἐϐουλόμην
1392 830 1508 900 μέν.
1555 829 1629 882 Οὐ
1678 829 1783 900 μὴν

206 925 331 979 ἀλλ’
361 925 508 989 ἆπαξ
532 943 622 996 μοι
643 923 1026 996 θρασυνομένῳ
1067 923 1266 988 ἐξέστω
1308 921 1406 992 τὴν
1435 921 1608 974 αίτίαν
1633 920 1783 991 πρῶ-

206 1033 306 1070 τον
352 1017 560 1080 εἰπεῖν,
616 1015 704 1084 ὐφ’
751 1011 818 1088 ἦς
862 1015 1118 1087 ἐπαρθεὶς
1165 1014 1258 1066 ἐπὶ
1303 1012 1486 1066 τοῦτον
1535 1006 1644 1088 ἦκα
1695 1010 1783 1064 τὸν

203 1109 421 1176 ἀγῶνα,
455 1106 506 1159 εἴ
637 1075 729 1160 καί
774 1075 1069 1178 συγγνῶμη
1095 1075 1300 1175 γένοιτό
1331 1121 1417 1176 μοι
1445 1103 1540 1174 τῆς
1559 1075 1784 1174 ’θροπε-

203 1200 363 1264 τείας
391 1199 610 1271 ταύτης.

279 1385 356 1438 I".
391 1385 570 1438 Δεινόν
620 1401 706 1454 μοι
749 1385 782 1455 ἡ
831 1381 1120 1454 ἀχαριστία
1165 1379 1584 1450 καταφαίνεται,
1615 1375 1782 1430 δεινὸν

203 1478 306 1531 καὶ
332 1477 628 1530 πάνδεινον.
657 1475 900 1530 Παοόντα
922 1477 1030 1546 γάρ
1057 1493 1110 1527 τι
1142 1473 1319 1536 καλῶς
1337 1513 1350 1536 ,
1391 1471 1465 1542 μὴ
1500 1470 1593 1524 καὶ
1626 1469 1784 1539 ἀμεί-

202 1569 402 1622 ϐεσθαι
435 1568 745 1638 πειρᾶσθαι,
772 1570 819 1621 εί
855 1568 948 1622 καὶ
983 1567 1056 1639 μὴ
1092 1565 1266 1628 ἄλλως
1292 1563 1539 1627 δυνατὸν,
1570 1561 1784 1632 εὐχαρι-

207 1661 389 1723 στίαις
433 1659 562 1728 γοῦν
604 1660 723 1714 ταῖς
770 1658 856 1712 διά
891 1658 1084 1726 λόγων,
1129 1657 1160 1727 ἢ
1207 1656 1432 1726 ἀνοήτου
1485 1654 1658 1723 πάντη
1689 1651 1784 1704 καὶ⁸

203 1750 538 1821 ἀναισθήτου
577 1750 688 1804 τῶν
717 1748 1064 1821 εὐεργεσιῶν,
1099 1747 1131 1817 ἢ
1169 1748 1498 1817 ἀμνήμονος·
1537 1745 1642 1814 ὅτῳ
1671 1742 1782 1812 (54)

205 1839 264 1894 δὲ
294 1839 392 1892 καὶ
416 1839 686 1912 αἴσθησις,
712 1840 806 1892 καὶ
837 1838 1033 1908 γνῶσις
1061 1831 1136 1891 ὧν
1170 1836 1336 1890 ἔπαθε
1376 1834 1553 1888 καλῶν
1584 1849 1782 1904 προσε-

207 1933 401 2000 γένετο
423 1931 655 2001 πρῶτον,
687 1933 733 1984 εί
774 1931 848 2001 μὴ
883 1930 976 1982 καὶ
1013 1929 1200 1999 μνήμη
1231 1926 1552 1992 διασώζεται
1584 1927 1664 1989 είς
1691 1925 1782 1978 τὸν

207 2025 406 2079 ἔπειτα
438 2023 650 2096 χρόνον,
710 2025 758 2076 εί
794 2023 867 2094 μὴ
919 2021 1012 2075 καὶ
1058 2021 1316 2092 ἀναφέροι
1361 2020 1477 2073 τινὰ
1522 2019 1680 2090 χάριν
1707 2016 1783 2088 τῷ

208 2116 434 2188 ἄρξαντι
460 2133 566 2170 των
590 2114 829 2183 ἀγαθῶν,
862 2113 1031 2186 ἀργὸς
1071 2107 1224 2174 οὗτος
1253 2113 1345 2166 καὶ
1372 2112 1661 2182 ἀχάριστος
1689 2111 1783 2164 καὶ

207 2209 435 2280 ἀσεϐὴς,
481 2207 874 2279 ἐξαμαρτάνων
925 2205 988 2258 οὐ
1031 2203 1352 2272 συγγνωστά
1391 2202 1514 2256 οὐτε
1563 2203 1782 2274 μεγάλῳ

204 2295 331 2348 οὔτε
365 2294 566 2367 μικρῷ·
593 2295 641 2347 εἰ
675 2293 773 2365 μὲν
821 2292 990 2363 μέγας
1021 2292 1102 2355 τίς
1138 2294 1253 2345 ἐστι
1293 2293 1384 2346 καὶ
1434 2291 1778 2363 μεγαλόνους,

206 2390 308 2441 οὐκ
332 2389 439 2443 ἀνά
470 2389 642 2458 στόμα
670 2386 848 2457 φέρων
873 2385 969 2438 σὺν
1003 2384 1152 2457 πάσῃ
1183 2384 1500 2456 εὐχαριστίᾳ
1528 2383 1622 2438 καὶ
1649 2385 1778 2454 τιμῇ

205 2480 306 2543 τάς
358 2479 601 2550 μεγάλας
653 2477 816 2531 αὐτοῦ
864 2479 1201 2548 εὐεργεσίας·
1255 2479 1304 2530 εἰ
1349 2477 1405 2530 δὲ
1453 2476 1644 2548 μικρὸς
1689 2477 1782 2529 καὶ

207 2570 705 2641 εὐκαταφρόνητος,
747 2569 845 2623 οὐκ
891 2568 1142 2640 ἀνυμνῶν
1189 2568 1284 2621 καὶ
1325 2567 1585 2638 εὐφημῶν
1632 2567 1780 2639 πάσῃ

205 2665 272 2732 τῇ
303 2659 472 2714 αὐτοῦ
507 2662 731 2730 δυνάμει
777 2661 867 2713 τὸν
903 2661 966 2714 οὐ
1018 2660 1264 2731 μεγάλων
1303 2660 1482 2730 μόνον,
1526 2659 1662 2713 ἀλλά
1687 2660 1782 2714 καὶ

212 2753 427 2825 μικρῶν
454 2753 766 2824 εὐεργέτην.
799 2754 922 2816 Τοῖς
969 2754 1068 2824 μὲν
1097 2749 1189 2807 οὖν
1225 2753 1431 2824 μείζοσι
1469 2754 1562 2806 καὶ
1605 2753 1783 2807 διαϐε-

209 2846 404 2918 ϐηκόσι
427 2844 647 2916 δυνάμει
673 2845 866 2916 ψυχῆς,
900 2839 984 2898 οἶα
1013 2844 1076 2915 δὴ
1108 2847 1170 2898 ὲκ
1202 2845 1440 2910 πλείονος
1469 2845 1782 2916 περιουσίας

207 2937 303 2990 καὶ
359 2935 595 3007 μεγάλου
639 2935 909 2999 πλούτου,
965 2934 1181 3006 μείζους
1229 2935 1324 2989 καὶ
1373 2934 1782 3008 φιλοτιμοτέρας

205 3028 506 3095 ἀναγκαῖον
539 3026 841 3080 ἀποδιδόναι
887 3031 998 3091 τοῖς
1044 3027 1357 3098 εὐεργέταις
1388 3027 1488 3091 τὰς
1522 3028 1663 3082 κατά
1691 3027 1782 3080 δύο

207 3137 372 3190 ναμιν
413 3118 706 3191 εὐφημίας·
739 3123 850 3184 τοῖς
879 3119 934 3173 δὲ
967 3123 1180 3191 μικροῖς
1223 3121 1316 3174 καὶ
1346 3121 1403 3172 ἐν
1429 3121 1600 3192 στενῷ
1623 3120 1782 3176 καθε-

208 3211 430 3275 στῶσιν,
449 3211 555 3264 οὐδ’
581 3211 758 3274 αὐτοῖς
779 3209 1019 3280 ἀμελεῖν,
1039 3209 1158 3261 οὐδὲ
1193 3208 1452 3281 ῥᾳθυμεῖν
1485 3211 1777 3282 προσῆκον,

205 3303 316 3356 οὐδ’
342 3301 906 3364 ἀναπεπτωκέναι,ὼς
937 3300 1089 3353 οὐδὲν
1121 3301 1270 3367 ἀξιον
1302 3298 1512 3372 φέρειν,
1541 3301 1661 3354 οὐδὲ
1693 3301 1780 3354 τέ-

206 3396 351 3449 λειον
379 3395 711 3466 δυναμένοις·
747 3393 860 3448 ἀλλ’
891 3388 979 3446 οἷα
1012 3393 1245 3462 πένητας
1277 3392 1373 3463 μὲν
1393 3433 1408 3457 ,
1437 3391 1782 3464 εὐγνώμονας

1815 1806 1858 1861 Β

1805 3163 1849 3220 C

206 3488 282 3552 δὲ,
312 3488 374 3542 οὐ
401 3486 499 3558 τὴν
519 3486 613 3539 τοῦ
636 3485 974 3556 τιμωμένου,
1007 3484 1106 3554 τὴν
1141 3484 1185 3537 δ’
1217 3485 1393 3537 αὐτῶν
1427 3483 1651 3556 δύναμιν
1687 3501 1782 3555 με·-
1819 3517 1824 3520 -

208 3583 538 3654 τρήσαντας,
582 3579 646 3631 ἐκ
688 3578 786 3648 τῆς
828 3576 1106 3647 παρούσης
1159 3575 1438 3647 δυνάμεως
1491 3577 1781 3647 ἀναφέρειν

209 3669 308 3732 τάς
335 3668 521 3738 τιμὰς,
555 3667 844 3737 χαριέσσας
869 3666 996 3728 ἴσως
1019 3665 1280 3736 ἐσομένας
1303 3666 1395 3717 καὶ
1419 3664 1782 3736 καταθυμίους

208 3760 290 3832 τῷ
315 3760 682 3832 τετιμημένῳ.
716 3760 808 3813 καὶ
838 3759 938 3812 οὐκ
960 3759 1018 3811 ἐν
1050 3757 1275 3829 δευτέρᾳ
1301 3757 1453 3830 χώρᾳ
1478 3759 1605 3830 παρ’
1633 3757 1780 3827 αὐτῷ

207 3851 317 3906 τῶν
342 3851 596 3924 μεγάλων
621 3853 714 3906 καὶ
745 3850 972 3914 πολλῶν,
1005 3853 1054 3904 εί
1096 3851 1190 3904 σύν
1231 3867 1333 3904 τινι
1365 3851 1639 3930 προθιγμίᾳ
1666 3850 1781 3921 μεί-

207 3941 325 4006 ζονι
352 3943 447 3996 καὶ
471 3941 660 4013 γνώμῃ
691 3939 1045 4013 προσφέροιεν
1080 3940 1375 4011 ὁλοκλήρῳ.
1405 3939 1590 4003 Οὕτως
1614 3941 1672 3993 έν
1706 3941 1770 3991 ίε-

211 4038 335 4106 ραῖς
379 4034 588 4098 Βίϐλοις
617 4033 858 4104 φέρεται,
894 4033 978 4087 ὅτι
1023 4033 1087 4104 δὴ
1139 4032 1311 4103 μικρά
1339 4049 1421 4095 τις
1453 4033 1546 4085 καὶ
1591 4031 1778 4102 πτωχὴ

206 4127 348 4197 γυνὴ
377 4126 498 4196 ἅμα
530 4125 801 4188 πλουσίοις
832 4127 924 4178 καὶ
951 4125 1217 4187 δυνατοῖς,
1260 4123 1310 4176 οἳ
1340 4124 1674 4195 προσέφερον
1718 4126 1782 4176 ἐκ

205 4217 302 4274 τοῦ
333 4218 562 4272 πλούτου
596 4217 805 4289 μεγάλα
848 4219 942 4271 κοιλ⁵
989 4217 1272 4287 πολυτελῆ,
1303 4217 1436 4287 μόνη
1479 4216 1650 4289 μικρά
1683 4218 1778 4288 μὲν

206 4311 306 4366 καὶ
329 4309 610 4380 ἐλάχιστα,
640 4310 818 4362 πάντα
854 4308 910 4361 δὲ
939 4309 1088 4380 ὅμως
1113 4307 1180 4360 τά
1215 4308 1342 4361 ὄντα
1367 4309 1500 4378 αὐτῇ
1536 4308 1777 4378 συμϐαλ-

204 4400 433 4471 λομένη,
459 4400 556 4471 τὴν
580 4399 679 4470 τῆς
714 4399 955 4461 πλείονος
977 4398 1174 4461 δόσεως
1209 4398 1509 4470 μαρτυρίαν
1537 4399 1778 4470 ἀπηνέγ-

1883 550 1980 605 des
2003 563 2066 603 ae
2103 562 2316 603 caenum
2352 545 2649 616 quoddam,
2679 544 2924 599 mortalia
2947 543 3059 599 hazc
3085 543 3248 598 verba
3272 553 3458 598 nostra

1883 639 2113 704 inferre,
2166 647 2330 710 atque
2377 639 2431 692 in
2479 652 2641 692 aures
2684 636 2882 691 divinis
2926 637 3185 708 purisque
3229 636 3457 692 vocibus

1883 732 2166 788 audiendis
2205 740 2450 787 assuetas
2487 729 2772 785 infundere
2808 729 3091 784 audemus.
3147 727 3292 785 Satis
3326 743 3457 800 ergo

1883 829 1974 893 sit,
2013 826 2120 880 huc
2161 840 2334 896 usque
2375 839 2654 894 peccasse;
2692 823 2774 877 vel
2817 838 2963 877 nunc
3001 823 3216 878 tandem
3265 838 3455 894 sapere

1884 917 2247 988 incipiendum
2299 925 2420 982 est;
2469 931 2568 970 nec
2614 917 2860 970 oratione
2899 916 3114 986 longius
3155 915 3453 987 producta,

1883 1013 1972 1068 hic
2000 1012 2376 1069 desinendum.
2423 1011 2626 1067 Vellem
2672 1011 2960 1080 equidem;
3006 1025 3193 1078 verum
3230 1010 3456 1082 pudoris

1883 1104 2018 1159 ﬁnes
2040 1103 2208 1158 semel
2235 1118 2456 1174 egresso
2482 1105 2643 1158 liceat
2686 1117 2907 1158 causam
2940 1101 3094 1171 prius
3117 1092 3318 1168 dicei'e,
3347 1117 3455 1172 qua

1882 1195 2078 1252 ductus
2110 1197 2165 1250 in
2192 1206 2466 1251 certamen
2500 1196 2604 1251 hoc
2646 1196 2790 1263 veni,
2837 1196 2882 1250 si
2932 1209 3038 1265 qua
3088 1194 3222 1249 mihi
3268 1195 3454 1251 forsan

1881 1288 2200 1343 temeritatis
2235 1287 2394 1356 hujus
2427 1288 2580 1342 venia
2612 1289 2963 1342 concedatur.

1951 1378 2037 1434 ΙΙΙ.
2077 1380 2221 1434 Dura
2273 1380 2404 1434 mihi
2453 1381 2742 1450 gravisque
2783 1396 2902 1445 res,
2953 1381 3198 1453 ingratus
3241 1379 3457 1435 animus

1881 1473 2122 1539 videtur;
2167 1471 2375 1538 gravis,
2409 1471 2670 1541 inquam,
2715 1481 2768 1525 et
2817 1472 2996 1541 gravis
3043 1484 3453 1541 usquequaque.

1883 1562 2019 1618 Eum
2052 1563 2197 1618 enim
2239 1563 2333 1632 qui
2382 1561 2643 1616 beneﬁcio
2693 1560 2916 1617 allectus
2967 1563 3058 1628 sit,
3088 1563 3132 1617 si
3159 1561 3318 1616 aliter
3347 1575 3454 1616 non

1883 1663 2078 1725 potest,
2107 1654 2328 1724 agendis
2372 1652 2560 1708 saltem
2593 1653 2761 1708 verbo
2803 1653 2992 1723 gratiis
3018 1653 3311 1723 rependere
3343 1667 3454 1707 non

1885 1730 2094 1810 conari,
2127 1728 2221 1797 aut
2243 1751 2422 1797 mente
2441 1743 2583 1814 capti
2605 1753 2660 1798 et
2681 1758 2900 1798 sensum
2929 1725 3317 1798 beneﬁcioer
3342 1757 3453 1797 non

1883 1835 2132 1890 habentis
2166 1843 2252 1890 est
2283 1834 2546 1900 hominis,
2579 1843 2673 1888 aut
2699 1833 3034 1889 immemoris
3062 1851 3075 1888 :
3105 1833 3192 1888 cui
3232 1847 3364 1888 vero
3402 1844 3458 1889 et

1881 1940 2075 1982 sensus
2103 1934 2158 1981 et
2183 1926 2422 1996 cognitio
2447 1936 2531 1980 est
2560 1926 2973 1991 beneﬁciorum,
3002 1925 3105 1981 nisi
3129 1925 3453 1982 memoriam

1881 2031 2168 2082 conservet
2199 2022 2254 2074 in
2289 2029 2588 2090 posterum,
2634 2021 2737 2075 nisi
2788 2022 3016 2090 gratiam
3066 2021 3228 2076 etiam
3270 2021 3455 2091 aliquo

1881 2114 2041 2167 modo
2075 2112 2277 2167 referat
2314 2091 2580 2166 bonorum
2621 2111 2850 2175 auctori,
2879 2111 3026 2165 iners
3053 2111 3143 2166 ille
3168 2120 3251 2166 cst
3284 2120 3340 2166 et
3372 2111 3460 2166 in-

1881 2214 2068 2276 gratus
2095 2220 2158 2260 ac
2183 2205 2403 2274 impius,
2432 2205 2552 2274 ejus
2577 2203 2826 2259 criminis
2861 2219 3007 2270 reus,
3035 2205 3178 2275 quod
3212 2219 3312 2260 nec
3337 2220 3456 2260 ma-

1881 2312 2040 2368 gnus,
2089 2311 2190 2352 nec
2228 2311 2429 2366 parvus
2467 2296 2746 2365 ignoscat;
2782 2295 2979 2367 quippe
3010 2298 3126 2367 qui,
3155 2297 3201 2352 si
3233 2296 3453 2368 quidem

1880 2404 2110 2460 magnus
2138 2399 2220 2444 est
2243 2398 2299 2442 et
2325 2389 2668 2459 magniﬁcus,
2710 2404 2906 2460 magna
2949 2389 3070 2460 ejus
3105 2389 3364 2445 beneﬁcia
3396 2389 3456 2444 in

1881 2495 1994 2548 ore,
2023 2495 2146 2535 cum
2177 2480 2325 2534 omni
2359 2479 2655 2550 gratiarum
2682 2479 2896 2536 actione
2924 2489 3087 2551 atque
3113 2481 3323 2536 honore
3344 2495 3454 2536 non

1881 2582 2061 2643 gerat;
2091 2572 2175 2627 sin
2219 2585 2418 2641 parvus
2462 2579 2516 2625 et
2557 2572 2924 2642 despicabilis,
2955 2587 3065 2627 non
3088 2572 3237 2627 omni
3270 2577 3456 2626 tamen

1882 2663 2062 2717 studio
2089 2661 2267 2716 laudet
2309 2675 2374 2715 ac
2401 2661 2657 2725 celebret,
2707 2677 2815 2717 non
2866 2677 3188 2730 magnorum
3218 2671 3455 2728 tantum,

1883 2756 1974 2812 sed
2033 2769 2324 2825 parvorum
2373 2754 2537 2807 etiam
2581 2769 2870 2809 munerum
2915 2755 3247 2826 largitorem.
3299 2754 3368 2810 Et
3423 2770 3457 2810 a

1883 2848 2094 2918 magnis
2141 2846 2357 2917 quidem
2409 2846 2684 2918 animique
2733 2845 2988 2902 facultate
3036 2849 3454 2916 praestantibus,

1880 2947 2137 3008 tanquam
2172 2953 2237 2992 ex
2270 2937 2478 3008 majore
2499 2953 2663 3009 opum
2694 2939 2849 3008 copia
2881 2941 3200 3010 magnisque
3223 2940 3454 3009 divitiis,

1881 3031 2119 3100 majores
2179 3039 2348 3100 atque
2398 3030 2725 3086 illustriores
2774 3030 3214 3088 benefactoribus
3264 3034 3456 3091 laudes

1882 3137 1982 3192 pro
2019 3122 2226 3178 viribus
2263 3122 2414 3177 reddi
2457 3137 2678 3178 necesse
2706 3131 2818 3190 est;
2865 3137 3062 3193 parvos
3103 3132 3283 3179 autem
3310 3134 3364 3180 et
3398 3126 3456 3180 in

1882 3224 2112 3288 angusto
2134 3216 2488 3280 constitutos,
2511 3229 2610 3268 nec
2637 3213 2782 3284 ipsos
2807 3213 3097 3283 negligere,
3123 3223 3218 3268 aut
3238 3215 3457 3286 segnio-

1882 3323 1972 3364 res
2007 3321 2130 3362 esse
2165 3307 2448 3372 convenit,
2491 3321 2592 3360 nec
2623 3305 2824 3360 animis
2846 3305 3081 3374 ‘cadere,
3121 3307 3276 3376 quasi
3319 3307 3458 3362 nihil

1882 3399 2107 3469 dignum
2129 3395 2538 3467 perfectumque
2561 3395 2753 3451 afferre
2775 3395 3017 3465 possint;
3039 3397 3131 3452 sed
3157 3398 3305 3453 velut
3324 3414 3460 3469 pau-

1880 3506 2038 3562 peres
2067 3490 2306 3562 quidem,
2333 3499 2389 3544 at
2413 3498 2597 3545 tamen
2626 3498 2828 3559 gratos,
2860 3504 2968 3542 non
2999 3489 3120 3558 ejus
3144 3505 3306 3560 quem
3350 3493 3455 3546 ho-

1880 3593 2100 3652 norant,
2130 3583 2225 3639 sed
2255 3597 2410 3638 suam
2431 3581 2749 3637 facultatem
2774 3580 3082 3646 metientes,
3110 3597 3176 3636 ex
3204 3583 3456 3652 praesenti

1883 3676 2269 3732 commoditate
2304 3673 2542 3730 honores
2574 3671 2818 3739 deferre;
2853 3681 3036 3742 gratos
3070 3673 3192 3729 illos
3226 3672 3457 3730 fortasse

1881 3779 1936 3824 et
1972 3769 2242 3839 iucundos
2267 3767 2317 3822 ei
2349 3765 2445 3835 qui
2488 3765 2808 3830 honoratur,
2853 3778 2956 3818 nec
2999 3762 3257 3820 inferiore
3311 3765 3454 3830 apud

1882 3875 2006 3916 eum
2053 3860 2209 3925 loco,
2270 3872 2434 3928 quam
2499 3856 2548 3912 si
2606 3870 2802 3925 magna
2867 3869 3096 3926 quaeque
3157 3869 3222 3911 ac
3285 3857 3452 3912 multa

1882 3952 2228 4015 offerrentur,
2264 3950 2508 4016 futuros,
2537 3948 2584 4004 si
2617 3947 2822 4018 majore
2863 3961 2987 4002 cum
3027 3947 3305 4002 alacritate
3343 3947 3454 4002 sin-

1883 4059 2117 4114 ceroque
2155 4053 2209 4099 et
2249 4043 2462 4112 integro
2495 4041 2680 4095 animo
2719 4038 3050 4094 deferantur.
3085 4037 3176 4094 Sic
3212 4039 3360 4094 enim
3398 4039 3454 4093 in

1883 4138 2057 4194 sacris
2097 4135 2315 4191 Litteris
2355 4135 2535 4205 legere
2577 4141 2662 4188 est
2685 4131 2748 4198 "‘,
2795 4145 3020 4201 parvam
3063 4131 3353 4200 quamdam
3399 4144 3457 4186 et

1881 4245 2172 4301 pauperem
2211 4227 2495 4292 feminam,
2526 4238 2636 4280 una
2667 4239 2791 4280 cum
2832 4223 3090 4278 divitibus
3130 4231 3184 4278 et
3223 4224 3456 4293 potenti-

1881 4322 1986 4376 bus
2015 4319 2107 4389 qui
2140 4334 2206 4373 ex
2245 4316 2594 4371 facultatibus
2636 4314 2753 4368 suis
2795 4327 2991 4382 magna
3025 4321 3079 4366 et
3111 4313 3291 4381 opima
3322 4311 3456 4368 offe-

1880 4414 2092 4479 rebant,
2128 4413 2299 4468 solam
2343 4409 2560 4480 quidem
2586 4424 2751 4480 parva
2783 4416 2838 4462 et
2868 4407 3115 4471 minima,
3149 4407 3242 4462 sed
3267 4405 3452 4461 omnia

205 4511 368 4550 κατο.
393 4495 466 4547 Οὐ
512 4491 621 4563 γάρ
663 4488 814 4562 οἶμαι
851 4491 928 4561 τῷ
974 4491 1123 4561 ποσῷ
1162 4491 1260 4562 τῆς
1304 4491 1584 4562 διδομένης
1625 4492 1776 4562 ὐλης,

1883 4515 2064 4560 tamen
2089 4519 2212 4574 qua
2235 4503 2488 4567 habebat,
2515 4499 2834 4562 contulisse,
2865 4508 2922 4553 et
2953 4497 3178 4567 majoris
3208 4497 3452 4552 muneris

203 4591 377 4660 οὔσης
408 4587 625 4654 ἔξωθεν,
664 4589 784 4663 ταῖς
811 4585 871 4638 δὲ
906 4582 1338 4656 προσφερούσαις
1374 4583 1616 4654 γνώμαις
1649 4585 1786 4654 μᾶλ-

1883 4597 2250 4652 testimonium
2281 4594 2604 4662 laudemque
2633 4592 2908 4647 retulisse.
2941 4589 3059 4645 Non
3098 4590 3243 4644 enim
3269 4597 3454 4644 exter-

203 4685 300 4736 λον
327 4683 420 4736 καὶ
451 4680 802 4753 προαιρέσεσι
829 4679 926 4750 τὴν
957 4677 1267 4748 φιλοτιμίαν
1295 4677 1389 4729 καὶ
1425 4676 1524 4746 τὴν
1555 4677 1781 4747 μεγαλο-

1885 4709 1987 4755 nae,
2023 4690 2235 4762 opinor,
2266 4688 2344 4742 rei
2387 4702 2507 4756 qua:
2543 4685 2668 4740 data
2708 4692 2792 4740 est
2833 4682 3155 4752 quantitate,
3197 4679 3291 4735 sed
3332 4680 3451 4750 ipso

205 4774 511 4846 πρέπειαν,
563 4774 592 4826 ὁ
635 4772 778 4842 ἱερὸς
818 4770 974 4839 λόγος
1020 4769 1414 4840 ὲσταθμήσατο.
1466 4767 1541 4820 Οὐ
1599 4769 1780 4822 τοίνυν

201 4866 331 4921 οὐδὲ
377 4866 526 4936 ἡμᾶς
571 4865 828 4919 ἀποκνεῖν
877 4862 1052 4933 πάντη
1102 4860 1378 4933 προσῆκον
1418 4859 1525 4912 δέει
1573 4858 1666 4912 τοῦ
1705 4860 1779 4932 μὴ

199 4956 633 5027 ἑξισωθήσεσθαι
682 4955 781 5027 τὴν
825 4953 1174 5026 εὐχαριστίαν
1219 4954 1340 5015 ταῖς
1399 4950 1779 5023 εὐεργεσίαις,

199 5050 345 5105 ἀλλά
393 5049 500 5102 πᾶν
536 5045 845 5100 τούναντίον
888 5043 1090 5114 τολμᾷν
1132 5043 1228 5096 καὶ
1254 5040 1572 5113 πειρᾶσθαι,
1603 5042 1652 5094 εί
1683 5039 1778 5094 καὶ

203 5142 287 5214 μὴ
329 5142 430 5204 τάς
473 5139 614 5205 ἴσας,
659 5137 757 5203 τάς
802 5136 932 5207 γοῦν
979 5135 1210 5198 δυνατὰς
1251 5135 1578 5206 προσφέρειν
1608 5133 1683 5196 ῶς
1720 5132 1778 5185 ὲν

199 5234 414 5307 ἀμοιϐῇ
439 5233 621 5303 τιμάς·
643 5231 696 5284 εί
715 5247 852 5294 πως,
874 5228 982 5282 τῶν
1006 5227 1224 5281 τελείων
1249 5226 1648 5298 διαμαρτάνων,
1671 5223 1778 5277 τῶν

199 5330 301 5383 ἐπὶ
327 5329 526 5399 μέρους
558 5324 688 5394 γοῦν
714 5322 968 5394 τεύξηται
999 5323 1128 5392 ἡμῖν
1148 5322 1176 5372 ὁ
1207 5320 1382 5386 λόγος,
1411 5318 1506 5389 τὴν
1537 5314 1779 5386 παντελῆ

200 5425 306 5493 τῆς
331 5421 654 5493 ἀχαριστίας
686 5417 841 5484 δόξαν
883 5414 1120 5486 διαδράς.
1152 5413 1453 5483 ’Ᾱχρηστον
1497 5411 1602 5482 γάρ
1644 5409 1777 5480 ἀλη-

198 5516 315 5578 Θῶς
358 5517 390 5585 ἡ
432 5511 706 5575 παντελῶς
756 5509 931 5580 σιωπὴ
965 5508 1069 5560 ὐπὸ
1114 5503 1324 5576 πιθανῷ
1352 5503 1430 5574 τῷ
1457 5503 1552 5556 τοῦ
1595 5503 1667 5574 μὴ
1691 5502 1778 5555 δύ-

281 5649 328 5681 ¹⁸
363 5647 498 5704 Luc.
527 5663 642 5713 ut,
665 5645 723 5700 2.

1879 4782 2156 4840 offerentis
2180 4779 2364 4835 animo
2393 4793 2457 4832 ac
2484 4776 2767 4847 proposito
2802 4775 3176 4830 aestimandam
3205 4774 3450 4830 muneris

1878 4873 2195 4945 dignitatem
2227 4867 2797 4940 magniﬁcentiamque
2831 4866 3031 4921 divinae
3067 4863 3282 4920 Litterm
3317 4880 3449 4920 ceno

1881 4971 2128 5020 suerunt.
2167 4958 2285 5016 Non
2329 4959 2492 5030 igitur
2535 4956 2758 5011 omnino
2800 4955 3045 5026 refugere
3085 4971 3187 5011 nos
3215 4963 3447 5026 oportet,

1883 5055 2032 5111 inani
2064 5061 2212 5109 metu
2238 5067 2308 5107 ne
2338 5050 2526 5122 gratiae
2553 5065 2676 5104 cum
2711 5048 2988 5104 beneﬁciis
3023 5063 3133 5104 non
3163 5047 3452 5117 adaequen—

1883 5157 2013 5202 tur:
2044 5148 2135 5201 sed
2160 5153 2347 5200 contra
2377 5142 2560 5214 potius
2589 5143 2788 5197 audere
2821 5150 2984 5210 atque
3013 5139 3196 5194 omnia
3227 5138 3446 5201 conari;

1884 5247 1946 5293 ut
1977 5238 2025 5294 si
2061 5253 2168 5292 non
2214 5251 2392 5307 pares,
2444 5249 2584 5304 quos
2632 5231 2822 5286 saltem
2871 5243 3161 5299 possumus
3211 5228 3448 5282 boum-cs

1884 5330 2263 5401 rependamus.
2291 5325 2448 5393 Quod
2475 5325 2522 5379 si
2559 5325 2703 5378 forte
2733 5339 2840 5378 non
2882 5321 3106 5377 omnino
3147 5333 3258 5373 rem
3299 5333 3450 5374 asse.

1885 5435 2103 5497 quatur,
2128 5431 2335 5492 partem
2360 5429 2501 5476 certe
2521 5418 2754 5488 aliquam
2781 5417 3047 5486 pertingat
3069 5411 3262 5474 oratio,
3287 5421 3449 5479 atque

1885 5514 2255 5572 omnimodam
2280 5511 2476 5584 ingrati
2510 5510 2674 5565 animi
2698 5509 2872 5565 labem
2895 5505 3108 5562 devitet.
3134 5501 3448 5574 improbum

279 5786 398 5857 (54)
422 5786 584 5856 Ὅτῳ.
628 5783 708 5840 lta
750 5782 1107 5850 ﬂmschelius,
1155 5780 1440 5852 Bcngclius
1482 5794 1548 5836 ac
1579 5777 1754 5836 editor
1777 5774 2119 5833 Parisiensis.
2151 5767 2398 5836 Vossius,
2419 5767 2525 5825 ὅτι.
