3950 6326
590 343 751 404 11189

1720 333 1779 389 S.
1820 316 2146 389 GREGORII
2185 318 2691 381 THAUMATUR‘GI

3634 313 3744 368 ,1061)

612 467 758 523 enim
784 481 972 525 revera
1003 473 1091 521 est
1129 465 1377 537 pertinax
1412 459 1713 537 silentium,
1742 453 2017 527 plausibili
2046 464 2173 523 quo-

2281 444 2475 501 νασθαι
2496 442 2644 508 ἄξιόν
2683 458 2738 495 τι
2779 438 2957 508 λέγειν
3003 432 3427 509 προκαλύμματα
3455 429 3679 503 εὔγνωμον
3703 432 3747 488 δὲ

587 558 739 613 'dam
766 557 886 612 velo
911 528 1148 623 tectum;
1164 552 1323 625 quasi
1355 528 1588 623 nequbat
1627 548 1924 620 quidquam
1964 557 2066 614 pro
2100 542 2185 598 di-

611 648 818 724 gnitate
851 647 1236 720 pronuntiari:
1265 644 1488 717 ingenui
1518 650 1699 698 autem
1740 640 2006 712 probique
2041 651 2183 692 sem-

609 756 708 813 per
731 747 816 797 est
846 739 1038 804 animi,
1078 737 1378 793 referenda:
1419 734 1607 808 gratiae
1643 742 1891 795 conatus,
1932 728 2182 799 quamvis

611 829 755 886 infra
789 832 980 887 merita
1028 832 1100 887 sit
1145 830 1378 886 facultas
1412 829 1532 899 ejus
1578 825 1672 896 qui
1721 823 1950 896 gratiam
1994 819 2177 875 refert.

587 917 796 991 ‘Neque
830 921 977 976 enim
1024 920 1071 975 si
1120 933 1220 991 pro
1269 917 1531 989 dignitate
1575 915 1756 970 dicere
1794 928 1904 968 non
1950 910 2181 982 possim.

608 1021 899 1085 propterea
929 1011 1132 1077 silebo;
1164 1011 1257 1066 sed
1284 1009 1380 1065 ubi
1421 1008 1609 1064 omnia
1644 1021 1766 1077 qua:
1793 1019 2016 1075 possum
2045 1016 2183 1072 prae-

609 1104 822 1169 stitero,
843 1102 969 1172 jure
992 1102 1289 1173 gloriabor.
1319 1098 1450 1156 Esto
1495 1100 1678 1169 itaque
1710 1111 1829 1152 mea
1862 1097 1977 1151 haec
2004 1093 2181 1150 oratio

607 1194 951 1260 ebaristeria,
981 1194 1087 1249 hoc
1106 1202 1190 1249 est
1230 1191 1527 1263 gratiarum
1563 1189 1829 1255 actiunis;
1854 1201 1982 1258 erga
2007 1185 2180 1241 Deum

608 1302 744 1344 sane
771 1287 1173 1352 universorum,
1204 1284 1383 1339 dicere
1409 1295 1519 1337 non
1541 1280 1719 1352 ausim
1740 1299 1756 1334 :
1780 1292 2091 1350 quanquam
2111 1279 2181 1333 ab

608 1367 702 1434 illo
729 1379 949 1449 quidem
985 1377 1166 1432 omnia
1214 1374 1374 1431 nobis
1410 1374 1676 1429 bonorum
1712 1372 1864 1426 initia
1899 1376 2061 1435 sunt;
2113 1368 2181 1424 ab

607 1484 675 1526 eo
704 1471 831 1526 item
862 1484 965 1525 nos
1008 1469 1341 1540 agendarum
1378 1466 1697 1538 gratiarum,
1725 1472 1781 1518 et
1829 1463 2179 1533 hymnorum,

604 1578 670 1620 ac
697 1563 921 1619 laudum
948 1562 1245 1635 primordia
1274 1561 1475 1616 ducere
1497 1565 1729 1627 oportet.
1765 1553 1873 1609 Sed
1899 1568 1967 1607 ne
1995 1553 2040 1607 si
2059 1551 2181 1623 qui-

605 1654 729 1711 dem
764 1670 854 1713 me
895 1664 1093 1720 totum,
1124 1668 1236 1707 non
1263 1651 1442 1721 qualis
1475 1664 1623 1704 nunc
1653 1662 1796 1712 sum,
1830 1643 2094 1715 profanus
2128 1651 2183 1698 et

606 1747 880 1816 impurus,
913 1754 968 1800 et
998 1752 1138 1799 tetro
1167 1751 1331 1813 atque
1361 1739 1645 1795 immundo
1675 1737 1822 1792 malo
1851 1747 2181 1804 conspersus

603 1847 660 1893 et
683 1837 1010 1908 permistus;
1055 1835 1147 1892 sed
1198 1834 1404 1889 nudum
1435 1848 1500 1888 ac
1532 1830 1908 1902 purissimum,
1944 1825 2182 1884 clarissi-

602 1944 864 2000 mumque
890 1937 945 1984 et
990 1927 1443 1991 sincerissimum,
1484 1932 1539 1979 et
1577 1924 1647 1979 ab
1687 1922 1838 1977 omni
1880 1921 2003 1975 labe
2044 1918 2177 1973 alie-

602 2035 770 2087 num;
803 2035 902 2076 nec
930 2020 977 2075 si
1010 2028 1207 2084 totum,
1255 2019 1503 2088 inquam,
1548 2015 1753 2071 nudum
1799 2027 1890 2067 me
1917 2012 2063 2067 velut
2091 2025 2180 2065 re-

600 2113 733 2166 Cens
771 2116 959 2164 natum
1011 2108 1260 2174 otl‘eram,
1306 2105 1531 2177 dignum
1577 2121 1610 2160 a
1647 2118 1735 2159 me
1778 2110 1960 2158 tamen
2006 2101 2175 2157 ullum

602 2203 658 2259 in
703 2204 936 2274 pretium
980 2211 1035 2257 et
1076 2200 1596 2270 compensationem,
1645 2196 1889 2253 omnium
1944 2193 2177 2265 principi

600 2305 656 2349 et
682 2294 893 2350 auctori
916 2308 1118 2348 munus
1146 2292 1419 2347 attulerint
1439 2309 1453 2346 :
1473 2304 1635 2361 quem
1662 2303 1763 2343 nec
1786 2287 2039 2358 privatim
2063 2284 2178 2341 sin-

602 2387 737 2457 guli,
768 2402 871 2443 nec
892 2386 1057 2442 simul
1095 2384 1358 2449 universi,
1400 2397 1509 2438 non
1552 2382 1601 2438 si
1631 2382 1687 2436 in
1719 2395 1889 2435 unum
1926 2378 2178 2448 idemque

601 2493 741 2551 pura
770 2479 953 2534 omnia
984 2478 1317 2542 coalescant,
1343 2485 1398 2532 et
1421 2492 1453 2531 a
1473 2490 1533 2531 se
1552 2475 1688 2546 ipsis
1730 2472 2088 2537 discedentia,
2109 2471 2178 2526 ad

598 2582 727 2625 eum
764 2578 874 2625 tota
915 2574 1326 2635 convertantur,
1350 2581 1464 2623 uno
1486 2566 1680 2637 spiritu
1722 2578 1946 2633 unoque
1966 2569 2022 2619 et
2043 2576 2176 2617 con-

601 2675 741 2717 sono
766 2677 931 2719 sensu
974 2662 1292 2732 conjuncta,
1336 2661 1498 2730 digne
1540 2671 1783 2727 unquam
1820 2656 2069 2710 venerari
2112 2668 2177 2709 ac

598 2754 823 2811 laudare
850 2764 1070 2827 queant.
1096 2754 1251 2821 Quod
1281 2754 1427 2809 enim
1466 2752 1535 2807 de
1573 2751 1685 2807 Deo
1710 2751 1879 2806 homo
1904 2749 2174 2820 quispiam

600 2855 751 2903 recte
784 2847 1025 2919 cegitare
1046 2862 1113 2903 ac
1146 2845 1385 2917 perfecte
1414 2844 1485 2917 (si
1510 2843 1617 2900 dici
1652 2844 1735 2899 fas
1773 2843 1875 2910 sit).
1892 2841 2038 2912 loqui
2076 2856 2175 2911 pro

598 2941 862 3013 dignitate
893 2939 1094 3010 possit;
1122 2954 1223 3009 pro
1265 2938 1370 2993 hac
1395 2938 1510 3007 ipsa
1538 2934 1796 2991 facultate
1818 2948 1926 3005 qua
1945 2941 2175 2990 ornatus

597 3040 706 3099 est,
732 3045 899 3101 quam
922 3044 1030 3084 non
1058 3030 1126 3083 ab
1152 3029 1258 3084 alio
1285 3027 1419 3089 ullo,
1461 3027 1555 3082 sed
1584 3027 1654 3080 ab
1676 3025 1908 3096 ipsemet
1933 3025 2171 3095 accepit;

599 3122 739 3177 nihil
769 3121 957 3191 utique
984 3119 1204 3175 aliunde
1245 3119 1449 3174 habere
1492 3127 1669 3189 potest
1696 3115 1895 3188 majus,
1920 3117 2067 3187 quod
2103 3116 2174 3172 ad
2200 3156 2242 3191 ι.

599 3212 899 3285 gratiarum
923 3210 1194 3267 actionem
1215 3209 1504 3264 retribuat.

670 3300 763 3356 IV.
800 3300 907 3356 Seu
942 3314 1042 3356 nos
1081 3299 1421 3355 laudationes
1472 3298 1693 3370 quidem
1741 3305 1797 3353 et
1836 3296 2068 3369 hymnos
2113 3296 2171 3352 in

596 3390 844 3447 omnium
870 3404 1052 3461 regem
1094 3396 1148 3444 et
1182 3388 1605 3453 moderatorem,
1650 3400 1944 3457 perennem
1970 3384 2172 3442 fontem

566 3482 846 3539 ‘omnium
873 3482 1173 3548 bonorum,
1212 3481 1263 3536 ei
1294 3482 1388 3551 qui
1420 3480 1559 3536 etin
1591 3480 1696 3535 hoe
1723 3473 1845 3546 ipso
1871 3476 2199 3535 inﬁrmita--

597 3582 708 3631 tem
740 3583 983 3630 nostram
1017 3582 1195 3641 sanat,
1218 3581 1274 3628 et
1294 3572 1440 3643 quod
1471 3572 1623 3627 deest
1651 3572 1870 3643 explere
1898 3571 2050 3628 solus
2080 3585 2171 3641 po-

596 3671 724 3726 test,
757 3661 1160 3732 relinquamus;
1190 3661 1427 3732 prtesidi,
1455 3660 1701 3732 inquam,
1728 3662 2034 3717 animarum
2073 3677 2169 3717 no-

597 3763 835 3811 strarum
868 3769 934 3809 ac
957 3752 1248 3819 Salvatori,
1283 3755 1644 3825 primogenita
1668 3754 1788 3825 ejus
1830 3752 2029 3824 Verbo,
2053 3772 2172 3812 om-

597 3847 751 3902 nium
769 3846 1039 3902 conditori
1060 3854 1115 3902 et
1133 3846 1504 3917 gubernatori.
1520 3845 1625 3918 ipsi
1644 3847 1747 3903 soli
1775 3862 1875 3919 pro
1892 3862 1954 3903 se
1971 3849 2090 3919 ipso
2118 3856 2172 3904 et

596 3953 698 4011 pro
717 3938 973 3994 omnibus
992 3938 1243 4008 privatim
1260 3953 1331 3995 ac
1352 3942 1604 3997 universe
1629 3938 1788 3996 facile
1809 3949 1894 3997 est
1921 3941 2170 3998 assiduas

562 4054 567 4064 ε
595 4041 760 4102 atque
779 4036 1067 4102 perpetuas
1087 4030 1292 4102 gratias
1312 4045 1503 4100 agere:
1529 4031 1660 4102 quia
1682 4046 1808 4087 cum
1834 4034 1907 4088 sit
1933 4033 2050 4103 ipsa
2076 4048 2169 4089 ve-

594 4122 758 4189 ritas;
784 4130 839 4179 et
863 4122 980 4192 ipsa
998 4120 1184 4177 Patris
1208 4122 1586 4179 universorum
1613 4132 1669 4180 et
1698 4126 1964 4196 sapientia
1986 4136 2042 4183 et
2070 4143 2167 4198 po-

554 4229 567 4238 '
594 4223 794 4283 testas,
852 4215 923 4270 ad
969 4214 1084 4270 haec
1123 4223 1179 4269 et
1217 4214 1274 4269 in
1316 4214 1437 4285 ipso
1464 4225 1521 4272 et
1547 4232 1671 4273 eum
1704 4217 1824 4288 ipso
1851 4233 1979 4276 vero
2007 4230 2170 4291 atque

557 4319 563 4325 ‘
594 4307 820 4365 omnino
853 4306 1203 4378 conjunctus,
1235 4307 1448 4362 nullum
1493 4320 1578 4365 est
1621 4310 1954 4381 periculum,
1981 4326 2051 4367 ne
2083 4312 2169 4367 vel

591 4414 695 4474 per
723 4400 1051 4458 oblivionem
1082 4399 1171 4455 vel
1210 4399 1616 4471 insipientiam,
1653 4409 1749 4456 aut
1779 4417 1893 4474 pra:
1924 4403 2166 4459 imbecil-

2279 540 2314 610 ἡ
2342 539 2505 606 πεῖρα
2553 537 2588 607 ή
2629 532 2767 606 πρὸς
2809 530 2907 593 τὰς
2951 526 3183 600 ἀμοιϐἀς
3226 527 3329 588 ἀεὶ,
3371 524 3466 578 κᾶν
3503 524 3648 610 ᾖττων
3674 524 3747 595 τῆς

2280 628 2438 696 ἀξίας
2459 620 2811 696 δύναμιςητοῦ
2834 621 2933 693 τὴν
2969 620 3126 690 χάριν
3150 615 3487 688 ἀναφέροντος
3509 609 3638 686 Οὐ
3654 614 3747 686 γὰρ,

2280 722 2330 773 εί
2354 719 2426 790 μὴ
2451 717 2572 772 κατ’
2591 715 2748 780 ἀξίαν
2768 708 2878 776 οἷός
2898 711 2958 764 τέ
2993 711 3107 780 εἰμι
3132 708 3303 777 λέγειν
3336 707 3646 776 σιωπήσομαι·
3666 706 3746 759 ἀλλ’

2280 812 2329 864 εί
2356 807 2655 879 ἀποπλήσω
2687 804 2845 860 πάνθ’
2874 803 2912 858 ἀ
2953 820 3043 875 μοι
3085 799 3302 855 δυνατόν
3343 801 3467 863 ἐστι,
3496 798 3575 853 καὶ
3612 815 3750 868 σεμνυ-

2280 902 2494 974 νοῦμαι.
2531 903 2713 955 Ἔστω
2743 899 2807 970 δή
2836 914 2924 969 μοι
2966 899 2995 951 ό
3028 895 3184 964 λόγος
3219 892 3303 946 ὅδε
3327 893 3646 964 χαριστήριοςο
3667 891 3750 961 Θεῷ

2284 997 2382 1069 μὲν
2402 996 2491 1069 -τῷ
2516 995 2624 1050 τῶν
2652 995 2809 1059 ὅλων,
2829 992 2932 1046 οὐκ
2970 990 3038 1045 ἀν
3078 988 3384 1059 ἐθελήσαιμι
3422 982 3591 1052 λέγειν·
3624 982 3751 1036 καίτοι

2280 1062 2345 1157 γε
2380 1062 2589 1141 Eas-i0“
2631 1087 2763 1156 ἡμῖν
2802 1085 2972 1138 πᾶσαι
3016 1081 3114 1153 μὲν
3155 1080 3214 1132 αἱ
3254 1077 3361 1131 τῶν
3399 1074 3591 1143 ἀγαθῶν
3615 1074 3749 1144 ἀοχαὶ,

2281 1178 2490 1233 ἐκεῖθεν
2514 1176 2570 1229 δὲ
2614 1175 2708 1229 καὶ
2734 1176 2883 1246 ἡμᾶς
2911 1170 3021 1226 τῶν
3063 1168 3410 1242 εὐχαριστιῶν
3446 1168 3478 1237 ἦ
3507 1165 3658 1236 ὐμνων
3687 1166 3751 1219 καὶ

2281 1269 2448 1324 αῐνων
2483 1268 2744 1338 ἄρχεσθαι
2785 1267 2912 1339 χρή.
2948 1264 3107 1318 Ἀλλά
3149 1263 3258 1334 γάρ
3289 1261 3391 1314 οὐδ’
3420 1262 3465 1313 εἰ
3503 1260 3604 1312 ὅλον
3635 1260 3751 1329 ἐμαυ-

2279 1361 2391 1426 τὸν,
2422 1360 2494 1432 μὴ
2524 1356 2633 1425 οἷος
2681 1360 2778 1431 μὲν
2813 1359 2908 1412 νῦν
2951 1358 3069 1427 εἰμι
3109 1354 3333 1427 βέϐηλος
3376 1353 3464 1408 καὶ
3500 1350 3752 1423 ἀκάθαρτος,

2279 1450 2719 1523 ἀναμεμιγμένος
2766 1449 2861 1504 καὶ
2904 1446 3247 1520 πεφυρμένος
3315 1446 3530 1513 παναγεῖ
3565 1442 3656 1512 (55)
3691 1442 3753 1495 καὶ

2281 1542 2576 1614 ἀκαθάρτῳ
2606 1539 2781 1610 κακῷ·
2816 1538 3023 1610 γυμνὸν
3057 1537 3113 1591 δὲ
3154 1536 3317 1591 αὐτὸν
3353 1534 3456 1607 ('56)
3486 1529 3755 1602 δτικαθαρύ-

2279 1651 2440 1689 τατον
2460 1632 2836 1706 λαμπρότατόν
2855 1648 2915 1685 τε
2941 1630 3035 1684 καὶ
3057 1626 3516 1702 εἰλικρινέστατον,
3537 1625 3617 1679 καὶ
3635 1623 3754 1694 ἀμιγῆ

2282 1725 2482 1789 παντὸς
2508 1722 2765 1795 χείρονος·
2793 1722 2900 1777 οὐδ’
2927 1722 2977 1775 εί
3018 1720 3159 1783 ὅλον,
3194 1719 3357 1792 φημὶ,
3396 1718 3597 1789 γυμνὸν,
3624 1713 3754 1783 ὥσπερ

2279 1817 2402 1872 τινὰ
2433 1816 2721 1886 γενόμενον
2763 1813 2941 1885 φέρων
2978 1811 3241 1884 ἐπιδοίην,
3280 1809 3493 1880 φέροιμι
3520 1808 3576 1862 ἀν
3603 1823 3646 1859 τι
3668 1805 3756 1875 παρ’

2278 1906 2513 1980 ἐμαυτοῦ
2544 1907 2715 1978 δῶρον
2743 1905 2890 1972 ἀξιον
2926 1905 3008 1968 εἰς
3029 1904 3194 1975 τιμὴν
3219 1902 3316 1957 καὶ
3354 1899 3567 1972 ἀμοιϐὴν
3589 1896 3652 1969 τῷ
3672 1894 3757 1948 πᾶν·

2277 2016 2385 2055 των
2417 1999 2645 2071 ἡγεμόνι
2690 1997 2786 2053 καὶ
2829 1996 3004 2068 αἰτίαν
3048 1996 3106 2050 ὃν
3136 1993 3261 2051 οὐτε
3313 1993 3415 2066 ίδίᾳ
3456 1993 3650 2054 ἕκαστος
3678 1987 3755 2041 πώ-

2277 2109 2433 2157 ποτε,
2461 2091 2585 2146 οὐτε
2620 2092 2715 2147 καὶ
2741 2092 2857 2163 ἅμα
2902 2090 3122 2155 πάντες,
3143 2088 3296 2148 ,ὡσεὶ
3340 2088 3397 2140 ἓν
3435 2086 3522 2139 καὶ⁵
3551 2082 3681 2138 ταύτὸ
3696 2080 3757 2150 γέ-

2277 2201 2421 2238 νοιτο
2458 2185 2639 2241 πάντα
2685 2182 2932 2256 καθαρὰ,
2984 2180 3163 2236 αὐτῶν
3214 2180 3316 2253 μὲν
3363 2178 3636 2241 ἐκστάντα,
3671 2174 3759 2244 πρὸς

2277 2276 2439 2331 αὐτὸν
2461 2276 2518 2331 δὲ
2554 2274 2956 2348 ἐπιστρέψαντα
2982 2273 3201 2346 μᾶλλον,
3229 2271 3406 2344 ἀθρόα
3429 2270 3529 2341 (57)
3557 2268 3624 2321 ἑνὶ
3652 2265 3760 2318 maia

2282 2386 2409 2441 ματι
2441 2369 2537 2424 καὶ
2569 2371 2667 2441 μιᾷ
2695 2368 2842 2441 ὁρμῇ
2879 2370 2945 2439 τῇ
2988 2366 3286 2439 συμφώνῳ,
3316 2364 3477 2432 ἀξίως
3495 2364 3556 2418 ἂν
3580 2360 3761 2431 εὐφημῆ-

2277 2478 2370 2515 σαι
2410 2461 2675 2516 δύναιντο.
2704 2461 2826 2514 Ὅτι
2861 2461 2970 2531 γὰρ
3000 2459 3110 2513 τῶν
3146 2457 3317 2514 αὐτοῦ
3358 2453 3761 2528 δημιουργημάτων

2277 2553 2373 2608 καὶ
2401 2552 2748 2624 διανοηθῆναί
2778 2568 2861 2615 τις
2904 2551 3101 2623 ἄριστα
3141 2551 3237 2605 καὶ
3280 2549 3601 2620 ὁλοκλήρως,
3622 2544 3693 2600 καὶ
3714 2543 3761 2613 (εἰ

2276 2640 2392 2700 οἷόν
2444 2645 2537 2718 τε)
2578 2647 2750 2699 εἰπεῖν
2789 2645 2909 2698 κατ’
2967 2643 3123 2709 ἀξίαν
3174 2641 3310 2715 περὶ
3361 2640 3519 2695 αὐτοῦ
3550 2634 3759 2707 δυνηθεεγ

2276 2735 2449 2806 αὐτῆς
2482 2735 2539 2790 δὲ
2574 2736 2672 2807 τῆς
2707 2733 2988 2806 δυνάμεως
3024 2732 3208 2787 ἕνεκεν
3256 2726 3328 2805 ἦς
3362 2730 3574 2801 ἠξίωται
3603 2726 3652 2781 οὐ
3676 2722 3761 2792 παρ’

2275 2825 2439 2881 ἀλλου
2475 2843 2590 2890 του,
2630 2827 2760 2897 παρ’
2797 2824 2960 2879 αὐτοῦ
2997 2825 3055 2880 δὲ
3089 2822 3292 2889 λαϐὼν,
3317 2822 3419 2877 οὐκ
3451 2819 3553 2874 ἔσθ’
3585 2819 3696 2878 ὅπως
3719 2813 3763 2869 ἂν

2275 2917 2402 2973 ἀλλο
2448 2936 2503 2971 τι
2568 2917 2750 2990 μεῖζόν
2800 2918 2962 2973 ποθεν
3015 2917 3329 2990 εὐπορήσας
3373 2916 3454 2980 είς
3499 2906 3763 2986 εὐχαριστίιν

2274 3010 2519 3084 ἀναθείη.

2342 3312 2395 3364 Δ¹
2424 3353 2437 3366 .
2480 3308 2639 3365 Ἀλλά
2660 3310 2761 3375 τάς
2790 3310 2888 3383 μὲν
2907 3309 3019 3381 (58)
3043 3310 3126 3373 είς
3148 3308 3241 3362 τὸν
3264 3309 3484 3365 πάντων
3507 3304 3688 3378 βασιλέα
3704 3301 3765 3355 ui

2271 3403 2544 3476 κηδεμόνα
2559 3444 2574 3468 ,
2608 3404 2707 3476 τὴν
2744 3402 2943 3474 διαρκῆ
2966 3401 3147 3474 πηγὴν
3172 3401 3394 3456 πάντων
3414 3398 3629 3471 ἀγαθῶν,
3649 3396 3763 3462 εὐφη-

2274 3494 2402 3567 μίας
2435 3496 2529 3550 καὶ
2567 3495 2768 3568 ὕμνους
2793 3493 2872 3565 τῷ
2904 3495 3006 3548 κάν
3031 3493 3207 3564 τούτῳ
3241 3493 3347 3565 τὴν
3376 3492 3631 3546 ἀσθένειαν
3662 3483 3765 3556 ἡμῶν

2274 3587 2507 3659 ίωμένῳ,
2543 3588 2637 3640 καὶ
2679 3586 2739 3639 τὸ
2771 3585 2945 3639 ἐνδέον
2992 3584 3345 3656 ἀναπληροῦν
3386 3583 3524 3654 μόνῳ
3560 3574 3765 3646 δυναμένῳ

2269 3679 2670 3753 ἐπιτρέψαιμεν,
2696 3679 2775 3751 τῷ
2793 3676 3073 3751 προστάτῃ
3100 3675 3209 3729 τῶν
3231 3676 3514 3747 ἡμετέρων
3537 3668 3688 3741 ψυχῶν
3705 3663 3767 3719 καὶ

2271 3770 2504 3842 Σωτῆρι,
2535 3767 2615 3840 τῷ
2640 3769 2977 3841 πρωτογενεῖ
3005 3765 3170 3820 αὐτοῦ
3199 3765 3383 3836 Λόγῳ,
3412 3763 3491 3834 τῷ
3513 3756 3766 3823 πάντωνὸτιο

2273 3858 2519 3931 μιουργῷ
2549 3859 2643 3913 καὶ
2684 3857 3027 3930 κυϐερνήτῃ·
3071 3854 3221 3927 αὐτῷ
3270 3857 3418 3927 μόνῳ
3459 3853 3591 3925 ὐπέρ
3613 3867 3660 3904 τε
3681 3849 3765 3901 ἑαυ-

2267 3950 2361 4003 τοῦ
2389 3951 2482 4005 καὶ
2511 3949 2651 4023 ὑπὲρ
2685 3950 2898 4005 πάντων
2937 3948 3041 4021 ἰδίᾳ
3071 3966 3133 4002 τε
3169 3951 3271 4003 καὶ¹
3295 3949 3524 4004 ἐκάστου
3556 3945 3674 4018 (59),
3706 3937 3768 3993 καὶ

2269 4042 2462 4115 ἀθρόον
2488 4042 2603 4115 ἅμα
2615 4042 2834 4097 δυνατὸν
2854 4042 2913 4096 ὃν
2940 4042 3291 4114 ἀναπέμπειν
3317 4042 3571 4113 διηνεκεῖς
3588 4032 3769 4093 “iam
3872 4118 3873 4121 η

2268 4133 2518 4199 λείπτους
2546 4134 2625 4207 τῷ
2642 4136 2816 4208 Πατρὶ
2836 4135 2937 4198 τὰς
2964 4136 3343 4209 εὐχαριστίας·
3368 4136 3449 4190 ὅτι
3476 4133 3620 4195 αὐτὸζ
3640 4132 3667 4200 ἡ
3688 4126 3770 4194 mi“

2268 4226 2392 4282 θεια
2431 4226 2507 4281 ὣν
2528 4266 2545 4292 ,
2587 4228 2684 4281 καὶ
2716 4230 2748 4299 ἡ
2778 4228 2943 4282 αὐτοῦ
2973 4227 3066 4282 τοῦ
3100 4229 3315 4300 Hau-pb;
3347 4229 3455 4284 τῶν
3478 4226 3601 4283 ὅλων
3625 4222 3769 4278 ita”?

2270 4317 2369 4387 φία
2397 4318 2490 4371 καὶ
2520 4316 2771 4389 δύναμις,
2807 4319 2944 4391 πρὸς
2974 4318 3032 4371 δὲ
3064 4319 3160 4376 καὶ
3187 4319 3246 4370 ἐν
3277 4318 3431 4389 αὐτῷ
3455 4318 3549 4381 ὣν,
3577 4315 3656 4370 καὶ
3677 4308 3768 4381 api;
3872 4374 3873 4377 η

2267 4409 2428 4464 αὐτὸν
2466 4410 2707 4482 ἀτεχνῶς
2737 4410 3032 4483 ἡνωμένος,
3081 4411 3183 4464 οὐκ
3210 4410 3358 4464 ἐστιν
3390 4409 3587 4481 ὄπωςῆ
3614 4405 3684 4461 διὰ
3704 4403 3766 4471 λή·

591 4491 747 4549 litate
785 4494 990 4564 aliqua,
1018 4507 1083 4548 ac
1114 4492 1162 4550 si
1191 4492 1316 4563 quis
1344 4492 1415 4548 ab
1441 4507 1505 4549 eo
1536 4493 1910 4565 sejunctus‘et
1950 4497 2166 4556 alienus

2271 4503 2369 4576 θην
2398 4503 2683 4575 ἢζάσόφως
2706 4503 2743 4562 ἢ
2766 4504 2857 4558 ὐπ’
2890 4502 3176 4568 ἀσθενείας
3203 4504 3371 4568 τινὸς,
3396 4502 3576 4573 ὥσπερ
3593 4515 3661 4561 τις
3707 4499 3774 4553 ἄπ-

594 4594 772 4651 esset,
804 4586 889 4641 vel
915 4584 1136 4657 assequi
1162 4584 1495 4643 laudationis
1520 4588 1747 4645 modum
1775 4599 2013 4662 nequeat
2035 4632 2052 4659 ,
2080 4592 2168 4648 vel

668 4735 1083 4821 (55)_nga_;~e'i.
1112 4739 1172 4795 In
1195 4740 1392 4821 bonam
1426 4753 1635 4821 tantum
1666 4753 1884 4821 partem
1916 4750 2169 4821 παναγής

595 4808 809 4888 ponunt
834 4808 1047 4888 _bexiga
1078 4828 1093 4865 :
1124 4812 1219 4867 sed
1245 4826 1311 4888 ex
1347 4813 1453 4870 hoc
1496 4816 1615 4871 loco
1657 4808 1804 4886 (nam
1836 4816 1903 4872 de
1938 4808 2169 4875 lectione

597 4879 1021 4965 quis‘ltinbitet?)
1052 4890 1220 4965 patet,
1251 4882 1303 4935 in
1328 4893 1612 4956 utramque
1634 4879 1835 4955 valere,
1862 4888 2083 4957 perinde
2111 4900 2171 4945 ut

595 4946 805 5030 avum;
822 4956 888 5030 ει
913 4946 1140 5030 ἐνοέγῆςιί
1156 4951 1395 5030 Benest"

668 5016 784 5101 (ϐξ)
809 5015 1174 5101 maecenas
1215 5024 1421 5101 αὐτόν.
1446 5025 1636 5101 Ἀὐτὸν
1673 5025 1925 5101 Bengelio
1956 5030 2171 5101 videtur

595 5085 914 5169 παρέλκεινζ
966 5089 1224 5169 {ltnforte
1273 5092 1557 5169 legendum
1585 5112 1723 5169 _cum
1769 5085 1976 5155 editore
2016 5099 2170 5155 Pari-

594 5158 790 5281 :igetnés’i,
823 5158 1026 5229 γυμνὸν
1045 5159 1089 5212 δ’
1111 5158 1369 5232 ἐμαυτόν.
1395 5165 1501 5219 Aut
1523 5166 1712 5221 saltem
1736 5170 2165 5235 rescribendum,

633 5367 646 5380 .
667 5298 784 5380 (57)
829 5298 1052 5380 lae-el...
1307 5301 1645 5380 Haascbelius
1668 5322 1765 5376 pro
1786 5307 1993 5380 ὡσείίη
2024 5325 2169 5366 mar-

597 5369 739 5450 gine_
759 5369 926 5450 habet
1053 5373 1126 5450 εί,
1164 5372 1217 5450 id
1259 5381 1364 5441 est,
1395 5384 1457 5450 ut
1484 5376 1557 5450 si.
1584 5369 1800 5450 Manere
1831 5379 1962 5433 ὡσεί
1995 5390 2170 5450 potest

597 5438 678 5520 ut,
710 5438 913 5520 ὡσεὶ...
942 5440 1136 5520 ἀθρόα,
1164 5443 1219 5496 in
1238 5438 1584 5520 parenthesi,
1619 5447 1766 5502 illam
1797 5438 2018 5520 ρι’ωοὶεὲ
2047 5466 2169 5520 par-

594 5517 739 5592 tem,
773 5509 891 5592 an}
947 5509 1184 5580 πάντες,
1217 5509 1451 5585 (tectaret
1476 5557 1489 5582 ,
1516 5509 2064 5592 eleganter'vvergens
2084 5521 2167 5592 .ad

595 5579 1077 5637 votum.‘Bt-:ncm..
1167 5579 1171 5580 ί
1376 5582 1379 5585 ’
1476 5579 1483 5582 ’
1925 5579 1955 5592 ⁹
2084 5580 2094 5593 ³

656 5649 783 5729 ,(58)
808 5650 1004 5732 ,Ἀλλὰ
1022 5652 1281 5723 τὰς-μὲν,
1314 5671 1368 5707 κ.
1403 5671 1454 5708 τ.
1483 5655 1532 5732 λ.
1568 5643 1842 5732 Ιῖοὺοιηυε
1867 5661 1922 5714 in
1954 5661 2170 5732 boeta-

597 5726 862 5797 stimoniq
914 5733 1264 5797 accuratam”
1277 5727 1519 5797 mysterii
1536 5795 1555 5797 Α
1569 5730 1981 5797 expositionem.
2029 5730 2168 5788 Nam

602 5788 780 5844 virtus
807 5790 899 5845 illa
921 5790 1045 5847 Filii
1072 5794 1301 5866 aequalis
1323 5788 1508 5853 virtuti
1533 5788 1731 5868 Patris,
1764 5815 1873 5870 qua
1912 5798 2074 5860 Pater
2109 5818 2169 5862 se

2269 4587 2603 4661 εξενωμένος
2618 4588 2804 4657 αὑτοῦ,
2883 4593 2984 4646 οὐκ
3020 4596 3260 4669 ἐφίξεται
3282 4600 3353 4670 τῇ
3384 4596 3595 4668 δυνάμει
3616 4585 3766 4661 τῆςδυ·

2269 4747 2389 4818 ipse
2436 4747 2839 4818 quodammodo
2890 4751 3311 4822 circumambit,
3363 4750 3498 4822 nibﬂ
3525 4746 3653 4804 aliud
3685 4751 3767 4822 esse

2308 4816 2476 4896 ριθειζ
2522 4832 2688 4896 quam
2721 4819 3069 4896 _totanl’atris
3087 4816 3417 4896 _substa’ntta
3458 4819 3585 4896 Filio
3607 4816 3765 4896 tradita.

2294 4889 2350 4942 ix
2384 4903 2494 4958 quo
2519 4887 2678 4943 facile
2720 4889 3042 4955 intelligitur
3087 4889 3285 4946 Filium
3318 4906 3442 4948 esse
3478 4891 3711 4958 veritatem
3733 4887 3768 4933 ει

2268 4954 2448 5014 Patris
2493 4958 2814 5031 sapientiam
2867 4954 2932 5016 ac
2979 4961 3253 5029 virtutem,
3299 4975 3530 5031 eumque
3578 4961 3623 5013 in
3656 4954 3768 5031 [atra

2268 5043 2393 5102 esse
2423 5037 2479 5084 et
2509 5023 2639 5102 cum,
2659 5027 2818 5102 Patre
2860 5023 3478 5102 conjunctuinILaude's
3518 5044 3639 5101 quas
3664 5023 3768 5102 i’alri

2268 5099 2443 5171 Filius
2480 5100 2690 5160 tribuit.
2742 5097 3004 5157 honorem
3034 5118 3196 5171 quem
3245 5104 3295 5158 ei
3326 5097 3551 5167 defert;
3574 5110 3621 5154 et
3646 5097 3701 5171 ab
3722 5103 3767 5145 eo

2268 5170 2468 5242 accipit
2505 5170 2770 5242 vicissim,
2806 5164 3092 5242 utriusque
3119 5187 3447 5229 consensum
3480 5164 3766 5242 inhaesi"?

2269 5236 2875 5314 dem'virtutisAPatrem
2902 5236 3301 5314 quodammodo
3332 5236 3768 5314 circumambienlii

2269 5311 2579 5393 aequalitate
2595 5311 2802 5393 diserte
2839 5306 3135 5393 Gregorius
3166 5306 3767 5393 consti_tuit,_ut_qui'sq:€
3872 5320 3873 5323 ‘

2270 5366 2709 5452 animadvertere
2734 5366 2931 5452 potest.
2948 5366 3409 5447 Ἦοίἷιιιξῦἶυίἰιῖ
3429 5366 3515 5438 Ἰ),
3551 5366 3618 5434 ΝῘ
3646 5366 3764 5431 1(οο

2270 5451 2365 5506 lib.
2399 5468 2474 5517 ιν,
2504 5468 2622 5522 cap.
2651 5451 2800 5523 ταῖς
2824 5453 2876 5514 1,
2904 5467 3024 5523 pag.
3058 5452 3184 5508 522.

2341 5522 2461 5645 (59;
2491 5517 2609 5610 _Kcil
2656 5517 2954 5604 éxdé'rou._
2975 5517 3097 5590 Ὠιιί
3142 5521 3431 5605 editionem
3464 5517 3766 5602 Parisiensem

2346 5609 2401 5645 n.
2472 5592 2568 5645 02!
2626 5601 2751 5645 nost
2796 5590 3123 5645 Vossianam
3173 5601 3476 5645 recensuit.
3507 5584 3765 5645 connetebai

2272 5584 2401 5648 ann.
2437 5584 2568 5647 1691
2626 5601 2751 5662 post
2796 5584 3123 5662 vossianam
3173 5594 3476 5660 recensuit,
3507 5584 3765 5662 conjiciebai

2274 5663 2375 5734 hic
2413 5661 2698 5734 legendum
2757 5661 2880 5734 καθ’
2933 5664 3183 5721 ἕκαστον.
3240 5667 3308 5719 At
3364 5661 3765 5734 Bengeliusugv?i

2271 5720 2496 5807 omisso:
2530 5732 2929 5807 edidit__idiqt_rs
2956 5736 3210 5807 έκάστου.
3235 5735 3323 5793 Sic
3358 5743 3412 5791 et
3439 5720 3652 5807 nuperos
3671 5720 3761 5778 Ori-

2270 5805 2624 5874 genianorum
2647 5802 2828 5860 editur
2848 5802 3192 5864 Parisiensis.
