3950 6326
195 341 332 398 1061

1219 349 1283 405 ΙΝ
1305 349 1659 408 οιιιοΕΝειι
1683 349 1941 407 ORATIO
1979 347 2434 409 PANEGYRICA.

3283 361 3449 418 1062

191 457 415 530 νάμεως
435 503 452 526 ,
482 460 516 534 ἢ
554 461 795 533 ἐφίξεται
820 464 936 536 μὲν,
966 464 1108 520 ἑκὼν
1131 465 1188 518 δὲ
1210 465 1259 535 (ὃ
1289 467 1363 539 μὴ
1393 467 1549 539 θέμις
1578 469 1760 542 εἰπεῖν]

1874 475 1935 522 ιιι
1959 478 2280 539 assequatur
2301 469 2542 540 quidem,
2570 471 2759 529 volens
2779 480 2961 528 tamen
2993 471 3158 546 (quod
3180 474 3337 533 nefas
3363 490 3450 537 est

190 551 333 625 ὲάσῃ
360 552 454 606 τὸν
478 555 698 627 Πατέρα
729 557 1140 630 ἀνευφήμητονο
1170 560 1318 631 μόνῳ
1349 560 1522 630 τούτῳ
1549 559 1770 614 δυνατὸν

189 640 252 696 δν
284 642 598 700 τελειότατα
639 647 818 700 πᾶσαν
864 648 1258 722 ἀποπληρῶσαι
1305 650 1403 722 τὴν
1455 649 1610 717 ἀξίαν
1662 649 1771 704 τῶν

189 734 345 805 αὐτῷ
372 737 757 808 προσηκόντων
789 740 951 792 αἴνων
974 758 988 770 ·
1027 743 1086 795 ὃν
1112 759 1232 795 τινα
1255 743 1412 806 αὐτὸς
1439 745 1469 796 6
1505 743 1610 798 τῶν
1635 742 1770 796 ὅλων

187 825 391 898 Πατὴρ
433 827 492 878 ἒν
545 828 682 899 πρὸς
724 830 887 882 αὑτὸν
929 833 1290 904 ποιησάμενος
1339 832 1481 904 (60),
1511 833 1577 886 δι’
1607 833 1768 887 αὐτοῦ

194 919 481 989 μονονουχὶ
517 921 678 983 αὐτὸς
712 921 874 974 αὑτὸν
908 923 1180 996 ὲκπεριὼν
1205 923 1310 995 (61)
1331 966 1346 991 ,
1375 928 1440 996 τῇ
1471 925 1557 996 ἴσῃ
1594 926 1767 998 πάντη

189 1009 424 1080 δυνάμει
461 1015 528 1082 τῇ
576 1012 741 1066 αὑτοῦ
770 1014 970 1086 τρόπον
1011 1015 1130 1069 τινὰ
1180 1017 1354 1088 τιμῴη
1393 1017 1487 1071 καὶ
1535 1017 1766 1088 τιμῷτο·

188 1101 332 1174 ὅπερ
360 1104 574 1176 πρῶτος
611 1106 703 1158 καὶ
743 1108 901 1177 μόνος
937 1107 1081 1177 ἔχειν
1114 1108 1302 1180 ἔλαχεν
1332 1112 1394 1162 ἐκ
1421 1109 1634 1163 πάντων
1663 1109 1768 1162 τῶν

187 1194 364 1248 όντων
393 1197 422 1248 6
458 1197 767 1268 Μονογενὴς
808 1200 990 1263 αὑτοῦ,
1037 1202 1065 1254 ὁ
1101 1203 1159 1254 ὲν
1208 1202 1356 1273 αὐτῷ
1395 1203 1527 1266 θεὸς
1566 1199 1766 1273 Λόγος·

188 1285 303 1338 τῶν
330 1287 506 1340 ἄλλων
546 1288 656 1360 (62)
691 1293 910 1347 πάντων
941 1292 1085 1346 οὕτω
1127 1293 1284 1364 μόνον
1321 1293 1654 1367 εὐχαρίστων
1678 1289 1770 1349 καὶ

189 1376 433 1431 εὐσεϐῶν
458 1373 598 1433 εἶναι
625 1381 956 1453 δυναμένων,
984 1387 1030 1438 εί
1055 1386 1143 1438 ἐπ’
1160 1385 1308 1457 αὐτῷ
1335 1386 1596 1458 φέροντες
1627 1388 1770 1459 μόνῳ

191 1469 319 1522 ἀντὶ
370 1473 587 1526 πάντων
625 1473 732 1527 τῶν
786 1476 938 1548 παρὰ
983 1476 1078 1530 τοῦ
1121 1478 1334 1550 Πατρός
1362 1481 1493 1550 ἡμῖν
1530 1479 1766 1548 ἀγαθῶν,

188 1561 293 1633 τὴν
351 1562 581 1634 δύναμιν
643 1567 742 1637 τῆς
802 1566 958 1634 ἀξίας
1026 1570 1372 1643 εὐχαριστίας
1432 1572 1770 1644 ἀναθήσομεν

190 1656 350 1727 (μίαν
376 1657 492 1711 ὁδὸν
517 1660 794 1725 εὐσεϐείας
821 1663 1024 1735 ταύτην
1061 1661 1197 1719 εἶναι
1223 1667 1649 1738 ὁμολογήσαντες
1673 1666 1770 1739 τὴν

188 1748 257 1801 δι’
294 1748 458 1802 αὑτοῦ
509 1753 685 1805 πᾶσαν
723 1754 969 1828 μνήμην)
1016 1757 1094 1828 τῷ
1126 1757 1234 1812 τῶν
1269 1758 1405 1814 ὅλων
1447 1760 1604 1832 αίτίῳ
1638 1760 1765 1830 (65).

1872 560 2313 632 ὐίεειε)τΡιιιιιεω
2336 577 2432 618 sua
2461 564 2772 621 laudatione
2800 564 3092 622 destituat:
3116 581 3240 623 cum
3271 570 3318 626 ei
3342 572 3446 628 soli

1866 655 1948 709 sit
1991 654 2047 708 in
2091 663 2346 724 promptu
2375 654 2770 726 perfectissime
2807 671 3000 714 omnes
3029 663 3448 731 congruentium

1873 745 1949 801 illi
1977 746 2196 801 laudum
2225 762 2482 803 numeros
2517 748 2842 820 adimplere;
2871 765 3031 822 quem
3052 753 3168 824 ipse
3197 758 3443 816 omnium

1873 834 2032 893 Pater
2065 854 2231 893 unum
2261 853 2445 895 secum
2479 839 2687 896 faciens
2707 882 2722 908 ,
2757 857 2855 913 per
2883 844 3060 914 ipsum
3091 855 3300 904 tantum
3331 865 3446 908 non

1873 944 1994 985 sese
2025 925 2139 1000 ipse
2165 932 2640 1000 circumamhiens,
2679 936 2870 1004 aequali
2898 953 3290 1010 usquequaque
3318 958 3444 998 cum

1874 1033 1971 1073 sua
2020 1021 2218 1075 virtute
2259 1023 2659 1092 quodammodo
2697 1024 2959 1094 honoret,
3009 1037 3065 1084 et
3116 1031 3444 1088 honoratur:

1873 1111 2017 1179 quod
2045 1112 2262 1182 quidem
2298 1114 2510 1183 primus
2536 1115 2796 1186 solusque
2827 1133 2894 1173 ex
2925 1121 3180 1177 omnibus
3213 1125 3444 1182 sortitus

1857 1208 1957 1254 ‘est
1981 1197 2304 1269 Unigenitus
2333 1202 2452 1273 ejus
2481 1205 2575 1274 qui
2612 1204 2667 1259 in
2707 1205 2828 1275 ipso
2853 1215 2957 1271 est,
3011 1208 3154 1265 Deus
3179 1209 3441 1268 Verbum.

1857 1288 2088 1361 'Beliqui
2118 1302 2296 1347 autem
2326 1309 2517 1352 omnes
2547 1298 2619 1352 ita
2665 1297 2930 1355 duntaxat
2955 1303 3092 1371 grati
3137 1312 3191 1358 et
3217 1305 3290 1374 pii
3325 1320 3444 1362 esse

1871 1395 2185 1450 possumus,
2216 1385 2261 1440 si
2291 1385 2346 1440 in
2378 1402 2443 1441 eo
2477 1381 2594 1444 solo
2615 1405 2714 1460 pro
2741 1391 2996 1449 omnibus
3029 1396 3082 1448 in
3109 1410 3212 1451 nos
3234 1412 3264 1451 a
3284 1395 3444 1454 Patre

1871 1472 2261 1542 proﬂuentihus
2280 1477 2438 1535 bonis
2463 1495 2679 1538 omnem
2697 1481 2873 1554 digna:
2894 1487 3189 1556 gratiarum
3213 1489 3441 1546 actionis

1872 1577 2127 1621 conatum
2157 1568 2481 1627 olferamus:
2524 1589 2690 1629 unam
2720 1577 2937 1645 pietatis
2962 1579 3107 1633 viam
3136 1580 3279 1637 hanc
3320 1597 3443 1639 esse

1871 1658 2207 1726 conﬁtentes,
2238 1663 2284 1717 si
2327 1677 2543 1719 omnem
2569 1668 2885 1723 memoriam
2920 1684 3018 1741 per
3054 1672 3230 1743 ipsum
3255 1676 3444 1732 condi-

1872 1751 1978 1804 tori
2005 1760 2168 1822 atque
2197 1757 2406 1810 auctori
2435 1759 2679 1813 omnium
2706 1759 3039 1820 dedicemus.
3073 1765 3440 1833 Quamobrem

187 1842 284 1896 Διὸ
325 1841 390 1914 δὴ
435 1844 532 1914 τῆς
580 1845 678 1915 μὲν
725 1846 817 1899 ἐπὶ
868 1850 1000 1903 πᾶσι
1044 1848 1296 1922 διαρκοῦς
1333 1852 1587 1922 προνοίας
1627 1851 1683 1906 έν
1713 1871 1760 1906 τε

1875 1852 2129 1914 perpetua
2157 1845 2376 1915 quidem
2407 1847 2516 1916 illa,
2559 1867 2680 1921 quae
2710 1851 2765 1907 in
2795 1855 3049 1912 omnibus
3091 1859 3287 1927 elucet,
3319 1878 3442 1932 quae

190 1935 476 2006 μεγίστοις
516 1939 608 1990 καὶ
653 1939 711 1990 ἐν
754 1941 866 2003 τοῖς
915 1940 1214 2012 ἐλαχίστοις
1259 1942 1562 2014 κηδομένης
1591 1941 1768 2014 ἡμῶν,

187 2029 289 2081 καὶ
316 2030 398 2093 είς
429 2028 586 2082 τοῦτό
614 2047 677 2100 γε
707 2033 1108 2104 προαγομένης,
1143 2036 1347 2098 ἐκεῖνος
1371 2034 1520 2101 ἄξιος
1546 2034 1771 2107 διαρκὴς

187 2115 334 2172 εἶναι
367 2119 525 2189 λόγος
545 2123 624 2184 εἰς
651 2121 1000 2194 εὐχαριστίας
1032 2125 1126 2178 καὶ
1156 2122 1355 2196 ὕμνους
1383 2127 1768 2197 όμολογείσθω,

187 2213 525 2278 τελειότατος
560 2213 635 2268 ὢν
680 2216 774 2268 κα)⁸
812 2214 952 2280 ζῶν,
995 2219 1090 2270 καὶ
1120 2217 1283 2273 αὐτοῦ
1306 2215 1399 2271 τοῦ
1417 2219 1628 2289 πρώτου
1659 2217 1770 2274 Νοῦ

187 2305 365 2373 Λόγος
401 2305 638 2377 ἔμψυχος
683 2307 758 2361 ὧν
777 2325 792 2339 ο
837 2311 865 2362 6
901 2310 946 2363 δ’
975 2310 1243 2382 ἡμέτερος
1270 2303 1424 2375 οὗτος
1450 2311 1589 2364 ἔστω
1616 2329 1771 2384 χαρι-

190 2399 417 2468 στήριός
444 2396 744 2470 ἀνθρώπων
776 2400 871 2471 μὲν
893 2390 1110 2455 πάντων
1147 2400 1376 2473 μάλιστα
1400 2401 1478 2472 τῷ
1515 2403 1668 2474 ἀνδρὶ
1691 2403 1770 2475 τῷ

190 2490 326 2562 ίερῷ
362 2490 531 2561 τῷδε’
569 2494 618 2544 εί
658 2493 715 2547 δέ
751 2511 801 2547 τι
837 2495 930 2547 καὶ
975 2495 1279 2567 περαιτέρω
1303 2495 1619 2567 μεληγορείν
1657 2495 1769 2567 (66)

187 2582 466 2654 ἐθέλοιμι,
509 2585 731 2639 καὶτῶν
763 2587 826 2639 οὐ
855 2587 1192 2660 φαινομένων
1230 2588 1350 2658 μὲν,
1400 2587 1684 2660 Θειοτέρων
1713 2591 1770 2644 δὲ

188 2677 284 2730 καὶ
332 2677 644 2747 κηδομένων
690 2679 1008 2752 ἀνθρώπων,
1064 2679 1235 2752 τούτῳ
1277 2681 1335 2746 ὃς
1371 2699 1437 2752 με
1460 2682 1525 2736 ἐκ
1569 2681 1770 2738 παίδων

187 2769 372 2840 κρίσει
399 2769 505 2822 τινὶ
529 2771 736 2843 μεγάλῃ
765 2773 1064 2845 οἰκονομεῖν
1094 2792 1154 2827 τε
1185 2775 1277 2828 καὶ
1309 2775 1640 2847 τιθηνεῖσθαι
1675 2775 1769 2829 καὶ

187 2862 570 2932 ἐπιτροπεύειν
614 2864 984 2937 ἐκληρώσατο,
1025 2868 1054 2920 ὁ
1090 2867 1230 2939 ἱερὸς
1266 2867 1494 2936 ἄγγελος
1536 2867 1693 2931 Θεοῦ,
1733 2870 1768 2922 ὁ

187 2953 424 3024 τρέφων
455 2973 532 3025 με
568 2956 636 3010 ἐκ
674 2958 954 3026 νεότητός
985 2977 1126 3028 μου,
1181 2961 1342 3031 φησιν
1369 2961 1570 3025 ἐκεῖνος
1594 2963 1622 3015 6
1648 2960 1768 3032 Θεῷ

1868 1932 1926 1988 in
1974 1936 2224 1993 maximis
2249 1947 2302 1994 et
2329 1939 2570 1997 minimis
2608 1945 2779 2000 nostri
2807 1960 2994 2002 curam
3039 1951 3214 2020 gerit,
3256 1961 3309 2008 et
3333 1954 3442 2010 huc

1868 2041 2044 2097 usque
2073 2039 2329 2098 provecta
2371 2041 2473 2098 est,
2503 2034 2840 2103 providentia
2890 2038 3087 2110 dignus
3117 2041 3236 2109 ille,
3277 2055 3440 2116 atque

1869 2120 1935 2173 ad
1963 2121 2256 2192 gratiarum
2285 2125 2550 2181 actionem
2575 2127 2915 2201 hymnosque
2942 2133 3215 2193 sufﬁciens
3245 2153 3441 2209 peren-

1868 2211 1955 2268 nis
1981 2228 2159 2268 sermo
2187 2217 2552 2287 concedatur;
2607 2229 2664 2275 ut
2692 2222 2786 2292 qui
2807 2224 3236 2294 perfectissimus
3263 2247 3328 2287 ac
3358 2233 3440 2288 vi-

1867 2319 2033 2371 vens,
2081 2315 2138 2361 et
2179 2307 2350 2377 ipsius
2398 2311 2588 2380 prima:
2637 2313 2835 2372 Mentis
2864 2318 3164 2375 animatum
3199 2319 3439 2380 Verbum

1867 2393 2133 2451 exsistat:
2167 2408 2354 2455 noster
2377 2416 2509 2458 vero
2538 2403 2624 2459 hic
2651 2419 2830 2462 sermo
2857 2423 3017 2466 sacro
3039 2411 3166 2469 huic
3192 2415 3309 2471 viro
3343 2421 3436 2476 'uni

1868 2483 2011 2540 inter
2059 2501 2248 2545 omnes
2296 2494 2553 2550 mortales
2605 2498 2992 2568 potissimum,
3040 2505 3438 2566 eucharisticus

1871 2585 1988 2631 esto
2016 2595 2031 2632 :
2059 2593 2120 2633 ac
2148 2581 2193 2635 si
2217 2581 2344 2651 quid
2367 2583 2529 2640 altius
2557 2601 2722 2656 porro
2747 2588 2814 2646 de
2842 2591 2908 2647 iis
2939 2594 3032 2664 qui
3056 2611 3168 2652 non
3209 2613 3438 2657 cernun-

1868 2675 1992 2736 tur,
2027 2669 2386 2728 divinioribus
2431 2685 2484 2730 et
2530 2676 2808 2736 hominum
2852 2697 3039 2740 curam
3087 2691 3435 2761 gerentibus,

1867 2763 2016 2832 loqui
2055 2766 2256 2834 velim;
2300 2767 2429 2824 huic
2472 2771 2636 2825 etiam
2667 2774 2759 2842 qui
2797 2791 2885 2830 me
2926 2793 2958 2832 a
2982 2793 3152 2848 puero
3178 2821 3193 2848 ,
3237 2799 3438 2856 magno

1867 2856 2101 2926 quodam
2126 2857 2333 2927 judicio
2376 2863 2668 2931 regendum
2711 2865 3160 2943 educandumque
3207 2878 3436 2936 sortitus

1866 2959 1967 3016 εει,
2004 2964 2157 3005 sacer
2181 2953 2403 3023 angelus
2435 2955 2529 3010 Dei
2565 2973 2578 3009 :
2609 2957 2698 3027 qui
2721 2961 2891 3028 pascit
2927 2979 3007 3017 me
3035 2963 3099 3019 ab
3137 2967 3437 3026 adolescen-

189 3043 346 3112 φίλος
380 3045 540 3116 ἀνὴρ,
574 3047 664 3098 τὸν
697 3046 860 3100 αὐτοῦ
881 3047 1051 3118 λέγων
1078 3049 1312 3120 δηλαδή·
1345 3050 1455 3104 ἀλλ’
1475 3053 1504 3104 6
1538 3052 1636 3122 μὲν
1667 3051 1760 3122 μέ-

1869 3043 1942 3096 tia
1979 3059 2092 3097 mea
2125 3045 2190 3110 ”,
2227 3055 2287 3100 ut
2317 3047 2392 3101 ait
2421 3048 2510 3103 ille
2539 3047 2650 3104 Deo
2677 3051 2876 3107 charus
2908 3054 3024 3122 vir;
3061 3071 3222 3114 suum
3263 3062 3436 3132 ipsius

189 3153 295 3204 γας
320 3136 421 3201 ὣν,
457 3137 732 3208 ἀναλόγως
767 3139 1017 3210 μέγιστόν
1041 3158 1160 3194 τινα
1179 3142 1318 3212 (ἦτοι
1346 3141 1501 3196 ἄλλον
1523 3144 1669 3207 ὅστις
1697 3144 1760 3198 ἂν

1866 3137 2115 3192 videlicet
2139 3137 2472 3210 intelligens:
2502 3157 2685 3198 verum
2711 3143 2799 3200 hic
2830 3147 3046 3216 quidem
3081 3153 3174 3222 qui
3205 3168 3435 3227 magnus

189 3229 397 3291 ἐκεῖνος
426 3223 483 3300 ᾖ,
527 3229 559 3298 ἢ
605 3230 700 3284 καὶ
726 3230 890 3284 αὐτὸν
917 3230 1044 3295 ἴσως
1067 3231 1175 3284 τόν
1203 3231 1314 3299 τῆς
1328 3231 1593 3303 μεγάλης
1613 3235 1760 3298 βου-

1866 3237 2002 3295 erat,
2029 3241 2389 3300 congruenter
2417 3235 2711 3289 maximum
2738 3240 3045 3310 quempiam
3077 3245 3212 3312 (sive
3245 3223 3432 3317 alium,

187 3318 309 3386 λῆς
337 3321 647 3390 Ἄγγελον,
687 3321 778 3374 τὸν
806 3322 978 3375 κοινὸν
1017 3324 1232 3377 πάντων
1272 3324 1518 3397 Σῶτηρα,
1554 3327 1657 3380 ὑπὸ
1677 3345 1766 3382 τε·

187 3409 464 3483 λειότητος
503 3413 658 3483 μόνον
695 3413 793 3484 ἤδη
825 3413 1038 3483 φύλακα
1065 3416 1212 3488 αὑτῷ
1250 3412 1388 3470 εἶναι
1417 3418 1767 3492 κληρωσάμε-

158 3489 299 3568 νος,
333 3505 437 3558 οὐκ
463 3501 580 3559 οἶδα
611 3505 770 3559 τοῦτο
805 3507 1042 3577 σαφῶς),
1078 3509 1215 3582 πλὴν
1251 3512 1281 3564 ὁ
1323 3511 1420 3581 μὲν
1457 3512 1547 3565 τὸν
1572 3512 1762 3567 ἑαυτοῦ

189 3597 369 3668 μέγαν
410 3598 549 3663 τινὰ,
577 3599 636 3662 ὃς
667 3599 750 3662 τίς
804 3602 921 3652 ποτ’
943 3600 1008 3654 ἂν
1035 3597 1091 3673 ᾗ,
1130 3603 1224 3655 καὶ
1248 3603 1526 3671 γινώσκων
1550 3607 1642 3660 καὶ
1671 3607 1760 3660 εὑ-

189 3707 262 3760 φη
273 3689 414 3760 μῶν.
465 3689 653 3760 Ἡμεῖς
677 3691 733 3744 δὲ
768 3690 905 3763 πρὸς
930 3691 1008 3762 τῷ
1043 3693 1204 3765 κοινῷ
1224 3695 1438 3750 πάντων
1463 3697 1760 3771 ἀνθρώπων

187 3783 519 3857 κυϐερνήτῃ,
568 3784 662 3837 καὶ
699 3784 916 3846 τοῦτον,
951 3785 1010 3848 ὃς
1039 3786 1121 3849 τίς
1159 3787 1275 3840 ποτ’
1304 3788 1468 3852 ἐστὶν,
1502 3788 1604 3862 ἰδίᾳ
1637 3809 1760 3844 παι-

184 3874 436 3944 δαγωγὸς
470 3875 623 3946 ἡμῶν
652 3875 818 3932 ὄντων
846 3877 1075 3948 νηπίων.
1121 3877 1219 3941 Ὃς
1241 3879 1308 3932 τά
1334 3896 1392 3932 τε
1419 3880 1551 3934 ἄλλα
1584 3882 1759 3953 πάντη

186 3967 372 4023 πάντα
404 3967 601 4036 ἀγαθὸς
617 3967 691 4022 ὢν
709 3971 942 4038 τροφεὺς
962 3969 1051 4021 καὶ
1075 3969 1320 4040 κηδεμὼν
1339 3971 1468 4042 ἐμὸς
1485 3972 1623 4044 (οὐχὶ
1641 3977 1763 4048 ἐμοὶ

185 4058 224 4132 τι
278 4076 385 4112 τινι
435 4059 544 4112 τῶν
587 4060 708 4129 ἐμοὶ
755 4060 1138 4131 προσηκόντων
1165 4062 1366 4130 φίλων,
1418 4065 1607 4135 τυφλοὶ
1653 4067 1760 4141 γὰρ

183 4152 352 4222 ἡμεῖς
393 4151 488 4203 καὶ
534 4151 695 4220 μηδὲν
745 4150 854 4204 τῶν
885 4151 1186 4222 ἔμπροσθεν
1228 4155 1459 4224 ὁρῶντες
1510 4156 1649 4210 ὥστε
1705 4177 1760 4212 τι

188 4241 283 4293 καὶ
311 4239 519 4310 κρίνειν
547 4238 800 4293 δύνασθαι
825 4239 932 4294 τῶν
968 4239 1213 4308 δεόντων,
1248 4242 1361 4296 ἀλλ’
1397 4244 1429 4316 ἢ
1458 4245 1604 4317 αὑτῴ
1625 4263 1758 4319 προ-

183 4331 448 4402 ορωμένῳ
477 4330 651 4384 πάντα
693 4332 761 4385 τὰ
788 4332 922 4404 πρὸς
942 4331 1206 4402 ὠφέλειαν
1251 4335 1349 4406 τῆς
1383 4334 1558 4406 ψυχῆς
1579 4340 1610 4406 ἡ
1621 4338 1756 4410 μῶν,

186 4423 372 4494 συμφέ
381 4425 589 4494 ρον(65)
603 4420 739 4479 εἶναι
753 4427 1188 4496 καταφαίνεται),
1209 4427 1372 4481 πάλαι
1385 4445 1442 4482 τε
1462 4429 1553 4483 καὶ
1569 4430 1664 4486 νῦν
1679 4431 1760 4487 ἔτι

261 4563 304 4594 ⁸⁵
331 4560 472 4618 Gen.
498 4579 669 4628 xnvn,
700 4566 789 4620 15.
862 4567 908 4596 ¹⁶
938 4565 1042 4621 lsa.
1086 4583 1163 4634 Ix,
1192 4567 1243 4621 5.

1867 3324 2114 3394 quisquis
2144 3323 2235 3380 ille
2263 3324 2385 3393 fuit,
2420 3327 2532 3382 sive
2554 3329 2728 3398 ipsum
2759 3329 2993 3389 fortasse
3029 3341 3207 3408 magni
3227 3335 3434 3399 consilii

1866 3416 2122 3488 Angelum
2151 3417 2214 3482 ιθ,
2243 3432 2585 3474 communem
2602 3424 2844 3479 omnium
2874 3426 3228 3498 Salvatorem,
3257 3435 3432 3491 solum

1859 3509 1973 3579 jam
2021 3509 2369 3580 perfectionis
2399 3513 2568 3583 gratia
2604 3517 2884 3572 custodem
2922 3521 3187 3591 adeptus;
3233 3525 3336 3581 hoc
3376 3543 3436 3583 e-

1862 3600 2080 3669 quidem
2110 3602 2394 3659 manifeste
2423 3604 2628 3676 nescio)
2655 3647 2670 3670 ,
2718 3617 2956 3668 attamen
2997 3630 3156 3670 suum
3193 3617 3283 3674 ille
3316 3634 3434 3674 ma-

1867 3709 2032 3762 gnum
2067 3696 2390 3764 quemdam,
2435 3698 2747 3769 quicunque
2791 3705 3002 3760 tandem
3034 3717 3212 3776 esset,
3247 3720 3302 3767 et
3339 3727 3432 3767 co-

1867 3785 2161 3856 gnoscebat
2185 3797 2238 3842 et
2261 3787 2606 3858 praedicabat.
2634 3790 2744 3848 Nos
2777 3811 2927 3862 vero,
2962 3810 3159 3868 praeter
3185 3817 3432 3860 commu-

1865 3893 1989 3933 nem
2023 3879 2264 3934 omnium
2300 3881 2739 3950 gubernatorem,
2790 3885 2936 3944 hunc
2978 3891 3139 3946 etiam
3179 3895 3429 3966 quisquis

1861 3979 1944 4027 est
1971 3971 2223 4040 privatim
2253 3973 2576 4046 paedagogus
2607 3987 2812 4045 noster,
2841 3980 2934 4051 qui
2960 3997 3018 4037 re
3053 3982 3166 4053 ipsa
3198 3988 3349 4056 pueri
3376 3997 3431 4044 et

1860 4061 2097 4120 infantes
2130 4080 2354 4134 sumus;
2385 4066 2624 4137 quicum
2657 4069 2712 4124 in
2733 4073 2940 4128 caeteris
2973 4075 3227 4132 omnibus
3252 4078 3426 4136 bonus

1860 4169 2074 4226 semper
2106 4159 2341 4215 nutritor
2379 4170 2432 4216 et
2472 4171 2690 4216 curator
2722 4179 2875 4220 meus
2918 4165 3082 4224 fuerit
3121 4170 3243 4242 (nec
3282 4174 3423 4229 enim

1861 4249 1994 4304 mihi
2015 4259 2109 4305 aut
2135 4252 2386 4321 cuiquam
2431 4267 2499 4308 ex
2531 4251 2781 4312 afﬁnibus
2824 4257 2978 4325 meis,
3018 4262 3111 4328 qui
3159 4264 3285 4319 caeci
3330 4279 3426 4319 su-

1862 4356 2008 4405 tnus,
2031 4351 2085 4396 et
2110 4343 2242 4397 nihil
2265 4359 2455 4399 eorum
2487 4362 2608 4417 qua:
2645 4357 2768 4403 ante
2793 4349 2956 4418 pedes
2980 4363 3126 4420 sunt,
3157 4355 3420 4424 videmus,

1862 4442 1924 4488 ut
1947 4435 2274 4490 conveniens
2293 4436 2500 4508 aliquid
2527 4438 2834 4494 discernere
2856 4443 3159 4512 possimus;
3191 4446 3284 4502 sed
3318 4447 3420 4515 ipsi

253 4681 373 4771 (6Q)
410 4684 520 4771 "0r:
570 4704 768 4771 stt-ax.
803 4688 1062 4771 Ernapdc
1091 4689 1305 4771 ἀύτὸν·Δ
1325 4695 1747 4771 ποιησάμενος.

1865 4697 2108 4771 Bengelio
2131 4710 2370 4771 accepta.
2405 4703 2475 4758 At
2505 4703 2754 4770 Delarue,
2793 4706 2886 4762 τοῦ
2910 4708 3020 4763 τῶν
3052 4707 3188 4764 ὅλων
3218 4711 3414 4770 αἰτίου.

181 4751 343 4836 paud
403 4757 662 4836 probatur
692 4751 969 4836 liengeiio'
994 4751 1218 4817 verbum
1275 4751 1460 4836 facere.
1489 4751 1562 4820 in.
1583 4751 1748 4836 hujtis

181 4825 292 4879 loci
317 4826 614 4907 versione:
648 4825 890 4898 adeoq'ue
912 4831 1164 4907 ipsemet
1199 4825 1411 4907 reddit:
1448 4851 1598 4904 quem
1638 4825 1748 4907 ipse

179 4895 434 4976 omnium
463 4895 661 4976 Parens
688 4895 850 4976 unum
880 4895 1052 4955 secum
1073 4900 1288 4976 habens,
1325 4895 1595 4976 simulque
1627 4895 1747 4961 lno-

178 4974 277 5087 nelt
313 4965 382 5019 ad
421 4966 592 5035 ipsam
621 4968 906 5040 ὁμοουσίαν
935 4965 1342 5044 exprimendam
1378 4965 1525 5032 hunc
1565 4977 1746 5033 locum

182 5051 248 5087 '3
274 5049 388 5087 ere.

182 5049 388 5091 valere.

251 5105 387 5186 (61)_
419 5105 1137 5186 ’Euzsprdw.._Scrihendnm
1158 5115 1448 5186 ὲκπεριῖὼν
1469 5117 1659 5176 statuit
1678 5133 1744 5172 ex

173 5175 516 5255 casaubono
570 5178 874 5255 Bettgelius.
927 5179 1048 5255 Qu_o
1074 5175 1312 5252 quidem'
1343 5187 1508 5241 verbo
1541 5189 1742 5255 passim

174 5249 359 5300 utitur
411 5258 616 5329 auctor.
659 5247 800 5329 Infra
830 5263 950 5329 ca_p.
981 5249 1064 5329 _7,
1091 5247 1187 5329 ξιριι
1229 5255 1398 5329 τέχνῃ
1444 5247 1635 5310 ἑαυτοῦ
1675 5262 1744 5329 τῇ

170 5331 296 5386 γεω
336 5319 467 5388 γικῇ
518 5317 826 5400 ἐκπεριῖών.
874 5314 940 5405 Et
979 5314 1060 5374 in'
1087 5314 1625 5395 Μειαρίιῖλῗεσιεηι,
1676 5314 1745 5397 7³,

169 5388 272 5442 τὸν
291 5335 450 5460 ξλιον
474 5389 572 5460 τὴν
598 5406 699 5459 γην
722 5391 1086 5460 ἐκπεριιόντα.

251 5408 272 5442 ν
338 5406 450 5441 Αιον
474 5406 572 5460 την
598 5406 699 5459 γην
727 5406 1086 5461 εκπεριιοντα.

251 5406 370 5534 (ἐξ)
423 5461 668 5534 "Matr.
720 5459 832 5534 Hoc
878 5462 1179 5534 παρέλκει,
1232 5465 1359 5534 quia
1425 5465 1747 5520 subauditur

169 5531 369 5606 ἡμῶν,
389 5540 446 5584 ιιι
465 5531 623 5606 docet
651 5533 873 5606 verbum
894 5531 1446 5606 ἀναθήσομενζΑιὶιει·
1470 5537 1749 5606 indignum

170 5609 330 5654 esset
357 5601 460 5654 hoc
488 5601 628 5656 loco.
662 5601 889 5657 BENGEL.

251 5671 383 5746 (65}
419 5669 502 5736 Τῷ
521 5671 642 5725 τῶν
678 5672 834 5746 ὁζιωιν
855 5675 1036 5746 αἰτίῳ,
1079 5676 1168 5731 Sic
1200 5675 1422 5733 Vossius
1455 5687 1508 5732 et
1537 5676 1742 5746 Benge-

169 5742 306 5818 litis.
344 5741 588 5818 Et_recle
616 5745 872 5818 quidem:
908 5741 1310 5818 ἀναθήσομεν...
1357 5747 1434 5818 τῷ
1465 5747 1570 5800 τῶν
1605 5741 1740 5799 ὅλῖυν

169 5812 357 5882 αἰτίῳ.
416 5810 634 5866 Planam
703 5815 876 5870 reddit
925 5810 1223 5872 orationem
1281 5810 1617 5888 parenthesis
1671 5834 1738 5874 ex

1923 4770 2033 4850 (64.)
2072 4770 2458 4850 Megnfopeiy:
2482 4776 2590 4850 ᾼΙη
2619 4779 3029 4850 μεγαληγορεῖν.
3059 4779 3165 4836 Sed
3192 4783 3419 4837 audien-

1851 4840 1956 4896 dus
1979 4840 2314 4921 _Bet_i.gclius:'
2347 4861 2366 4895 ι
2403 4840 2756 4919 Μεληγορεῗν,
2789 4840 2983 4921 ἱὶιὶμὶἰι,
3021 4850 3168 4907 haud
3199 4853 3316 4908 scio
3346 4867 3417 4911 at‘

1851 4910 1994 4993 apud
2034 4910 2172 4993 alios
2205 4924 2457 4993 occurrat
2498 4910 2779 4993 auctores;
2812 4910 2882 4975 et.
2911 4910 2998 4976 hic
3025 4930 3206 4993 tamen
3237 4910 3419 4993 aptius

1851 4990 1970 5061 est:
1999 4983 2208 5061 respice
2229 4983 2422 5061 iapva
2449 4989 2543 5040 καὶ
2571 4989 2734 5043 αῐνων
2760 4983 2923 5061 supra
2950 4993 3053 5046 sub
3084 4991 3245 5048 linem
3273 4983 3324 5048 ἱ).
3357 4994 3412 5049 5.

1851 5050 2102 5136 Accedit;
2120 5050 2403 5134 analogia,
2451 5050 2884 5136 χρησμαγορέώ,
2938 5061 3413 5136 ὐμναγόραςηει,

1853 5121 1996 5216 (ιιιοά
2025 5121 2093 5177 ad
2127 5121 2376 5216 priore";
2391 5121 2914 5216 co'mpositi'partem
2939 5121 3165 5216 attinet;
3186 5121 3414 5216 μελουρζ

1852 5191 1970 5274 για,
1992 5191 2145 5274 quod
2174 5193 2296 5265 Cyri
2338 5191 2589 5253 Germani
2623 5191 2846 5256 verbum
2875 5210 2981 5267 est,
3015 5191 3220 5273 pariter
3258 5191 3415 5274 igno-

1852 5270 1964 5316 tum
1992 5263 2198 5319 lexicis.
2221 5263 2248 5315 Vl

1923 5332 2037 5418 (65)
2064 5334 2404 5418 ,Συμερέροη
2435 5339 2722 5418 Συμφέρω,
2746 5343 2967 5410 perinde
2994 5353 3056 5418 ut
3078 5344 3410 5418 πρόσφορος,

1852 5412 1934 5457 εει
1969 5405 2190 5482 verbum
2235 5406 2415 5482 μέσον,
2440 5405 2583 5482 unde
2609 5405 2902 5482 άύμιρορος,
2933 5405 3193 5480 ιιιὶίὶε;ἐι
3231 5405 3410 5471 tamen

1855 5474 2134 5544 συμφορά,
2190 5474 2510 5554 σάίαιηὶιαεη
2548 5474 2743 5547 ρυοιῖε
2794 5474 3107 5554 generatim
3143 5483 3411 5554 signiﬁcat

1844 5555 2100 5624 iunipero,
2139 5547 2374 5624 quadra;
2406 5550 2546 5604 unde
2594 5547 2992 5624 sensusfliujus
3031 5556 3135 5610 loci
3166 5547 3406 5624 liquidus

1845 5612 1961 5667 fluit
1998 5633 2011 5666 :
2043 5612 2495 5693 non'propinquo,
2542 5621 2631 5675 sed
2678 5623 2861 5693 angelo
2900 5612 3168 5691 ⁷εοηυεηίι,
3201 5612 3410 5682 scilicet

1844 5697 2039 5805 gomen
2104 5687 2266 5742 modo
2316 5689 2550 5758 positum
2581 5732 2596 5759 ,
2667 5687 2900 5764 τροφεὺς
2963 5696 3058 5749 καὶ
3129 5687 3405 5770 κηδεμών.

1887 5769 2075 5805 suam.

1887 5769 2075 5809 ENGEL.
