3834 6752
594 243 738 304 1065

1683 249 1742 308 S.
1780 248 2104 307 GREGORII
2157 248 2656 307 THAUMATURG!

3619 260 3723 317 1065

593 363 781 421 omnia
814 362 882 421 ad
931 363 1128 421 animat
1175 375 1376 424 nostra
1421 367 1708 424 utilitatem
1761 367 2148 440 prospicienti,

2251 365 2502 437 ἐκτρέφει
2540 384 2601 420 τε
2643 367 2734 420 καὶ
2779 365 3020 419 παιδεύει
3068 369 3158 420 καὶ
3209 373 3536 440 χειραγωγεῖ·
3576 378 3648 429 καλ
3681 382 3726 453 δὴ

587 453 739 529 quod
763 454 894 511 utile
919 463 975 510 et
995 454 1197 511 bonum
1235 465 1340 524 est,
1375 458 1560 513 statim
1591 459 1873 529 apparet),
1917 466 1979 513 ut
2024 457 2154 512 olim

593 560 702 612 me,
736 545 811 600 ita
836 559 982 601 nunc
1017 559 1236 616 quoque
1267 545 1382 610 alit,
1413 555 1466 600 et
1487 546 1664 601 erudit
1688 562 1752 602 ac
1781 561 1945 601 manu
1973 545 2151 602 ducit:

590 646 706 695 tum
737 646 930 708 praeter
966 637 1072 692 alia
1097 637 1304 700 omnia,
1336 637 1593 708 conjungi
1621 653 1708 693 me
1735 653 1859 693 cum
1885 639 1988 695 hoc
2013 637 2153 704 viro,

587 728 738 800 quod
759 727 1005 783 omnium
1028 740 1175 784 certe
1199 742 1472 783 summum
1497 737 1599 795 est,
1627 738 1830 786 etcum
1856 743 1922 785 eo
1948 729 2156 786 versari

591 817 718 876 l‘ecit
738 835 753 886 ;
777 820 870 890 qui
895 834 997 875 nec
1019 835 1234 891 genere,
1262 834 1362 874 nec
1384 820 1645 888 sanguine
1671 820 1782 876 ullo
1808 821 2153 892 coniunctus,

591 926 694 967 nec
721 912 876 968 aliter
907 911 1249 968 necessarius
1281 919 1374 966 aut
1405 911 1619 968 vicinus
1661 928 1836 983 neque
1879 914 2158 984 popularis

586 1005 816 1060 omnino
853 1011 973 1060 erat
995 1003 1139 1076 (quas
1187 1003 1398 1060 scilicet
1425 1005 1627 1060 amoris
1668 1014 1724 1061 et
1760 1005 2154 1076 coniunctionis

587 1095 805 1152 vincula
841 1093 981 1151 inter
1007 1094 1146 1149 alios
1183 1108 1304 1149 esse
1338 1094 1570 1164 solent),
1604 1095 1732 1162 sed,
1765 1105 1824 1150 ut
1851 1097 2039 1166 paucis
2074 1096 2156 1151 di.

586 1204 732 1252 cam,
762 1189 995 1259 ignotos,
1025 1187 1250 1254 alienos,
1273 1187 1606 1259 peregrinos,
1637 1189 1707 1244 ab
1735 1188 1962 1245 invicem
1996 1191 2154 1262 longe

584 1276 913 1344 disjunctes,
945 1284 1150 1345 quanta
1177 1276 1383 1331 scilicet
1406 1277 1685 1347 regionum
1718 1287 1773 1332 et
1800 1279 2063 1334 montium
2089 1295 2154 1335 ac

586 1365 874 1420 ﬂuminum
900 1366 1071 1435 spatia
1101 1365 1370 1430 dividunt,
1418 1365 1602 1422 divina
1645 1382 1773 1424 vere
1816 1370 2154 1440 sapientique

587 1463 922 1533 providentia
967 1477 1137 1517 unum
1182 1461 1235 1516 in
1273 1462 1459 1519 locum
1499 1464 1818 1533 perducens,
1861 1466 2149 1522 salutarem

590 1555 723 1611 mihi
773 1569 1122 1625 congressum
1169 1559 1314 1610 hunc
1367 1556 1673 1611 conciliavit
1722 1575 1736 1611 :
1782 1557 1928 1612 hunc
1974 1557 2151 1627 ipsum

2254 457 2388 530 πρὸς
2427 461 2556 511 πᾶσι
2585 460 2696 521 τοῖς
2723 458 2901 522 ἀλλοις
2938 461 3030 512 καὶ
3069 459 3292 528 συνάψαι
3321 478 3383 530 με
3408 462 3478 531 τῷ
3497 464 3624 536 ἀνδρὶ
3647 474 3732 525 τηις.

2252 563 2351 618 τῳ,
2379 547 2533 601 τοῦτο
2555 548 2617 619 δὴ
2642 548 2702 602 τὸ
2727 548 3247 618 κεφαλαιωδέστατον
3277 550 3494 618 πάντων,
3509 552 3732 631 ᾠκονομή-

2257 650 2402 698 σατο,
2422 633 2542 687 οὔτε
2569 637 2712 705 γένει
2732 637 2824 690 καλ⁹
2854 637 3043 707 αἵματί
3058 653 3144 706 μοι
3163 637 3470 709 ἀνθρωπίνῳ
3493 644 3582 695 τινὶ
3604 661 3732 716 πρω.

2255 725 2484 796 ήκοντα,
2525 725 2650 780 οὔτε
2685 728 2856 792 ἄλλως
2884 727 3270 799 προσοικοῦντα
3291 769 3305 792 ,
3336 730 3371 801 ἢ
3407 731 3523 785 ὄντα
3545 735 3735 793 τινὰτῶν

2255 817 2669 890 πλησιοχώρων,
2713 819 2833 874 οὔτε
2877 821 2970 874 καὶ
3005 821 3234 891 ὁμοεθνῆ
3271 821 3401 884 ὅλως
3452 823 3616 892 (ταῦτα
3644 829 3736 898 δὴᾰ

2255 910 2526 980 πρόφασις
2573 912 2749 980 φιλίας
2790 914 2882 966 καὶ
2928 913 3169 977 ὲνώσεως
3196 916 3310 978 mi;
3342 914 3535 980 πολλοῖς
3568 919 3652 974 τῶν
3671 922 3737 976 ἀν.

2256 1000 2486 1073 θρώπων
2508 1003 2710 1069 γίνεται
2728 1007 2767 1074 ),
2797 1005 2930 1058 ἀλλὰ
2961 1005 3226 1058 συνελόντι
3253 1007 3448 1073 εἰπεῖν,
3477 1008 3738 1078 ἀγνώστοος,

2253 1092 2578 1164 ἀλλοτρίους,
2628 1095 3065 1167 ἀπεξενωμένους
3087 1136 3100 1160 ,
3156 1097 3392 1167 ἀλλήλων
3440 1100 3738 1170 ἀφεστηκότας

2253 1181 2530 1253 πάμπολυ,
2553 1183 2674 1239 ὅσον
2705 1187 2844 1256 μέσοι
2868 1185 2991 1256 ἔθνη
3013 1185 3105 1240 καὶ
3124 1185 3223 1256 ὅρη
3246 1185 3339 1239 καὶ
3361 1189 3606 1257 ποταμοὺς
3625 1189 3739 1259 διείρ-

2253 1291 2340 1344 γει
2371 1277 2535 1346 ἡμᾶς,
2570 1276 2674 1328 ὑπὸ
2711 1276 2811 1346 τῆς
2853 1275 3000 1340 θείας
3041 1275 3207 1340 ὅντως
3259 1277 3354 1329 καὶ
3395 1278 3550 1347 σοφῆς
3589 1296 3740 1351 προμη.

2255 1365 2403 1429 θείας
2437 1368 2516 1429 είς
2553 1367 2740 1420 ταυτὸν
2779 1367 3017 1436 ἀγαγὼν,
3071 1368 3169 1438 τὴν
3226 1369 3482 1438 σωτήριον
3525 1369 3628 1439 ἐμοὶ
3656 1371 3740 1422 σύν-

2252 1457 2369 1510 οδον
2407 1456 2606 1529 ταύτην
2633 1459 3038 1529 ἐμηχανήσατο·
3088 1458 3296 1512 ἄνωθεν
3330 1458 3478 1510 τοῦτο
3501 1462 3741 1530 προμηθού-

2255 1567 2412 1620 μενος
2461 1544 2631 1620 οἶμαι,
2678 1553 2741 1604 ὲκ
2782 1550 3001 1624 πρώτης
3048 1553 3315 1620 γενέσεως
3359 1552 3448 1606 καὶ
3485 1553 3740 1624 ἀητροῄς.

589 1645 720 1698 mihi
753 1659 785 1699 a
809 1645 1002 1714 primo,
1031 1652 1092 1699 ut
1121 1659 1262 1709 reor,
1295 1654 1416 1699 ortu
1450 1654 1504 1700 et
1534 1645 1852 1702 educatione
1895 1647 2152 1704 divinitus

2253 1644 2375 1706 Πῶς
2407 1641 2464 1696 δὲ
2484 1683 2498 1704 ,
2532 1644 2736 1714 μακρὸν
2773 1644 2839 1698 ἂν
2871 1647 2954 1717 εῐη
2989 1644 3262 1711 διεξιέναι,
3293 1645 3412 1715 οὐχ).
3439 1646 3742 1717 ἀκριῦοῶγοο-

587 1751 908 1806 procurans.
963 1734 1213 1802 Quonam
1267 1745 1445 1792 autem
1497 1745 1694 1806 pacto,
1745 1737 1963 1808 longum
2009 1748 2152 1795 esset

2257 1736 2400 1806 μένῳ
2446 1736 2600 1806 μόνον
2628 1736 2721 1789 καὶ
2751 1735 2914 1807 μηδὲν
2943 1715 3268 1808 παραλιπεῖν
3308 1715 3634 1808 πειρωμένῳ,
3661 1736 3738 1789 ἀλλ’

584 1842 1036 1894 commemorare,
1066 1843 1174 1883 non
1203 1828 1381 1883 solum
1409 1829 1453 1883 si
1480 1837 1731 1885 accurate
1761 1829 1946 1884 omnia
1970 1845 2154 1900 perse-

586 1919 683 1988 qui
716 1918 960 1988 nihilque
989 1920 1238 1975 omittere
1261 1918 1545 1986 studeam;
1581 1923 1676 1975 sed
1709 1922 1960 1991 quamvis
1984 1922 2150 1977 multa

587 2009 794 2080 passim
827 2009 1139 2078 prteteriens
1157 2051 1174 2076 ,
1203 2025 1374 2079 pauca
1404 2012 1717 2067 summatim
1747 2011 1946 2068 referre
1968 2014 2149 2069 velim.

658 2099 725 2155 ν.
765 2099 948 2155 Prima
970 2100 1122 2156 enim
1153 2101 1403 2157 educatio
1433 2102 1502 2157 ab
1527 2112 1650 2158 ortu
1680 2102 1798 2172 ipso
1826 2104 1927 2160 sub
1961 2120 2154 2174 paren-

587 2202 708 2248 tum
735 2209 868 2249 cura
897 2191 1044 2260 fuit,
1076 2202 1132 2249 et
1157 2193 1322 2264 patrii
1370 2209 1550 2251 mores
1585 2195 1800 2250 erronei
1834 2214 1848 2250 :
1890 2211 1922 2250 a
1953 2196 2152 2266 quibus

585 2281 876 2338 liberatum
906 2281 976 2336 iri
1003 2296 1121 2348 me,
1169 2295 1345 2350 neque
1374 2281 1548 2347 alius,
1588 2281 1814 2351 opinor,
1863 2281 2152 2351 quisquam

586 2381 898 2444 sperasset,
926 2388 1106 2444 neque
1131 2373 1262 2427 mihi
1289 2388 1414 2444 spes
1445 2373 1549 2428 ulla
1593 2383 1726 2440 erat,
1774 2389 1942 2444 puero
1977 2373 2153 2429 adhuc

586 2471 643 2519 et
690 2464 919 2520 rationis
949 2463 1177 2534 experti,
1207 2464 1309 2519 sub
1337 2472 1488 2535 patre
1519 2464 1916 2533 superstitioso.
1952 2463 2152 2518 Secuta

584 2555 782 2612 deinde
804 2564 889 2612 est
910 2555 1084 2626 patris
1110 2555 1356 2621 amissio,
1381 2563 1436 2610 et
1461 2555 1666 2610 orbitas
1700 2572 1716 2610 :
1744 2569 1865 2624 quas
1885 2554 2018 2608 mihi
2042 2553 2153 2609 for-

587 2657 739 2704 tasse
768 2645 1135 2718 cognoscendi
1159 2646 1270 2701 veri
1295 2645 1508 2700 initium
1540 2644 1660 2700 fuit.
1685 2644 1841 2700 Tunc
1873 2644 2016 2699 enim
2042 2644 2153 2714 pri-

588 2754 740 2794 mum
762 2738 837 2794 ad
871 2739 1106 2807 salutare
1131 2751 1428 2806 verumque
1452 2734 1687 2791 Verbum
1722 2734 1933 2801 transii,
1968 2735 2152 2789 nescio

588 2845 701 2901 quo
734 2838 929 2902 pacto,
977 2839 1267 2885 coactusne
1294 2827 1496 2898 potius,
1526 2841 1596 2881 an
1628 2825 1830 2881 volens.
1867 2823 2152 2892 Quodnam

585 2921 736 2976 enim
760 2918 1032 2992 judicium
1067 2918 1202 2972 mihi
1229 2926 1368 2980 erat,
1413 2915 1820 2986 quatuordecim
1849 2929 2022 2971 annos
2051 2931 2150 2969 na-

588 3011 686 3069 to?
724 3013 989 3072 Caeterum
1015 3026 1080 3066 ex
1105 3024 1170 3066 eo
1211 3018 1468 3080 tempore,
1495 3006 1748 3063 advenire
1775 3007 1906 3061 mihi
1935 3022 2148 3062 sacrum

591 3103 700 3159 hoc
734 3102 973 3158 Verbum
1019 3101 1216 3171 coepit,
1259 3099 1416 3170 quasi
1446 3097 1681 3170 perfecta
1723 3097 1836 3169 jam
1875 3099 2152 3154 communi

589 3194 836 3252 omnium
871 3193 1152 3249 hominum
1183 3193 1426 3258 ratione;
1466 3189 1685 3245 advenit
1722 3203 1852 3244 sane
1896 3197 2012 3244 tum
2043 3189 2154 3259 pri-

593 3303 768 3344 mum.
799 3284 951 3354 Quod
977 3284 1229 3355 equidem
1267 3298 1376 3339 non
1403 3298 1653 3354 parvum,
1700 3282 1747 3337 si
1793 3281 1973 3336 minus
1999 3282 2151 3349 olim,

591 3393 742 3434 nunc
767 3385 910 3433 certe
940 3375 1291 3440 ratiocinans,
1309 3388 1478 3429 sacrae
1497 3381 1551 3428 et
1573 3373 1901 3427 admirandae
1923 3388 2048 3443 erga
2066 3387 2154 3428 me

590 3467 942 3541 providentiae
958 3466 1174 3538 signum
1198 3464 1337 3520 duco
1363 3483 1377 3520 :
1397 3464 1542 3519 hunc
1561 3479 1740 3518 rerum
1762 3464 2046 3519 decursum
2071 3463 2154 3517 in-

591 3569 772 3628 tuens,
801 3558 960 3614 annis
996 3558 1073 3613 ita
1101 3556 1416 3613 distinctum
1441 3593 1460 3622 ,
1507 3564 1569 3610 ut
1615 3555 1974 3626 praecedentia
2013 3555 2154 3611 hanc

592 3659 807 3708 aetatem
833 3651 1036 3715 omnia,
1065 3658 1333 3721 quotquot
1359 3647 1598 3714 fuerunt,
1626 3647 1828 3703 erroris
1856 3661 2040 3718 opera,
2073 3647 2152 3701 in-

593 3743 778 3799 fantia:
805 3752 857 3799 et
887 3742 1116 3797 rationis
1142 3741 1337 3811 inopia:
1371 3740 1774 3801 tribuerentur;
1804 3753 1903 3794 nec
1936 3753 2152 3794 sacrum

594 3835 796 3892 frustra
819 3831 1052 3890 Verbum
1077 3831 1273 3888 anima:
1293 3831 1531 3887 nondum
1554 3829 1775 3886 rationis
1802 3829 2035 3899 compoti
2056 3830 2155 3884 da-

594 3937 781 3995 retur;
824 3925 1052 3982 rationis
1083 3940 1211 3980 vero
1235 3923 1346 3994 jam
1385 3921 1611 3992 capaci,
1644 3920 1893 3992 quamvis
1926 3936 2035 3976 non
2065 3921 2148 3978 di-

594 4017 736 4072 vinat
758 4030 1012 4089 puraeque
1037 4013 1265 4070 rationis
1285 4054 1303 4084 ,
1347 4021 1403 4067 at
1437 4012 1649 4068 timoris
1679 4021 1824 4066 certe
1854 4012 2150 4066 secundum

596 4109 740 4164 hanc
776 4107 1063 4170 rationem,
1101 4104 1248 4159 illius
1287 4115 1478 4172 expers
1518 4114 1628 4155 non
1653 4111 1826 4166 esset;
1863 4100 1956 4155 sed
1989 4099 2153 4156 simul

596 4215 722 4256 cum
746 4193 1004 4264 humana,
1034 4197 1214 4251 divina
1236 4208 1453 4265 quoque
1485 4191 1542 4246 in
1573 4206 1661 4245 me
1687 4191 1950 4262 inciperet
1976 4193 2149 4247 ratio:

596 4293 726 4347 dum
772 4291 888 4345 haec
924 4288 1140 4358 quidem
1193 4285 1482 4351 adiuvabat
1528 4291 1794 4353 potestate
1842 4282 1976 4338 mihi
2022 4297 2153 4338 sane

2255 1826 2304 1878 ei
2340 1825 2451 1891 καὶ,
2499 1825 2567 1879 τά
2605 1825 2772 1880 πολλὰ
2805 1827 3015 1898 παρεὶς,
3053 1825 3263 1897 ἀθρόως
3298 1825 3490 1894 ὀλίγων
3514 1826 3606 1880 τῶν
3626 1843 3744 1895 κεφαο

2252 1915 2651 1990 λαιωδεστέρων
2683 1916 3031 1988 μνημονεύειν
3071 1917 3409 1990 ἐθελήσαιμι.

2329 2103 2406 2157 Ε’.
2461 2101 2779 2174 Ἀνατροφαὶ
2809 2101 2919 2173 γὰρ
2947 2104 3000 2155 αἱ
3029 2099 3238 2170 πρῶται
3269 2100 3336 2154 ὲκ
3360 2093 3742 2170 γενέσειικ,ἦστν

2251 2192 2356 2244 ὑπὸ
2395 2191 2637 2260 γονεῦσι·
2683 2192 2775 2243 καὶ
2822 2191 3022 2262 πάτρια
3053 2189 3148 2261 ἔθη
3172 2187 3240 2243 τὰ
3274 2188 3660 2257 πεπλανημένα·
3693 2183 3743 2240 ὢν

2251 2283 2396 2354 ἡμᾶς
2428 2280 2952 2354 ἐλευθερωθήσεσθαι
2987 2279 3110 2333 οῦτε
3156 2279 3314 2343 ἄλλος
3355 2274 3506 2349 οἶμαι
3554 2279 3743 2348 προσεδό-

2251 2391 2438 2444 κησεν,
2488 2373 2612 2428 οὔτε
2659 2373 2752 2427 καὶ
2797 2373 2917 2444 ἐμοὶ
2964 2371 3114 2436 ἐλπίς
3149 2389 3230 2436 τις
3255 2367 3327 2442 ἦν
3360 2370 3546 2440 παιδίῳ
3575 2370 3743 2440 μὲνόντι

2251 2467 2342 2520 καὶ
2393 2465 2590 2538 ἀλόγῳ,
2645 2466 2749 2520 ὑπὸ
2803 2467 2968 2534 πατρὶ
3001 2464 3056 2518 δὲ
3102 2463 3471 2533 δεισιδαίμονι.
3526 2457 3636 2515 Εἶτα
3673 2477 3742 2512 παι

2250 2556 2375 2629 τρδς
2422 2555 2656 2627 ἀποϐολὴ
2701 2552 2796 2609 καὶ
2831 2555 3057 2624 ὀρφανία
3101 2555 3135 2626 ἢ
3176 2553 3240 2626 δή
3278 2553 3391 2625 (66)
3431 2569 3516 2624 μοι
3545 2553 3658 2622 τάχα
3683 2551 3743 2604 tul

2251 2648 2392 2720 ἀρχὴ
2433 2647 2534 2719 τῆς
2580 2647 2674 2701 τοῦ
2717 2645 2947 2718 ἀληθοῦς
2991 2645 3338 2713 ἐπιγνώσεως
3387 2640 3473 2715 ἦν.
3531 2642 3641 2696 Τότε
3671 2641 3743 2712 γὰρ

2253 2739 2465 2810 πρῶτον
2496 2739 2586 2792 ἐπὶ
2613 2740 2702 2792 τὸν
2728 2739 2986 2810 σωτήριον
3006 2736 3099 2791 καὶ
3116 2735 3289 2807 ἀληθῆ
3323 2734 3602 2807 μετετέθην
3617 2733 3740 2801 λόγον,

2250 2833 2349 2886 οὑκ
2372 2827 2467 2886 οἷδ’
2491 2833 2638 2896 ὅπως
2657 2870 2671 2895 ,
2697 2829 3208 2902 κατηναγκασμένος
3249 2827 3448 2899 μᾶλλον
3479 2828 3605 2898 ἢπερ
3631 2823 3741 2879 ἑκών.

2250 2923 2346 2988 Τίς
2381 2923 2488 2995 γάρ
2519 2925 2639 2995 ἐμοὶ
2666 2925 2840 2996 κρίσις
2870 2918 2967 2994 ἦν,
3018 2921 3128 2975 ὄντι
3175 2918 3741 2992 τεσσαρεσκαιδεκπτεῖ;

2176 3053 2220 3112 c
2250 3013 2394 3086 Πλὴν
2433 3014 2492 3080 ἐξ
2516 3014 2720 3068 ἐκείνου
2757 3032 2872 3078 πως
2917 3013 3198 3112 ὲτμδημεῖν
3248 3013 3350 3086 μέν
3383 3013 3520 3084 μοιό
3557 3009 3742 3081 ῑερδςόόε

2254 3106 2424 3174 Λόγος
2467 3105 2667 3177 ἤρξατο
2711 3105 2870 3169 εὐθὺς
2895 3145 2911 3172 ,
2941 3097 3027 3158 οἶα
3048 3106 3111 3176 δὴ
3155 3106 3279 3174 ἄρτι
3319 3101 3660 3176 πληρουμένου
3682 3099 3740 3152 τοῦ

2253 3197 2430 3251 κοινοῦ
2471 3199 2683 3252 πάντων
2716 3194 3012 3268 ἀνθρώπιον
3051 3195 3209 3264 λόγου
3232 3237 3249 3263 ,
3307 3196 3561 3265 ἐπεδήμει
3582 3193 3620 3246 δ⁴
3644 3193 3742 3261 ὅμως

2251 3291 2371 3344 τότε
2400 3291 2632 3363 πρῶτον.
2684 3290 2748 3343 Ὃ
2783 3288 2846 3360 δὴ
2876 3289 2969 3342 καὶ
2991 3291 3049 3343 οὐ
3077 3290 3298 3360 μικρὸν,
3327 3290 3378 3342 εἱ
3402 3289 3495 3342 καὶ
3524 3287 3588 3358 μὴ
3610 3284 3741 3344 πάλαι,

2251 3379 2346 3436 νῦν
2399 3381 2526 3450 γοῦν
2581 3380 3026 3451 ἀναλογιζόμενος
3063 3381 3184 3452 ζὲγὼ
3207 3420 3222 3445 ,
3282 3378 3543 3452 σύμϐολον
3591 3376 3743 3444 τίθεμαι

2251 3474 2349 3543 τῆς
2374 3472 2523 3544 ἱερᾶς
2551 3472 2641 3525 καὶ
2663 3471 2976 3542 θαυμαστῆς
2993 3470 3116 3543 περὶ
3136 3471 3234 3541 ἐμὲ
3264 3468 3547 3541 Προνοίας,
3571 3464 3647 3536 τὴν
3659 3480 3742 3515 συν·

2252 3561 2454 3634 δρομὴν
2498 3562 2696 3633 ταύτην
2732 3561 2871 3616 οὕτω
2913 3563 3022 3626 τοῖς
3066 3561 3206 3615 ἔτεσι
3234 3557 3660 3632 διηριθμημένην,
3687 3553 3744 3604 ἵνα

2252 3654 2320 3708 τὰ
2378 3656 2474 3726 μὲν
2531 3654 2798 3723 φθάνοντα
2851 3655 3025 3708 πάντα
3067 3653 3221 3725 τήνδε
3273 3651 3376 3723 τὴν
3424 3649 3634 3721 ἡλικίαν.
3679 3644 3744 3697 όοι

2253 3745 2460 3816 πλάνης
2509 3739 2574 3816 ἦν
2621 3745 2783 3816 ἔργα,
2829 3745 3110 3816 νηπιότητι
3156 3743 3248 3798 καὶ
3290 3742 3484 3814 ἀλογίᾳ
3521 3736 3744 3810 παραδεδο-

2255 3837 2393 3907 μένα
2495 3853 2508 3866 ·
2545 3835 2617 3908 μὴ
2659 3837 2830 3908 μάτην
2861 3837 2916 3890 δὲ
2941 3839 2968 3890 ὀ
3002 3837 3142 3908 ἱερὸς
3168 3834 3447 3906 παραδοθῇ
3478 3832 3629 3899 Λόγος
3644 3827 3742 3896 ψυχῇ

2251 3928 2460 3982 οὐδέπω
2502 3928 2689 4000 λογικῇ
2715 3945 2730 3960 ο
2788 3929 2974 3999 λογικῇ
3022 3927 3078 3980 δὲ
3135 3926 3236 3997 ήδη
3284 3925 3549 3995 γενομένῃ
3589 3920 3743 3991 (6Ὶ),εὲ

2252 4018 2347 4073 καλ⁴
2389 4019 2462 4090 μὴ
2511 4019 2665 4088 λόγου
2710 4019 2852 4072 θείου
2907 4018 3000 4071 καὶ
3046 4016 3318 4089 καθαροῦ,
3370 4016 3528 4087 φόϐου
3553 4012 3659 4082 γοῦν
3681 4007 3741 4062 τοῦ

2252 4107 2390 4162 κατὰ
2425 4108 2514 4162 τὸν
2560 4107 2712 4176 λόγον
2757 4108 2926 4170 τόνδε,
2980 4109 3053 4181 μὴ
3105 4107 3307 4179 ἔρημος
3464 4107 3569 4159 ἀλλ’
3605 4102 3743 4174 ὁμοιΞό

2251 4215 2308 4252 τε
2340 4199 2672 4271 ἀνθρώπινος
2698 4200 2790 4253 καὶ
2817 4200 2846 4252 ὁ
2872 4198 3009 4263 θεῖος
3050 4200 3276 4271 ἄρξηται
3311 4200 3369 4252 ἐν
3404 4199 3524 4269 ἐμοὶ
3550 4197 3699 4264 λόγος’
3726 4195 3742 4244 l

2255 4290 2352 4361 μὲν
2396 4290 2600 4361 βοηθῶν
2631 4293 2696 4361 τῇ
2737 4289 2979 4361 ἁλέκτρῳ
3015 4288 3112 4360 μὲν
3154 4288 3295 4359 ἐμοὶ,
3350 4288 3522 4358 οἰκείᾳ.
3562 4287 3611 4337 δὲ
3642 4281 3743 4348 αὑτῷ

598 4379 993 4452 inexplicabili,
1035 4377 1129 4434 sed
1158 4377 1331 4448 ipsius
1363 4375 1616 4446 propria;
1651 4374 1742 4428 illa
1771 4389 1900 4429 vero
1929 4374 2152 4442 adjuva-

2252 4379 2502 4451 δυνάμει’
2530 4381 2559 4432 ὁ
2603 4379 2659 4432 δὲ
2696 4379 3066 4449 βαηθούμενος.
3112 4379 3176 4430 Ὃ
3226 4378 3289 4448 δὴ
3315 4377 3656 4446 λογιζόμενον,
3687 4372 3743 4422 εό-

599 4474 778 4530 batur.
819 4471 974 4539 Quod
1003 4484 1217 4526 mecum
1255 4468 1384 4523 dum
1417 4479 1628 4536 reputo,
1672 4467 1854 4520 laetitia
1893 4467 2055 4522 simul
2090 4480 2154 4521 ac

599 4567 796 4621 timore
825 4561 1164 4634 perfundor:
1192 4561 1346 4616 laetus
1386 4558 1588 4614 scilicet
1623 4566 1912 4629 provectu;
1956 4557 2153 4611 timens

602 4668 803 4722 autem,
834 4671 904 4710 ne
942 4653 1106 4709 tantis
1135 4651 1407 4708 beneﬁciis
1441 4649 1687 4712 allectus,
1740 4661 1769 4701 a
1805 4647 1909 4701 line
1947 4647 2150 4701 nihilo-

600 4745 784 4800 minus
812 4745 1077 4799 aberrent.
1109 4741 1216 4798 Sed
1239 4742 1383 4796 enim
1411 4739 1596 4794 nescio
1644 4753 1752 4808 quo
1779 4746 1937 4806 pacto
1965 4736 2018 4790 in
2052 4736 2154 4792 hac

600 4845 782 4907 parte,
826 4836 955 4890 dum
1006 4832 1376 4889 admirabilem
1428 4837 1627 4886 nostra:
1671 4829 1738 4884 ad
1785 4829 1931 4886 hunc
1976 4829 2152 4884 virum

601 4927 953 5000 profectionis
996 4925 1452 4996 dispensationem
1494 4937 1715 4978 narrare
1757 4922 1905 4989 libet,
1944 4921 2156 4991 longio-

603 5027 720 5076 rem
751 5033 962 5075 moram
1004 5018 1140 5074 mihi
1185 5020 1350 5074 traxit
1384 5019 1599 5095 oratio:
1632 5032 1754 5087 quae
1783 5017 1935 5086 prius
1971 5022 2153 5069 tamen

603 5111 688 5167 vel
729 5109 918 5181 paucis
960 5108 1139 5175 dictis,
1180 5107 1256 5163 ad
1302 5110 1416 5164 haec
1468 5107 1749 5178 sequentia
1799 5105 2150 5175 properabat;

676 5241 791 5312 (66)
821 5243 897 5297 Ἦ
922 5239 1048 5312 ,δήἱ
1079 5241 1420 5312 Hmschelius
1472 5239 1641 5312 _edidit
1692 5240 1725 5309 ἡ
1780 5246 1904 5292 ante
1951 5237 2051 5308 δή,
2083 5244 2154 5312 _ct

599 5306 705 5388 ᾕδη
729 5306 976 5388 coniecit:
1005 5310 1252 5388 Yossigs.
1269 5310 1652 5388 ﬁngopjunge,
1676 5306 1728 5363 et
1751 5317 1958 5388 mutata
1971 5306 2153 5386 _mcdia

605 5331 714 5436 ηοτὲ
729 5331 976 5380 conjec".
1015 5331 1252 5370 vossxus,
1269 5331 1324 5380 η.
1351 5331 1652 5391 uomunge,
1676 5331 1728 5363 et
1751 5331 2150 5386 mutatanmuta

605 5386 657 5438 in
715 5385 770 5455 ή,
803 5383 919 5450 lege
945 5382 980 5452 ἢ
1004 5383 1133 5454 ἤδη.
1162 5380 1303 5455 Sane
1333 5381 1441 5455 ἥϐη
1471 5389 1657 5450 ιιιεῳιι
1681 5393 1822 5432 anno
1842 5386 2150 5455 aetatiskxtv,

603 5440 768 5524 ηυειὶί
793 5440 980 5522 ἱρέὶιιιί
1003 5440 1203 5506 ειίιιίυιη
1227 5440 1517 5520 Gregorius
1552 5440 1676 5524 nio;
1715 5447 1980 5524 nomina_t._
2017 5440 2152 5499 Par;

605 5516 764 5578 ticula
804 5516 912 5594 γάρ
954 5524 1290 5594 subsequens
1318 5516 1372 5575 e't
1416 5536 1536 5594 quae
1581 5519 1835 5586 deinceps
1881 5516 2154 5594 adduntur

607 5608 777 5662 usque
816 5586 894 5648 'ad
937 5586 1151 5646 οὐδέπω
1175 5592 1396 5663 λογικῇ,
1429 5586 1661 5663 aliquant
1701 5604 1814 5642 rem
1858 5586 2149 5663 postulant,

605 5659 727 5732 post
756 5664 1138 5734 disjunctivam
1166 5663 1233 5735 ﬁ;
1283 5659 1400 5733 qua:
1425 5659 1744 5732 respotius,
1784 5673 1944 5730 quam
1986 5659 2154 5727 ὀρφα-

2257 4473 2524 4542 φροσύνης
2552 4469 2684 4540 ὁμοῦ
2717 4469 2810 4521 καὶ
2836 4469 2985 4532 δέους
3021 4467 3353 4536 ἀναπίπλησὶ
3390 4484 3478 4536 με,
3508 4462 3740 4536 μεγαλυνό-

2259 4579 2415 4634 μενον
2443 4561 2537 4632 μὲν
2563 4563 2626 4630 τῇ
2659 4561 2970 4632 προαγωγῇ,
3005 4558 3330 4628 φοϐούμενον
3359 4558 3436 4620 δὲ,
3475 4557 3544 4627 μή
3570 4571 3651 4624 πη,
3680 4549 3741 4602 καὶ

2253 4653 2503 4706 τοιούτων
2544 4651 2791 4716 ἀξιωθεὶς
2822 4649 2918 4704 τοῦ
2961 4649 3143 4712 τέλους
3172 4648 3371 4719 ὁμοίως
3403 4648 3596 4718 σφαλῶ.
3631 4642 3741 4695 am

2254 4745 2362 4815 γάρ
2387 4743 2485 4797 οὐκ
2532 4738 2626 4796 οἷδ’
2658 4743 2802 4804 ὅπως
2841 4739 3153 4813 ὲνεϐράδυνέ
3204 4757 3290 4810 μοι
3316 4739 3451 4810 τῷδε
3474 4738 3548 4809 τῷ
3586 4732 3743 4808 μέρειὸ

2254 4835 2427 4903 λόγος,
2473 4833 2569 4904 τὴν
2615 4832 2929 4903 θαυμαστὴν
2978 4830 3282 4901 οἰκονομίαν
3331 4830 3468 4901 πρὸς
3507 4830 3589 4882 τὸν
3624 4825 3743 4892 ἄνδρα

2253 4925 2400 4978 τόνδε
2425 4923 2527 4994 όδῷ
2549 4922 2902 4993 διηγήσασθαι
2935 4920 3120 4984 θέλων,
3156 4920 3398 4974 σπεύδων
3424 4921 3478 4973 δὲ
3499 4921 3630 4990 ὅμως
3652 4913 3743 4983 πρὸ·

2253 5031 2406 5091 τερον
2453 5015 2546 5067 καὶ
2593 5011 3086 5084 βραχυλογούμενος
3117 5012 3208 5062 ἐπὶ
3239 5010 3362 5063 τάδε
3409 5011 3478 5062 τὰ
3518 5007 3648 5075 ἑξῆς,
3675 5003 3744 5068 οὐχ

2254 5107 2330 5168 ὡς
2371 5105 2640 5177 εὐφημίαν
2683 5101 3029 5172 ὀφειλομένην
3068 5100 3144 5170 τῷ
3187 5099 3356 5163 οὕτως
3399 5098 3744 5168 οἰκονομήσαντι

2253 5241 2363 5304 νία,
2385 5239 2640 5309 Gregorio
2664 5239 2906 5294 videatur
2927 5238 3135 5309 initium
3163 5237 3503 5309 agnoscendi
3520 5233 3620 5288 veri
3639 5240 3743 5309 altu:

2254 5293 2382 5364 lisse
2403 5293 2419 5361 ξ
2465 5293 2638 5362 attulit
2667 5293 2840 5364 autern
2876 5308 3003 5379 ἤδη.
3044 5293 3237 5379 Neque
3266 5310 3418 5362 obest
3448 5307 3608 5376 τάχα,
3637 5293 3743 5379 quod

2253 5383 2306 5433 vi
2332 5381 2492 5450 etymi
2525 5379 2765 5449 τάχιστα,
2799 5390 2856 5433 ut
2888 5371 3030 5450 μάλα
3056 5394 3121 5432 ex
3139 5371 3402 5447 μάλιστα,
3435 5371 3604 5446 potius
3634 5371 3741 5424 allir—

2255 5447 3165 5521 mat,quaniérddubitattBnncEt.
3223 5519 3231 5521 _
3300 5517 3328 5521 __
3470 5515 3502 5521 __
3593 5509 3605 5521 ι
3721 5507 3727 5516 ,

2325 5515 2456 5643 (ωὲ
2489 5518 2709 5588 Λογικῇ
2766 5521 3066 5589 γενομένῃ.
3114 5519 3259 5588 Legit
3295 5515 3568 5586 Bengelius
3593 5515 3740 5576 λογικη

2325 5607 2422 5643 νου.
2454 5607 2538 5643 νη.

2253 5606 2516 5661 γενομενη
2527 5629 2538 5641 .
