3950 6326
561 310 700 368 1067
765 341 770 346 -
1427 367 1432 372 ,
1650 312 2074 384 scandenti

2209 313 2614 372 AUMATURGI
3603 323 3714 378 tota

556 438 664 491 huc
699 433 946 491 veniendi
977 441 1030 487 et
1065 448 1186 488 cum
1235 435 1353 489 viro
1385 437 1768 505 congrediendi
1797 450 1962 492 causa
1989 436 2103 491 adet

2226 439 2520 506 ἀναγκαῖον
2547 435 2615 509 ἦν
2647 441 2768 492 ὅσον
2801 437 2912 508 (7G)
2948 439 3036 493 ἐπὶ
3059 441 3167 504 τοῖς
3204 440 3376 510 νόμοις
3403 440 3562 511 ἡμῶν.
3589 444 3716 498 δυνος

541 529 864 588 ιιεοθεειιτὶιι
903 539 1041 593 erat.
1072 543 1185 598 qua
1227 544 1442 598 possem
1474 544 1568 598 per
1609 531 1752 599 leges
1791 538 2006 584 nostras
2051 544 2103 583 at

2220 531 2310 583 τὸν
2343 531 2400 582 ὃν
2445 533 2538 585 καὶ
2576 532 2668 585 ἐπὶ
2718 533 2815 604 τὴν
2881 531 3161 602 Ῥωμαίων
3207 531 3532 602 ἀποδημῆσαι
3575 535 3716 588 πόλιν.

553 622 925 679 Romanorum
956 622 1224 678 civitatem
1247 621 1536 692 proﬁcisci.
1581 619 1702 687 Quo
1742 635 1872 692 ergo
1898 621 2103 676 tandem

2221 623 2343 686 Πῶς
2365 620 2454 676 οὖν
2480 625 2574 678 καὶ
2604 625 2758 678 τοῦτο
2791 624 3139 696 ὲξεπορίσθης
3169 625 3440 696 Κηδεστήν
3471 642 3562 695 μου
3584 627 3722 700 ἄνδρα

555 715 717 770 modo
761 715 813 768 id
850 728 1168 769 concessum
1215 713 1339 768 est?
1386 711 1613 766 Allinem
1674 727 1878 779 meum,
1910 713 2103 767 sorori:

2219 713 2450 785 ἀδελφῆς
2481 716 2638 786 ἐμῆς,
2672 717 2700 768 6
2735 716 2856 769 τότε
2892 716 3071 785 ἄρχων
3103 714 3210 768 τῶν
3239 715 3596 778 Παλαιστίνων,
3624 716 3720 769 τοῦ-

554 825 689 864 meaa
762 809 973 873 virum,
1032 805 1332 862 Palzestinaa
1412 814 1527 860 tum
1576 821 1797 874 prazses,
1831 820 2118 860 assumens

553 908 794 969 repente,
849 899 1139 967 solumque
1173 905 1227 950 et
1262 896 1490 950 invitum
1527 911 1556 950 a
1588 895 1818 965 conjuge
1855 895 2112 960 avellens,

541 992 663 1048 ,huc
701 991 946 1056 adduxit,
987 989 1192 1044 auxilio
1238 988 1339 1058 ipsi
1382 987 1651 1052 futurum,
1685 987 2114 1043 administratio—

559 1083 757 1152 nisque
810 1083 929 1152 ejus
993 1096 1152 1136 curas
1211 1080 1658 1150 participaturum
1712 1096 1723 1130 :
1765 1079 2114 1150 jurisperitus

551 1176 696 1230 enim
723 1183 859 1238 erat,
891 1183 943 1227 et
973 1171 1203 1226 fortasse
1229 1171 1405 1225 adhuc
1434 1179 1535 1225 est.
1566 1169 1668 1236 Qui
1699 1187 1805 1224 una
1837 1187 1959 1225 cum
1995 1173 2113 1242 ipso

553 1265 847 1337 profectus,
886 1280 1108 1319 uxorem
1144 1279 1173 1316 a
1202 1278 1308 1333 qua
1343 1263 1585 1332 separari
1625 1278 1684 1318 se
1714 1279 1856 1336 a~gre
1883 1264 2110 1332 ferebat,

553 1359 695 1412 haud
729 1358 898 1413 multo
933 1365 1053 1426 post
1085 1365 1363 1410 evocatam
1404 1364 1741 1425 recepturus,
1773 1367 1827 1410 et
1860 1372 1959 1411 nos
1987 1374 2110 1412 cum

549 1450 640 1506 illa
667 1451 830 1506 simul
855 1447 1488 1511 attracturus,discessit.
1529 1446 1719 1501 Statim
1748 1463 1896 1518 ergo,
1929 1449 2112 1503 nescio

549 1541 827 1613 quomodo
858 1540 1014 1595 nobis
1049 1540 1377 1612 peregrinari
1406 1539 1648 1610 quidem,
1675 1539 1767 1594 sed
1795 1540 1900 1593 alio
1931 1542 2111 1610 potius

547 1649 713 1704 quam
766 1632 834 1687 ad
886 1634 1000 1687 haec
1048 1632 1164 1686 loca
1213 1647 1434 1702 pergere
1487 1631 1894 1701 cogitantibus,
1956 1633 2110 1687 miles

549 1725 722 1782 adfuit
749 1739 873 1779 cum
907 1722 1197 1788 mandatis,
1229 1731 1288 1776 ut
1314 1737 1557 1777 sororem
1583 1723 1799 1790 quidem
1836 1723 1903 1774 ad
1931 1722 2108 1775 virum

547 1825 868 1878 venturam,
900 1831 1000 1869 nos
1025 1829 1155 1868 vero
1183 1829 1306 1868 cum
1341 1813 1430 1868 illa
1458 1813 1557 1869 via:
1586 1814 1763 1868 socios
1791 1813 2106 1868 deduceret:

546 1909 945 1980 gratiticaturos
975 1905 1161 1974 utique
1188 1905 1352 1970 aliini,
1383 1905 1474 1960 sed
1503 1905 1674 1958 multo
1707 1905 1876 1975 magis
1902 1905 2106 1969 sorori,

545 2016 616 2055 ne
655 2008 751 2054 aut
798 1998 980 2053 minus
1029 1997 1298 2062 decenter,
1340 2006 1435 2050 aut
1474 1997 1655 2050 minus
1702 1995 1932 2050 libenter
1969 1997 2107 2050 viam

546 2092 708 2148 iniret
739 2109 752 2144 :
793 2089 1107 2146 domesticis
1145 2089 1276 2158 ipsis
1314 2098 1366 2144 et
1393 2088 1638 2160 cognatis
1667 2089 2029 2151 hortantibus,
2057 2097 2110 2141 et

545 2199 653 2240 non
693 2184 951 2255 exiguum
991 2183 1135 2236 aliud
1176 2182 1446 2251 quoddam
1493 2197 1672 2252 operm
1713 2182 1946 2249 pretium
1993 2180 2107 2236 fore

543 2275 1037 2340 contendentibus,
1086 2274 1130 2330 si
1180 2276 1246 2328 ad
1291 2273 1630 2346 Berytiorum
1684 2275 1868 2328 urbem
1926 2273 2104 2346 legum

543 2368 656 2424 illic
699 2366 877 2420 studia
919 2365 1185 2434 peracturi
1233 2365 1556 2419 veniremus.
1611 2362 1803 2418 Omnia
1841 2379 1973 2434 ergo
2008 2379 2108 2420 nos

544 2458 867 2522 incitabant,
905 2468 1018 2510 tum
1053 2471 1178 2526 erga
1211 2471 1452 2511 sororem
1489 2455 1745 2522 cilicium,
1776 2464 1888 2510 tum
1922 2465 2104 2511 nostra

544 2552 787 2620 ipsorum
835 2549 1159 2618 disciplina;
1209 2548 1275 2603 ad
1321 2551 1462 2615 haec,
1510 2549 1666 2603 miles
1715 2549 1850 2617 ipse,
1889 2549 2107 2618 quando

544 2643 710 2712 hujus
727 2657 943 2713 quoque
960 2641 1204 2696 facienda
1233 2650 1318 2696 est
1347 2642 1570 2703 mentio,
1591 2640 1900 2694 facultatem
1929 2640 2106 2694 ferens

543 2736 778 2806 plurium
807 2751 969 2805 quam
998 2749 1132 2804 opus
1162 2743 1305 2795 crat,
1338 2734 1678 2802 publicorum
1711 2733 2103 2795 vehiculorum,

540 2836 596 2882 ct
628 2827 852 2898 majoris
884 2825 1095 2880 numeri
1138 2825 1380 2896 symbolo
1414 2839 1575 2891 quam
1611 2838 1707 2892 pro
1740 2825 1854 2877 sola
1895 2838 2100 2877 sorore.

543 2919 718 2990 Atque
757 2919 872 2974 haec
899 2918 1117 2987 quidem
1161 2919 1214 2968 in
1255 2925 1480 2984 aperto;
1514 2930 1711 2968 arcana
1761 2923 1966 2976 autem.
2010 2914 2106 2968 sed

541 3011 751 3066 veriora
795 3028 807 3062 :
851 3007 1275 3062 communicatio
1315 3021 1439 3060 cum
1483 3007 1584 3060 hoc
1610 3005 1750 3070 viro,
1781 3021 1908 3061 vera
1942 3004 2102 3060 Verbi

2216 824 2308 859 τον
2347 805 2673 878 παραλαϐὼν
2714 807 2970 878 ἐξαίφνης
3004 807 3203 860 ἄκοντα
3249 808 3399 877 μόνον
3430 808 3718 878 κεχωρισμέ-

2217 916 2304 952 νον
2337 901 2434 972 τῆς
2466 901 2769 970 ὁμοκοίτου,
2823 901 3030 967 ἤγαγεν
3070 899 3328 961 ἐνταῦθα,
3387 899 3720 970 συνεστώσηθὴ-

2217 1004 2377 1042 σοντα
2435 991 2527 1042 καὶ
2569 989 2964 1060 κοινωνήσοντα
3010 987 3117 1040 τῶν
3151 987 3245 1041 τοῦ
3291 987 3467 1052 ἔθνους
3506 988 3720 1058 ἄρχοντος

2216 1078 2423 1131 πόνων·
2477 1079 2695 1150 νομικὸς
2738 1078 2848 1150 γάρ
2903 1097 2985 1142 τις
3027 1073 3115 1150 ἦν,
3169 1079 3260 1132 καὶ
3312 1079 3448 1132 ἐστιν
3505 1081 3618 1142 ἴσως
3642 1081 3721 1134 ἔτι.

2220 1171 2315 1230 Ὃς
2375 1167 2439 1240 δὴ
2497 1168 2664 1222 ἐλθὼν
2731 1171 2845 1240 ἅμα
2922 1169 3069 1239 αὐτῷ
3126 1169 3315 1240 ἔμελλε
3377 1170 3468 1240 μὲν
3525 1170 3613 1221 οὑκ
3662 1171 3724 1232 εἰς

2217 1259 2424 1331 μακρὸν
2477 1261 2864 1330 μετάπεμπτον
2923 1259 3295 1331 ἀπολήψεσθαι
3349 1260 3439 1332 τὴν
3501 1263 3721 1329 γυναῖκα,

2213 1349 2462 1421 ἐπαχθῶς
2531 1351 2697 1422 αὐτῆς
2767 1351 2862 1404 καὶ
2936 1351 3087 1404 ἄκων
3166 1351 3587 1423 κεχωρισμένος,
3651 1353 3724 1406 καὶ

2211 1445 2358 1513 ἡμᾶς
2419 1442 2474 1494 δὲ
2533 1444 2648 1513 ἄμα
2706 1444 2842 1514 αὐτῇ
2907 1442 3405 1514 συνεπισπώμενος.
3484 1443 3724 1512 Ἐξαίφνης

2211 1531 2378 1600 γοῦν,
2431 1533 2530 1586 οὐκ
2592 1527 2687 1585 οἷδ’
2739 1533 2917 1596 ὅπως,
2964 1533 3269 1603 ἀποδημεῖν
3318 1533 3434 1603 μὲν,
3482 1532 3582 1585 ἀλλ’
3631 1532 3722 1585 ἑτέο

2214 1626 2345 1700 ρωθί
2390 1645 2481 1680 ποι
2523 1626 2720 1697 μᾶλλον
2755 1626 3049 1698 ἀποδημεῖν
3096 1628 3239 1698 ἥπερ
3281 1625 3504 1679 ἐνταῦθα
3533 1625 3725 1678 διανοου-

2216 1716 2396 1786 μένοις
2421 1719 2551 1788 ημῖν
2577 1718 2779 1787 ἐπέστη
2814 1715 3147 1788 στρατιώτης
3187 1717 3370 1787 φέρων
3398 1716 3614 1786 ἐντολὴν,
3643 1732 3724 1768 παι

2213 1809 2520 1882 ραπέμπειν
2553 1812 2652 1881 μὲν
2694 1809 2788 1862 καὶ
2820 1808 3176 1873 διασώζεσθαι
3207 1809 3309 1880 τὴν
3350 1809 3570 1879 ἀδελφὴν
3604 1807 3726 1878 ἡμῶν

2209 1900 2730 1971 καταλαμϐάνουσαν
2757 1902 2846 1954 τὸν
2884 1900 3068 1972 ἄνδρα,
3092 1902 3243 1970 ἄγειν
3264 1901 3320 1954 δὲ
3345 1903 3436 1954 καὶ
3458 1903 3591 1971 ἡμᾶς
3614 1917 3727 1952 συνο-

2206 1989 2485 2063 δοιπόρους
2517 1993 2611 2064 ἀμ’
2646 1994 2780 2064 αὐτῇ
2800 2011 2812 2023 ·
2853 1992 3244 2065 χαριουμένους
3273 1993 3372 2063 μὲν
3398 1993 3490 2046 καὶ
3512 1991 3582 2062 τῷ
3605 1991 3726 2062 κηδε-

2211 2087 2331 2155 στῇ,
2384 2086 2478 2139 καὶ
2515 2085 2746 2156 μάλιστα
2777 2089 2841 2159 τῇ
2887 2085 3086 2157 ἀδελφῇ
3132 2087 3303 2155 (ὅπως
3342 2087 3416 2157 μὴ
3449 2086 3542 2138 οὐκ
3569 2085 3725 2153 εὐσχή-

2212 2195 2326 2248 μων
2347 2195 2406 2232 τε
2429 2179 2460 2249 ἢ
2485 2179 2817 2250 ὀκνηροτέρα
2837 2181 2969 2251 πρὸς
2985 2179 3080 2250 τὴν
3095 2179 3404 2251 ὁδοιπορίαν
3431 2175 3506 2250 ᾗ),
3532 2178 3723 2240 οἰκέταις

2209 2272 2389 2334 αὐτοῖς
2435 2273 2528 2325 καί¹
2556 2276 2668 2336 τοῖς
2708 2273 2990 2341 συγγενέσι
3023 2275 3284 2344 τιμήσασι
3305 2289 3318 2302 ο
3365 2273 3454 2324 xu).
3483 2271 3538 2324 οὑ
3570 2269 3722 2340 μικρόν

2207 2382 2258 2416 τι
2281 2365 2464 2437 ἕτερον
2501 2365 2607 2418 τῶν
2635 2365 2906 2436 προῦργου
2943 2364 3427 2436 διαπραξαμένοις,
3473 2365 3516 2417 εἰ
3543 2362 3622 2417 ἐπὶ
3651 2363 3723 2433 τὴν

2209 2457 2484 2529 Βηρυτίων
2527 2456 2772 2528 ἔλθοιμεν
2803 2457 2977 2524 πόλιν,
3010 2459 3126 2510 ἐκεῖ
3149 2458 3210 2509 τὸ
3238 2457 3350 2510 τῶν
3385 2458 3555 2529 νόμων
3589 2455 3724 2526 μάθη-

2211 2567 2286 2620 μα
2349 2550 2746 2619 ἐκπονήσαντες
2805 2550 2938 2621 (77).
3017 2549 3200 2604 Πάντα
3254 2548 3538 2622 τοιγαροῦν
3590 2547 3721 2600 ἐκίνει

2209 2642 2373 2712 ἡμᾶς’
2400 2641 2460 2694 τδ
2487 2643 2621 2713 πρὸς
2645 2642 2741 2714 τὴν
2775 2644 3007 2716 ἀδελφὴν
3042 2643 3283 2713 εὔλογον,
3307 2643 3368 2696 τὸ
3397 2643 3634 2714 ἡμέτερον
3653 2640 3724 2690 αὖ·

2206 2731 2315 2784 τῶν
2357 2732 2616 2804 μάθημα·
2648 2734 2783 2804 πρὸς
2820 2734 2878 2787 δὲ
2926 2735 3018 2788 καὶ
3054 2737 3082 2788 ὁ
3132 2734 3474 2806 στρατιώτης
3501 2731 3628 2804 (ἐπεὶ
3654 2728 3722 2783 καὶ

2207 2821 2367 2876 τοῦτο
2417 2824 2782 2895 μνημονεῦσαι
2829 2825 2930 2896 δεῖ)
2986 2825 3166 2896 φέρων
3213 2825 3463 2892 ἐξουσίαν
3514 2822 3721 2875 πλειόνων

2206 2913 2311 2967 τῶν
2348 2916 2617 2987 δημοσίων
2655 2917 2941 2988 ὀχημάτων
2966 2917 3066 2988 τῆς
3097 2919 3367 2989 χρήσεως,
3395 2917 3488 2972 καὶ
3528 2912 3723 2984 σύμϐολα

2206 3009 2444 3071 πλείονος
2479 3009 2711 3080 ἀριθμοῦ
2752 3012 2783 3080 ἡ
2795 3009 2909 3080 μῶν
2946 3009 3142 3080 μᾶλλον
3175 3011 3207 3081 ἢ
3243 3011 3346 3082 τῆς
3397 3008 3614 3078 ἀδελφῆς
3649 3005 3721 3077 p6-

540 3117 637 3171 per
671 3101 848 3169 ipsum
890 3096 1126 3168 cognitio
1162 3103 1215 3150 et
1253 3095 1519 3160 doctrina,
1550 3094 1854 3150 animarum
1889 3105 2102 3150 nostra-

2207 3117 2302 3171 νης
2349 3100 2525 3154 ἕνεκα.
2557 3101 2858 3172 Φαινόμενα
2899 3102 2995 3172 μὲν
3027 3102 3224 3156 ταῦτα·
3269 3103 3338 3158 τὰ
3388 3103 3445 3156 δὲ
3485 3101 3556 3172 μὴ
3583 3097 3723 3169 (ξαινό-

540 3207 662 3247 rum
707 3189 916 3244 utilitas
939 3229 953 3254 ,
1003 3188 1069 3241 ad
1103 3187 1329 3241 salutem
1377 3201 1476 3241 nos
1509 3187 1856 3242 czecutientes
1885 3189 2102 3258 quidem

538 3294 595 3337 et
639 3283 894 3352 ignaros,
945 3279 1036 3334 sed
1083 3288 1262 3333 tamen
1308 3277 1532 3330 salutari
1575 3277 1805 3332 consilio
1852 3278 2100 3334 ducebat.

541 3377 722 3444 Quare
771 3388 877 3427 non
928 3372 1106 3435 miles,
1151 3371 1243 3425 sed
1284 3370 1500 3424 divinus
1531 3368 1751 3440 quidam
1785 3369 1885 3425 via:
1922 3386 2104 3428 comes

537 3479 595 3524 et
637 3469 897 3523 deductor
954 3466 1132 3520 bonus
1179 3471 1341 3534 atque
1387 3471 1604 3530 custos,
1656 3463 1750 3534 qui
1797 3480 1892 3534 per
1936 3473 2104 3518 totam

539 3562 682 3616 hanc
720 3559 906 3622 vitam,
940 3565 1197 3626 tanquam
1231 3571 1324 3626 per
1360 3556 1575 3627 longam
1612 3556 2102 3628 peregrinationem

541 3667 644 3708 nos
689 3648 959 3716 custodit;
1014 3659 1127 3702 tum
1175 3647 1277 3702 alia
1323 3646 1658 3717 prazteriens,
1700 3655 1812 3701 tum
1851 3645 2104 3718 Berytum

539 3756 706 3812 quam
744 3750 932 3812 optare
992 3739 1230 3794 maxime
1282 3738 1632 3809 putabamur,
1666 3739 1774 3792 huc
1821 3753 1923 3794 nos
1959 3747 2106 3794 recta

535 3835 828 3906 perductos
872 3833 962 3889 hic
1005 3831 1336 3887 collocavit:
1373 3832 1553 3886 omnia
1606 3829 1809 3886 faciens
1852 3845 2105 3886 movens-

537 3941 665 3997 que,
697 3923 874 3994 quoad
903 3922 1053 3977 omni
1081 3937 1178 3976 nos
1208 3937 1308 3990 ope
1335 3936 1457 3975 cum
1488 3922 1590 3975 hoc
1621 3919 1914 3973 multorum
1947 3919 2105 3974 nobis

538 4019 807 4074 bonorum
855 4025 1077 4072 auctore
1126 4015 1420 4084 colligaret.
1481 4011 1546 4066 Et
1590 4013 1677 4066 ille
1725 4011 1967 4082 quidem,
2009 4013 2103 4080 qui

537 4113 733 4167 horum
764 4127 930 4167 causa
962 4117 1203 4175 venerat,
1242 4123 1429 4162 curam
1470 4106 1598 4160 huic
1637 4104 1856 4158 tradens
1886 4103 2102 4158 divinus

537 4205 783 4274 angelus,
829 4203 918 4258 hic
958 4201 1190 4257 fortasse
1232 4197 1572 4267 conquievit,
1617 4211 1724 4249 non
1767 4196 1952 4250 labore
1995 4195 2104 4250 ullo

539 4299 620 4353 vel
650 4297 898 4352 molestia
949 4293 1154 4349 fractus
1199 4289 1552 4362 (infatigabile
1578 4297 1661 4343 est
1697 4288 1842 4342 enim
1888 4289 2102 4343 divino-

537 4405 658 4443 rum
709 4389 1083 4444 ministrorum
1136 4383 1365 4456 genus);
1423 4381 1516 4436 sed
1563 4381 1689 4450 quia
1731 4380 1952 4434 tradidit
2003 4395 2102 4434 nos

2210 3210 2341 3264 μενα
2373 3193 2491 3264 μὲν,
2527 3193 2859 3266 ἀληθέστερα
2899 3195 2987 3258 δὲ,
3021 3197 3054 3266 ή
3091 3194 3226 3266 πρὸς
3269 3196 3361 3248 τὸν
3400 3194 3559 3261 ἄνδρα
3578 3189 3723 3244 τοῦτον

2207 3286 2478 3349 κοινωνία,
2511 3287 2607 3358 τὴν
2639 3287 2810 3360 ἀληθῆ
2835 3288 2900 3341 δι’
2924 3288 3088 3341 αὑτοῦ
3114 3288 3224 3358 (78)
3252 3288 3385 3360 περὶ
3410 3287 3478 3340 τὰ
3506 3284 3720 3350 τοῦλόγου

2210 3379 2530 3450 μαθήματα,
2561 3381 2594 3450 ἠ
2643 3379 2750 3433 τῶν
2787 3379 2971 3451 ψυχῶν
3019 3380 3175 3451 ἡμῶν
3206 3379 3448 3451 ὠφέλεια
3476 3381 3551 3441 εἰς
3592 3389 3723 3442 σωτη-

2208 3467 2348 3540 ρίαν,
2397 3463 2530 3539 ἦγεν
2576 3471 2721 3541 ἡμᾶς
2769 3470 3039 3533 ἐπιτάδε,
3094 3469 3501 3540 τυφλώττοντας
3543 3466 3628 3539 μὲν
3653 3460 3722 3516 καὶ

2205 3561 2305 3613 οὐκ
2336 3560 2560 3626 εἰδότας,
2595 3562 2950 3635 σωτηριωδῶς
2991 3563 3048 3616 δὲ
3077 3565 3228 3634 ἡμῖν.
3267 3560 3564 3634 Τοιγαροῦν
3598 3554 3722 3626 οὺχὸ

2204 3651 2566 3725 στρατιώτης,
2605 3653 2745 3720 θεῖος
2789 3655 2845 3708 δέ
2881 3673 2965 3719 τις
3012 3655 3393 3724 συνοδοιπόρος
3432 3653 3520 3708 καὶ
3554 3644 3720 3719 πομπὸς

2207 3745 2410 3814 ἀγαθὸς
2456 3747 2549 3799 καὶ
2600 3747 2791 3817 φύλαξ,
2824 3749 2852 3800 6
2896 3747 2982 3802 διὰ
3018 3749 3218 3811 παντὸς
3258 3747 3355 3801 τοῦ
3393 3747 3503 3819 βίου
3542 3743 3720 3802 τούτους

2205 3835 2392 3909 ὥσπερ
2443 3841 2659 3910 μακρᾶς
2723 3840 3026 3912 ὁδοιπορίας
3067 3840 3347 3905 διασώζων
3383 3842 3552 3912 ἡμᾶς,
3593 3849 3722 3906 παρα·

2208 3928 2540 4000 μειψάμενος
2564 3931 2634 3984 τά
2653 3947 2712 3985 τε
2737 3932 2889 3995 ἄλλα,
2914 3934 3007 3986 καὶ
3033 3933 3131 4003 τὴν
3156 3933 3422 4004 Βηρυτὸν,
3450 3928 3514 4004 ἧς
3539 3928 3722 4000 μάλιστα

2205 4019 2380 4091 ὁρμᾷν
2429 4022 2660 4075 ἐνταῦθα
2693 4023 2966 4096 ᾠήθημεν,
3025 4025 3260 4079 ἐνταῦθα
3301 4025 3480 4096 φέρων
3512 4017 3721 4084 κατεστή-

2207 4128 2356 4176 σατο,
2394 4114 2570 4168 πάντα
2603 4116 2770 4169 ποιῶν
2799 4117 2892 4170 καί
2915 4117 3100 4181 κινῶν,
3133 4118 3238 4179 ἕως
3277 4117 3428 4188 πάσῃ
3459 4112 3646 4185 μηχανῇ
3665 4105 3721 4174 τῷ

2204 4203 2313 4257 τῶν
2344 4205 2551 4260 πολλῶν
2595 4209 2722 4279 ἡμῖν
2767 4209 2984 4278 ἀγαθῶν
3027 4210 3182 4280 αἰτίῳ
3216 4210 3393 4280 τούτῳ
3434 4207 3716 4276 συνδησεται-

2205 4295 2315 4348 Καὶ
2339 4297 2367 4349 ὁ
2401 4297 2497 4367 μὲν
2525 4297 2609 4352 διὰ
2632 4300 2897 4354 τοσούτων
2921 4299 3087 4354 ἐλθὼν
3115 4299 3213 4372 τὴν
3245 4299 3550 4370 οἰκονομίαν
3584 4307 3720 4362 παραυ

2203 4388 2377 4452 διδοὺς
2409 4389 2581 4464 τοίτῳ
2606 4394 2634 4446 ὁ
2662 4392 2801 4458 θεῖος
2830 4394 3076 4464 ἅγγελος,
3107 4394 3342 4448 ἐνταῦθα
3368 4411 3467 4447 που
3499 4391 3584 4444 καὶ
3623 4390 3718 4443 [πως

537 4482 767 4545 homini,
815 4479 909 4550 qui
950 4493 1164 4533 omnem
1209 4489 1331 4545 qua:
1373 4471 1612 4528 adhiberi
1658 4479 1868 4542 poterat
1914 4471 2097 4542 proviu

2207 4460 2570 4548 ἀνεπαύσατο,
2602 4487 2700 4556 οὐχ
2725 4487 2830 4540 ὑπὸ
2859 4460 3103 4558 καμάτου
3137 4487 3282 4551 τινὸς
3307 4486 3340 4557 ἢ
3383 4484 3570 4557 μόχθου
3600 4475 3719 4548 (ἀκά-

537 4574 778 4628 dentiam
812 4584 1112 4640 curamque
1141 4576 1286 4624 esset
1309 4565 1642 4636 expleturus.

2213 4587 2377 4641 ματον
2407 4575 2515 4647 γὰρ
2539 4577 2598 4629 τὸ
2623 4577 2729 4630 τῶν
2752 4579 2908 4632 Θείων
2935 4578 3264 4650 λειτουργῶν
3297 4576 3506 4647 γένος),
3545 4571 3641 4627 ἀλλ’
3657 4569 3718 4622 ὅτι

538 4663 851 4733 παρέδωκεν
889 4660 1178 4733 ἀνθρώπῳ,
1230 4660 1428 4721 πᾶσαν,
1471 4657 1519 4708 εἰ
1561 4653 1799 4718 δυνατὸν,
1835 4656 2087 4723 πρόνοιαν
2114 4657 2207 4711 καὶ
2237 4661 2550 4733 ἐπιμέλειαν
2582 4667 2969 4741 ἀποπλήσοντι.

611 4755 698 4810 Vl.
747 4755 839 4810 llle
881 4770 1011 4808 vero
1055 4761 1335 4822 susceptos
1377 4765 1408 4804 a
1449 4749 1623 4819 prima
1677 4748 1766 4803 die
1812 4761 1933 4818 qua:
1971 4761 2095 4801 vere

540 4849 672 4905 mihi
703 4848 878 4917 prima
908 4847 1102 4908 illuxit,
1137 4845 1405 4909 omnium,
1439 4844 1484 4898 si
1525 4842 1632 4897 dici
1669 4841 1847 4906 debet,
1885 4839 2098 4894 dierum

540 4940 674 4995 mihi
732 4937 1148 5004 honestissima,
1195 4937 1411 5008 quando
1467 4934 1600 4989 mihi
1655 4933 1892 5004 primum
1938 4945 2100 4986 verus

538 5029 741 5085 exoriri
791 5028 874 5082 sol
919 5026 1122 5097 cmpit,
1173 5024 1440 5096 principio
1484 5038 1582 5077 ceu
1633 5022 1775 5077 feras
1831 5016 2100 5092 quasdam

597 5257 710 5328 (76)
746 5255 936 5328 Οὐδέν
1049 5255 1218 5313 ὅσον.
1241 5257 1404 5314 Ὅσον
1428 5267 1512 5315 est
1534 5257 1822 5328 παρέλκον,
1847 5270 1907 5315 ut
1930 5260 2086 5318 solet.

527 5327 756 5402 Bauer-1L.
779 5334 848 5368 -'-
879 5327 1082 5402 Sensus
1107 5329 1295 5402 esttni
1319 5330 1493 5402 fallor,
1522 5327 1722 5402 nullam
1751 5333 1798 5386 ei
1827 5333 1980 5402 fuisse
2007 5349 2091 5387 ne-

525 5400 820 5472 cessitatem
869 5399 1281 5472 Irttcuveniendi,
1321 5399 1550 5472 disfendt'
1595 5401 1726 5472 leges
1775 5399 1934 5456 causa
1979 5404 2091 5472 (ἐπὶ

525 5471 640 5593 ipsi;
656 5469 851 5592 ὄῗμὲις
879 5468 1079 5540 ἡμῶν),
1109 5470 1365 5540 siquidem
1385 5469 1606 5525 Romam
1626 5468 1790 5541 posset
1812 5468 2086 5544 proﬁcisci.

604 5577 1270 5677 (Ἰτΐῖιῖἓκπονήσαντες.
1325 5607 1710 5676 Casaubonus,
1773 5614 2087 5684 ὲκποιήσον-

527 5695 711 5821 ᾖδε)
747 5749 863 5820 Τὴν
890 5747 1116 5821 ἀληθῆ,
1145 5747 1227 5821 διἈ
1248 5749 1693 5821 αὐτοῦαΕΙΙίρείθ
1711 5792 1725 5817 ,
1758 5754 1940 5821 quales
1969 5753 2090 5817 illae,

528 5817 802 5887 τηνάλλως
833 5821 938 5892 (cui
962 5820 1120 5893 plane
1145 5819 1355 5876 videtur
1387 5836 1416 5876 a
1447 5817 1699 5892 GregOrio
1728 5817 1846 5880 esse
1877 5826 2095 5893 opposi-

2277 4755 2364 4820 σν.
2416 4756 2475 4809 '0
2512 4757 2558 4810 δ’
2602 4757 2996 4831 ὑποδεξάμενος
3036 4759 3093 4832 ἐξ
3132 4760 3348 4831 ἡμέρας
3383 4757 3484 4829 τῆς
3513 4753 3711 4826 πρώτης,

2207 4849 2328 4922 (τῆς
2359 4851 2525 4917 ὅντως
2559 4853 2681 4924 ἐμοὶ
2718 4851 2959 4924 πρώτης,
2990 4853 3090 4924 τῆς
3117 4853 3450 4923 τιμιωτάτης
3479 4845 3658 4906 πασῶν,
3680 4840 3716 4892 εί

2207 4946 2288 4999 δεῖ
2317 4945 2513 5014 λέγειν,
2541 4943 2784 5017 ἡμερῶν,
2813 4944 2900 4996 ὅτε
2939 4959 3026 5014 μοι
3056 4943 3267 5016 πρῶτον
3295 4945 3324 4996 ὁ
3353 4939 3588 5011 ἀληθινὸς
3616 4936 3716 4988 ἀνα·

2209 5039 2410 5093 στέλλειν
2466 5039 2613 5111 ἥλιος
2654 5037 2895 5110 ἤρξατο),
2934 5035 3148 5108 πρῶτον
3207 5035 3315 5106 μὲν
3332 5033 3513 5104 ῶσπερ
3580 5024 3716 5101 θῆράϐ

2193 5271 2308 5340 tun;
2349 5262 2450 5336 τὴν
2494 5264 2722 5340 ἀληθῆ),
2750 5266 2849 5340 τὴν
2879 5267 3107 5333 ἑαυτοῦ,
3141 5271 3243 5340 τὴν
3287 5269 3423 5340 ἐμὴν
3466 5261 3710 5340 μίανητὴν

2194 5332 2449 5414 πρώτην,
2477 5332 2605 5414 ’τῂν
2656 5332 2951 5414 ταχίστην·
3158 5332 3478 5395 subauditur
3523 5333 3706 5414 μερίδα.

2193 5403 2437 5478 γνώμην,
2467 5403 2623 5478 ὁδόν,
2649 5403 2765 5462 ουῖ
2787 5403 2891 5462 tale
2931 5409 3184 5478 quiddam
3215 5429 3228 5463 :
3260 5425 3480 5478 quorum
3507 5403 3705 5478 omnium

2194 5476 2437 5548 exempla
2485 5477 2766 5532 continent
2807 5476 3078 5534 Lamberti
3126 5479 3230 5536 Bos
3277 5476 3490 5548 Ellipm
3530 5476 3704 5548 Grece-

2195 5545 2512 5620 Casaubono
2540 5548 2783 5620 placebat
2815 5550 2909 5620 καὶ
2935 5549 3126 5620 ἀληθῆ,
3163 5550 3216 5604 Si
3256 5545 3454 5605 mutato
3478 5561 3599 5620 opus
3622 5547 3703 5618 est,

2196 5615 2410 5691 mallem
2439 5615 2508 5691 τᾲ
2539 5614 2746 5691 ἀληθῆ,
2791 5619 2992 5674 scilicet
3023 5614 3596 5691 'pdﬂﬁpaza,_1:spi'_ﬂ
3630 5614 3703 5691 τρῦ

2196 5685 2376 5759 λογον.
2425 5686 2597 5739 Αὐτοῦ
2628 5679 2882 5743 "refertur
2912 5691 2979 5745 ad
3020 5679 3262 5754 militent,
3291 5679 3386 5759 qui
3417 5679 3598 5759 inscius
3626 5679 3704 5745 τὴν

2198 5754 2390 5836 ἀληθῆ,
2422 5773 2611 5836 ueram“
2631 5759 2864 5830 (viam),
2897 5761 3074 5828 duxit,
3108 5770 3165 5816 ut
3203 5754 3322 5819 cuni
3359 5757 3568 5830 Origene
3596 5761 3703 5805 000‘

2193 5827 2530 5894 jungcretur.
2571 5827 2796 5884 BENGEL.
