3950 6326
245 325 390 383 Ιυϐθ

1249 322 1318 379 1N
1354 322 1706 380 onmst
1741 306 2001 380 ORATIO
2037 323 2499 387 PANEGYRICA.

3344 328 3488 387 1070

242 457 400 506 τινας
432 440 657 514 ἀγρίους
685 441 719 511 ἢ
762 441 968 513 ἰχθύας,
1000 442 1033 513 ἦ
1068 458 1218 506 τινας
1257 441 1455 514 ὄρνεις,
1483 440 1820 513 ἐμπεσόντας

1925 452 2182 512 agrestes,
2213 451 2308 499 aut
2329 443 2530 513 pisces,
2561 452 2657 499 aut
2680 457 2831 508 aves,
2860 442 2918 497 in
2958 444 3094 499 retia
3116 443 3202 500 vel
3228 458 3486 516 sagenam

246 534 352 606 μὲν
384 535 465 599 είς
496 538 597 598 τὰς
623 535 796 605 ἄρκυς
822 535 855 607 ἢ
890 536 970 599 είς
1007 534 1108 598 τὰς
1136 535 1399 607 σαγήνας,
1432 532 1816 598 ἐξολισθαίνειν

242 625 305 680 δὲ
339 626 437 680 καὶ
456 626 866 698 ἀποδιδράσκειν
887 626 1279 699 πειρωμένους,
1318 627 1621 699 ἀναχωρεῖν
1635 643 1695 680 τε
1720 627 1815 681 ἀπ’

241 718 416 774 αὐτοῦ
469 718 827 790 βουλομένους
889 720 981 772 ἐπὶ
1038 719 1137 791 τὴν
1183 719 1425 791 Βηρυτὸν
1476 720 1509 791 ἢ
1562 719 1656 774 ἐπὶ
1718 718 1817 792 τὴν

243 811 507 883 πατρίδα,
546 811 907 883 συνδήσασθαι
939 811 1117 866 πάντα
1163 812 1362 884 τρόπον
1395 814 1812 884 ἐμηχανήσατο·

243 904 458 967 πάντας
479 903 670 972 λόγους
700 903 967 978 στρέφων,
1001 904 1096 957 καὶ
1127 903 1301 957 πάντα
1333 902 1514 958 κάλων
1546 901 1818 975 (τοῦτοδὴ

241 993 309 1048 τὺ
337 994 431 1048 τοῦ
465 995 648 1065 λόγου)
698 994 885 1060 κινῶν,
921 996 1014 1049 καὶ
1041 996 1221 1060 πάσας
1242 995 1339 1059 τὰς
1365 994 1621 1066 δυνάμεις
1649 993 1815 1049 αὐτοῦ

242 1088 754 1162 προχειριζόμενος
792 1087 1026 1142 ἐπαινῶν
1064 1088 1163 1159 μὲν
1201 1087 1516 1158 φιλοσοφίας
1563 1086 1815 1160 ἐραστὰς,

246 1183 482 1254 μακροῖς
502 1183 613 1244 τοῖς
629 1181 867 1243 ἐπαίνοις
888 1182 981 1233 καὶ
1001 1179 1213 1244 πολλοῖς
1232 1183 1344 1244 τοῖς
1365 1197 1424 1232 τε
1449 1181 1783 1253 προσήκουσι
1797 1196 1813 1211 '

241 1272 472 1336 τούτους
503 1272 694 1343 μόνους
723 1271 822 1344 ζῇν
856 1273 1024 1337 ὅντως
1051 1273 1144 1326 τὸν
1190 1273 1427 1341 λογικοῖς
1471 1273 1819 1344 προσήκοντα

242 1366 385 1438 βίον,
410 1364 606 1433 λέγων,
630 1365 757 1428 τοὺς
780 1363 955 1437 ὀρθῶς
984 1363 1131 1435 βιοῦν
1143 1363 1575 1435 ἐπιτηδεύοντας,
1593 1363 1820 1428 ἑαυτούς

238 1476 303 1514 τε
322 1457 707 1528 γινώσκοντας,
733 1456 946 1530 πρῶτον
966 1457 1159 1521 οἵτινές
1179 1460 1304 1521 εἰσι,
1317 1456 1552 1510 κᾶπειτα
1564 1455 1631 1510 τὰ
1652 1455 1821 1519 ὅντως

240 1552 431 1622 ἁγαθά
466 1551 503 1606 ἀ
538 1550 889 1623 μεταδιώκειν
935 1550 1218 1623 ἄνθρωπον
1243 1551 1349 1622 χρὴ
1374 1549 1466 1603 καὶ
1498 1550 1567 1603 τά
1604 1547 1821 1621 ἀληθῶς

242 1636 480 1697 κακὰῶν
493 1640 812 1712 ἀποτρέχειν
826 1640 926 1693 δεῖ·
944 1638 1191 1709 ψέγωνδὲ
1206 1640 1304 1709 τὴν
1320 1636 1679 1708 ἀμαθίαν,καὶ
1695 1636 1822 1691 πάν-

238 1752 344 1798 τας
356 1736 484 1797 τοὺς
499 1732 747 1804 ἀμαθεῖς·
768 1732 950 1785 πολλοὶ
960 1732 1016 1785 δὲ
1027 1724 1172 1785 οὗτοι
1188 1731 1303 1784 ὅσοι
1316 1729 1345 1783 θ
1354 1747 1410 1801 ρε
1420 1748 1457 1801 μ
1463 1729 1648 1802 μάτων
1663 1728 1820 1801 δίκην

238 1824 648 1895 τυφλώττοντες
674 1823 764 1878 τὸν
794 1823 942 1887 νοῦν,
976 1824 1085 1877 οὐδ’
1131 1823 1263 1876 αὐτὸ
1304 1821 1464 1876 τοῦτο
1502 1823 1640 1894 ὅπερ
1679 1823 1816 1876 εἰσὶν

239 1918 576 1988 ἐγνωκότες,
610 1916 797 1991 ὥσπερ
844 1916 1029 1984 ἀλογοι
1073 1915 1510 1987 πεπλανημένοι,
1549 1915 1813 1986 ἀγαθὸνῆ

237 2010 418 2065 κακὸν
442 2010 471 2063 ὂ
499 2009 552 2062 τί
583 2010 712 2062 ποτέ
744 2011 911 2074 ἐστιν,
938 2008 1073 2071 ὅλως
1103 2006 1226 2061 οὐτε
1263 2008 1460 2072 εἰδότες
1486 2008 1668 2071 αὐτοὶ,
1692 2005 1816 2060 οὐτε

241 2103 442 2175 μαθεῖν
472 2102 746 2166 θέλοντες,
766 2102 841 2166 ὡς
876 2103 968 2155 ἐπὶ
997 2100 1197 2169 ἀγαθὸν
1220 2100 1437 2173 ᾄττουσι
1468 2102 1561 2154 καὶ
1591 2100 1817 2171 ἐπτόην-

234 2214 357 2259 ται,
394 2196 649 2267 χρήματα
681 2192 789 2265 (79)
823 2195 916 2246 καὶ
938 2191 1096 2256 δόξας
1126 2207 1222 2245 και
1246 2190 1413 2262 τιμὰς
1448 2189 1546 2252 τὰς
1576 2188 1683 2243 ἀπὸ
1706 2188 1816 2242 τῶν

235 2287 460 2342 πολλῶν
485 2287 578 2341 καὶ
607 2287 706 2357 τὴν
740 2284 837 2339 τοῦ
876 2283 1124 2355 σώματος
1154 2283 1367 2350 εὐεξίαν
1391 2300 1405 2312 ο
1440 2281 1580 2338 αὐτά
1605 2299 1664 2334 τε
1691 2281 1819 2352 περὶ

237 2378 446 2433 πολλοῦ
485 2378 577 2432 καὶ
620 2376 715 2430 τοῦ
753 2376 953 2439 παντὸς
994 2375 1296 2445 τιθέμενοι,
1345 2373 1441 2428 καὶ⁵
1469 2374 1577 2427 τῶν
1613 2372 1817 2444 τεχνῶν

236 2475 372 2527 ὅσαι
420 2471 590 2525 ταῦτα
639 2468 1019 2541 ἐκπορίζεσθαι
1052 2465 1361 2532 δύνανται,
1400 2468 1494 2521 καὶ
1532 2466 1639 2519 τῶν
1688 2466 1816 2536 βίων

238 2568 363 2620 ὅσοι
407 2565 579 2619 ταῦτα
606 2564 931 2636 παρέξονται
954 2602 968 2626 ,
1006 2563 1261 2635 στρατιὰς
1289 2563 1382 2616 καὶ
1410 2563 1509 2634 τὴν
1538 2561 1816 2633 δικανικὴν

239 2661 345 2713 καὶ
391 2658 696 2729 ἐκμάθησιν
735 2655 834 2728 τὴν
874 2656 981 2709 τῶν
1025 2656 1236 2727 νόμων-
1286 2653 1440 2709 ταῦθ’
1484 2653 1626 2726 ἅπερ
1672 2656 1819 2725 ἡμᾶς

240 2751 480 2815 ἀνέσειε,
514 2747 743 2819 μάλιστα
773 2747 946 2815 λέγων
970 2747 1064 2800 καὶ
1095 2745 1238 2816 μάλα
1270 2744 1560 2815 τεχνικῶς,
1592 2745 1685 2799 τοῦ
1722 2763 1819 2798 κυ-

242 2835 710 2907 ριωτάτου,φησὶ,
729 2834 836 2887 τῶν
848 2837 906 2887 ὲν
929 2835 1061 2905 ἡμῖν
1090 2834 1249 2903 λόγου
1276 2833 1673 2905 ἀμελήσαντας.
1705 2835 1818 2889 Οὐκ

239 2928 359 2997 ἔχω
403 2926 499 2980 νῦν
534 2925 644 2995 ἐγὼ
689 2925 896 2994 λέγειν,
931 2925 1063 2988 ὅσας
1100 2925 1349 2989 τοιαύτας
1379 2923 1561 2996 ἐξήχει
1596 2924 1778 2995 φωνὰς
1801 2963 1816 2987 ,

242 3018 574 3090 προτρέπων
603 3016 936 3088 φιλοσοφεῖν*
972 3018 1030 3070 οὐ
1068 3018 1193 3087 μιᾶς
1225 3016 1434 3088 ἡμέρας
1466 3017 1651 3088 μόνης,
1684 3013 1820 3069 ἀλλὰ

242 3114 345 3166 καὶ
391 3111 653 3165 πλειόνων
684 3112 824 3164 ὅσων
862 3108 1010 3181 αὐτῷ
1047 3110 1379 3182 προσῄειμεν
1414 3108 1522 3162 τῶν
1562 3108 1816 3180 πρώτων,

244 3204 571 3275 βεϐλημένοι
604 3203 699 3274 μὲν
729 3201 914 3272 ὥσπερ
934 3201 1038 3254 τινὶ
1068 3200 1207 3271 βέλει
1230 3200 1308 3272 τῷ
1332 3202 1462 3272 παρ’
1488 3200 1650 3253 αὐτοῦ
1679 3198 1820 3270 λόγῳ

240 3296 344 3351 καὶ
374 3299 440 3349 ἐκ
473 3292 696 3368 πρώτης
726 3293 939 3365 ἡλικίας
972 3294 1083 3363 (80)
1117 3289 1200 3364 (ἦν
1229 3293 1337 3365 γάρ
1380 3309 1497 3356 πως
1531 3291 1626 3345 καὶ
1669 3291 1822 3363 ἡδείᾳ

239 3390 356 3443 τινὶ
383 3388 565 3460 χάριτι
608 3388 699 3440 καὶ
729 3387 904 3441 πειθοῖ
929 3386 1020 3441 καί
1048 3403 1152 3440 τινι
1187 3385 1397 3455 ἀνάγκη
1431 3385 1817 3455 μεμιγμένος),

244 3481 607 3556 στρεφόμενοι
635 3479 693 3533 δέ
728 3497 845 3543 πως
878 3479 958 3532 ἔτι
999 3478 1094 3532 καὶ
1138 3478 1510 3548 λογιζόμενον
1546 3478 1640 3529 καὶ
1671 3477 1820 3547 φιλο-

246 3575 439 3643 σοφεῖν
481 3572 579 3644 μὲν
618 3572 1195 3643 προσκαρτερήσαντες
1237 3569 1447 3623 οὐδέπω
1491 3569 1666 3640 πάντη
1721 3586 1820 3622 πε-

245 3666 565 3737 πεισμένοι,
599 3663 928 3735 ἀφίστασθαι
956 3663 1014 3717 δὲ
1046 3663 1209 3716 πάλιν
1248 3664 1349 3716 οὐκ
1386 3659 1481 3716 οἷδ’
1522 3664 1672 3726 ὅπως
1696 3702 1711 3726 ,
1758 3663 1819 3715 οὐ

243 3760 568 3830 δυνάμενον
599 3758 686 3812 ἀεὶ
717 3758 774 3811 δὲ
800 3756 989 3830 ὥσπερ
1017 3756 1122 3811 ὑπό
1144 3773 1284 3810 τισιν
1317 3756 1581 3825 ἀνάγκαις
1612 3757 1820 3828 μείζοσι

243 3857 368 3917 τοῖς
403 3852 580 3921 λόγοις
609 3851 774 3905 αὐτοῦ
813 3852 948 3923 πρὸς
983 3852 1143 3906 αὐτὸν
1175 3851 1474 3921 ἑλκόμενοι.
1511 3851 1684 3914 Ὂλως
1716 3849 1820 3922 γὰρ

243 3945 361 3999 οὐδ’
387 3944 629 3998 εὐσεϐεῖν
663 3945 743 4008 είς
768 3943 860 3997 τὸν
886 3942 993 3997 τῶν
1021 3943 1156 3998 ὅλων
1181 3944 1454 4015 Δεσπότην
1478 3942 1668 4015 (τοῦτο
1697 3942 1726 3996 ὃ
1755 3944 1819 4015 δὴ

172 4070 182 4079 .
249 4037 418 4108 μόνος
447 4033 556 4089 τῶν
578 4035 687 4087 ’ἐπὶ
723 4034 827 4105 γῆς
861 4034 1079 4087 πάντων
1114 4032 1269 4097 ζώων
1304 4036 1332 4086 ὁ
1366 4033 1646 4106 ἄνθρωπος
1678 4035 1822 4106 ἔχειν

247 4126 490 4199 ἐτιμήθη
536 4143 597 4179 τε
629 4125 724 4180 καὶ
756 4123 960 4197 ἠξιώθη
980 4165 997 4189 ,
1029 4127 1121 4179 καὶ
1150 4125 1375 4190 εἰκότως
1409 4130 1517 4190 πᾶς
1543 4126 1820 4191 ὁστισοῦν,

250 4224 347 4278 καὶ
382 4220 543 4289 σοφὸς
569 4220 663 4274 καὶ
686 4218 901 4291 ἀμαθὴς
924 4258 939 4283 ,
973 4218 1289 4290 περιέχεται
1317 4218 1505 4273 τούτου
1524 4260 1538 4285 ,
1568 4220 1715 4285 ὅστις
1748 4221 1837 4294 μὴ.

251 4312 540 4376 παντελῶς
571 4311 668 4375 τὰς
700 4312 908 4375 ἐννοίας
946 4310 1286 4363 ἀπολώλεκεν
1318 4311 1424 4364 ὐπό
1455 4328 1597 4376 τινος
1636 4329 1825 4384 φρενο-

250 4405 515 4469 ϐλαϐείας
533 4404 575 4476 )’
616 4404 676 4457 οὐ
708 4404 885 4457 τοίνυν
912 4403 1032 4457 οὐδὲ
1059 4403 1304 4457 εὐσεϐεῖν
1331 4402 1469 4468 ὅλως
1495 4404 1716 4458 δυνατὸν
1746 4402 1823 4458 εἷ-

1916 535 2159 605 illapsos,
2189 534 2328 591 elabi
2357 544 2412 591 et
2441 534 2677 606 effugere
2724 531 3009 603 con‘antes,
3047 546 3101 591 et
3135 538 3390 593 secedere
3416 538 3486 594 ab

1917 624 2057 694 ipso,
2084 625 2340 698 Berytum
2381 640 2605 693 versus,
2650 634 2748 681 aut
2786 627 2842 681 in
2885 628 3115 697 patriam
3162 628 3487 698 cogitantes,

1917 718 2288 789 constringere
2328 720 2557 774 omnino
2603 734 2670 774 ac
2712 720 2949 775 retinere
2991 720 3198 776 studuit
3244 738 3259 775 :
3301 721 3489 777 omnia

1920 812 2207 866 verborum
2228 825 2425 883 genera
2438 811 2682 881 volvens,
2699 825 2914 867 omnem
2937 811 3119 867 funem
3142 812 3310 883 (quod
3327 822 3408 869 est
3431 811 3489 867 in

1916 901 2227 974 proverbio)
2270 918 2525 969 movens,
2559 904 2704 960 vires
2755 920 2885 961 snas
2924 919 3115 961 omnes
3163 920 3231 961 eo
3266 919 3490 961 conver-

1918 1003 2041 1052 tens
2069 1014 2084 1052 :
2114 995 2243 1052 hinc
2273 984 2678 1070 philosophiam
2718 997 2949 1068 ejusque
2989 1007 3263 1055 amatores
3298 999 3488 1054 multis

1920 1090 2174 1161 aptisque
2220 1090 2475 1147 laudibus
2519 1104 2892 1161 prosequens;
2931 1105 3025 1146 eos
3057 1090 3205 1146 solos
3234 1090 3375 1147 bene
3400 1089 3487 1147 vi-

1918 1197 2065 1249 vere,
2096 1182 2375 1253 vitamque
2418 1181 2648 1239 rationis
2683 1197 2785 1238 usu
2814 1182 3059 1253 pmditis
3097 1192 3490 1254 congruentem

1920 1288 2081 1344 agere
2114 1272 2326 1341 dicens,
2368 1271 2463 1342 qui
2506 1286 2627 1327 eam
2670 1281 2818 1328 recte
2872 1272 3154 1327 instituere
3200 1281 3488 1339 conentur,

1920 1375 1975 1422 et
2013 1381 2075 1421 se
2118 1366 2267 1435 ipsos
2308 1365 2549 1435 primum
2600 1379 2782 1429 nosse,
2836 1365 3060 1435 quinam
3111 1364 3260 1430 sint;
3296 1363 3493 1418 deinde

1920 1472 2049 1513 vera
2091 1457 2233 1512 bona
2282 1472 2404 1527 quae
2436 1456 2688 1527 persequi
2727 1456 3004 1511 hominem
3057 1454 3230 1518 decet,
3270 1462 3324 1508 et
3362 1467 3491 1508 vera

1921 1551 2064 1605 mala
2097 1564 2129 1604 a
2155 1549 2355 1619 quibus
2388 1548 2640 1621 refugere
2664 1558 2908 1619 oportet;
2936 1547 3087 1602 illinc
3127 1544 3492 1617 ignorantiam

1922 1642 2347 1714 ignorantesque
2382 1657 2593 1705 omnes,
2637 1654 2872 1711 quorum
2919 1638 3159 1693 maxima
3187 1649 3273 1693 est
3309 1634 3490 1702 turba,

1922 1734 2264 1804 vituperans;
2317 1740 2583 1805 quotquot
2601 1731 2868 1803 pecudum
2895 1730 3025 1797 ritu,
3048 1738 3230 1784 mente
3250 1728 3397 1793 caeci,
3421 1742 3493 1784 ne

1849 1812 1893 1867 Β
1923 1821 2027 1878 hoc
2049 1823 2268 1893 quidem
2295 1822 2440 1893 quod
2467 1829 2597 1878 sunt
2641 1819 2973 1891 intelligunt,
2990 1827 3047 1873 et
3069 1819 3226 1888 quasi
3278 1820 3493 1874 ratione

1923 1923 2202 1981 carerent,
2236 1916 2584 1980 aberrantes;
2627 1913 2830 1967 bonum
2883 1913 3154 1965 malumve
3203 1911 3333 1980 quid
3384 1913 3493 1978 sit,

1922 2019 2025 2060 nec
2052 2006 2286 2061 scientes
2317 2004 2421 2076 ipsi
2456 2021 2703 2076 prorsus,
2743 2020 2843 2059 nec
2888 2003 3101 2058 discere
3144 2010 3488 2075 satagentes;

1923 2096 2017 2167 qui
2048 2106 2307 2166 tanquam
2340 2097 2409 2152 ad
2438 2098 2665 2163 bonum,
2699 2096 2764 2151 ad
2791 2096 3051 2165 pecunias
3085 2104 3138 2149 et
3165 2096 3392 2164 gloriam
3427 2112 3493 2153 ac

1923 2190 2071 2259 vulgi
2110 2190 2346 2245 honores
2376 2190 2731 2260 corporisque
2761 2187 3124 2242 valetudinem
3169 2187 3492 2257 prosiliunt,

1924 2284 2213 2355 stolidique
2239 2285 2524 2355 rapiuntur
2549 2326 2564 2351 ,
2597 2285 2714 2339 haec
2735 2282 3005 2351 videlicet,
3034 2280 3215 2354 magni
3245 2291 3342 2338 aut
3373 2298 3495 2338 orn-

1923 2373 2074 2428 nium
2104 2374 2287 2444 potius
2314 2375 2488 2429 instar
2517 2373 2810 2439 habentes,
2857 2381 3111 2442 artesque
3155 2388 3249 2429 eas
3294 2372 3494 2443 quibus

1922 2466 2105 2536 parari
2136 2465 2250 2521 haec
2277 2474 2503 2535 possunt
2522 2504 2538 2529 ,
2567 2473 2622 2521 et
2648 2480 2716 2520 ex
2744 2466 2869 2520 vita:
2908 2465 3196 2537 generibus
3245 2465 3333 2520 illa
3371 2479 3494 2536 quae

1923 2560 2055 2614 talia
2085 2560 2449 2629 suppeditant,
2484 2559 2796 2626 militarem,
2829 2559 3125 2625 forensem,
3157 2559 3335 2629 legum
3369 2569 3492 2615 stu-

1924 2652 2072 2707 dium
2130 2667 2195 2707 ac
2250 2651 2625 2722 disciplinam;
2682 2653 2798 2707 haec
2856 2660 3017 2720 sunt,
3067 2652 3278 2717 aiebat,
3331 2652 3497 2723 idque

1924 2744 2224 2814 aptissime,
2256 2759 2379 2814 qua
2409 2759 2512 2800 nos
2543 2744 2748 2800 inertes
2792 2752 2958 2815 atque
2990 2745 3211 2816 ignaros
3256 2746 3496 2801 maxime

1923 2836 2186 2900 reddunt,
2225 2836 2493 2891 rationem
2541 2852 2662 2907 quae
2691 2836 2961 2891 dominari
3008 2837 3062 2891 in
3102 2838 3260 2894 nobis
3300 2839 3492 2906 debet,

1924 2936 2297 2997 aspernantes.
2330 2926 2521 2984 Dicere
2552 2944 2661 2984 non
2694 2929 2917 2998 possim,
2946 2944 3110 2999 quam
3140 2930 3335 2984 multas
3352 2926 3498 2996 ejus-

1918 3017 2071 3073 modi
2108 3030 2271 3073 voces
2319 3018 2521 3086 ederet,
2549 3018 2615 3073 ad
2642 3019 3133 3089 philosOphandum
3167 3034 3268 3074 nos
3291 3020 3492 3076 exhor-

1923 3117 2079 3177 tans;
2112 3123 2289 3179 neque
2318 3109 2371 3163 id
2409 3124 2519 3164 uno
2545 3108 2632 3165 die
2664 3110 2968 3177 duntaxat,
2998 3111 3093 3166 sed
3125 3111 3331 3179 multis,
3356 3128 3496 3181 quo-

1927 3200 2028 3255 ties
2063 3202 2131 3253 ad
2175 3200 2328 3255 illum
2369 3200 2637 3270 principio
2680 3201 3062 3266 veniebamus,
3108 3201 3493 3272 ejus'quidem

1927 3309 2179 3349 sermone
2207 3303 2469 3364 tanquam
2489 3295 2672 3364 jacqu
2687 3295 2921 3365 quodam
2948 3310 2979 3349 a
3002 3296 3175 3365 prima
3202 3295 3317 3366 ipsa
3338 3305 3498 3352 aetate

1926 3386 2126 3441 conﬁxi
2154 3386 2293 3455 (erat
2318 3386 2465 3441 enim
2494 3386 2647 3440 suavi
2676 3387 2846 3454 gratia
2887 3397 2941 3440 et
2979 3386 3196 3442 suadela
3234 3385 3399 3441 simul
3430 3401 3498 3442 ac

1927 3478 2249 3535 necessitate
2284 3478 2518 3549 quadam
2551 3478 2847 3547 conditus),
2891 3487 3142 3532 caeterum
3169 3477 3495 3534 ﬂuctuantes

1928 3572 2104 3626 adhuc
2132 3579 2186 3625 et
2213 3569 2438 3640 ancipiti
2465 3570 2670 3635 animo,
2704 3569 3078 3639 philosophari
3113 3569 3333 3638 quidem
3379 3586 3497 3625 am-

1925 3662 2155 3726 bientes,
2186 3661 2431 3715 nondum
2465 3669 2648 3715 tamen
2676 3660 2901 3715 omnino
2923 3660 3152 3730 permoti
3182 3669 3344 3729 atque
3373 3676 3497 3730 per-

1927 3755 2099 3822 suasi,
2129 3753 2407 3809 discedere
2444 3766 2606 3823 porro
2651 3753 2836 3808 nescio
2868 3752 3139 3825 quomodo
3168 3767 3275 3806 non
3307 3754 3497 3806 vaEen-

1929 3858 2045 3911 tes,
2090 3854 2154 3899 ut
2197 3845 2293 3915 qui
2333 3859 2566 3914 semper,
2616 3852 2874 3913 tanquam
2924 3842 3146 3913 majoris
3190 3841 3497 3913 cujuspiam

1928 3939 2268 3994 necessitatis
2314 3922 2585 4008 impulsu,
2638 3938 2705 3991 ad
2758 3937 2937 4006 ipsum
2983 3936 3103 4006 ejus
3152 3937 3499 3994 sermonibus

1927 4031 2291 4102 rapiebamur.
2324 4029 2560 4086 Omnino
2585 4030 2730 4086 enim
2760 4044 2862 4086 nec
2902 4030 3051 4099 pi'um
3081 4045 3210 4101 erga
3244 4045 3498 4086 commu-

1929 4138 2050 4179 nem
2097 4124 2342 4178 omnium
2389 4120 2682 4177 Dominum
2734 4135 2859 4178 esse
2903 4120 3109 4191 absque
3157 4120 3497 4193 philosophia

1928 4231 2257 4288 quemquam
2283 4216 2541 4272 censebat
2565 4217 2697 4287 (quo
2725 4229 2951 4270 munere
2976 4214 3126 4271 solus
3151 4231 3218 4271 ex
3243 4217 3499 4272 omnibns

1930 4315 2089 4362 terrae
2121 4306 2489 4362 animantibus
2515 4308 2681 4361 homo
2715 4306 3006 4361 decoratus
3038 4316 3155 4373 est;
3185 4307 3349 4376 idque
3386 4321 3501 4362 me-

1929 4399 2036 4454 rito
2060 4399 2277 4469 sapiens
2313 4413 2467 4468 aeque
2508 4407 2673 4468 atque
2713 4398 2999 4469 imperitus
3027 4398 3258 4469 quisque
3289 4400 3499 4469 ample-

247 4518 343 4555 ναι
384 4500 654 4569 ἔφασκεν,
694 4496 869 4569 ὀρθῶς
902 4497 1095 4565 λέγων,
1128 4496 1203 4567 μὴ
1236 4495 1690 4569 φιλοσοφήσαντι·
1721 4497 1820 4563 ἓως

1932 4495 2116 4560 ctitur,
2145 4493 2242 4564 qui
2271 4494 2434 4548 modo
2464 4507 2688 4548 sensum
2731 4506 2946 4547 omnem
2992 4492 3357 4563 intelligentiae
3387 4508 3501 4563 prae

251 4594 489 4656 πολλοὺς
506 4591 777 4654 τοιούτους
796 4590 985 4654 ἄλλους
1010 4591 1095 4643 ἐπ’
1112 4589 1290 4655 ἄλλοις
1315 4590 1596 4645 ἐπαντλῶν
1609 4591 1820 4661 λόγους,

252 4687 449 4758 ῶσπερ
472 4702 623 4748 τινας
653 4684 1273 4752 καταγεγοητευμένους,
1304 4682 1399 4735 ἐπὶ
1422 4683 1562 4736 τέλει
1590 4687 1707 4748 ταῖς
1730 4685 1826 4738 αὐ-

253 4780 354 4836 τοῦ⁹
395 4779 612 4850 τέχναις
644 4777 934 4849 ἀκινήτους
971 4775 1241 4846 ἀτεχνῶς,
1272 4776 1453 4849 φέρων
1484 4779 1633 4850 ἡμᾶς
1663 4796 1826 4851 παρι-

253 4872 517 4945 ὂρύσατο,
547 4868 725 4939 λόγοις
755 4871 868 4931 τοῖς
899 4864 1087 4929 αὐτοῦ,
1114 4867 1217 4920 οὐκ
1244 4862 1340 4920 οἷδ’
1375 4868 1560 4933 ὅπως,
1591 4868 1689 4924 σύν
1719 4888 1825 4924 τινι

257 4963 385 5035 θείᾳ
429 4961 681 5033 δυνάμει.
740 4960 850 5014 Καὶ
898 4959 1009 5033 γὰρ
1048 4959 1144 5014 καὶ
1189 4959 1372 5029 φιλίας
1417 4963 1549 5033 ἡμῖν
1602 4962 1827 5035 κέντρον

259 5054 561 5126 ἐνέσκηψεν
586 5054 687 5108 οὐκ
714 5052 1181 5123 εὐκαταγώνιστόν
1200 5071 1275 5118 τι,
1291 5052 1456 5126 δριμὺ
1486 5053 1545 5108 δὲ
1574 5054 1670 5108 καὶ
1698 5056 1827 5108 ἀνυ-

258 5148 583 5212 τικώτατον,
611 5146 912 5217 δεξιότητος
936 5146 1030 5200 καὶ
1052 5145 1344 5211 διαθέσεως
1359 5147 1461 5219 τῆς
1480 5147 1710 5219 ἀγαθῆς,
1729 5151 1827 5221 ὅση

262 5239 556 5312 εὐνοητική
583 5255 668 5301 τις
700 5240 831 5309 ἡμῖν
861 5236 1053 5301 αὐταῖς
1087 5239 1292 5306 φωναῖς
1321 5235 1485 5290 αὐτοῦ
1518 5236 1831 5308 προσφθεγ-

396 5439 453 5508 9)
488 5439 779 5509 Χρήματα.
811 5439 1011 5511 Repete
1041 5438 1131 5494 ἐπί
1162 5455 1194 5495 e
1216 5441 1486 5511 proximo.
1517 5441 1750 5499 BBNGEL.

363 5512 455 5580 80)
503 5511 779 5579 Ἡλικίας.
831 5509 955 5567 Haec
988 5525 1095 5565 vox
1145 5509 1330 5580 aperte
1381 5512 1576 5568 aliena.
1606 5512 1835 5571 Videtur

268 5580 580 5654 absolutum
603 5580 882 5654 loquendi
912 5597 1115 5654 genus,
1135 5580 1211 5654 _éx
1241 5580 1495 5654 «potian
1533 5592 1595 5638 ut
1634 5587 1837 5640 subau-

271 5648 530 5726 diendum
570 5651 642 5706 sit
658 5648 716 5726 ε’
730 5648 976 5726 proximo
994 5692 1009 5713 ,
1041 5648 1298 5726 ἡμέρας(
1321 5648 1432 5726 δίεπ’
1449 5652 1792 5726 Thucydides
1820 5674 1834 5710 :

271 5720 531 5790 ἢείάπὺ
562 5720 668 5790 πρά

258 5793 499 5861 .paritcr,
532 5791 571 5848 ἀ

754 5739 781 5794 ς
812 5720 1132 5794 ἀποθέμενοι
1154 5720 1255 5776 ίτδν
1284 5722 1466 5794 νόμον,
1498 5722 1595 5779 Ι)ἰο
1608 5720 1838 5782 ’ϐαθείας

671 5788 908 5863 πρώτης.
947 5788 1039 5848 Sic
1068 5794 1131 5846 ἐκ
1155 5788 1383 5865 καινῆς,
1417 5793 1477 5863 ἐξ
1506 5795 1708 5869 αὐτῆς,
1735 5809 1837 5855 sta-

1929 4586 2161 4657 quadam
2190 4584 2430 4641 amentia
2482 4599 2591 4638 non
2642 4584 2932 4653 omiserit).
2981 4582 3092 4639 Nec
3132 4585 3285 4655 pium
3334 4585 3501 4655 igitur

1925 4673 2152 4728 omnino
2189 4686 2312 4727 esse
2361 4686 2523 4742 posse
2571 4671 2903 4735 afﬁrmabat,
2949 4673 3043 4742 qui
3086 4673 3498 4745 philosophatus

1926 4780 2034 4820 non
2055 4773 2234 4830 esset;
2266 4763 2448 4833 quoad
2487 4763 2702 4818 tandem
2737 4764 2937 4820 multos
2963 4765 3017 4819 id
3046 4781 3217 4838 genus
3263 4781 3332 4822 ex
3377 4768 3499 4824 aliis

1926 4854 2064 4910 alios
2088 4867 2369 4909 sermones
2394 4852 2689 4918 instillans,
2713 4869 2814 4911 nos
2837 4856 2983 4911 velut
3004 4854 3212 4913 fascino
3236 4859 3496 4929 quodam,

1929 4949 2140 5004 artibus
2179 4948 2295 5004 suis
2329 4949 2684 5012 perdomitas,
2731 4950 3077 5006 sermonibus
3126 4951 3263 5019 suis,
3313 4953 3499 5008 nescio

1928 5053 2039 5109 quo
2068 5046 2249 5109 pacto,
2279 5039 2461 5094 divina
2492 5040 2546 5094 vi
2582 5038 2820 5109 quadam
2851 5041 3236 5109 constabilivit,
3265 5050 3320 5098 et
3341 5042 3496 5113 juxta

1931 5145 1992 5188 se
2021 5130 2327 5187 immobiles
2356 5131 2549 5188 tenuit.
2572 5131 2861 5189 Enimvero
2891 5135 3097 5190 amoris
3126 5149 3343 5205 quoque
3366 5150 3498 5190 acu-

1934 5225 2237 5283 leus‘nobis
2266 5226 2470 5283 inﬁxus
2499 5235 2604 5295 est,
2636 5242 2746 5283 non
2779 5228 2915 5284 levis
2952 5227 3043 5283 ille
3083 5238 3138 5285 et
3162 5230 3498 5301 expugnabi-

1937 5452 2031 5505 tim
2053 5468 2071 5507 :
2087 5451 2200 5527 pbi
2229 5450 2553 5527 Lambertus
2583 5451 2690 5510 Bos
2710 5452 2994 5527 ἐλλείπειν
3025 5453 3245 5527 statuit,
3287 5454 3496 5527 ἀρχῆς,

1936 5521 2274 5595 καταϐολῆς,
2318 5523 2500 5594 ὥρας,
2530 5539 2668 5595 quae
2708 5525 2799 5581 hic
2843 5521 3338 5595 quoquesuppleri'
3362 5521 3502 5595 pas-

1939 5600 2084 5648 snnt.
2118 5591 2298 5663 ipsum
2332 5591 2398 5647 ἐκ
2430 5613 2471 5649 π
2526 5593 2538 5612 ’
2566 5591 2575 5593 ”
2623 5612 2683 5661 ς,
2711 5591 2954 5654 absolute
2976 5591 3110 5649 dixit
3141 5591 3409 5651 Mécarin's
3434 5599 3504 5653 de

1939 5662 2194 5721 Caritate.
2214 5665 2269 5718 in
2303 5611 2855 5721 extremwterum
2886 5665 3243 5721 Casaubonus
3273 5675 3328 5721 et
3356 5666 3503 5721 Rho-

1938 5662 2194 5729 Caritate,
2214 5665 2269 5718 in
2303 5662 2563 5719 extremo.
2589 5662 2855 5722 Cancrum
2886 5665 3243 5721 Casaubonus
3273 5675 3328 5722 et
3356 5666 3503 5724 Rho-

1940 5732 2207 5789 domanus
2241 5735 2485 5807 legebant
2513 5736 2726 5808 ὁμιλίας
2757 5750 2857 5807 pro
2887 5735 3121 5808 ἡλικίας.
3158 5735 3233 5793 in.
