3908 7030
528 280 662 339 1071
764 326 777 339 .

1691 282 1748 340 S.
1784 279 2113 338 GREGOli'lI
2156 280 2338 337 THAU
2348 277 2660 336 MATURO!

3595 284 3707 342 Ιθῖῖ

527 400 617 463 lis,
657 401 752 457 sed
787 416 911 458 acer
945 417 1171 474 prorsus
1213 412 1267 458 et
1296 400 1726 471 eiiicacissimus,
1769 404 2001 461 solertiae
2046 419 2075 457 e

2202 402 2430 471 γομένου
2478 401 2574 455 καὶ
2611 398 2922 470 ὁμιλοῦντος
2965 392 3297 470 ἐνεφαίνετοο
3352 402 3448 455 οὐκ
3489 404 3714 475 ampul-

526 494 900 565 benignitatis.
925 495 1440 567 benevolentiaque,
1467 512 1589 566 quae
1624 498 1679 552 in
1718 497 1850 568 ipsis
1878 511 1981 552 nos
2015 497 2093 550 al-

527 587 801 656 loquentis
836 595 891 643 et
928 587 1306 643 conversantis
1353 588 1580 644 vocibus
1615 587 1932 660 eﬂ‘ulgebat,
1984 602 2093 642 non

526 679 917 736 circumvenire
956 695 1058 736 nos
1104 678 1260 735 aliter
1308 680 1654 737 sermonibus
1691 681 1969 747 conantis;
1999 680 2094 735 sed

526 772 798 842 prudenti,
832 773 1071 828 humana
1120 772 1461 843 benignaque
1492 779 1675 828 mente
1716 788 1934 828 servare
1972 786 2093 837 nos,

523 876 579 919 et
608 864 893 935 participes
920 875 1033 920 tum
1067 864 1261 919 horum
1288 864 1644 935 philosophiae
1668 863 1937 919 bonorum
1967 861 2093 917 red-

524 958 670 1022 dere,
702 965 815 1011 tum
845 956 1102 1023 aliorum,
1132 963 1247 1009 tum
1284 970 1475 1010 eorum
1503 954 1758 1020 maxime,
1799 970 1921 1025 qua:
1951 955 2095 1011 Deus

522 1048 599 1103 illi
633 1064 797 1118 supra
828 1049 1105 1106 multosac
1124 1062 1292 1119 supra
1328 1062 1520 1102 omnes
1561 1046 1792 1103 fortasse
1812 1046 1907 1117 qui
1950 1062 2097 1103 nunc

524 1148 651 1194 sunt
693 1140 967 1205 homines,
1007 1140 1099 1193 uni
1130 1137 1359 1209 largitus
1379 1148 1463 1193 est
1486 1152 1501 1192 :
1528 1138 1745 1208 pietatis
1764 1137 1886 1194 dico
1919 1136 2093 1208 magi.

522 1240 733 1299 strumj
785 1245 1090 1287 sermonem
1149 1231 1477 1297 salutarem,
1513 1230 1580 1286 ad
1630 1230 1834 1286 multos
1873 1230 2093 1300 quidem

522 1333 939 1392 commeantem,
967 1338 1158 1380 omnes
1180 1334 1361 1379 autem
1394 1325 1448 1380 in
1483 1340 1624 1396 quos
1672 1325 1943 1391 inciderit,
1988 1323 2093 1378 sibi

522 1416 927 1487 subjugantem.
965 1414 1150 1485 Neque
1175 1416 1320 1471 enim
1356 1426 1441 1473 est
1481 1417 1778 1487 quidquam
1819 1415 1968 1486 quod
2004 1430 2092 1470 reo

522 1508 716 1563 sistere
744 1508 818 1562 illi
848 1508 1042 1579 possit,
1068 1510 1164 1579 qui
1189 1525 1282 1565 rex
1306 1510 1552 1565 omnium
1585 1521 1639 1565 et
1675 1517 1761 1565 est
1794 1518 1849 1564 et
1877 1510 2093 1563 futurus

522 1610 637 1667 est;
666 1601 760 1655 sed
791 1602 1089 1665 occultum,
1116 1611 1170 1657 et
1207 1603 1300 1673 qui
1344 1618 1445 1657 nec
1487 1601 1645 1657 facile
1677 1616 1777 1656 nec
1816 1599 2030 1655 difﬁcile
2059 1614 2091 1653 a

523 1694 710 1747 multis
738 1694 901 1764 vulgo
924 1704 1304 1765 cognoscatur,
1330 1696 1403 1749 ita
1432 1704 1493 1749 ut
1518 1695 1587 1749 de
1628 1694 1721 1749 illo
1749 1693 2089 1764 interrogati,

523 1786 805 1841 manifeste
843 1787 1021 1856 eloqui
1064 1788 1292 1856 possint.
1330 1786 1489 1842 Velut
1519 1801 1650 1856 ergo
1683 1787 1914 1842 scintilla
1940 1801 2089 1856 quaa-

519 1876 642 1929 dam
678 1877 906 1931 mediam
940 1877 1178 1931 animam
1223 1887 1467 1933 nostram
1504 1877 1785 1944 invadens,
1825 1878 2089 1932 accende-

519 1966 682 2020 batur
707 1976 762 2022 et
790 1967 1250 2032 inﬂamtnabatur,
1283 1979 1396 2023 tum
1437 1984 1564 2040 erga
1601 1968 1801 2039 ipsum,
1832 1968 2086 2023 ineffabili

518 2060 920 2129 pulchritudine
941 2076 1132 2117 omnes
1149 2063 1414 2129 alliciens,
1440 2077 1656 2117 sacrum
1682 2060 1915 2117 Verbum
1939 2076 2088 2116 ama-

518 2155 878 2222 bilissimum;
909 2163 1023 2209 tum
1046 2169 1173 2223 erga
1203 2153 1379 2207 virum
1411 2154 1575 2220 hunc,
1611 2154 1729 2224 ejus
1767 2154 2000 2208 amicum
2033 2161 2087 2207 et

518 2251 889 2319 interpretem,
919 2262 1112 2313 amor;
1156 2263 1267 2317 quo
1299 2247 1774 2302 vehementissime
1808 2245 1969 2310 ictus,
1997 2259 2085 2299 res

516 2356 709 2396 omnes
736 2356 801 2395 ac
825 2339 1143 2408 disciplinas
1168 2354 1290 2408 quae
1315 2353 1615 2408 congruere
1644 2337 1801 2393 nobis
1828 2336 2085 2391 videban-

517 2442 626 2499 tur,
669 2442 782 2487 tum
820 2439 1064 2493 caeteras.
1101 2440 1218 2485 tum
1260 2431 1406 2501 ipsas
1436 2431 1683 2502 egregias
1724 2429 1867 2498 leges
1910 2442 2082 2491 meas,

518 2536 578 2580 ut
610 2539 943 2594 spernerem,
982 2521 1114 2576 mihi
1150 2522 1427 2592 persuasi;
1458 2521 1607 2590 quin.
1638 2528 1693 2574 et
1739 2519 1992 2589 patriam,
2031 2526 2085 2572 et

516 2616 874 2687 propinquos,
902 2622 1014 2668 tum
1049 2623 1345 2684 praesentes
1372 2612 1468 2682 qui
1498 2610 1746 2677 aderant,
1776 2618 1889 2665 tum
1921 2624 2015 2664 eos
2050 2624 2082 2663 a

514 2707 712 2777 quibus
763 2706 1157 2769 discesseram;
1217 2717 1496 2771 unumque
1556 2700 1690 2754 mihi
1742 2698 1979 2769 Optabile
2029 2708 2083 2753 et

513 2798 804 2853 amandum
832 2797 1135 2863 videbatur,
1177 2793 1544 2865 philosophia,
1573 2792 1801 2862 ejusque
1826 2789 2083 2862 magister

514 2892 597 2946 vir
643 2890 734 2946 hic
779 2891 1019 2946 divinus.
1060 2888 1129 2942 Et
1162 2888 1528 2959 conglutinata
1570 2894 1647 2940 est
1685 2885 1866 2938 animo
1909 2882 2081 2937 Jona-

515 2983 616 3037 tlue
641 2983 832 3036 anima:
864 2980 1032 3034 David
1062 2981 1125 3035 ιτ.
1159 2978 1277 3034 Hoc
1300 2978 1554 3050 equidem
1578 2976 1637 3031 in
1657 2975 1829 3031 sacris
1860 2974 2082 3030 Litteris

514 3080 697 3141 postea
723 3071 825 3142 legi
852 3089 867 3125 :
897 3070 1046 3139 prius
1074 3076 1258 3137 autem
1298 3066 1447 3123 sensi
1490 3066 1607 3136 ipse
1650 3079 1760 3120 non
1802 3064 1985 3121 minus
2012 3064 2081 3118 li-

512 3164 702 3233 quido,
737 3176 900 3232 quam
930 3162 1135 3215 dictum
1171 3168 1276 3223 est,
1301 3159 1610 3214 clarissimo
1632 3158 1838 3215 scilicet
1860 3157 2084 3213 oraculo

512 3254 956 3325 praenuntiatum.
983 3251 1099 3306 Non
1144 3252 1293 3306 enim
1330 3251 1648 3321 simpliciter
1679 3250 2084 3321 conglutinatus

512 3356 592 3402 est
627 3344 889 3401 Jonathas
932 3345 1140 3400 David:
1177 3346 1271 3400 sed
1312 3344 1417 3399 illa;
1456 3344 1588 3414 ipsa:
1619 3359 1742 3413 quae
1783 3343 2082 3414 principem

514 3426 689 3495 locum
720 3449 928 3505 tenent,
973 3441 1205 3507 anima};
1238 3456 1361 3510 quae
1404 3455 1506 3495 nec
1544 3440 1807 3510 sejunctis
1851 3440 1920 3496 iis
1961 3456 2084 3511 quae

512 3542 772 3604 apparent
797 3543 851 3588 et
890 3534 1300 3603 conspiciuntur
1326 3534 1378 3588 in
1419 3533 1660 3600 homine,
1709 3533 1952 3604 separari
1997 3546 2081 3589 ta-

513 3643 634 3681 men
667 3628 795 3698 ipsae
820 3627 868 3680 vi
895 3626 1008 3681 ulla
1035 3635 1320 3698 cogantur,
1346 3626 1528 3681 invita:
1554 3637 1699 3682 certe
1721 3627 1870 3682 nullo
1897 3627 2077 3683 modo.

511 3719 704 3776 Libera
753 3717 1023 3790 siquidem
1076 3733 1164 3774 res
1208 3726 1296 3774 est
1337 3718 1541 3783 anima,
1587 3728 1643 3773 et
1681 3734 1803 3789 qua
1839 3718 2080 3775 coerceri

510 3814 658 3868 nulla
687 3813 901 3867 ratione
922 3811 1118 3883 possit,
1146 3826 1215 3866 ne
1241 3811 1288 3867 si
1314 3811 1369 3865 in
1402 3811 1661 3882 penetrali
1682 3812 1900 3882 quidem
1922 3810 2081 3866 abdi-

510 3914 620 3959 tam
666 3904 960 3960 custodias.
1005 3902 1220 3959 Etenim
1264 3904 1338 3958 ibi
1381 3919 1503 3959 esse
1541 3905 1715 3975 prima
1755 3904 1969 3959 ratione
2015 3919 2081 3960 ac

511 4006 705 4050 natura
738 4011 838 4051 sua
867 3996 1174 4062 consuevit,
1201 3995 1296 4049 ubi
1322 3988 1478 4050 mens
1508 3995 1711 4051 fuerit:
1748 3996 1893 4066 quod
1934 3995 1979 4051 si
2022 3995 2077 4050 in

508 4088 782 4157 ergastulo
815 4086 909 4142 tibi
954 4102 1074 4143 esse
1116 4087 1384 4153 videatur,
1431 4088 1665 4143 secunda
1706 4088 1940 4159 quadam
1985 4104 2077 4143 ra-

513 4180 658 4236 tione
682 4180 794 4235 illic
814 4194 846 4234 a
870 4188 921 4234 te
941 4178 1186 4249 fingitur,
1210 4178 1472 4249 nulloque
1504 4180 1667 4235 modo
1694 4190 1978 4250 propterea
2000 4179 2076 4236 ibi

508 4287 630 4326 esse
656 4271 993 4342 prohibetur,
1023 4270 1114 4325 ubi
1150 4284 1271 4325 esse
1308 4270 1571 4336 voluerit;
1594 4271 1726 4342 quin
1752 4272 1863 4328 illic
1895 4273 2074 4329 solum

509 4377 736 4433 prorsus
757 4377 879 4417 esse
903 4369 1102 4432 potest,
1128 4369 1180 4415 et
1204 4359 1329 4430 jure
1354 4361 1611 4429 creditur,
1645 4362 1736 4417 ubi
1768 4362 2074 4435 quibusque

2198 514 2286 550 ναι
2316 496 2428 566 (81)
2471 495 2619 565 ἡμᾶς
2653 490 2830 555 ἄλλως
2874 490 3053 559 λόγοις
3091 491 3424 565 πειρωμένου
3448 529 3464 555 ,
3499 492 3631 566 δεξιᾷ
3666 498 3714 551 δὲ

2196 589 2289 643 καὶ
2331 583 2693 657 φιλανθρώπῳ
2734 582 2830 637 καὶ
2861 582 3195 655 χρηστοτάτο
3228 582 3420 656 γνώμη
3466 585 3637 651 σώζειν
3667 607 3716 644 τε

2194 682 2289 735 καὶ
2316 680 2601 742 κοινωνοὺς
2627 677 2740 731 τῶν
2779 693 2840 730 τε
2886 678 2951 730 ἐκ
2992 673 3304 745 φιλοσοφίας
3345 673 3551 744 ἀγαθῶν
3575 695 3716 731 κατα-

2196 769 2493 840 στήσασθαι
2515 808 2532 834 ,
2558 767 2654 822 καὶ
2696 766 2805 820 τῶν
2848 765 3020 821 ἄλλων
3062 766 3298 837 μάλιστα
3318 805 3336 832 ,
3364 768 3465 822 ὅσα
3502 768 3560 822 τὸ
3592 769 3718 825 Θείον

2194 860 2347 932 παρὰ
2382 863 2507 924 τοὺς
2539 857 2767 921 πολλοὺς
2798 856 2832 928 ἢ
2861 856 2911 908 εί
2940 857 3032 910 καὶ
3060 856 3169 927 (82)
3195 857 3353 929 παρά
3386 859 3580 923 πάντας
3614 860 3721 926 ίσως

2193 957 2319 1020 τοὺς
2345 954 2440 1009 νῦν
2465 953 2782 1027 ἀνθρώπους
2801 992 2817 1017 ,
2841 952 2989 1023 αὐτῷ
3016 952 3162 1025 μόνῳ
3187 953 3501 1025 ἐδωρήσατο
3518 970 3532 985 ⁸
3558 955 3639 1010 τὸν
3656 957 3721 1011 δι-

2192 1046 2456 1101 δάσκαλον
2488 1047 2766 1108 εὐσεϐείας
2780 1084 2794 1108 ,
2812 1044 2906 1097 τὸν
2941 1046 3202 1115 σωτήριον
3224 1045 3405 1113 λόγον,
3427 1045 3623 1111 πολλοῖς
3643 1049 3722 1119 μὲν

2194 1139 2555 1209 ἐπιφοιτῶντα
2575 1179 2590 1201 ,
2619 1140 2714 1193 καὶ
2760 1137 2963 1200 πάντας
3006 1138 3473 1208 κατεργαζόμενον
3499 1138 3631 1204 ὅσοις
3670 1141 3723 1195 ἄν

2194 1231 2475 1306 προστύχῃ
2534 1231 2629 1302 (οὐ
2676 1233 2787 1304 γάρ
2834 1237 2980 1288 ἐστιν
3044 1234 3073 1288 ὅ
3111 1248 3164 1284 τι
3226 1230 3380 1302 αὐτῷ
3416 1232 3724 1303 ἐνστήσεται,

2193 1323 2411 1377 πάντων
2438 1323 2532 1376 καὶ⁹
2558 1322 2671 1377 όντι
2703 1326 2798 1379 καὶ
2826 1325 3067 1397 ἐσομένῳ
3096 1322 3350 1394 βασιλεῖ)⁹
3390 1323 3726 1395 κρυπτόμενον

2191 1416 2269 1481 δὲ,
2298 1417 2391 1471 καὶ
2412 1417 2476 1471 οὐ
2502 1417 2899 1489 γινωσκόμενον
2923 1416 3046 1472 οὔτε
3085 1414 3285 1487 ῥαδίως
3309 1413 3434 1467 οὔτε
3454 1415 3544 1467 καὶ
3563 1416 3725 1486 δυσχε-

2195 1507 2304 1580 ρῶς
2328 1510 2443 1571 τοῖς
2472 1506 2683 1572 πολλοῖς
2700 1546 2715 1571 ,
2756 1508 2831 1571 ὠς
2853 1506 3220 1579 ἐρωτηθέντας
3265 1505 3414 1575 ἔχειν
3445 1507 3565 1577 περὶ
3589 1508 3725 1561 αὐτοῦ

2175 1601 2364 1672 ’σαφὲς
2406 1603 2601 1655 εἰπεῖν.
2641 1596 2765 1665 Οίος
2796 1597 2891 1656 οὖν
2915 1617 2999 1664 τις
3035 1599 3269 1672 σπινθὴρ
3313 1600 3583 1671 ἐνσκήψας
3613 1603 3728 1674 μέση

2190 1697 2257 1765 τῇ
2281 1692 2426 1764 ψυχῇ
2456 1693 2634 1763 ἡμῶν,
2662 1691 2932 1764 ἀνήπτετό
2958 1708 3018 1744 τε
3046 1692 3137 1744 καὶ
3162 1690 3468 1755 ἐξεκαίετο,
3487 1692 3515 1744 ὅ
3540 1708 3595 1743 τε
3616 1693 3726 1763 πρὸς

2192 1784 2282 1838 τὸν
2312 1784 2566 1838 ἁπάντων
2614 1784 2716 1838 ὑπὸ
2764 1783 2990 1846 κάλλους
3036 1784 3272 1854 ἀρρήτου
3322 1782 3726 1838 ἐπακτικώτατον

2191 1877 2353 1930 αὐτὸν
2379 1876 2550 1946 Λόγον
2572 1875 2662 1930 τὸν
2696 1877 2839 1947 ἱερὸν
2868 1877 2960 1931 τὸν
2991 1875 3429 1949 ἐρασμιώτατον,
3449 1876 3542 1929 καὶ
3564 1878 3592 1929 ό
3616 1877 3725 1947 πρὶς

2189 1968 2280 2022 τὸν
2320 1968 2489 2039 ἄνδρα
2530 1968 2710 2035 τόνδε,
2757 1968 2848 2022 τὸν
2907 1969 3071 2023 αὑτοῦ
3121 1969 3272 2039 φίλον
3314 1969 3413 2023 καὶ
3462 1971 3725 2041 προήγορον

2189 2059 2327 2133 ἔρως
2344 2078 2357 2092 ’
2391 2055 2436 2129 ᾧ
2467 2060 2698 2133 μάλιστα
2714 2062 3059 2134 τετρωμένος
3078 2101 3094 2127 ,
3117 2062 3380 2116 ἁπάντων
3409 2060 3520 2115 τῶν
3542 2061 3724 2115 δοκούν-

2187 2170 2296 2206 των
2326 2155 2456 2226 ἡμῖν
2482 2156 2780 2227 προσήκειν
2808 2155 3201 2227 πραγμάτωνῆ
3240 2154 3578 2226 μαθημάτων
3595 2195 3609 2220 ,
3638 2154 3725 2208 τῶν

2187 2264 2247 2301 τε
2278 2248 2452 2302 ἄλλων
2482 2249 2577 2301 καὶ
2605 2248 2783 2302 αὐτῶν
2809 2248 2917 2302 τῶν
2948 2248 3127 2303 καλῶν
3162 2266 3263 2320 μου
3299 2249 3506 2319 νόμων,
3536 2248 3723 2319 ἀμελεῖν

2188 2339 2483 2409 ἐπειθόμην
2504 2354 2519 2370 ο
2553 2339 2808 2410 πατρίδος
2832 2356 2892 2393 τε
2919 2342 3013 2395 καί
3036 2340 3271 2407 οἰκείων,
3322 2339 3437 2393 τῶν
3466 2356 3525 2393 τε
3553 2339 3721 2409 παρόν-

2186 2447 2294 2483 των
2340 2429 2608 2495 ἐνταῦθα,
2658 2432 2749 2484 καὶ
2790 2427 2874 2497 οἷς
2920 2431 3357 2504 ἀπεδημήσαμεν
3386 2448 3402 2463 ο
3466 2431 3523 2485 ἐν
3559 2431 3612 2485 δι
3651 2448 3723 2502 μοι

2188 2522 2338 2593 φίλον
2361 2517 2430 2593 ἦν
2456 2523 2549 2576 καὶ
2577 2520 2958 2594 ἀγαταῦμενον,
2983 2524 3267 2595 φιλοσοφία
3293 2540 3356 2577 τε
3382 2522 3479 2577 καὶ
3501 2523 3531 2576 ό
3554 2521 3721 2593 ταύτης

2188 2612 2515 2687 καθηγεμὼν
2546 2609 2699 2679 οὗτος
2726 2616 2756 2668 ό
2784 2614 2924 2680 θεῖος
2969 2614 3273 2687 ἄνθρωπος.
3319 2614 3434 2670 Kal
3462 2613 3720 2683 συνεδέθη

2186 2706 2225 2775 ἡ
2253 2705 2422 2775 ψυχὴ
2448 2704 2727 2760 Ἰωνάθαν
2760 2706 2955 2761 Δαόίδ.
2999 2706 3173 2760 Τοῦτο
3200 2706 3449 2776 ἀνέγνων
3478 2706 3571 2779 μὲν
3597 2704 3721 2759 ὔστε-

2188 2810 2280 2866 ρον
2321 2795 2379 2847 ἐν
2410 2797 2522 2859 τοῖς
2568 2797 2731 2865 ἱεροῖς
2775 2795 3130 2867 Γράμμασιν·
3169 2795 3375 2850 ἔπαθον
3406 2795 3466 2849 δέ
3498 2796 3720 2867 πρότερον

2185 2888 2283 2959 οὺχ
2298 2884 2461 2960 ἦττον
2476 2888 2796 2960 ἐναργῶς,ἢ
2828 2888 3065 2962 εἴρηται,
3101 2889 3347 2958 καίτοιγε
3387 2888 3718 2961 ἐναργέστατα

2186 2982 2730 3055 κεχρησμῳδημένον.
2753 2982 2829 3038 Οὐ
2850 2983 2959 3056 γάρ
2991 2983 3243 3055 συνεδέοη
3267 2983 3465 3048 ἁπλῶς
3506 2982 3720 3037 Ἰωνάθαν

2185 3074 2345 3128 Δαδὶδ
2363 3115 2381 3141 ,
2427 3074 2565 3129 αὐτὰ
2595 3076 2652 3129 δὲ
2682 3075 2752 3129 τὰ
2799 3075 3110 3148 κυριώτατα
3133 3114 3148 3141 ,
3176 3075 3324 3147 ψυχὴ
3346 3116 3363 3140 ,
3397 3073 3549 3129 ταῦθ’
3573 3074 3715 3145 άπερ,

2184 3167 2303 3221 οὐδὲ
2335 3167 2706 3239 χωρισθέντων
2755 3168 2866 3222 τῶν
2896 3169 3231 3239 φαινομένων
3264 3169 3363 3223 καὶ
3413 3167 3718 3240 βλεπομένων

2184 3259 2484 3331 ἀνθρώπῳ,
2528 3259 2861 3332 χωρισθῆναι
2893 3260 2988 3314 καὶ
3019 3261 3158 3314 αὐτά
3189 3263 3411 3333 μηχανῇ
3444 3277 3547 3313 τινι
3585 3274 3717 3312 κατα-

2181 3350 2614 3423 ναγκασθήσεται
2637 3388 2655 3417 ,
2704 3351 2905 3406 ἄκοντα
2958 3353 3058 3424 μὲν
3107 3353 3385 3424 οὐδαμῶς.
3440 3353 3593 3423 Ψυχὴ
3633 3352 3714 3422 γὰρ

2180 3442 2458 3515 ἐλεύθερον
2507 3444 2603 3497 καὶ
2657 3445 2758 3497 οὐκ
2804 3442 3253 3513 ἐγκατάκλειστον
3302 3444 3483 3498 οὐδενὶ
3531 3443 3713 3515 τρόπῳ,

2180 3534 2285 3589 οὐδ’
2309 3534 2375 3590 ἂν
2411 3538 2470 3589 ὲν
2507 3538 2734 3607 οἰκίσκῳ
2779 3534 3072 3609 καθείρξας
3102 3539 3295 3608 τηρῇς.
3346 3537 3459 3590 Καὶ
3483 3535 3587 3607 γὰρ
3604 3530 3713 3587 εἶναι

2180 3628 2389 3698 πέφυκε
2413 3629 2503 3682 τόν
2536 3646 2598 3698 γε
2628 3628 2841 3701 πρῶτον
2868 3628 3045 3698 λόγον,
3077 3624 3250 3700 οὗπερ
3281 3628 3352 3683 ἂν
3375 3630 3406 3682 ό
3435 3628 3555 3692 νοῦς
3676 3626 3712 3678 εί

2130 3764 2133 3765 ν
2178 3720 2235 3777 δὲ
2264 3721 2358 3774 καὶ
2384 3722 2441 3774 ἐν
2462 3721 2540 3793 τῷ
2565 3722 2792 3793 οίκίσκῳ
2824 3738 2905 3775 σοι
2939 3716 3076 3776 εἶναι
3104 3721 3280 3786 δοκεῖ,
3320 3721 3467 3776 κατά
3500 3719 3711 3791 δεύτερόν

2178 3826 2298 3864 τινα
2341 3810 2495 3879 λόγον
2527 3810 2762 3865 ἐνταῦθά
2800 3828 2882 3866 σοι
2914 3810 3272 3882 φαντάζεται·
3310 3811 3565 3885 οὐδαμῶς
3602 3805 3711 3862 εἶναι

2178 3904 2292 3956 ἐκεῖ
2312 3902 2399 3957 διὰ
2421 3902 2578 3957 τοῦτο
2601 3904 2978 3977 κεκωλυμένη,
3010 3898 3179 3976 οὗπερ
3202 3903 3267 3958 ἂν
3294 3899 3440 3959 εἶναι
3474 3901 3678 3973 βουληθῇ
3695 3915 3708 3929 ·

2180 3994 2377 4065 μᾶλλον
2415 3994 2472 4049 δὲ
2502 3996 2673 4066 πάντη
2704 3994 2920 4059 πάντως
2957 3997 3072 4049 ἐκεῖ
3104 3995 3261 4066 μόνον
3292 3990 3437 4049 εἶναι
3467 3994 3557 4048 καὶ
3584 3992 3711 4045 δυναε

2175 4088 2313 4160 μένη
2343 4086 2435 4142 καὶ
2464 4089 2810 4142 πιστευθεῖσα
2827 4088 2892 4142 ἂν
2912 4088 3135 4152 εἰκότως
3152 4125 3171 4153 ,
3198 4080 3373 4159 οὗπερ
3404 4088 3472 4143 ἂν
3491 4087 3579 4141 καὶ
3601 4084 3711 4155 πρὸς

2174 4177 2203 4233 ὃ
2225 4178 2291 4236 ἂν
2322 4178 2389 4233 τὰ
2414 4179 2579 4253 μόνης
2606 4178 2776 4250 αὐτῆς
2806 4180 2910 4234 ἴδια
2941 4179 3059 4233 κατ’
3085 4179 3253 4251 αὐτὴν
3283 4179 3424 4251 ἔργα
3533 4173 3707 4231 Οὐκοῦν

2175 4271 2631 4343 περιφανέστατον
2661 4271 2803 4326 τοῦδ’
2835 4272 2972 4344 ὅπερ
3007 4270 3206 4325 ἔπαθον
3252 4270 3609 4343 βραχυτάταις
3644 4266 3707 4319 λέ-

2176 4360 2320 4427 ξεσιν
2350 4361 2613 4433 ἐδήλωσε,
2651 4363 2750 4435 τὴν
2779 4362 2954 4435 ψυχὴν
3000 4352 3254 4418 ’Ϊωνάθαν
3302 4360 3629 4417 συνδεδέσθαι
3653 4359 3705 4425 τῇ

509 4454 564 4507 in
604 4454 768 4509 rebus
792 4453 1011 4524 propria
1034 4452 1155 4523 ejus
1178 4453 1342 4508 unius
1364 4467 1530 4523 opera
1550 4463 1870 4510 cernuntur.
1893 4454 2073 4521 Quare

2182 4453 2313 4527 {tum
2357 4455 2551 4509 Δαϐίδ·
2586 4456 2735 4510 ταῦθ’
2768 4456 2915 4528 άπερ
2955 4455 3155 4510 ἄκοντα
3187 4455 3286 4526 μὲν
3333 4453 3608 4525 οὐδαμῶς,
3645 4448 3704 4510 ὠς

509 4544 810 4599 clarissime
836 4544 940 4600 hoc
967 4543 1144 4613 ipsum
1169 4544 1314 4617 quod
1346 4545 1479 4598 mihi
1524 4545 1769 4616 contigit,
1812 4547 2075 4617 paucissi-

509 4634 613 4686 mis
635 4634 813 4688 verbis
848 4633 1161 4697 declaravit,
1181 4632 1420 4688 animam
1450 4632 1695 4691 Jonatba:
1735 4637 2075 4707 conglutina-o

510 4735 619 4780 tam
651 4725 819 4781 fuisse
853 4726 1048 4780 animae
1087 4725 1285 4794 David;
1314 4728 1447 4795 haec,
1480 4728 1723 4799 inquam,
1754 4744 1874 4799 quae
1903 4730 2072 4786 invita

507 4816 726 4884 quidem
758 4817 909 4870 nullo
942 4817 1104 4871 modo
1147 4818 1359 4888 sejungi
1408 4827 1645 4889 queant,
1695 4831 1887 4892 sponte
1919 4838 2071 4890 vero,

508 4921 616 4961 non
660 4905 819 4961 facile
858 4909 1245 4964 assentiamur.
1297 4908 1417 4965 Non
1469 4914 1615 4968 enim
1666 4915 1722 4968 in
1767 4915 2070 4981 deteriore,

508 4998 724 5069 Opinor,
768 4998 864 5068 qui
903 5000 1151 5059 moribus
1188 5003 1373 5059 varius
1392 5013 1533 5068 erat,
1555 5015 1610 5061 et
1641 5007 1707 5060 ad
1750 5008 2069 5063 mutandum

507 5088 821 5161 proclivior,
843 5106 1125 5148 sacrorum
1162 5096 1367 5151 amoris
1398 5096 1564 5166 hujus
1598 5098 1939 5154 vinculorum
1979 5116 2071 5156 so-

506 5181 728 5237 lutionis
774 5192 1040 5253 potestas;
1091 5185 1144 5240 in
1194 5200 1307 5255 quo
1351 5187 1470 5243 solo
1512 5204 1614 5245 nec
1660 5192 1949 5262 colligandi
1989 5196 2068 5250 vis

505 5272 661 5329 initio
697 5272 905 5330 fuerat:
944 5276 1038 5332 sed
1071 5278 1125 5332 in
1162 5280 1407 5349 meliore,
1439 5284 1534 5352 qui
1567 5294 1828 5343 constans
1855 5297 1970 5343 erat
2002 5303 2069 5343 ac

575 5385 618 5419 "
660 5384 840 5458 lReg.
870 5404 1035 5455 xvm,
1070 5390 1121 5444 1.

577 5493 998 5585 ς81)έῠταῑς...
1015 5501 1389 5585 exagitata-at.
1411 5507 1565 5585 Saepe
1591 5511 1770 5585 αρτός,
1792 5512 1894 5568 hoc
1910 5530 2062 5583 casu,

503 5569 789 5655 subaudita
814 5570 911 5655 ct'a‘v
944 5569 1324 5655 praepositione
1358 5569 1594 5655 ponitur.
1619 5569 1895 5655 Quodhic
1924 5569 2063 5655 quo:

503 5654 610 5722 que
628 5642 809 5722 inagis
830 5642 1208 5722 placet,quam
1236 5642 1439 5722 φωναῖς
1456 5666 1579 5722 cum
1613 5642 1921 5722 ἐνεφαίνετο
1936 5642 2067 5711 con-

506 5656 610 5707 que
628 5656 809 5720 .ntagts
826 5656 1208 5767 ﬂaccuquam
1236 5656 1439 5716 φωναῖς
1456 5666 1579 5703 cum
1613 5656 1921 5722 ἐνεφαίνετο
1940 5672 2061 5711 οοη·

506 5708 804 5766 ειιυι.Μοχ
893 5712 1603 5793 ιοαοωαιιιιε,ὲκπεριιέναι.
1633 5721 1737 5781 Sed
1762 5721 2061 5795 eivat,cum

2176 4544 2331 4618 ἔφην,
2355 4549 2681 4620 χωρισθῆναι
2701 4548 3143 4620 ἐκνικηθήσεται,
3158 4551 3351 4603 ἑκόντα
3371 4549 3430 4603 δὲ
3453 4548 3512 4601 οὺ
3538 4542 3703 4617 ῥᾳδίως

2175 4640 2409 4713 θελήσει.
2438 4642 2513 4695 Οὐ
2542 4640 2651 4713 γὰρ
2689 4642 2783 4695 ἐπὶ
2823 4641 2900 4713 τῷ
2931 4641 3165 4713 χείρονι,
3199 4638 3382 4713 οἶμαι,
3430 4641 3539 4695 δντι
3570 4635 3701 4691 πολυ-

2174 4735 2359 4807 τρόπῳ
2390 4737 2483 4789 καὶ
2514 4735 2861 4806 εὐκολωτέρῳ
2894 4734 3375 4807 μεταϐουλεύεσθαι
3404 4736 3439 4806 ή
3476 4733 3569 4803 τῆς
3597 4732 3707 4809 tivo"

2174 4825 2379 4892 λύσεως
2397 4828 2506 4882 τῶν
2533 4826 2691 4899 ἱερῶν
2718 4826 2825 4880 τῶν
2844 4826 3033 4897 φιλίων
3051 4825 3253 4880 τούτων
3267 4826 3480 4898 δεσμῶν
3497 4821 3697 4888 ἐξουσία,

2174 4919 2258 4989 ἐφ’
2297 4912 2450 4991 ᾧπερ
2480 4920 2600 4973 οὐδὲ
2630 4920 2691 4973 τδ
2722 4917 3119 4991 καταδήσασθαι
3162 4916 3380 4987 ἐγένετο
3424 4916 3521 4988 τὴν
3553 4911 3699 4982 ἀρχὴν

2176 5012 2350 5084 μόνιμα
2384 5011 2496 5066 ἀλλ’
2529 5013 2622 5066 ἐπὶ
2649 5011 2727 5083 τῷ
2768 5011 3032 5084 κρείττονι
3074 5010 3186 5065 δντι
3235 5008 3473 5080 μονίμῳ,
3504 5007 3590 5062 καὶ
3616 5004 3697 5055 οὐκ

2172 5106 2452 5178 εὐσείστῳ,
2476 5105 2561 5177 ἐφ’
2590 5098 2743 5177 ᾧπερ
2764 5105 2857 5159 καὶ
2887 5103 3322 5177 κατεργάσασθαι
3346 5104 3472 5167 τοὺς
3499 5098 3695 5169 δεσμοὺς

2172 5199 2268 5253 και
2289 5198 2353 5252 τὸ
2397 5198 2539 5272 ἱερὸν
2576 5182 2734 5253 τοῦτο
2764 5198 2923 5269 ἅμμα
2974 5196 3168 5269 μᾶλλον
3198 5191 3286 5268 ἦν.
3318 5193 3568 5263 Συνεδέθη
3588 5181 3720 5259 τοῦν⁶

2175 5291 2270 5346 καὶ⁸
2294 5292 2399 5345 ὑπὸ
2421 5291 2515 5345 τοῦ
2554 5290 2699 5345 θείου
2725 5290 2884 5360 λόγου
2916 5289 3013 5361 οὐχ
3043 5290 3076 5360 ή
3100 5287 3246 5359 ψυχὴ
3292 5286 3452 5341 Δαϐὶδ
3478 5287 3541 5356 τῇ
3574 5281 3691 5351 ψυχῇ

2172 5518 2523 5588 compositis,
2554 5486 2810 5588 frequens
2845 5532 2945 5589 pro
2978 5518 3130 5589 ξέναι.
3173 5515 3263 5573 Sic
3303 5515 3440 5572 infra
3479 5509 3690 5569 invenias

2172 5587 2426 5661 συνεῖναι,
2446 5587 2691 5661 ἀπεῖναι,
2726 5587 3021 5661 προσεῖναι.
3048 5587 3317 5661 Brittones
3410 5657 3422 5661 Α
3632 5648 3641 5658 ,
3673 5644 3684 5661 9

2245 5660 2355 5731 (82)
2393 5660 2460 5715 Ἢ
2486 5663 2538 5714 εί
2561 5661 2703 5731 καίη
2731 5657 2804 5712 To
2840 5661 2889 5712 εί
2925 5658 3209 5731 ἱιιιιιίιθλξιε
3225 5657 3514 5731 delendum
3542 5668 3557 5706 :
3598 5657 3687 5706 ηις»

2169 5727 2461 5801 peculiaris
2488 5731 2670 5803 aliqua
2693 5730 2895 5788 locutio
2917 5728 3183 5803 Gregorii.
3214 5727 3445 5785 Caseus.
