3950 6326
226 378 372 437 1075

1224 382 1292 438 IN
1339 380 1694 440 ORICENEM
1735 381 1992 440 ORATIO
2031 380 2481 439 PANEGYBICA.

3336 377 3469 433 I074

236 496 527 552 ’Ῑωνάθαν⁸
571 497 804 569 ἔμπαλιν
840 498 897 552 δὲ
934 500 968 569 ἡ
1016 497 1110 551 τοῦ
1151 498 1394 571 χείρονος
1423 500 1569 570 ψυχὴ
1612 499 1801 554 τούτου

1913 500 2132 554 minime
2174 500 2487 567 mutabilis;
2533 514 2629 569 per
2673 512 2834 569 quem
2865 505 2920 552 et
2958 493 3171 551 vincula
3209 506 3470 563 sacerque

223 586 480 641 παθοῦσα
510 586 830 657 συνδεομένη
858 587 1075 655 λέγεται
1106 590 1172 659 τῇ
1204 586 1350 661 ψυχῇ
1381 589 1559 642 Δαϐίδ.
1595 590 1670 643 Ob
1694 590 1802 663 γὰρ

223 676 292 730 τὸ
323 680 603 749 κρεῖττον,
648 676 916 749 αὔταρκες
941 677 1033 745 δν,
1065 678 1237 733 ἐλοιτο
1269 679 1336 733 ἂν
1367 678 1446 751 τῷ
1476 679 1640 733 αὑτοῦ
1676 698 1801 734 συν-

225 767 476 824 δεδέσθαι
507 770 709 840 χείρονι
727 787 741 800 ·
771 768 904 823 ἀλλά
924 769 987 822 τὸ
1008 772 1187 841 χεῖρον
1213 770 1533 841 ἐπικουρίας
1555 770 1803 841 δεόμενον

224 862 331 932 τῆς
358 861 508 932 παρά
528 859 622 914 τοῦ
653 859 944 930 βελτίονος,
975 861 1226 914 συνδεθὲν
1244 860 1323 932 τῷ
1345 863 1614 933 κρείττονι
1645 881 1807 936 προσ-

224 952 504 1024 ηρτῆσθαι
530 953 696 1024 ἐχρῆν
715 970 729 984 ·
766 952 854 1005 ἵνα
886 952 947 1005 τὸ
978 953 1106 1023 μὲν,
1138 952 1298 1023 μένον
1328 955 1413 1021 ἐφ’
1441 954 1633 1008 ἑαυτοῦ
1652 997 1667 1022 ,
1703 973 1809 1027 μη-ν

226 1043 424 1115 δεμίας
456 1043 702 1114 ἀπολάϐῃ
738 1042 940 1114 βλάϐης
970 1045 1034 1096 ἐκ
1073 1042 1173 1112 τῆς
1206 1041 1343 1113 πρὸς
1377 1042 1441 1096 τὸ
1478 1046 1660 1115 χεῖρον
1700 1061 1808 1099 κοι-

229 1137 431 1201 νωνίας
453 1153 467 1167 ⁸
521 1136 584 1190 τὺ
627 1136 670 1189 δ’
715 1135 947 1190 ἄτακτον
998 1132 1059 1199 ἐξ
1105 1134 1268 1188 αὐτοῦ
1293 1177 1309 1202 ,
1356 1135 1647 1189 καταδεθὲν
1710 1139 1808 1191 καὶ

231 1224 607 1296 συναρμοσθὲν
626 1224 704 1296 τῷ
729 1225 1014 1297 κρείττονι,
1046 1225 1211 1296 μηδὲν
1243 1224 1449 1296 βλάψαν
1482 1229 1602 1290 ταῖς
1639 1228 1807 1297 ἀνάγ-

229 1332 360 1380 καις
392 1316 497 1369 τῶν
520 1316 737 1387 δεσμῶν
775 1316 911 1388 πρὸς
934 1316 996 1370 τὸ
1016 1320 1260 1388 κρεῖττον
1284 1316 1569 1388 ἐκνικηθῇ.
1592 1318 1684 1372 Διὸ
1715 1320 1809 1372 καὶ

230 1403 673 1475 κατεργάζεσθαι
707 1406 805 1475 μὲν
834 1405 961 1468 τοὺς
1004 1404 1233 1475 δεσμοὺς
1280 1405 1376 1459 τοῦ
1420 1405 1767 1478 διαφέροντος
1792 1445 1807 1470 ,

228 1496 354 1553 ἀλλ’
387 1497 447 1550 ού
476 1495 572 1549 τοῦ
604 1497 829 1567 ἥττονος
858 1491 926 1567 ἦν
944 1514 956 1526 ·
994 1495 1297 1550 συνδεῖσ-θαι
1323 1497 1381 1550 δὲ
1408 1497 1501 1551 τοῦ
1534 1498 1774 1570 χείρονος
1792 1539 1807 1563 ,

229 1589 314 1652 ὡς
339 1588 462 1660 μηδ’
486 1588 735 1652 ἐξουσίαν
763 1588 907 1658 ἔχειν
933 1606 1047 1651 πως
1066 1588 1428 1645 ἀπολελύσθαι
1449 1590 1558 1644 τῶν
1576 1590 1808 1662 δεσμῶν.

231 1679 526 1742 Τοιαύταις
557 1681 695 1734 τισὶν
727 1679 992 1747 ἀνάγκαις
1015 1677 1178 1732 Δαϐὶδ
1205 1675 1357 1743 οὗτος
1387 1680 1812 1751 συσφιγξάμενος

231 1769 391 1839 ἡμᾶς
421 1768 555 1840 εχει,
588 1768 684 1822 νῦν
714 1786 773 1822 τε
805 1771 899 1825 καὶ
929 1769 987 1837 ἐξ
1018 1770 1369 1834 ἐκείνου,ούδ’
1390 1773 1438 1824 εί
1465 1771 1808 1844 βουλοίμεθα,

1909 589 1997 643 hic
2022 604 2194 644 nexus
2222 588 2419 644 conﬁci
2440 588 2791 658 copularique
2836 586 3037 641 rectius
3064 592 3292 654 poterat.
3323 582 3467 638 Cone

1907 680 2173 750 glutinata
2208 689 2293 735 est
2338 679 2505 750 igitur
2541 695 2574 734 a
2625 678 2810 733 divino
2857 692 3108 733 sermone
3149 692 3256 730 non
3285 676 3468 730 anima

1911 770 2075 827 David
2107 772 2302 827 anima:
2331 770 2615 837 Jonathae;
2656 771 2749 825 sed
2775 780 2986 832 contra,
3032 768 3313 823 deterioris
3345 766 3467 820 ani-

1906 878 1997 916 ma
2034 863 2115 918 sic
2149 861 2360 926 atiecta,
2397 858 2767 932 conglutinata
2811 858 3008 913 dicitur
3046 856 3239 912 animae
3278 854 3466 916 David.

1905 951 2017 1008 Nec
2039 952 2186 1007 enim
2216 968 2344 1023 pars
2365 953 2563 1021 potior,
2588 966 2712 1006 cum
2740 950 2843 1006 sibi
2870 964 2967 1018 per
2990 963 3049 1004 se
3074 950 3187 1018 ipsa
3217 948 3468 1008 snlﬁeiat,

1908 1042 2163 1099 deteriori
2189 1058 2247 1098 se
2270 1043 2593 1114 agglutinari
2614 1049 2865 1111 cuperet;
2891 1040 2984 1096 sed
3004 1038 3320 1094 deteriorem
3347 1052 3470 1107 qna:

1907 1150 2011 1204 ope
2040 1135 2240 1204 indiget
2279 1133 2541 1199 melioris,
2590 1150 2620 1188 a
2666 1134 2875 1203 potiore
2917 1130 3336 1199 conglutinatam
3375 1129 3470 1183 de:

1914 1225 2148 1293 pendere
2176 1224 2446 1293 oportuit:
2467 1234 2525 1279 ut
2551 1224 2665 1278 haec
2687 1223 2903 1292 quidem
2930 1220 2984 1275 in
3008 1236 3066 1276 se
3087 1221 3202 1289 ipsa
3222 1234 3466 1284 manens,

1908 1318 2174 1371 damnum
2210 1318 2418 1371 nullum
2460 1332 2525 1371 ex
2573 1315 2861 1372 deterioris
2902 1314 3283 1369 communione
3310 1327 3470 1382 cape-

1910 1416 2022 1461 ret:
2059 1422 2183 1476 quae
2216 1418 2395 1463 autem
2422 1423 2488 1462 ex
2519 1424 2578 1463 se
2600 1406 2955 1476 incomposita
2982 1413 3119 1468 erat,
3143 1403 3393 1471 colligata
3417 1412 3471 1457 ct

1909 1499 2203 1568 conjuncta
2229 1514 2352 1554 cum
2395 1500 2626 1569 patiore,
2652 1496 2785 1551 nihil
2821 1496 2941 1566 ipsa
2983 1495 3243 1557 olIieiens,
3281 1493 3472 1547 vincu-

1911 1586 2086 1641 lorum
2118 1603 2241 1641 cum
2267 1602 2329 1642 ea
2365 1602 2505 1642 nexu
2526 1597 2581 1641 et
2613 1586 2935 1641 necessitate
2956 1584 3279 1639 vinceretur.
3316 1580 3471 1637 Unde

1914 1678 2127 1733 vincula
2158 1678 2381 1745 inferre,
2416 1676 2808 1749 praestantioris
2831 1685 2969 1743 erat,
3009 1690 3119 1731 non
3166 1673 3466 1738 inferioris;

1914 1767 2241 1837 agglutinari
2270 1775 2473 1833 autem,
2505 1765 2822 1832 deterioris;
2856 1765 2926 1819 ita
2959 1764 3199 1834 quidem,
3243 1772 3303 1817 ut
3346 1763 3469 1816 vin-

231 1858 348 1913 τῶν
377 1858 590 1929 δεσμῶν
621 1858 787 1913 αὐτοῦ
830 1859 1081 1914 λελύσθαι
1114 1860 1462 1931 δυναμένους.
1505 1863 1579 1915 Ού
1610 1862 1808 1924 τοίνυν,

1913 1862 2051 1916 culis
2097 1860 2350 1930 expedire
2394 1876 2454 1916 se
2496 1859 2898 1930 quodammodo
2938 1872 3048 1912 non
3096 1865 3301 1926 posset.
3352 1854 3473 1909 Tali

236 1948 338 2001 καὶ
367 1948 418 2000 εί
438 1948 911 2019 ἀποδημήσαιμεν,
942 1949 1131 2021 ἀνήσει
1154 1949 1249 2013 τὰς
1275 1949 1449 2019 ψυχὰς
1478 1949 1651 2022 ἡμῶν,
1670 1953 1805 2009 κατά

228 2040 298 2093 τὸ
322 2038 468 2093 θεῖον
498 2039 730 2112 γράμμα
760 2040 898 2111 ἔχων
930 2040 1072 2094 οὕτω
1106 2040 1507 2111 συνδεδεμένας.

1910 1953 2149 2023 quodam
2180 1951 2518 2008 necessitatis
2543 1968 2682 2007 nexu
2706 1950 2873 2005 David
2906 1950 2995 2005 hic
3020 1966 3120 2003 nos
3143 1949 3469 2017 astringens,

1909 2058 1976 2099 ex
2013 2058 2081 2098 eo
2121 2052 2363 2113 tempore
2400 2053 2584 2113 captos
2629 2052 2794 2107 tenet,
2838 2058 2938 2097 nec
2982 2042 3028 2096 si
3070 2041 3319 2106 velimus,
3352 2039 3469 2107 ejus

227 2132 472 2188 vinculis
510 2134 747 2188 eximere
784 2148 886 2190 nos
914 2134 1175 2191 valentes.
1205 2133 1314 2190 Nec
1339 2135 1503 2206 igitur
1541 2136 1585 2192 si
1611 2136 1890 2203 abeamus,
1919 2139 2184 2197 relaxabit
2208 2140 2418 2195 animus
2438 2148 2672 2198 nostras.
2698 2154 2855 2209 quas,
2875 2139 3028 2207 juxta
3062 2136 3299 2191 divinam
3324 2133 3472 2190 Scri-

225 2235 475 2301 pturam,
500 2228 895 2298 conglutinatas
928 2228 1008 2283 sic
1030 2238 1191 2285 tenet.

303 2323 382 2375 Z'.
424 2322 568 2393 Πλὴν
598 2321 769 2386 οὕτως
799 2324 946 2394 ἡμᾶς
989 2323 1048 2390 ἐξ
1079 2325 1253 2395 ἀρχῆς
1288 2323 1421 2378 ἐλὼν
1443 2365 1460 2390 ,
1492 2324 1587 2379 καὶ
1633 2324 1811 2382 πάντα

224 2413 437 2484 τρόπον
467 2413 832 2485 ἐκπεριελθὼν
851 2453 867 2479 ,
893 2415 1078 2486 ἐπειδὴ
1110 2417 1306 2487 ήνυστο
1335 2416 1485 2488 αὐτῷ
1515 2417 1575 2471 τὸ
1606 2417 1808 2483 πλεῖον,

227 2505 330 2559 καὶ
365 2504 546 2575 μένειν
576 2506 779 2570 ἐδόκει,
812 2505 1159 2570 τούντεῦθεν,
1192 2508 1378 2580 ὥσπερ
1416 2509 1470 2562 εί
1495 2527 1579 2574 τις
1609 2510 1810 2579 ἀγαθὸς

227 2596 482 2667 γεωργὸς
509 2597 612 2666 γῆν
638 2598 816 2670 ἀργήν
846 2616 999 2663 τινα,
1034 2600 1127 2653 καὶ
1159 2600 1277 2672 ήτοι
1318 2600 1437 2654 οὐδὲ
1467 2599 1678 2670 εὔγειον
1721 2602 1811 2654 οὑ-

227 2686 462 2757 δαμῶς,
493 2687 627 2742 ἀλλά
657 2705 776 2742 τινα
804 2688 1052 2761 ἁλμυρὰν
1080 2691 1173 2744 καὶ
1206 2691 1573 2763 κεκαυμένην,
1605 2692 1811 2745 ὑπόπε-

230 2777 369 2851 τρόν
401 2794 458 2831 τε
490 2780 584 2832 καὶ
625 2778 905 2850 ψαφαράν,
932 2780 965 2851 ἢ
995 2781 1055 2834 οὐ
1085 2779 1261 2852 πάντη
1296 2782 1394 2852 μὲν
1423 2782 1657 2854 ἄφορον,
1690 2781 1810 2835 οὐδέ

231 2886 300 2938 γε
334 2869 521 2940 ἀφυῆ,
565 2870 700 2924 ἀλλά
730 2872 822 2925 καὶ
864 2871 1107 2944 πολυφυῆ
1156 2871 1286 2944 μὲν,
1333 2872 1525 2944 χέρσον
1559 2873 1615 2926 δὲ
1660 2874 1809 2945 ὅμως

232 2961 336 3014 καὶ
390 2961 775 3033 ἠμελημένην,
835 2963 1095 3027 ἀκάνθαις
1162 2965 1258 3018 καὶ
1320 2963 1546 3036 θάμνοις
1598 2965 1808 3035 ἀγρίοις

231 3053 697 3125 ἐστρυφνωμένήν
747 3055 840 3107 καὶ
877 3054 1145 3127 δυσεργῆο
1189 3055 1223 3127 ἢ
1265 3050 1355 3110 οἷά
1392 3073 1477 3121 τις
1508 3057 1809 3129 φυτουργὸς

229 3144 377 3217 ἀνὴρ
401 3146 587 3215 φυτὸν,
616 3146 733 3217 ἤτοι
758 3146 966 3220 ἄγριον,
997 3149 1092 3203 καὶ
1121 3148 1346 3220 καρπῶν
1367 3149 1587 3221 ἡμέρων
1608 3150 1808 3222 ἄφορον

237 3238 363 3309 μὲν,
378 3240 443 3291 οὐ
466 3239 575 3310 μὴν
594 3239 773 3310 πάντη
794 3241 1065 3313 ἄχρηστον
1083 3258 1096 3271 ο
1123 3241 1179 3294 εῐ
1198 3259 1283 3304 τις
1302 3242 1467 3316 τέχνῃ
1482 3245 1549 3314 τῇ
1574 3260 1806 3315 φυτουρ-

231 3332 368 3401 γικῇ
402 3329 582 3399 φέρων
621 3329 846 3401 βλαστὸν
876 3332 1083 3404 ἥμερον
1113 3334 1466 3403 ἐμφυτεύσει,
1498 3336 1658 3406 μέσον
1696 3336 1810 3407 σχίς

233 3438 340 3486 σας
356 3462 374 3486 ,
397 3417 518 3476 εἶτα
547 3422 836 3494 συμϐαλὼν
864 3425 959 3478 καὶ
988 3425 1253 3497 συνδήσας
1273 3465 1288 3489 ,
1308 3425 1467 3499 ἄχρις
1487 3426 1553 3481 ἂν
1576 3426 1811 3499 συμϐλύ-

239 3525 418 3562 σαντα
460 3510 537 3574 ὡς
580 3510 688 3582 (85)
723 3511 891 3583 ἄμφω
934 3513 1198 3585 τρέφηται
1231 3513 1392 3583 (οὕτω
1434 3514 1545 3587 γάρ
1583 3516 1649 3571 ἂν
1681 3516 1809 3579 ἴδοις

239 3598 462 3673 δένδρον
498 3619 553 3655 τι
599 3603 900 3673 συμμιγὲς,
946 3606 1037 3659 καὶ
1082 3605 1234 3659 νόθον
1278 3607 1408 3676 μὲν,
1442 3607 1712 3679 εὔκαρπον
1751 3607 1808 3664 δὲ

242 3690 307 3757 ἐξ
320 3692 594 3764 ἀκάρπου,
612 3696 854 3766 καρποὺς
878 3695 1059 3760 ἐλαίας
1084 3696 1182 3767 τῆς
1197 3697 1366 3768 καλῆς
1393 3699 1485 3751 ἐπὶ
1506 3697 1669 3766 ῥιζῶν
1689 3699 1809 3758 ἀνα-

240 3784 412 3855 φέρον
450 3785 686 3857 ἀγρίων
728 3787 761 3859 ἢ
801 3785 988 3859 ἄγριον
1030 3788 1147 3858 μὲν,
1176 3789 1237 3842 οὐ
1273 3787 1376 3861 μὴν
1414 3789 1682 3861 ἄχρηστον
1712 3792 1808 3845 ἀν-

234 3876 327 3944 δρὶ
349 3876 567 3948 τεχνίτῃ
593 3878 881 3950 φυτουργῷ
900 3895 913 3909 ·
940 3878 973 3949 ἢ
1002 3879 1096 3932 καὶ
1124 3879 1328 3950 ἥμερον
1372 3880 1494 3951 μὲν,
1534 3880 1808 3953 εὔκαρπον

232 3964 298 4019 δὲ
339 3965 536 4031 ἄλλως,
581 3966 614 4040 ἢ
657 3968 861 4041 ἀπορίᾳ
904 3968 1098 4040 τέχνης
1144 3970 1304 4028 πάλιν
1345 3971 1667 4027 ἀκλάδευτον
1714 3973 1808 4026 καὶ

233 4058 529 4113 ἀπότιστον
548 4060 643 4112 καὶ
664 4060 963 4132 αὐχμηρὸν,
981 4060 1300 4132 πνιγόμενον
1321 4062 1425 4116 ὑπὸ
1443 4062 1551 4117 τῶν
1568 4066 1684 4118 ἐκεί
1697 4064 1806 4137 (84)

237 4149 455 4205 πολλῶν
477 4150 571 4204 καὶ
603 4152 870 4224 περιττῶν
896 4154 1244 4224 ἐκφυομένων
1272 4154 1514 4225 βλαστῶν
1532 4173 1544 4186 ·
1578 4157 1810 4211 τελειοῦς

237 4241 368 4296 σθαι
400 4241 457 4295 δὲ
480 4245 547 4314 τῇ
577 4242 799 4316 βλάστῃ,
827 4245 919 4298 καὶ
952 4244 1135 4313 φέρειν
1170 4245 1260 4299 τὸν
1291 4247 1499 4318 καρπὸν
1527 4247 1616 4301 ὑπ’
1650 4248 1810 4320 ἀλλή-

237 4336 351 4388 λων
409 4333 869 4406 ἐμποδιζόμενον)’
920 4335 1190 4401 τοιούτους
1247 4337 1397 4401 τινάς
1459 4339 1807 4411 παραλαϐὼν,

238 4425 339 4479 καὶ
364 4425 531 4498 τέχνῃ
554 4424 749 4479 ἐαυτοῦ
780 4428 846 4497 τῇ
876 4430 1150 4499 γεωργικῇ
1196 4427 1489 4500 ἐκπεριιὼν
1512 4429 1606 4484 καὶ
1639 4446 1808 4484 κατα-

237 4517 380 4571 νοῶν
422 4517 484 4570 οὐ
524 4516 595 4570 τά
640 4519 805 4572 πᾶσιν
841 4517 1094 4590 ὁρώμενα
1126 4519 1284 4590 μόνον
1317 4519 1410 4573 καὶ
1438 4522 1496 4574 ἐν
1523 4522 1809 4595 ἐπιφανείᾳ

241 4607 586 4680 βλεπόμενα·
627 4607 935 4680 ἀνορύττων
974 4609 1030 4662 δὲ
1067 4611 1160 4663 καὶ⁵
1200 4612 1309 4666 τῶν
1340 4611 1633 4666 ἐνδοτάτων
1676 4616 1810 4669 ἀπο-

238 4698 602 4772 πειρώμενος,
628 4698 847 4772 ἐρωτῶν
873 4702 963 4754 καὶ
991 4702 1287 4772 προτείνων
1317 4702 1408 4756 καὶ
1439 4704 1810 4777 ἀποκριναμέ-

239 4808 349 4844 νων
393 4788 626 4854 ἀκούων,
655 4788 842 4861 ἐπειδὴ
886 4791 1179 4861 κατενόησέ
1207 4808 1259 4845 τι
1291 4792 1389 4846 οὐκ
1414 4791 1685 4865 ἄχρηστον
1716 4795 1808 4847 καὶ

240 4880 518 4949 ἀνωφελὲς
557 4880 650 4933 καὶ
682 4881 939 4951 ἀνήνυτον
967 4881 1025 4933 ἐν
1057 4882 1207 4951 ἡμῖν,
1250 4881 1524 4948 ἐσκαλλεν,
1553 4884 1808 4956 ἀνέστρε-

240 4990 365 5043 φεν,
404 4971 671 5037 ἐπότιζεν,
710 4972 878 5027 ἐκίνει
921 4972 1117 5036 πάντα,
1164 4973 1380 5029 ἃπασαν
1422 4975 1665 5046 προσῆγε
1711 4974 1808 5048 τήν

237 5067 378 5139 παρ’
408 5064 574 5120 αὑτοῦ
598 5064 791 5137 τέχνην
824 5065 918 5119 καὶ⁵
940 5064 1274 5136 ἐπιμέλειαν,
1298 5066 1392 5120 καὶ
1418 5067 1809 5140 κατειργάζετο

239 5158 426 5230 ἡμᾶς’
462 5156 699 5221 ἀκάνθας
744 5156 842 5227 μὲν
887 5158 980 5210 καὶ
1011 5155 1291 5227 τριϐόλους
1327 5158 1421 5211 καὶ
1463 5161 1570 5212 πᾶν
1610 5160 1670 5212 τὸ
1701 5159 1807 5213 τῶν

198 5262 211 5273 ·
241 5248 455 5321 ἀγρίων
496 5248 650 5318 γένος
692 5248 923 5319 βοτανῶν
973 5248 1006 5319 ἢ
1049 5247 1251 5318 φυτῶν,
1295 5250 1422 5305 ὅσον
1470 5250 1808 5322 ὑλομανοῦσα

241 5342 531 5412 ἀνέπεμπε
553 5340 647 5394 καὶ
667 5339 902 5395 ἀνεδίδου
925 5339 1259 5413 σεσοϐημένη
1288 5342 1321 5412 ή
1350 5340 1495 5413 ψυχὴ
1519 5344 1551 5413 ή
1560 5340 1674 5413 μῶν
1701 5336 1807 5413 (οἷα

322 5469 434 5555 (ξὸ)
448 5471 884 5555 Σιζμβλιξσαζτα
902 5471 984 5538 ὡς
1001 5470 1078 5525 ἅν
1091 5470 1239 5555 με).
1258 5471 1438 5555 Malim
1457 5472 1810 5555 συμφύσαντα

244 5544 327 5623 εἰς
348 5540 429 5605 ἓν,
456 5540 630 5623 vehi»;
661 5542 737 5595 ἐν.
761 5540 990 5623 (lassus.
1007 5540 1403 5623 fOptime
1416 5544 1473 5597 ἓν
1492 5559 1506 5596 :
1524 5540 1707 5623 sicut."
1735 5544 1809 5608 ὡς

247 5613 330 5665 vel
360 5626 460 5682 pro
496 5620 766 5680 tanquam,
793 5613 876 5666 vel
909 5628 1004 5681 pro
1023 5614 1102 5676 είς
1128 5611 1182 5666 in
1213 5613 1381 5682 accipi
1410 5614 1597 5682 possit.
1625 5611 1809 5681 Neque

250 5680 637 5753 συμϐλύσαντα
671 5696 777 5735 non
819 5680 1138 5753 mutandum
1172 5680 1385 5753 videtur
1410 5680 1432 5737 Ξ
1470 5699 1594 5738 nam
1632 5680 1807 5753 βλύζω

238 5750 366 5814 cive
397 5751 542 5825 βλύω
573 5752 809 5808 alienum
841 5762 943 5809 cst.
998 5752 1104 5808 Sed
1152 5750 1506 5819 συαφύσαντα
1531 5750 1656 5828 plus
1688 5769 1805 5810 mu-

1989 2326 2099 2382 VII.
2153 2326 2417 2386 Caeterum
2470 2343 2597 2384 cum
2644 2328 2717 2383 ita
2772 2338 2879 2382 nos
2920 2326 2989 2381 ab
3047 2325 3203 2381 initio
3240 2323 3471 2394 cepisset

1916 2420 2174 2490 omnique
2212 2435 2276 2474 ex
2322 2428 2474 2490 parte
2505 2419 2991 2483 circumvallasset,
3033 2413 3468 2487 quandoquidem

1914 2510 2061 2580 quod
2096 2511 2277 2581 potius
2303 2520 2437 2578 erat,
2458 2512 2572 2581 jam
2595 2510 2892 2580 perfectum
2913 2518 3051 2572 erat,
3084 2517 3133 2561 et
3162 2508 3322 2563 nobis
3349 2519 3471 2559 ma-

1915 2616 2048 2656 nere
2071 2600 2384 2667 collibebat;
2418 2601 2693 2669 deinceps,
2736 2605 2995 2669 tanquam
3039 2598 3086 2652 si
3120 2597 3297 2651 bonus
3317 2593 3464 2662 quis-

1921 2688 2068 2758 piam
2108 2689 2348 2763 agricola
2376 2700 2573 2746 terram
2597 2706 2820 2745 vacuam
2847 2700 3009 2760 atque
3049 2690 3301 2748 otiosam,
3322 2699 3471 2738 eam-

1915 2795 2023 2850 que
2060 2794 2161 2835 nec
2189 2778 2419 2835 fertilem
2446 2795 2692 2851 prorsus,
2720 2782 2811 2835 sed
2835 2781 3228 2850 salsuginnsam
3255 2786 3309 2830 et
3336 2775 3471 2830 adu-

1917 2882 2079 2939 stam,
2110 2873 2365 2944 saxisque
2386 2882 2440 2928 et
2459 2887 2624 2928 arena
2643 2873 2906 2939 obsitam;
2930 2879 3022 2925 aut
3045 2886 3152 2924 non
3174 2870 3330 2940 plane
3350 2868 3473 2937 qui-

1914 2963 2035 3019 dem
2064 2964 2327 3032 sterilem,
2367 2979 2469 3020 nec
2513 2964 2758 3029 inertem,
2797 2964 2890 3018 sed
2935 2973 3129 3018 natura
3170 2959 3469 3031 praestanti,

1916 3069 2104 3109 verum
2135 3054 2393 3110 incultam
2425 3064 2586 3125 atque
2612 3055 2934 3127 neglectam,
2974 3054 3146 3124 spinis
3179 3053 3470 3107 haerentem

1915 3145 2360 3216 silvestribusque
2409 3147 2665 3211 dumetis,
2717 3161 2783 3201 ac
2833 3146 3052 3200 minime
3095 3142 3468 3203 tractabilem;

1915 3238 2009 3283 aut
2027 3229 2501 3300 quemadmodum,
2530 3229 2575 3284 si
2600 3240 2750 3286 sator
2773 3229 2970 3299 aliquis
2993 3228 3233 3299 plantam
3258 3227 3371 3282 sive
3391 3240 3474 3279 aro

1914 3320 2100 3377 borem
2130 3328 2418 3389 agrestem,
2436 3334 2497 3373 ac
2518 3317 2729 3373 fructus
2751 3319 2958 3374 scilicet
2982 3332 3178 3372 suaves
3210 3329 3319 3370 non
3345 3330 3473 3385 pro-

1914 3410 2195 3477 ferentem,
2224 3426 2321 3466 nec
2352 3420 2527 3464 tamen
2557 3426 2780 3479 prorsus
2810 3408 3053 3462 inutilem
3094 3414 3306 3471 nactus,
3336 3404 3469 3459 sati-

1914 3516 1994 3555 va:
2024 3514 2234 3554 ramum
2270 3508 2384 3553 arte
2431 3513 2529 3553 sua
2566 3500 2788 3562 inserat,
2833 3496 3063 3552 mediam
3109 3497 3253 3551 illam
3293 3493 3472 3551 dillin-

1913 3592 2077 3659 dens,
2118 3606 2184 3645 ac
2219 3589 2410 3645 deinde
2451 3588 2795 3644 committens
2847 3598 2901 3641 et
2953 3587 3233 3657 colligans,
3291 3584 3472 3655 quoad

1914 3684 2142 3739 humore
2162 3683 2496 3738 coalescente
2517 3680 2691 3736 amba:
2708 3680 2869 3736 simul
2885 3679 3194 3735 adolescant
3208 3677 3308 3748 (sic
3324 3677 3471 3732 enim

1914 3777 2134 3833 mistam
2164 3776 2410 3831 arborem
2438 3788 2577 3843 saepe
2609 3772 2812 3835 videas,
2841 3780 2934 3826 aut
2960 3770 3198 3841 spuriam
3225 3768 3468 3838 quidem,

1912 3876 1969 3925 at
2011 3866 2243 3923 fertilem
2288 3882 2354 3922 ex
2401 3863 2737 3923 infructuosa
2777 3863 2975 3918 factam
3001 3905 3016 3931 ,
3060 3862 3297 3933 pulchrae
3339 3859 3474 3914 olea}

1913 3956 2123 4013 fructus
2151 3957 2205 4011 in
2232 3955 2534 4027 agrestibus
2562 3954 2832 4009 radicibus
2864 3953 3092 4007 alentem
3119 3969 3135 4018 ;
3184 3960 3277 4006 aut
3312 3964 3466 4018 agre-

1913 4059 2050 4105 stem
2077 4063 2294 4119 quoque
2320 4062 2427 4101 non
2454 4044 2696 4099 inutilem
2723 4043 2985 4099 redditam
3018 4041 3284 4096 industrio
3317 4039 3467 4094 colo-

1914 4157 1986 4196 no
2010 4157 2026 4207 ;
2060 4148 2153 4197 aut
2175 4138 2402 4195 satiram
2429 4136 2679 4207 denique,
2712 4142 2766 4189 et
2793 4132 3020 4189 fertilem
3052 4131 3205 4198 alias,
3231 4128 3325 4184 sed
3348 4143 3469 4198 qua:

1913 4233 2046 4293 artis
2085 4230 2295 4288 delectu
2338 4244 2446 4286 non
2488 4237 2696 4300 putata,
2722 4242 2952 4283 cxsucca
2980 4240 3044 4279 ac
3073 4220 3337 4294 squalida,
3359 4235 3470 4290 pra:

1912 4324 2100 4380 multis
2131 4322 2185 4377 in
2220 4335 2283 4376 ea
2312 4319 2597 4390 superliuis
2627 4317 2839 4373 adnatis
2860 4315 3093 4372 surculis
3117 4310 3467 4384 prazfocetur;

1913 4412 2382 4469 dcacuminatione
2404 4425 2467 4466 ac
2489 4408 2878 4481 germinatione
2898 4422 3022 4461 mox
3048 4405 3251 4475 perlici,
3280 4413 3335 4457 et
3363 4402 3471 4456 Iru-

1841 4531 1883 4586 ι)
1913 4514 2033 4561 ctus
2070 4504 2220 4572 dare,
2255 4504 2347 4574 qui
2380 4518 2411 4558 a
2456 4500 2772 4556 redundanti
2798 4499 2952 4568 copia
2986 4493 3471 4567 impediebantur);

1913 4596 2046 4651 tales
2078 4595 2166 4649 ille
2220 4608 2318 4647 nos
2346 4607 2659 4655 assumens,
2695 4598 2749 4645 et
2790 4590 2944 4660 quasi
2989 4588 3191 4644 rustica
3234 4587 3468 4657 quadarn

1908 4695 2022 4742 arte
2054 4701 2175 4753 sua,
2207 4684 2447 4739 lustrans
2487 4698 2549 4736 ac
2575 4682 2791 4752 penitus
2831 4668 3227 4748 introspiciens,
3258 4692 3362 4731 non
3405 4692 3469 4731 ea

1906 4779 2080 4835 solum
2099 4794 2219 4849 quae
2241 4777 2483 4831 omnium
2515 4776 2689 4830 oculis
2719 4781 3079 4844 patentatque
3104 4771 3157 4824 in
3186 4770 3469 4840 superﬁcie

1905 4878 2218 4934 cernuntur,
2249 4865 2341 4921 sed
2364 4865 2525 4920 altius
2559 4863 2814 4919 eﬂ‘odiens
2840 4871 2893 4917 et
2913 4862 3101 4915 intima
3124 4869 3467 4930 pertentans;

1908 4962 2245 5030 interrogans
2265 4967 2318 5014 et
2338 4972 2666 5028 pr0ponens,
2693 4954 3183 5025 respondentesque
3213 4953 3465 5016 audiens;

1910 5058 1971 5103 ut
1998 5046 2250 5118 cognovit
2275 5045 2478 5116 aliquid
2505 5058 2614 5098 non
2642 5041 3014 5112 infrugil'crum
3039 5056 3139 5094 nec
3164 5038 3353 5091 inutile
3376 5045 3470 5089 aut

1911 5141 2124 5195 irritum
2154 5138 2208 5193 in
2232 5136 2387 5193 nobis
2416 5149 2537 5190 esse
2557 5175 2572 5201 ,
2610 5142 2725 5189 tum
2760 5134 3029 5205 subigere,
3064 5134 3328 5187 invertere
3349 5168 3362 5193 ,
3404 5126 3470 5179 ir-

1911 5233 2121 5303 rigare,
2162 5231 2343 5285 omnia
2391 5242 2647 5294 movcre,
2699 5242 2914 5281 omnem
2960 5226 3246 5280 admovere
3295 5226 3467 5273 artem

1910 5337 2064 5377 suam
2082 5336 2146 5377 ac
2162 5335 2369 5385 curam,
2407 5316 2704 5386 seduloque
2729 5329 2980 5369 exercere
3006 5327 3103 5366 nos
3133 5309 3323 5377 cmpit;
3361 5303 3464 5373 spi~

1920 5481 2026 5535 tat,
2061 5486 2225 5542 quam
2258 5470 2304 5542 s_i
2341 5469 2488 5542 legas
2510 5464 3043 5542 proeupmdcavra,
3066 5467 3368 5541 permutata
3398 5456 3468 5542 li:

1914 5527 2113 5613 quida',
2158 5527 2561 5613 συμϐρύιῖαντᾶι.
2618 5536 2671 5590 Id
2708 5527 3039 5613 quadrabit,
3069 5527 3135 5585 ἐἰ
3172 5529 3279 5582 vim
3320 5527 3468 5581 verbi

1917 5603 2063 5683 βρύω
2097 5603 2569 5683 οιιηιόόιῃροείιῇε
2594 5603 2931 5683 expenderis.
2973 5603 3203 5683 Benest.
3356 5668 3371 5683 ν
3415 5665 3439 5683 ν

1985 5681 2092 5753 (34)
2136 5679 2309 5736 Ἐκεῖ.
2343 5668 3024 5750 Βέηεζριίυε,Ηωευιιειίυιη
3060 5680 3295 5736 secutus,
3324 5668 3467 5740 εικῆ.
