3950 6326
579 382 719 441 ἰθῚῦ
1727 381 1786 438 S.
1827 378 2154 439 GREGORII
2194 377 2695 437 THAUMATURGI
3620 378 3729 439 l076

582 519 685 559 nas
722 503 940 575 quidem
983 519 1048 560 ac
1075 503 1325 571 tribulos,
1356 513 1411 560 et
1434 518 1606 575 genus
1649 519 1812 561 omne
1853 501 2130 574 agrestiua

2251 500 2315 573 δὴ
2353 500 2585 565 ἄτακτος
2619 496 2754 555 οὖσα
2789 499 2881 553 καὶ
2918 497 3234 570 προπετὴς),
3268 499 3368 552 πᾶν
3396 495 3638 553 ἐκκόπτων
3657 501 3731 556 καὶ

584 595 872 651 herbarum
901 604 1062 666 atque
1085 596 1359 667 stirpium,
1382 605 1647 667 quotquot
1664 595 1948 651 luxurians
1971 602 2025 650 et
2053 594 2130 650 sil-

2254 589 2485 662 ἐξαίρων
2524 593 2636 655 τοῖς
2683 589 2924 659 ἐλέγχοις
2969 588 3062 641 καὶ
3107 587 3186 658 τῷ
3230 586 3440 643 κωλύειν
3458 602 3472 617 ·
3513 586 3730 643 καθαπτό-

581 702 828 750 vescens.
859 696 1044 758 utpote
1083 688 1441 758 incomposita
1468 697 1523 744 et
1543 702 1801 757 praeceps,
1836 687 2017 742 anima
2055 704 2130 744 no

2254 698 2412 753 μενος
2449 681 2624 753 ἡμῶν,
2656 682 2753 736 καὶ
2797 680 2940 752 μάλα
2985 679 3357 752 Σωκρατικῶς,
3399 679 3526 733 ἔστιν
3562 682 3635 734 ore
3657 684 3729 735 καὶ

580 784 694 832 atra
726 775 940 831 turbida
987 774 1374 845 profundebat,
1421 777 1636 847 penitus
1680 791 1934 833 resecaas
1964 792 2029 833 ac
2060 778 2130 832 de

2251 771 2616 839 ὑποσκελίζων
2656 772 2734 844 τῷ
2777 772 2920 843 λόγῳ
2947 815 2961 839 ,
3014 772 3141 842 εῐπη
3195 771 3365 840 πάντη
3405 769 3729 842 ἀφηνιάζοντες

576 868 821 929 trahens,
860 866 1330 937 reprehendendo,
1363 868 1834 938 prohibendoque;
1878 883 2025 923 nunc
2054 867 2127 924 So

2249 867 2416 936 ἡμᾶς,
2447 864 2633 937 ὥσπερ
2667 862 2820 927 τινὰς
2850 861 2959 916 τῶν
2987 862 3193 934 ἀγρίων
3232 861 3423 926 ἵππων,
3448 859 3594 932 ἐώρα,
3618 878 3733 934 σκιρ-

577 957 784 1012 cratico
809 973 959 1013 more
993 958 1234 1029 sciteque
1268 960 1559 1016 admodum
1598 976 1701 1017 nos
1737 963 2130 1034 perstringens;

2249 958 2454 1023 τῶντας
2476 958 2579 1025 ἔξω
2596 958 2696 1029 τῆς
2718 957 2839 1011 ὁδοῦ
2863 956 2957 1012 καὶ
2975 956 3142 1011 πολλά
3159 953 3605 1027 ἐκπεριτρέχοντας
3622 954 3730 1023 εικῆ,

579 1064 725 1104 nunc
751 1048 916 1106 etiam
966 1050 1210 1106 oratione
1250 1066 1349 1107 sua
1395 1060 1783 1122 prosternens,
1831 1053 2003 1109 sicubi
2045 1069 2130 1110 nos

2248 1049 2352 1113 ἐως
2380 1044 2441 1104 οὗ
2488 1049 2666 1103 πειθοῖ
2704 1067 2809 1103 τινι
2851 1049 2944 1103 καὶ
2975 1048 3184 1118 ἀνάγκη
3228 1047 3303 1111 ὡς
3342 1046 3439 1099 ὑπὸ
3478 1045 3649 1116 χαλινῷ
3678 1045 3734 1116 τῷ

579 1137 735 1194 freno
761 1139 1110 1205 reluctantes,
1146 1149 1402 1212 tanquam
1449 1141 1594 1200 feros
1630 1143 1895 1215 quosdam
1929 1159 2130 1215 equos,

2249 1143 2315 1196 ἐκ
2359 1142 2624 1213 στόματος
2671 1141 2828 1213 ἡμῶν
2871 1141 3035 1211 λόγῳ,
3067 1138 3323 1212 ἡσυχίους
3352 1137 3487 1208 αὐτῷ
3528 1138 3736 1206 κατεστή-

577 1240 731 1284 extra
772 1230 915 1286 viam
942 1232 1251 1288 exsilientes
1301 1247 1365 1289 ac
1407 1241 1611 1289 temere
1656 1235 2130 1293 circumcursante:

2252 1250 2381 1288 σατο
2401 1250 2414 1264 ’
2439 1233 2711 1305 δυσχερῶς
2754 1232 2852 1305 μέν
2892 1233 3021 1303 ἡμῖν
3052 1231 3146 1284 καὶ
3188 1229 3289 1283 οὐκ
3324 1227 3525 1292 ἀλύπως
3547 1227 3599 1280 τὸ
3619 1226 3734 1298 πρῶ-

576 1322 826 1393 videbat;
864 1325 1042 1396 quoad
1069 1326 1418 1396 persuasione
1457 1327 1688 1405 quadam
1719 1335 1882 1399 atque
1916 1330 2130 1385 necessia

2247 1342 2358 1389 τον,
2391 1320 2478 1379 οἷα
2508 1325 2572 1396 δὴ
2620 1323 2812 1396 ἀήθεσι
2855 1325 2952 1377 καὶ
2984 1320 3395 1377 κατακολουθεῖν
3434 1318 3645 1421 τῷ.λόγιὲ›

574 1421 688 1468 tate
729 1414 876 1470 velut
911 1416 1084 1480 freno,
1127 1431 1229 1473 suo
1273 1433 1375 1473 nos
1421 1402 1672 1476 sermone
1697 1422 1910 1490 quietos
1933 1422 2130 1493 sibique

2247 1414 2393 1468 δέπω
2432 1415 2843 1486 μεμελετηκόσι,
2869 1414 3158 1485 προσάγων
3193 1412 3322 1475 τοὺς
3351 1410 3469 1483 παρ’
3498 1408 3647 1479 ἐαυτῷ
3674 1408 3739 1461 λό-

580 1504 946 1575 obsequentes
966 1506 1218 1563 reddidit.
1239 1508 1320 1564 Ac
1347 1510 1635 1566 molestum
1658 1510 1710 1565 id
1732 1511 1947 1582 quidem
1965 1512 2130 1579 nobis,

2248 1524 2407 1577 γους·
2435 1506 2571 1561 ἀλλά
2608 1506 2717 1579 γὰρ
2753 1504 3092 1579 ἐκκαθαίρων
3128 1505 3298 1576 ὅμως.
3328 1500 3404 1575 τῌ
3441 1503 3484 1556 δ’
3510 1502 3567 1556 ἂν
3594 1505 3739 1574 ἐπιτη-

578 1609 682 1650 nec
708 1595 824 1651 sine
856 1596 1043 1653 dolore
1074 1597 1340 1668 principio
1371 1600 1596 1666 accidit,
1643 1616 1767 1656 cum
1800 1602 2026 1658 insuetis
2067 1604 2130 1658 ni-

2246 1600 2419 1663 δείους
2450 1599 2596 1670 ἡμᾶς
2627 1598 2940 1669 ἐποιήσατο,
2964 1598 3058 1652 καὶ
3081 1595 3571 1667 εὐπαρεσκευάσατο
3589 1595 3651 1658 είς
3668 1611 3740 1647 τας

554 1670 778 1740 ‘mirum
807 1687 1116 1759 rationique
1149 1704 1343 1760 parere
1369 1692 1604 1747 nondum
1632 1693 1836 1749 edoctis
1864 1709 2130 1752 sermones

2251 1688 2479 1761 ραδοχὴν
2524 1688 2632 1742 τῶν
2674 1688 2773 1759 τῆς
2803 1688 3056 1759 ἀληθείας
3097 1688 3300 1756 λόγωψ
3339 1686 3456 1740 τότε
3492 1684 3550 1755 δὴ
3581 1680 3653 1738 οἷα
3675 1683 3740 1736 εὖ·

577 1791 708 1831 suos
729 1776 1041 1834 admoveret
1070 1788 1124 1835 et
1157 1792 1496 1852 expurgaret.
1543 1780 1611 1840 Ut
1639 1799 1764 1840 vero
1790 1785 2012 1842 idoneos
2039 1802 2130 1843 nos

2247 1775 2682 1850 κατειργασμένη
2714 1779 2806 1848 γῇ,
2852 1777 2945 1830 καὶ
2976 1776 3178 1847 ἁπαλῇ,
3215 1776 3407 1849 ἑτοίμῃ
3445 1792 3500 1829 τε
3539 1774 3739 1842 ἀναφύειν

575 1867 835 1935 reddidit,
882 1870 1092 1940 riteque
1114 1873 1181 1929 ad
1207 1874 1551 1944 excipiendos
1577 1876 1825 1933 veritatis
1862 1892 2130 1935 sermones

2243 1866 2312 1920 τά
2363 1866 2664 1938 ἐπαχθέντα
2712 1868 2819 1921 τῶν
2870 1867 3220 1940 σπερμάτων,
3263 1867 3518 1938 ἐπέφερεν
3560 1864 3740 1936 ἀφειδῶς

575 1960 935 2027 praeparavit;
967 1969 1081 2014 tum
1108 1976 1238 2016 vero
1265 1972 1521 2033 tanquam
1566 1965 1701 2021 bene
1745 1967 1982 2022 subactae
2013 1969 2130 2024 mol-

2243 1957 2495 2031 εὔκαιρον
2528 1959 2622 2013 καὶ
2650 1958 2748 2031 τὴν
2774 1958 2882 2012 τῶν
2912 1959 3239 2031 σπερμάτων
3281 1956 3564 2027 καταϐολὴν
3598 1953 3737 2010 πηού-

2247 2067 2422 2120 μενος,
2453 2049 2705 2123 εὔκαιρον
2749 2054 2842 2105 καὶ
2867 2051 2964 2123 τὴν
2989 2051 3181 2123 λοιπὴν
3230 2048 3535 2119 ἐπιμέλειαν
3576 2048 3740 2101 ἃπασαν

2242 2144 2451 2208 οίκείως
2495 2144 2701 2198 ἕκαστα
2748 2144 3256 2216 κατεργαζόμενος,
3307 2142 3402 2195 καὶ
3440 2142 3543 2202 τοῖς
3573 2138 3738 2200 οἰκείως

2241 2237 2334 2291 τοῦ
2364 2236 2521 2307 λόγου
2555 2238 2662 2291 πᾶν
2704 2237 2801 2308 μὲν
2834 2237 2956 2290 ὅσον
2986 2236 3163 2307 ἀμϐλὺ
3196 2235 3295 2288 καὶ
3325 2234 3475 2287 νόθον
3502 2232 3591 2303 τῆς
3607 2231 3740 2301 ψυχῆς

2244 2329 2296 2402 (ἢ
2330 2329 2634 2398 πεφυκυίας
2682 2328 2938 2401 οὖτως,ἢ
2985 2330 3080 2383 καὶ
3124 2327 3228 2383 ὑπὸ
3284 2326 3492 2398 τροφῶν
3532 2322 3738 2397 περιττῶν

2242 2420 2334 2475 τοῦ
2382 2420 2628 2493 σώματος
2679 2421 3102 2493 παχυνομὲνης),
3152 2419 3468 2492 παροξύνων
3515 2416 3597 2471 καὶ
3636 2416 3740 2479 ἐξισ-

2242 2513 2469 2586 χναίνων
2511 2517 2626 2579 τοῖς
2671 2514 2886 2579 λεπτοῖς
2926 2513 3033 2568 τῶν
3066 2512 3303 2583 λογικῶν
3348 2511 3648 2583 παθημάτων
3677 2506 3741 2560 λό-

2241 2620 2357 2672 γοις
2400 2605 2493 2658 καὶ
2532 2604 2770 2676 τρόποις,
2817 2605 2867 2658 οἶ
2912 2604 2972 2669 ἐξ
3007 2604 3393 2659 άπλουστάτων
3438 2604 3537 2657 τῶν
3564 2600 3738 2672 πρώτων

2240 2694 2601 2766 ἀνειλούμενοι
2638 2695 2945 2767 ἐπάλληλοι,
2982 2696 3075 2749 καὶ
3121 2696 3382 2758 ποικίλως
3424 2693 3735 2765 στρεφόμενοι.

2240 2789 2320 2851 είς
2342 2787 2616 2859 ἀμήχανόν
2652 2804 2773 2840 τινα
2804 2789 2894 2841 καὶ
2926 2787 3297 2853 δυσεξέλικτον
3329 2788 3539 2860 προϊεῖσι
3562 2782 3736 2851 πλοκὴθι

2240 2876 2619 2943 ἐξανιστῶντες
2648 2880 2796 2951 ἡμᾶς
2838 2879 3023 2952 ὥσπερ
3053 2880 3430 2944 καθεύδοντας,
3458 2880 3544 2931 καὶ
3573 2872 3738 2946 ἔχεσθαι

2240 2971 2326 3025 ἀεὶ
2348 2969 2455 3025 τῶν
2479 2975 2870 3044 προκειμένων,
2893 2973 3152 3045 μηδαμῶς
3173 2972 3627 3033 ὑπολισθαίνοντας
3640 2968 3739 3040 μήτε

573 2048 722 2121 lique
749 2062 907 2107 terrae
924 2094 940 2118 ,
974 2053 1169 2123 injecta
1198 2056 1403 2111 semina
1432 2059 1655 2114 reddere
1679 2068 1879 2130 paratae
1896 2103 1911 2129 ,
1938 2078 2141 2133 oppor-

573 2155 760 2196 tunam
791 2143 1058 2198 seminum
1089 2145 1431 2213 injectionem
1457 2148 1658 2204 affatim
1681 2150 1972 2219 inferebat;
2004 2164 2140 2208 tem-

572 2235 836 2304 pestivam
877 2236 1039 2291 simul
1083 2238 1345 2308 reliquam
1391 2241 1657 2296 culturam
1705 2258 1919 2299 omnem
1946 2285 1962 2311 ,
1999 2247 2139 2316 aptis

573 2325 786 2395 singula
845 2328 1063 2395 modis,
1115 2344 1413 2399 exercens;
1465 2333 1728 2404 quidquid
1773 2336 2026 2393 obtusum
2074 2353 2139 2395 ac

572 2417 816 2486 spurium
843 2418 897 2473 in
926 2420 1105 2475 anima
1133 2431 1271 2489 erat,
1307 2423 1421 2479 sive
1441 2425 1521 2480 sic
1543 2433 1690 2491 nata,
1714 2426 1828 2482 sive
1851 2429 2138 2499 superﬂuis

571 2511 817 2579 corporis
839 2510 1112 2567 alimentis
1135 2514 1485 2581 condensata,
1510 2531 1800 2589 exacuens,
1830 2529 2139 2579 attenuans-

570 2612 679 2667 que
718 2598 1008 2657 subtilibus
1056 2604 1254 2658 rationi
1320 2608 1735 2675 congruentium
1793 2609 2135 2667 aﬂectionum

572 2691 914 2747 sermonibus
941 2708 1005 2748 ac
1030 2695 1233 2760 modis;
1266 2696 1359 2765 qui
1397 2711 1461 2751 ex
1499 2697 1689 2766 primis
1718 2700 2137 2769 simplicissimis

568 2783 769 2839 evoluti
796 2785 886 2839 alii
911 2800 978 2840 ex
1008 2786 1151 2852 aliis,
1175 2788 1431 2857 varieque
1462 2790 1729 2856 conversi,
1762 2792 1814 2846 in
1845 2792 2137 2849 admirabi-

568 2874 675 2929 lem
724 2876 1012 2946 quemdam
1065 2878 1606 2951 inexplicabilemque
1654 2885 2136 2953 progrediebantur

568 2976 906 3036 contextum,
940 2983 1042 3024 nos
1080 2969 1227 3024 velut
1251 2985 1281 3024 e
1310 2986 1503 3026 somno
1529 2973 1848 3038 excitantes,
1881 2985 2043 3046 atque
2078 2977 2134 3031 in

567 3059 852 3129 proposito
888 3075 1099 3129 semper
1148 3060 1434 3126 insistere,
1479 3071 1533 3117 et
1576 3065 1883 3122 nullatenus
1924 3083 2025 3123 nec
2065 3069 2130 3124 ob

2240 3061 2343 3115 ὑπὸ
2395 3062 2599 3133 μήκους
2649 3065 2783 3134 μήτε
2825 3063 2928 3117 ὑπὸ
2975 3062 3301 3134 λεπτοτητος
3353 3058 3736 3127 ἐκδιδασκόμενοι.

566 3151 992 3223 longitudinem,
1046 3166 1145 3207 nec
1203 3153 1273 3207 ob
1318 3154 1670 3211 subtilitatem
1714 3158 1820 3214 labi
1857 3160 2130 3218 docentes.

2244 3154 2402 3208 Ὅσον
2419 3154 2477 3208 δὲ
2490 3154 2707 3226 ἄκριτον
2740 3155 2834 3208 καὶ
2863 3156 3149 3227 προπετὲς,
3180 3151 3678 3225 συγκατατιθεμένων
3696 3162 3737 3198 τε

569 3243 841 3313 Quidquid
864 3258 1027 3314 porro
1049 3243 1238 3313 judicii
1264 3260 1455 3316 expers
1495 3263 1559 3303 ac
1598 3264 1836 3321 praeceps
1876 3251 1931 3306 in
1977 3253 2130 3310 nobis

2237 3250 2349 3313 τοῖς
2382 3224 2743 3319 ἐπιτυχοῦσιν,
2777 3224 2934 3304 ὁποῖά
2960 3249 3076 3304 ποτ’
3105 3250 3170 3304 ἂν
3201 3246 3259 3321 ᾖ,
3292 3251 3397 3305 κάν
3425 3249 3580 3320 ψευδῆ
3609 3245 3732 3314 τύχῃ·

568 3343 722 3403 erat,
762 3337 844 3391 vel
885 3335 1229 3391 assentiendo
1258 3336 1327 3393 iis
1354 3354 1478 3408 quae
1505 3341 1663 3396 obvia
1711 3341 1868 3407 fiunt,
1922 3345 2130 3414 qualia-

2238 3340 2331 3393 καὶ
2374 3340 2755 3410 ἀντιλεγόντων
2803 3343 3080 3406 πολλάκις,
3130 3343 3234 3396 κάν
3282 3342 3455 3413 ἀληθῆ
3499 3358 3604 3394 τινα
3628 3339 3736 3407 εἶρηο

570 3441 786 3498 cunque
829 3428 969 3493 sint,
1010 3428 1224 3483 etiamsi
1253 3429 1384 3485 falsa
1433 3446 1492 3487 se
1534 3432 1797 3499 offerant;
1846 3435 1929 3490 vel
1972 3452 2130 3507 repu-

2240 3433 2374 3504 μένα
2452 3449 2465 3462 ’
2493 3433 2588 3487 καὶ
2614 3434 2770 3487 τοῦτο
2797 3436 3128 3489 ὲκπαιδεύων
3155 3435 3369 3499 τούτοις
3394 3452 3451 3488 τε
3477 3435 3578 3495 τοῖς
3603 3443 3737 3502 apes:-

568 3521 784 3593 gnando
811 3535 1069 3590 persaepe,
1107 3523 1356 3591 quamvis
1384 3538 1509 3579 vera
1552 3525 1799 3595 quaedam
1834 3528 2083 3590 dicantur
2110 3547 2129 3585 :

2238 3525 2491 3597 ρημὲνοις
2523 3525 2616 3579 καὶ
2640 3526 2844 3598 ἑτέροις
2876 3527 3135 3592 ποικίλοις
3162 3527 3344 3596 λόγοις
3371 3517 3737 3619 (πολυειδὲς

567 3615 674 3669 hoc
701 3629 918 3669 rursum
942 3614 1239 3684 castigabat
1267 3616 1696 3689 corrigebatque,
1747 3630 1855 3675 tum
1899 3621 1965 3677 iis
1993 3638 2130 3691 quos

2235 3617 2383 3670 τουτὶ
2408 3618 2469 3671 τὸ
2498 3617 2661 3689 μέρος
2684 3618 2782 3689 τῆς
2822 3618 3181 3690 φιλοσοφίας)·
3217 3618 3508 3684 συνεθίζων
3541 3616 3604 3686 μὴ
3628 3614 3731 3678 εἰκῆ,

567 3707 838 3774 diximus,
882 3717 990 3762 tum
1037 3708 1157 3764 aliis
1198 3708 1424 3764 diversis
1458 3713 1799 3769 sermonibus
1830 3714 2130 3786 (multiplex

2239 3705 2357 3777 μηδ’
2388 3705 2463 3770 ὼς
2493 3706 2648 3778 ἔτυχε
2679 3708 2887 3779 ῥίπτειν
2916 3726 2975 3762 τε
3013 3707 3111 3773 τὰς
3160 3710 3464 3782 μαρτυρίας
3502 3707 3588 3761 καὶ
3619 3701 3737 3803 πάλιν

566 3799 711 3854 enim
740 3808 824 3855 est
845 3815 910 3855 ac
929 3800 1138 3855 varium
1171 3801 1275 3857 hoc
1310 3801 1666 3874 philosophiae
1692 3805 1916 3878 genus);
1950 3822 2130 3864 assue-

2235 3797 2533 3863 ἀνανεύειν,
2560 3800 2671 3853 ἀλλ’
2694 3799 3039 3867 ἐξετάζοντας
3067 3800 3310 3873 ἀκριϐῶς
3348 3802 3424 3874 μὴ
3453 3800 3517 3854 τά
3538 3797 3735 3870 προψανῆ

564 3890 793 3956 faciens,
823 3907 930 3947 non
956 3901 1156 3949 temere
1198 3907 1297 3947 nec
1319 3901 1380 3947 ut
1418 3909 1579 3951 casus
1615 3896 1817 3963 tulerit,
1847 3914 2127 3955 assensum

564 3983 851 4054 projicere,
884 3992 939 4039 et
960 3993 1145 4053 postea
1175 3985 1438 4052 abnuere;
1481 3986 1574 4042 sed
1611 3988 1895 4058 diligenter
1919 3993 2126 4047 exami-

563 4077 766 4140 nando,
812 4090 920 4130 non
953 4086 1136 4146 aperta
1166 4079 1363 4146 solum,
1388 4078 1480 4132 sed
1525 4087 1579 4133 et
1619 4080 1823 4136 abdita.
1857 4080 2020 4137 Multa
2055 4084 2128 4139 si-

563 4169 806 4238 quidem,
830 4184 927 4223 ceu
952 4168 1180 4224 illustria
1201 4186 1298 4240 per
1320 4187 1378 4226 sc
1397 4181 1450 4226 et
1471 4171 1718 4239 honesta,
1746 4174 1848 4229 sub
1868 4176 2127 4244 speciosis

561 4259 788 4314 vocibus
816 4258 869 4312 in
899 4273 1058 4315 aures
1086 4269 1302 4316 nostras
1329 4270 1584 4330 tanquam
1614 4278 1740 4317 vera
1781 4279 1840 4320 se
1876 4265 2126 4320 insinua-

561 4361 711 4417 runt,
747 4367 869 4422 qure
914 4366 1078 4420 prava
1112 4360 1166 4407 et
1210 4350 1345 4408 falsa
1386 4368 1509 4408 cum
1556 4365 1768 4423 essent,
1810 4356 2123 4429 suﬂragium

2235 4351 2513 4416 ἀξιόπιστα
2561 4352 2920 4424 κατεφωράθη
2967 4352 3114 4417 ὄντα,
3167 4352 3346 4421 μάτην
3395 4350 3493 4422 τὴν
3532 4345 3734 4416 ἀλήθειαν

560 4449 740 4497 tamen
774 4458 802 4496 a
832 4440 991 4497 nobis
1023 4442 1406 4513 expresserunt
1467 4444 1813 4516 tuleruntque
1846 4448 2121 4517 veritatis;

2235 4442 2625 4515 ὑποκρινόμενα
2645 4459 2660 4474 ⁶
2689 4445 2783 4499 καὶ
2825 4445 2967 4515 ὑμᾶς
2998 4443 3229 4507 εὐκόλως
3264 4443 3509 4515 ἀπέφηνε
3551 4448 3731 4537 ttat-ari,-

560 4549 683 4603 qua:
694 4534 1038 4604 postmodum
1054 4534 1245 4591 vitiosa
1263 4537 1475 4592 et-nulla
1489 4538 1591 4593 fide
1611 4538 1769 4609 digna
1790 4539 2125 4610 deprehensa

2235 4532 2436 4598 λάστως
2461 4532 2918 4605 ἐξηπατημένους,
2948 4535 3262 4636 κάπιμαρτυ
3271 4535 3535 4636 ρήσαντας
3558 4530 3658 4636 είκῆ
3677 4530 3734 4636 of:

559 4633 721 4693 sunt,
754 4627 1031 4681 veritatem
1070 4625 1343 4684 incassum
1372 4630 1774 4698 assimulantia;
1805 4646 2013 4703 nosque
2048 4633 2127 4690 fa-

2235 4625 2426 4695 ἦκιστα
2473 4624 2667 4697 ἐχρῆν·
2715 4625 2874 4680 πάλιν
2923 4642 2982 4680 τε
3025 4621 3090 4680 αὖ
3120 4626 3284 4696 ἕτερα
3329 4622 3498 4695 σεμνά
3546 4610 3733 4692 μὲννκαὶ

561 4717 665 4773 cile
688 4734 753 4774 ac
778 4720 1005 4778 ridicule
1030 4722 1285 4792 deceptos
1324 4722 1697 4792 prodiderunt,
1738 4732 1791 4779 et
1828 4723 2032 4781 frustra
2061 4742 2125 4783 ea

2235 4716 2327 4770 οὐκ
2361 4715 2784 4789 ἀλαζονευόμενα
2816 4717 2933 4789 μὲν,
2961 4718 2993 4791 ἢ
3029 4718 3127 4773 οὑκ
3164 4719 3493 4784 ἀξιοπίστως
3522 4714 3628 4774 ταῖς
3653 4723 3734 4776 (9⁸³⁵

558 4809 964 4879 confirmantes,
1000 4830 1123 4885 quae
1152 4814 1377 4868 minime
1411 4816 1691 4884 oportebat
1718 4834 1731 4870 :
1761 4816 1868 4871 alia
1898 4828 2083 4872 contra
2108 4860 2123 4883 ,

2235 4811 2345 4872 ναῖς
2372 4808 2617 4880 κείμενα,
2666 4809 2942 4881 παράδοξα
2973 4811 3067 4865 καὶ
3095 4811 3311 4865 πάντων
3345 4811 3651 4866 ἀπιστάτατα
3669 4798 3731 4852 δο-

557 4899 789 4956 honesta
825 4918 1049 4973 prorsus
1076 4920 1141 4961 ac
1166 4905 1389 4961 minime
1416 4906 1674 4975 fallentia,
1703 4910 1796 4963 sed
1823 4910 2125 4979 probabili—

2235 4899 2448 4963 κοῦντα,
2481 4900 2701 4955 αὐτόθεν
2732 4918 2791 4954 τε
2821 4901 3323 4972 άποδοκιμασθέντα
3362 4902 3439 4965 ῶς
3478 4900 3642 4972 ψευδῆ,
3665 4893 3732 4948 καὶ

554 4991 661 5046 bus
691 4994 869 5049 verbis
898 5010 1009 5050 non
1029 5013 1306 5069 expressa,
1330 4999 1603 5069 paradoxa
1628 5008 1683 5054 et
1710 5002 1933 5055 omnino
1960 5002 2127 5057 incre-

2235 4991 2550 5063 ὐϐρισθέντα
2590 4992 2843 5061 ἀναξίως,
2891 4992 2988 5049 εἶθ’
3043 4995 3267 5067 ὓστερον
3311 4993 3626 5066 ἐξιχνεύσασι
3664 4985 3732 5039 καὶ

555 5082 743 5139 dihilia
770 5099 867 5155 per
898 5100 956 5142 se
983 5087 1117 5151 visa,
1151 5097 1206 5144 et
1246 5092 1444 5161 rejecta
1496 5106 1593 5160 pro
1618 5090 1791 5159 falsis,
1822 5093 2122 5149 immerito-

2235 5087 2621 5158 κατανοήσασιν
2685 5087 2928 5159 ἀκριϐῶς
2952 5126 2966 5152 ,
3023 5088 3235 5143 πάντων
3298 5088 3618 5161 ἀληθέστατα
3662 5077 3731 5134 καὶ

2223 5178 2413 5250 ἄμαχα
2453 5180 2692 5251 ἀτεχνῶς
2720 5176 2855 5234 εἶναι
2891 5181 3212 5254 κατενοήθη,
3240 5181 3307 5235 τά
3344 5184 3478 5244 τέως
3502 5175 3729 5245 ἀπόϐλητα

2226 5271 2321 5325 καὶ
2355 5270 2587 5342 ἀδόκιμα
2633 5271 2970 5342 νομισθέντα.
3015 5273 3106 5344 Μὴ
3148 5273 3213 5344 δὴ
3239 5270 3306 5325 τά
3348 5268 3579 5343 προφανῆ
3608 5264 3729 5335 μόνον

2225 5363 2317 5418 καὶ
2376 5364 2774 5436 προκόπτοντα,
2824 5363 2939 5418 ἐστι
2978 5364 3023 5418 δ’
3066 5364 3154 5418 ὅτε
3197 5364 3386 5436 δολερά
3428 5363 3517 5416 καὶ
3559 5368 3731 5421 σεσοφι-

2225 5458 2396 5529 σμένα
2411 5475 2426 5489 '
2452 5458 2522 5512 τά
2539 5457 2595 5511 δέ
2622 5458 2768 5511 ἔνδον
2789 5457 3244 5529 διερευνωμένους
3262 5457 3360 5528 μὲν
3380 5456 3470 5510 καὶ
3488 5443 3728 5522 περικροῦο

2220 5565 2377 5613 οντας
2419 5550 2667 5615 ἕκαστον,
2701 5551 2773 5623 μή
2818 5552 2893 5623 πή
2925 5568 2980 5603 τι
3013 5549 3209 5621 σαθρὸν
3237 5551 3369 5620 ἠχῇ,
3395 5547 3485 5602 καὶ
3510 5548 3562 5599 ἐν
3583 5537 3727 5597 αὐτοῖς

2237 3888 2416 3958 μόνον,
2446 3888 2580 3944 ἀλλά
2604 3890 2698 3944 καὶ
2725 3892 3078 3962 κεκρυμμένα
3110 3890 3241 3962 (85).
3272 3890 3450 3945 Πολλά
3475 3889 3574 3960 γὰρ
3602 3881 3737 3946 ἔνδοξα

2233 3985 2456 4040 αὐτόθεν
2488 3985 2580 4039 καὶ
2628 3985 2928 4056 σεμνοειδῆ,
2958 3984 3062 4036 ὑπὸ
3095 3983 3397 4054 εὐσχήμοσι
3439 3982 3551 4043 ταῖς
3585 3975 3737 4047 φωναξ

2231 4077 2589 4151 εἰσδραμόντα
2621 4077 2702 4141 εἰς
2739 4076 2836 4140 τάς
2863 4075 3030 4140 ἀκοὰς
3057 4074 3234 4146 ἡμῶν,
3266 4077 3345 4139 ὡς
3375 4072 3559 4143 ἀληθῆ,
3581 4063 3738 4123 ὕπουλα

2231 4167 2358 4221 ὄντα
2389 4168 2693 4239 καὶψευδῆ,
2724 4168 3140 4240 συναρπάσαντα
3167 4167 3260 4221 καὶ
3291 4166 3519 4221 λαϐόντα
3536 4163 3735 4234 ψήφισμα

2232 4259 2487 4331 ἀληθείας
2534 4262 2663 4332 παρ’
2704 4260 2880 4331 ἡμῶν,
2919 4262 3033 4332 μετ’
3068 4260 3127 4313 οὐ
3170 4259 3307 4313 πολὺ
3351 4257 3521 4331 σαθρά
3555 4254 3635 4308 καὶ
3664 4250 3734 4304 σῦιι

554 5189 662 5243 que
687 5190 784 5245 per
812 5178 1197 5234 contumeliam
1229 5181 1479 5250 explosa;
1511 5189 1698 5252 postea
1723 5182 2122 5238 consideranti-

552 5266 658 5322 bus
679 5276 841 5338 atque
862 5269 1311 5343 investigantibus
1337 5273 1665 5339 accuratius,
1689 5275 1932 5328 omnium
1956 5276 2121 5332 veris-

552 5359 693 5415 sima
721 5362 979 5433 omnique
1000 5364 1316 5434 exceptione
1340 5364 1546 5434 majora
1575 5365 1789 5435 cognita
1817 5375 1973 5433 sunt,
1999 5383 2120 5438 quae

549 5450 715 5519 paulo
761 5461 885 5507 ante
937 5454 1227 5522 rejicienda
1272 5462 1327 5509 et
1374 5453 1729 5524 improbanda
1764 5457 2115 5526 putabantur.

549 5537 669 5595 Non
697 5552 880 5611 aperta
908 5546 1122 5612 solum,
1162 5546 1381 5617 inquam
1402 5586 1416 5612 ,
1447 5554 1501 5601 et
1532 5548 1846 5615 eminentia,
1873 5565 1993 5619 quae
2018 5549 2119 5605 fal-

551 5628 691 5685 lacia
722 5633 994 5689 interdum
1025 5644 1081 5690 et
1102 5634 1282 5691 fucata
1306 5646 1462 5704 sunt;
1503 5636 1598 5693 sed
1627 5638 1882 5692 interiora
1904 5639 2117 5710 singula

2235 5641 2612 5713 πιστουμένους
2649 5643 2873 5707 ἑαυτοὺς
2910 5642 3143 5715 πρῶτον,
3173 5640 3341 5704 οὕτως
3367 5639 3458 5694 καὶ
3485 5639 3584 5698 τοῖς
3603 5628 3727 5689 hab;

549 5718 881 5789 explorando
923 5742 987 5782 ac
1030 5730 1379 5797 penetrando,
1412 5744 1480 5786 ne
1518 5729 1646 5816 quid
1692 5730 1991 5786 marcidum
2027 5746 2112 5786 so-

2235 5735 2598 5806 τυνομολογεῖν
2628 5735 2723 5790 καὶ
2751 5734 3141 5804 ἀποφαίνεσθαι
3180 5735 3304 5803 περὶ
3330 5732 3559 5786 ἑκάστων
3586 5721 3725 5779 ἐδίδα-

624 5813 735 5887 (85)
777 5816 952 5875 Ἀλλὰ
978 5822 1075 5878 καὶ
1103 5824 1495 5895 κεκρυμμένα.
1527 5813 1647 5881 Haec
1674 5833 1872 5882 temere
1899 5825 2102 5882 omissa

2235 5829 2539 5887 :ditionibus
2561 5828 2937 5886 Hmsebcliana
2968 5837 3020 5888 et
3053 5827 3388 5900 Bengeliana.
