3908 7030
340 340 482 402 1077

1351 341 1417 398 IN
1454 339 1807 397 ORIGEN‘EM
1843 329 2102 397 ORATIO
2139 335 2596 398 PANEGYRICA.

3448 331 3584 390 1078

332 478 484 517 σκεν.
519 459 706 525 Οὕτως
733 460 829 531 μὲν
869 459 930 514 τδ
962 459 1089 531 περὶ
1119 457 1218 523 τὰς
1240 457 1415 523 λέξεις
1443 457 1685 521 καὶτοὺς
1712 456 1877 526 λόγου

1979 514 1981 518 _
2008 462 2118 518 net,
2149 468 2214 509 ac
2245 452 2315 509 de
2354 451 2440 507 his
2471 449 2723 529 primum
2749 447 2913 504 [idem
2936 446 3093 503 nobis
3149 446 3280 518 ipsis
3311 444 3584 517 faciendo,

324 553 580 625 κριτικὸν
625 553 782 625 ἡμῶν
823 552 924 624 τῆς
970 550 1150 623 ψυχῆς
1210 550 1372 622 μέρος
1407 549 1642 618 λογικῶς
1685 545 1904 613 ὲξεπαι-

323 644 517 701 δεύετο
538 662 554 677 ·
584 646 648 700 οὐ
693 644 836 699 κατά
879 643 977 708 τὰς
1012 642 1189 697 καλῶν
1221 643 1466 715 ρητόρων
1496 641 1728 714 κρίσεις,
1760 640 1814 693 εί
1848 656 1905 693 τι

340 736 654 809 Ἑλληνικὸν
699 736 734 808 ἢ
773 735 1046 810 βάρϐαρόν
1090 737 1208 790 ἐστι
1246 735 1314 807 τῇ
1365 736 1515 805 φωνῇ
1577 730 1659 804 (τὸ
1712 731 1905 803 μικρὸν

321 828 490 885 τοῦτο
508 830 607 883 καὶ
638 829 739 883 οὐκ
762 832 1059 899 ἀναγκαῖον
1095 828 1369 901 μάθημα),
1403 826 1539 881 ἀλλᾶ
1560 824 1718 880 τοῦτο
1739 827 1905 879 πᾶσιν

324 921 755 990 ἀναγκαιότατον
788 920 1012 993 Ἕλλησί
1045 937 1107 974 τε
1138 921 1232 975 καὶ
1275 919 1573 993 βαρϐάροις
1605 919 1698 972 καὶ
1723 920 1905 987 σοφοῖς

326 1013 419 1066 καὶ
446 1011 702 1081 ἰδιώταις,
724 1015 819 1067 καὶ⁵
845 1012 982 1076 ὅλως
1009 1012 1119 1083 (ἵνα
1152 1011 1227 1083 μὴ
1263 1011 1471 1083 μακρὸς
1494 1010 1578 1082 εἴη
1610 1026 1698 1081 μοι
1722 1008 1898 1078 λόγος,

325 1106 563 1171 ἑκάστας
604 1106 800 1178 τέχνας
842 1107 935 1160 καὶ
987 1104 1393 1176 ἐπιτηδεύματα
1439 1101 1689 1175 ἐπεξιὼν)
1735 1103 1901 1155 πᾶσιν

323 1198 639 1271 ἀνθρώποις
667 1202 781 1261 τοῖς
818 1197 1059 1253 ὁντινοῦν
1107 1197 1219 1269 βίον
1254 1196 1555 1268 ἑλομένοις·
1590 1195 1642 1249 εί
1668 1211 1731 1265 γε
1766 1196 1900 1248 πᾶσι

320 1296 437 1358 τοῖς
478 1292 610 1363 περὶ
637 1292 959 1364 ὁτουδήποτε
994 1289 1488 1361 κοινολογουμένοις
1531 1287 1683 1359 μέλει
1716 1302 1776 1339 τε
1805 1286 1897 1342 καὶ

317 1385 744 1441 διεσπούδασται
799 1383 874 1456 μὴ
898 1381 1234 1455 ὴπατῆσθαι.

2005 546 2080 601 ita
2108 544 2330 601 demum
2355 540 2714 599 exterioribus
2740 540 2993 597 assentiri
3021 548 3078 596 et
3107 540 3176 596 de
3207 540 3438 612 singulis
3464 557 3582 611 pro-

2006 636 2259 692 nuntiare
2277 634 2521 691 docebat.
2547 630 2705 687 Hunc
2727 631 2891 701 igitur
2913 631 2969 686 in
2992 632 3214 690 modum
3241 646 3367 703 pars
3387 634 3585 689 animae

2008 735 2244 791 nostrae,
2291 740 2416 797 qua:
2455 726 2600 781 circa
2648 736 2810 779 voces
2856 738 3273 794 sermonemque
3313 723 3582 793 judicium

2006 828 2243 888 exercet,
2266 818 2567 875 secundum
2593 817 2858 872 rationem
2888 816 3264 883 erudiebatur;
3291 833 3399 873 non
3426 819 3581 888 juxta

2006 912 2346 984 egregiorum
2378 910 2660 965 rhetorum
2686 908 2891 978 judicia
2914 946 2933 971 ,
2968 908 3013 962 si
3042 910 3172 980 quid
3203 911 3579 966 Gmcanicum

1980 1016 2102 1061 aut
2130 1003 2421 1059 barbarum
2449 1002 2566 1058 voci
2592 1002 2739 1069 insit,
2773 1001 2969 1058 exilem
3006 1002 3152 1058 illam
3181 1011 3236 1059 et
3258 1018 3368 1058 non
3397 1017 3580 1059 neces-

2005 1097 2208 1152 sariam
2232 1094 2592 1164 disciplinam,
2634 1093 2726 1148 sed
2765 1093 2905 1147 hanc
2927 1093 3185 1149 omnibus
3204 1102 3258 1149 et
3289 1093 3492 1149 Grecis
3516 1102 3578 1149 et

2005 1186 2275 1253 barbaris,
2300 1193 2354 1241 et
2391 1185 2728 1254 sapientibus
2775 1193 2829 1239 et
2856 1183 3057 1248 idiotis,
3099 1193 3154 1240 et
3175 1185 3265 1252 (ne
3291 1194 3436 1240 artes
3459 1186 3574 1239 sin-

2002 1281 2159 1351 gulas
2194 1293 2260 1335 ac
2300 1278 2479 1334 studia
2509 1276 2879 1333 enumerando
2919 1276 3022 1331 sim
3052 1276 3285 1347 longior)
3319 1278 3572 1334 omnibus

2002 1371 2351 1438 hominibus,
2406 1370 2770 1441 quodcunque
2812 1370 2938 1424 vitze
2994 1384 3166 1439 genus
3226 1371 3520 1442 delegerint
3551 1410 3569 1437 ,

317 1479 567 1549 apprime
625 1476 1029 1541 necessariam;
1083 1473 1351 1545 siquidem
1398 1468 1652 1527 omnibus
1705 1467 1774 1524 de
1812 1479 2137 1538 quacunque
2186 1478 2247 1518 re
2292 1477 2472 1520 sermo
2532 1463 2865 1533 instituatur,
2943 1481 3089 1521 cura:
3132 1476 3215 1522 est
3261 1483 3327 1523 ac
3364 1468 3567 1534 studio,

361 1585 435 1625 on
468 1572 666 1625 decipi.

361 1585 397 1623 o
628 1572 666 1625 '.

321 1586 357 1625 ῃ
389 1571 641 1723 123:3.
652 1664 727 1738 μὴ
748 1664 895 1720 τοῦθ’
926 1663 1064 1737 ὅπερ
1093 1658 1233 1727 είδος
1254 1658 1564 1731 διαλεκτικὴ
1591 1655 1889 1730 κατορθοῦν

2064 1653 2199 1710 VIII.
2237 1654 2427 1726 Neque
2464 1655 2606 1711 hanc
2632 1656 2802 1711 solam
2826 1662 3055 1726 partem,
3095 1671 3259 1725 quam
3284 1656 3565 1712 dialectica

317 1762 460 1835 μόνη
500 1758 718 1830 εἴληχε·
756 1753 913 1812 τδδέ
961 1773 1025 1825 γε
1067 1755 1228 1809 πάλιν
1277 1751 1529 1808 ταπεινὸν
1571 1749 1673 1821 τῆς
1715 1748 1877 1820 ψυχῆς

1991 1748 2367 1819 corrigendam
2412 1748 2528 1804 sola
2576 1748 2769 1804 sortita
2799 1756 2918 1815 est,
2979 1748 3071 1804 sed
3121 1748 3380 1804 humilem
3433 1764 3566 1804 sane

311 1855 349 1924 ἠ
359 1851 478 1924 μῶν
501 1848 996 1921 ὲκτεθαμϐημένων
1028 1845 1126 1919 μὲν
1153 1848 1220 1917 τῇ
1255 1842 1623 1915 μεγαλουργία
1650 1839 1745 1895 καὶ⁵
1766 1838 1888 1891 θαυ-

316 1943 629 2016 ματουργία
660 1942 754 1996 καὶ
797 1938 1015 2011 ποικίλῃ
1061 1938 1156 1992 καὶ
1190 1935 1448 2006 πανσόφῳ
1470 1931 1793 2005 δημιουργίᾳ
1818 1932 1884 2000 τῇ

309 2037 412 2092 τοῦ
448 2036 677 2106 κόσμου.
731 2033 825 2087 καὶ
874 2028 1295 2101 τεθαυμακότων
1348 2028 1445 2097 μὲν
1486 2024 1713 2093 ἀλόγως,
1753 2023 1886 2076 ὑπε-

311 2128 602 2201 πτηχότων
634 2126 694 2180 δὲ
723 2123 826 2178 ὑπὸ
859 2121 1171 2194 ἐκπλήξεως
1192 2138 1206 2151 ·
1238 2119 1453 2173 εἰδότων
1484 2117 1541 2170 δὲ
1573 2115 1688 2170 οὔθ’
1708 2113 1884 2169 ὁτιοῦν

308 2218 750 2291 ἐπιλογίσασθαι,
798 2218 954 2288 δίκην
985 2214 1193 2282 ἀλόγων
1233 2210 1411 2276 ζώωψ
1458 2207 1744 2280 ἐξεγείρων
1789 2207 1884 2260 καὶ

310 2311 556 2386 ἀνορθῶν
581 2310 892 2383 μαθήμασιν
918 2308 1123 2378 ἑτέροις
1142 2308 1254 2369 τοῖς
1280 2304 1550 2373 φυσικοῖς’
1575 2296 1882 2370 σαφηνίζων

310 2407 523 2461 ἕκαστα
548 2403 656 2458 τῶν
703 2403 869 2456 ὄντων
916 2400 1009 2454 καί⁵
1035 2398 1344 2471 διακρίνων,
1373 2395 1467 2450 καὶ
1514 2393 1657 2465 μάλα
1696 2390 1884 2460 σαφῶς

309 2501 395 2564 ιίς
426 2498 496 2554 τὰ
540 2495 823 2570 πρώτιστα
863 2497 1117 2565 στοιχεῖα,
1148 2488 1561 2546 κατεπιπλέκων
1592 2486 1672 2558 τῷ
1715 2485 1877 2555 λόγῳ,

306 2593 409 2646 καὶ
452 2588 909 2662 ἐπιπορευόμενος
958 2587 1058 2657 τήν
1098 2601 1157 2638 τε
1199 2582 1305 2637 τῶν
1346 2582 1481 2635 ὅλων
1527 2580 1621 2633 καὶ
1659 2579 1757 2650 τὴν
1789 2577 1880 2630 ἐπὶ

306 2681 515 2755 μέρους
542 2679 769 2734 ἑκάστου
812 2677 1000 2747 φύσιν·
1031 2675 1238 2747 τροπήν
1265 2689 1325 2725 τε
1355 2671 1452 2743 τὴν
1486 2667 1755 2739 πολυειδῆ,
1786 2666 1880 2721 καὶ

305 2771 618 2845 μεταϐολὴν
644 2768 752 2825 τῶν
779 2770 837 2822 ὲν
870 2767 949 2839 τῷ
977 2767 1164 2837 κόσμῳ
1186 2782 1199 2795 ·
1252 2765 1356 2828 ἓως
1407 2762 1587 2833 φέρων
1637 2759 1742 2814 ὑπὸ
1782 2775 1877 2812 σαι

303 2844 448 2932 φοῦς
478 2862 577 2933 τῆς
614 2861 744 2932 παρ’
780 2858 943 2914 αὑτοῦ
973 2854 1318 2919 διδασκαλίας
1347 2855 1441 2908 καὶ
1477 2853 1650 2921 λόγων
1695 2844 1771 2906 ὧν
1817 2865 1877 2903 τε

303 2955 514 3027 ἔμαθεν
544 2948 619 3010 ὧν
643 2972 701 3008 τε
731 2953 1004 3025 ἐξεύρετο,
1034 2952 1162 3023 περὶ
1198 2949 1298 3020 τῆς
1341 2949 1448 3001 τῶν
1494 2947 1630 3001 ὅλων
1677 2946 1877 2998 οἰκονο-

308 3048 446 3121 μίας
490 3047 588 3117 τῆς
638 3047 808 3117 ἱερᾶς,
844 3045 937 3098 καὶ
987 3042 1199 3112 φύσεως
1243 3040 1341 3111 τῆς
1383 3038 1704 3110 ἀμωμήτου,
1754 3034 1874 3090 ἀντὶ

1990 1840 2137 1895 illam
2185 1839 2427 1896 vicissim
2464 1842 2633 1897 animi
2662 1841 2831 1896 nostri
2866 1853 3093 1911 partem,
3118 1842 3327 1911 qua-ad
3357 1843 3566 1912 magni:-

1988 1932 2257 1990 llcentiam
2282 1943 2338 1989 et
2365 1934 2667 1989 mirabilem
2698 1942 3052 1999 structuram,
3084 1935 3294 1990 varium
3340 1936 3560 2005 sapien-

1988 2026 2365 2096 tissimumque
2397 2026 2588 2081 mundi
2628 2027 2905 2098 opiﬁcium
2943 2026 3405 2096 obstupescimus,
3454 2028 3551 2081 ad-

1984 2116 2355 2185 miranturque
2384 2116 2506 2171 sine.
2532 2117 2763 2180 ratione,
2795 2133 2858 2172 ac
2886 2132 2996 2187 prae
3025 2116 3558 2173 timore-consterna-

1982 2221 2128 2272 mur,
2169 2215 2224 2261 et
2256 2207 2348 2277 qui
2399 2206 2704 2262 belluarum
2750 2223 2899 2263 more
2926 2223 3047 2278 qua:
3085 2210 3293 2264 ratione
3321 2217 3555 2273 carent,

1980 2298 2297 2353 ratiocinari
2326 2298 2461 2354 nihil
2489 2300 2761 2366 novimus,
2791 2300 3063 2356 excitabat
3087 2302 3438 2373 erigebatque
3462 2318 3558 2356 na-

1979 2388 2251 2445 turalibus
2286 2389 2409 2446 aliis
2448 2390 2792 2462 disciplinis;
2839 2392 3051 2463 singula
3076 2433 3091 2457 ,
3122 2409 3245 2465 qua:
3272 2395 3326 2448 in
3368 2408 3553 2447 rerum

1980 2488 2107 2535 sunt
2144 2489 2336 2535 natura
2365 2479 2650 2538 declarans
2676 2497 2745 2539 ac
2774 2482 3138 2552 distinguens,
3168 2494 3223 2539 ct
3264 2484 3551 2555 perspicua

1978 2574 2223 2630 oratione
2243 2574 2300 2630 in
2321 2575 2497 2648 prima
2519 2591 2620 2632 sua
2651 2577 2919 2633 elementa
2943 2577 3239 2644 resolvens,
3274 2586 3555 2632 naturam-

1977 2679 2084 2736 que
2119 2674 2235 2720 tum
2286 2681 2633 2722 communem
2665 2668 3045 2724 universorum
3067 2709 3083 2735 ,
3114 2676 3228 2722 tum
3275 2668 3550 2744 propriam

1976 2757 2270 2827 cujusque;
2300 2758 2683 2814 conversiones
2721 2773 2939 2828 quoque
2983 2774 3164 2813 rerum
3194 2757 3552 2814 multiformes

1976 2859 2139 2920 atque
2174 2851 2503 2908 mutationes
2542 2850 2870 2916 edisserens,
2915 2851 3096 2922 quoad
3138 2851 3399 2906 doctrinae
3438 2864 3553 2908 stlte

1976 2942 2359 3013 rationumque
2397 2958 2535 3014 quas
2577 2943 2771 3013 partim
2811 2943 3019 3009 didicit,
3064 2944 3262 3014 partim
3307 2943 3423 3013 ipse
3449 2959 3549 2997 cx-

1976 3033 2262 3104 cogitavit,
2311 3035 2696 3106 perspicuitate
2739 3050 2840 3105 pro
2880 3032 3185 3090 irrationali
3225 3035 3547 3091 rationalem

303 3115 506 3209 ἀλόγου
531 3115 746 3208 λογικδν
771 3138 891 3200 ταῖς
919 3134 1118 3205 ψυχαῖς
1141 3135 1173 3204 ἡ
1182 3131 1294 3204 μῶν
1319 3130 1639 3209 ἐγκατέθετο
1670 3128 1871 3200 θαῦμα.

1979 3126 2176 3183 animis
2204 3127 2410 3183 nostris
2434 3143 2603 3183 sacra:
2641 3127 2806 3183 totius
2840 3126 3081 3183 universi
3102 3127 3543 3198 dispensationis,

303 3232 471 3286 Toﬁfi'
518 3232 548 3286 δ
592 3231 656 3303 δὴ
707 3229 933 3302 μάθημα
965 3226 1165 3297 ὑψηλὸν
1196 3225 1290 3278 καὶ
1320 3222 1498 3277 ἔνθεον
1535 3222 1613 3288 ὂν,
1643 3223 1676 3293 ὴ
1716 3224 1878 3294 ἐρασ-

307 3325 555 3396 μιωτάτη
592 3325 757 3378 πᾶσιν
781 3321 1083 3376 ἐκδιδάσκει
1114 3316 1446 3389 φυσιολογία.
1492 3317 1561 3370 Τί
1593 3316 1675 3370 δεῖ
1697 3315 1873 3385 λέγειν

302 3417 376 3470 τὰ
398 3417 508 3472 τῶν
535 3416 694 3487 ἱερῶν
728 3413 1080 3487 μαθημάτων,
1106 3408 1448 3481 γεωμετρίαν
1490 3407 1587 3480 μὲν
1613 3407 1711 3478 τὴν
1740 3409 1872 3460 πᾶσι

305 3502 469 3571 φίλην
520 3502 614 3556 καὶ
662 3498 1165 3571 ἀναμφισϐήτητον,
1216 3496 1310 3550 καὶ¹
1364 3495 1724 3568 ἀστρονομίαν
1773 3495 1872 3566 τὴν

309 3592 749 3665 μετεωροπόρον;
780 3594 815 3647 τι
840 3592 905 3664 δὴ
938 3589 1145 3644 ἕκαστα
1171 3592 1291 3653 ταῖς
1319 3588 1517 3660 ψυχαῖς
1558 3590 1590 3658 η
1601 3586 1719 3658 μῶν
1756 3588 1872 3639 ἐνε-

302 3682 561 3747 τυποῦτο,
605 3681 891 3744 διδάσκων,
931 3680 965 3751 ἢ
1015 3677 1525 3751 ἁναμιμνήσκων,ἥ
1574 3676 1674 3729 οὐκ
1718 3670 1814 3728 οἷδ’
1840 3674 1870 3728 ὃ

301 3793 357 3829 τι
410 3774 517 3848 χρὴ
564 3774 742 3843 λέγειν
760 3791 774 3804 ·
828 3772 926 3844 τὴν
973 3773 1070 3843 μὲν
1092 3812 1107 3836 ,
1158 3769 1233 3834 ὡς
1284 3769 1597 3843 ὑποδάθραν
1652 3767 1870 3821 πάντων

303 3867 491 3931 ἀπλῶς
522 3866 883 3938 ποιησάμενος
904 3861 1069 3919 οὖσαν
1099 3866 1364 3927 ἄσειστον,
1384 3863 1483 3934 τὴν
1505 3860 1863 3933 γεωμετρίαν,

302 3954 400 4007 καὶ
427 3950 669 4025 κρηπτδά
692 3969 814 4007 τινα
842 3952 1059 4023 ἀσφαλῆ
1079 3969 1092 3983 ·
1124 3950 1428 4022 ἀνάγωνοδὲ
1452 3950 1546 4004 καὶ
1575 3950 1736 4021 μέχρι
1757 3948 1867 4002 τῶν

302 4045 564 4100 ἀνωτάτω
587 4044 674 4099 διὰ
716 4045 814 4117 τῆς
845 4044 1225 4117 ἀστρονομίας,
1259 4043 1447 4117 ῶσπερ
1487 4042 1577 4096 διὰ
1604 4041 1868 4113 κλίμακός

295 4155 448 4199 τινος
478 4137 908 4209 οὐρανομήκους,
935 4137 1196 4209 ἑκατέρου
1214 4134 1308 4189 τοῦ
1336 4135 1671 4206 μαθήματος,
1706 4134 1864 4188 θατὸν

294 4231 435 4301 ἡμῖν
461 4228 553 4282 τὸν
575 4229 799 4300 οὐρανὸν
825 4228 1263 4300 παρασκευάσας.

1978 3217 2503 3289 absolutissimaeque
2526 3228 2734 3275 natura:
2754 3219 3165 3276 admirationem
3188 3220 3393 3290 injecit.
3422 3218 3549 3277 llaec

1977 3310 2233 3365 nimirum
2257 3312 2347 3366 illa
2375 3321 2458 3367 est
2480 3312 2729 3367 sublimis
2759 3328 2823 3367 ac
2844 3312 3024 3366 divina
3046 3312 3350 3382 disciplina,
3381 3327 3546 3384 quam

1975 3405 2232 3460 omnibus
2253 3406 2645 3462 amabilissima
2665 3405 2825 3461 docet
2846 3404 3198 3476 physiologia.
3228 3405 3368 3472 Quid
3398 3420 3547 3461 nunc

1974 3509 2112 3563 opus
2145 3504 2229 3550 est
2256 3512 2440 3553 sacras
2471 3496 2884 3551 mathematicas
2921 3494 3389 3552 commemorare?
3414 3508 3544 3566 geo-

1970 3587 2217 3641 metriam
2268 3588 2522 3642 omnibus
2568 3588 2788 3642 charam
2835 3595 2999 3658 atque
3046 3587 3443 3655 indubitatam,
3487 3596 3543 3643 et

1970 3679 2358 3755 astronomiam
2392 3694 2625 3749 superna
2669 3680 3087 3750 pervagantem?
3130 3695 3269 3750 quas
3300 3680 3545 3752 singulas

1969 3770 2169 3826 animis
2193 3770 2415 3837 nostris,
2460 3771 2664 3826 docens
2692 3770 3064 3840 insculpebat;
3110 3780 3205 3826 aut
3250 3772 3304 3827 in
3336 3787 3544 3828 memo-

1970 3862 2109 3916 riam
2135 3877 2417 3928 revocans,
2446 3872 2542 3917 aut
2581 3864 2766 3918 nescio
2791 3862 2919 3934 quid
2946 3863 3053 3918 dici
3089 3864 3275 3933 potius
3307 3864 3498 3920 debeat
3522 3883 3538 3920 :

1970 3951 2118 4007 illam
2167 3952 2386 4024 quidem
2439 3953 2585 4009 velut
2630 3954 2874 4007 omnium
2923 3952 3082 4022 plane
3126 3954 3541 4009 fundamentum

1972 4052 2236 4112 statuens,
2283 4053 2337 4100 et
2378 4045 2532 4116 quasi
2576 4046 2729 4101 basin
2763 4047 3121 4112 tutissimam,
3155 4047 3536 4102 inconcussam

1968 4137 2359 4207 geometriam;
2407 4153 2503 4208 per
2543 4139 2928 4193 astronomiam
2987 4148 3167 4193 autem
3212 4138 3278 4193 ad
3322 4154 3537 4195 summa

1969 4229 2289 4298 perducens,
2324 4238 2581 4299 tanquam
2608 4245 2704 4299 per
2732 4231 2931 4284 scalam
2965 4231 3255 4301 quamdam
3278 4231 3343 4285 ad
3365 4230 3536 4288 malos

1966 4320 2379 4391 pertingentem,
2401 4322 2641 4391 pervium
2668 4322 2824 4377 nobis
2846 4323 3043 4378 coelum
3070 4323 3352 4394 utriusque
3369 4322 3534 4379 disci-

1972 4410 2132 4480 plina:
2159 4424 2323 4481 opera
2346 4409 2603 4466 etliciens.

371 4503 449 4558 ϐ’.
485 4506 553 4557 Ἀ
577 4502 633 4557 δὲ
659 4505 910 4559 ἁπάντων
939 4504 1055 4558 ἐστὶ
1077 4504 1498 4575 κορυφαιότατα,
1530 4506 1624 4559 καί
1653 4495 1728 4558 ὧν
1760 4504 1864 4576 μά-

2038 4500 2127 4556 IX.
2169 4500 2322 4568 Quod
2350 4515 2479 4557 vero
2504 4500 2748 4557 omnium
2776 4510 2861 4557 est
2888 4503 3060 4557 multo
3082 4505 3399 4571 maximum,
3432 4520 3535 4561 cu-

296 4599 458 4651 λιστα
489 4596 648 4651 ἓνεκα
676 4597 781 4651 πᾶν
798 4596 907 4668 (86)
935 4596 997 4649 τὸ
1022 4596 1306 4669 φιλόσοφον
1336 4597 1666 4651 διαπονεῖται
1686 4597 1863 4668 γένος,

296 4687 488 4759 ὥσπερ
516 4688 581 4741 ὲκ
603 4687 826 4757 φυτείας
865 4688 1114 4760 ποικίλης
1137 4688 1243 4743 τῶν
1269 4688 1443 4743 ἀλλων
1473 4690 1729 4745 ἁπάντων
1759 4707 1864 4761 μα-

295 4779 579 4849 θημάτων,
609 4779 703 4833 καὶ
732 4779 1045 4850 φιλοσοφίας
1088 4783 1324 4854 μακρᾶς,
1353 4783 1599 4855 καρποὺς
1626 4781 1862 4848 ἀγαθοὺς

297 4869 672 4941 ἐκδεχόμενον,
725 4871 824 4936 τὰς
864 4870 1013 4936 θείας
1055 4873 1256 4943 ἀρετὰς
1296 4874 1395 4937 τὰς
1437 4873 1564 4945 mp!
1607 4869 1757 4945 ἦθος,
1800 4872 1859 4939 ἐξ

293 4953 376 5014 ὧν
403 4963 438 5033 ἡ
478 4961 747 5035 ἀτάραχος
774 4963 867 5016 καὶ⁵
900 4962 1164 5033 εὐσταθὴς
1192 4962 1300 5015 τῶν
1341 4962 1527 5034 ὁρμῶν
1552 4961 1653 5034 τῆς
1682 4961 1858 5035 ψυχῆς

296 5033 630 5117 κατάστασις
659 5033 905 5122 γίνεται·
942 5054 1034 5106 καὶ
1074 5052 1312 5118 ἀλύπους
1357 5033 1453 5125 μὲν
1503 5055 1595 5107 καὶ
1626 5033 1869 5117 ἀπαθεϊξ

297 5146 555 5202 ἁπάντων
572 5146 777 5211 κακῶν,
795 5148 1085 5212 εὐτάκτους
1100 5148 1157 5202 δὲ
1176 5150 1270 5203 καὶ
1284 5148 1561 5212 εὐσταθεῖς
1576 5149 1670 5202 καὶ
1690 5147 1857 5201 θεοει-

294 5241 411 5304 δεῖς
437 5240 666 5313 ἤμελλεν
696 5242 841 5312 ἡμᾶς
870 5240 1037 5305 ὅντως
1063 5242 1156 5295 καὶ
1202 5241 1501 5313 μακαρίους
1524 5242 1856 5313 καταστήσε-

300 5329 458 5383 σθαι·
523 5331 618 5384 καὶ
672 5330 841 5385 ταῦτα
894 5331 951 5385 δὲ
1004 5331 1305 5397 ὲξεπονεῐτο
1358 5332 1537 5401 λόγοις
1595 5349 1654 5385 τε
1708 5331 1857 5397 ίδίοις

298 5421 597 5491 πραΰνουσι
621 5424 713 5476 καὶ
738 5426 938 5491 σοφοῖς,
954 5425 1052 5496 οὐχ
1070 5425 1270 5495 ἥκιστα
1294 5424 1387 5478 καὶ
1410 5424 1857 5492 ἀναγκαιοτάτοις

297 5512 427 5583 περὶ
449 5511 557 5565 τῶν
587 5511 734 5582 ηθῶν
764 5513 984 5568 καὶτῶν
1008 5515 1224 5589 τρόπων
1253 5515 1408 5588 ήμῶν
1431 5533 1445 5549 ο
1477 5516 1571 5572 καὶ
1595 5516 1655 5570 οὒ
1677 5516 1856 5587 λόγοις

301 5602 484 5672 μόνον.
508 5601 623 5655 ἀλλ’
647 5603 747 5675 ήδη
776 5606 869 5658 καί⁵
894 5605 1069 5676 ἔργοις
1098 5608 1296 5678 τρόπον
1326 5608 1445 5662 τινὰ
1477 5607 1854 5678 διεκυσερνᾶτο

1961 4597 2159 4667 jusque
2178 4596 2349 4667 gratia
2370 4595 2579 4650 laborat
2596 4610 2728 4664 gens
2750 4603 2868 4649 tuta.
2885 4595 3350 4666 philosophorum,
3371 4598 3551 4668 quasi

1964 4704 2029 4742 ex
2062 4688 2209 4742 varia
2250 4688 2581 4757 reliquarum
2613 4688 2857 4741 omnium
2898 4688 3307 4758 disciplinarum
3345 4692 3549 4746 censi-

1963 4781 2132 4842 tione,
2161 4778 2538 4849 diuturnaque
2562 4779 2920 4849 phiIOSOphite
2963 4781 3164 4847 studio,
3210 4780 3385 4836 bonos
3411 4782 3530 4837 l'ru-

1963 4882 2082 4927 ctus
2121 4872 2402 4942 colligens,
2444 4871 2658 4928 divinas
2703 4887 2917 4927 morum
2951 4872 3199 4936 virtutes,
3232 4888 3299 4928 ex
3327 4874 3529 4944 quibus

1963 4963 2289 5035 tranquillus
2313 4972 2369 5019 et
2388 4971 2645 5020 constans
2671 4965 2837 5020 animi
2860 4964 3161 5021 motionum
3178 4974 3354 5023 status
3382 4967 3529 5023 exsi-

1964 5055 2093 5120 stit;
2136 5064 2191 5111 et
2217 5057 2471 5112 maeroris
2506 5057 2724 5126 quidem
2755 5067 3025 5129 expertes.
3061 5067 3227 5130 atque
3265 5067 3326 5113 ut
3364 5058 3530 5114 nullis

1964 5148 2122 5204 malis
2147 5146 2520 5203 vehementius
2542 5162 3029 5214 commoveremur,
3058 5149 3150 5206 sed
3175 5148 3438 5206 moderati
3462 5163 3529 5205 ac

1964 5239 2158 5304 sedati,
2191 5238 2394 5309 Deique
2413 5240 2617 5295 similes
2638 5256 2760 5295 vere
2789 5257 2854 5296 ac
2878 5242 3041 5307 beati,
3069 5242 3189 5311 ejus
3212 5255 3374 5309 opera
3404 5240 3529 5294 red-

1963 5333 2249 5401 deremur,
2292 5335 2654 5391 annitebatur.
2703 5335 2879 5407 Atque
2917 5337 3030 5391 haec
3062 5335 3284 5392 curabat
3312 5344 3367 5389 et
3395 5349 3526 5405 age-

1962 5424 2055 5480 bat
2085 5424 2194 5490 ille,
2223 5434 2338 5480 tum
2366 5428 2711 5483 sermonibus
2738 5428 3004 5498 propriis,
3050 5423 3528 5482 mansuefacienti—

1960 5516 2062 5572 bus
2087 5532 2153 5572 ac
2178 5516 2372 5586 doctis,
2404 5535 2504 5576 nec
2546 5521 2728 5577 minus
2761 5520 3102 5586 necessariis,
3134 5533 3272 5589 quos
3304 5519 3373 5575 de
3402 5532 3525 5576 mov-

1958 5610 2110 5665 ribus
2136 5610 2364 5681 vitaeque
2393 5622 2590 5670 nostra:
2624 5614 2797 5670 modis
2831 5613 3086 5678 habebat;
3120 5620 3231 5666 tum
3258 5626 3388 5667 vero
3412 5625 3534 5666 non

372 5787 483 5860 (86)
510 5789 726 5845 Ἕνεκα
762 5791 898 5849 πᾶν.
932 5795 1212 5869 Bengclius
1243 5814 1306 5855 ex
1338 5797 1660 5871 llmschelio,
1688 5801 1851 5859 ἕνεκα
1883 5820 2011 5867 πως.
