3908 7030
535 285 673 343 1079

1663 294 1719 349 S.
1763 291 2089 352 GREGORH
2129 290 2631 354 THAUMATURGI

3592 310 3703 368 108!

530 408 709 465 verbis
737 410 935 476 solum,
965 413 1056 469 sed
1080 415 1191 484 jam
1222 415 1385 471 etiam
1412 415 1570 473 factis
1589 416 1991 487 quodammodo
2019 431 2069 471 re

2173 404 2330 488 ’παρ’
2362 417 2517 489 ἡμῶν
2541 418 2641 483 τὰς
2670 419 2865 489 ὁρμὰς,
2898 422 3034 492 αὐτῇ
3062 425 3128 494 τῇ
3155 424 3263 477 τῶν
3293 424 3474 496 ὁρμῶν
3514 429 3601 481 καὶ
3624 447 3711 487 πα-

530 500 691 570 gebat
706 500 940 573 impetus
962 513 1214 567 nostros:
1240 505 1353 576 ipsa
1378 507 1584 564 scilicet
1606 509 1907 563 motionum
1931 507 2100 573 animi

527 594 936 664 perturbationu
944 610 1103 665 mque
1116 597 1564 667 contemplatione
1574 606 1738 668 atque
1753 599 2061 670 cognitione
2076 638 2091 664 ,

527 698 597 739 ex
629 700 737 755 qua
767 686 1109 756 potissimum
1149 690 1401 759 componi
1431 704 1587 745 mens
1628 701 1812 746 nostra
1844 691 2008 758 solet,
2042 698 2097 746 et

527 776 598 830 ad
622 786 828 832 rectum
862 779 1309 849 moderatumque
1346 791 1544 837 statum
1571 799 1638 838 ex
1666 782 1894 839 confuso
1923 792 2097 845 trans-

527 863 659 920 ferri
686 884 699 919 :
727 875 786 921 ut
816 876 1072 939 tanquam
1099 871 1153 924 in
1179 873 1398 941 speculo
1426 889 1484 928 se
1515 874 1687 943 ipsam
1716 874 1935 929 intuens
1962 872 2093 945 (ini-

527 954 602 1008 tia
627 955 742 1024 ipsa
765 957 1036 1029 ﬁbrasque
1062 961 1327 1016 malorum
1347 1002 1363 1027 ,
1398 973 1452 1017 et
1478 965 1620 1034 quod
1647 980 1678 1019 a
1722 964 1933 1021 ratione
1961 965 2095 1019 alie-

523 1061 655 1100 num
689 1049 744 1103 in
772 1064 835 1104 ea
861 1059 966 1119 est,
991 1053 1136 1107 unde
1158 1054 1408 1110 absurdae
1435 1056 1489 1110 in
1518 1057 1675 1113 nobis
1698 1058 2009 1114 ali‘ectiones
2027 1074 2093 1114 ac

524 1141 960 1208 perturbationes
990 1155 1320 1215 exsurgunt;
1348 1156 1401 1201 et
1440 1162 1683 1212 rursum,
1714 1165 1836 1219 quae
1867 1150 2091 1207 rationis

523 1247 747 1301 compos
768 1249 896 1303 pars
923 1236 1042 1306 ejus
1066 1246 1149 1292 est
1178 1239 1402 1307 optima,
1431 1257 1536 1310 qua
1564 1242 1895 1307 dominante,
1923 1243 2087 1298 illaesa

520 1332 576 1378 et
599 1326 1022 1393 perturbationis
1050 1344 1240 1399 expers
1260 1331 1374 1400 ipsa
1401 1336 1703 1404 permanet)
1720 1351 1738 1402 ;
1755 1335 1950 1391 deinde
1974 1336 2090 1392 [nec

520 1412 577 1467 in
609 1428 670 1468 se
692 1426 946 1472 accurate
984 1419 1360 1488 considerans,
1393 1424 1573 1477 omnia
1603 1425 1820 1494 quidem
1854 1426 1944 1481 illa
1968 1442 2090 1497 qua

515 1517 586 1557 ex
633 1504 900 1563 deteriore
946 1520 1262 1578 nascuntur,
1308 1523 1362 1568 et
1405 1530 1503 1570 nos
1535 1516 1620 1571 vel
1669 1515 1945 1573 oﬂendunt
1992 1534 2088 1589 per

517 1592 1022 1666 intemperantiam,
1066 1602 1150 1657 vel
1194 1605 1526 1660 contrahunt
1573 1615 1626 1662 et
1672 1618 1953 1665 coarctant
1988 1625 2086 1679 per

516 1685 684 1739 animi
704 1687 1089 1759 dejectionem;
1117 1702 1173 1748 ut
1205 1694 1507 1765 voluptates
1541 1707 1595 1752 et
1619 1699 1963 1769 cupiditates,
1986 1709 2081 1758 aut

516 1791 778 1835 maerores
807 1795 872 1839 ac
906 1782 1151 1850 timores,
1184 1798 1238 1841 et
1279 1803 1401 1857 quae
1431 1789 1498 1844 ab
1529 1788 1615 1844 bis
1644 1792 1932 1862 generibus
1964 1809 2079 1848 ma-

514 1867 690 1923 lorum
736 1872 891 1927 turba
936 1875 1244 1944 suboritur;
1282 1880 1416 1947 litec,
1463 1880 1708 1951 inquam,
1756 1883 1966 1954 rejiciat
2012 1900 2079 1940 ac

512 1959 780 2031 proﬂiget,
805 1964 1188 2036 incipientibus
1216 1971 1396 2026 adhuc
1411 1975 1873 2046 nasceiitibusque
1895 1992 2080 2031 occur-

396 2046 399 2057 ’
512 2065 661 2119 rens,
683 2069 750 2110 ac
778 2071 846 2112 ne
872 2059 1159 2115 minimum
1189 2064 1407 2132 quidem
1456 2081 1702 2122 crescere
1739 2068 1947 2134 sinens,
1982 2068 2077 2124 sed

512 2147 786 2217 perimens
814 2166 878 2209 ac
905 2152 1089 2210 delens
1117 2171 1148 2210 e
1174 2156 1433 2227 vestigio;
1461 2174 1583 2229 quae
1611 2175 1739 2218 vero
1763 2176 1830 2216 ex
1855 2163 2079 2218 meliore

508 2237 652 2295 bona
692 2243 851 2298 nobis
897 2246 1234 2315 exoriuntur,
1271 2250 1384 2305 haec
1426 2250 1536 2306 alat
1579 2267 1643 2306 ac
1693 2250 1895 2320 foveat,
1942 2254 2078 2319 inci-

508 2330 712 2400 pientia
737 2334 965 2400 lactans,
1001 2352 1441 2412 conservansque
1482 2343 1658 2412 quoad
1701 2346 2072 2414 perliciantur.

508 2422 602 2480 Sic
633 2429 778 2483 enim
810 2431 1006 2488 anima:
1052 2436 1269 2491 tandem
1311 2437 1519 2494 innasci
1563 2439 1775 2497 divinas
1807 2442 2073 2509 virtutes;

504 2519 871 2586 prudentiam,
899 2538 1021 2593 quae
1049 2524 1152 2581 bos
1178 2527 1327 2597 ipsos
1354 2528 1521 2585 animi
1555 2541 1733 2589 motus
1760 2533 2072 2590 discernere

502 2610 679 2681 prima
705 2620 885 2681 potest
915 2629 980 2673 ex
1013 2614 1168 2686 ipsis,
1201 2627 1254 2674 et
1296 2634 1362 2673 ex
1409 2620 1676 2677 bonorum
1721 2633 2071 2680 externorum

502 2705 902 2777 malorumque,
953 2710 997 2765 si
1042 2726 1150 2780 qua
1195 2713 1250 2767 in
1292 2714 1451 2769 nobis
1500 2724 1662 2782 sunt,
1706 2718 1969 2786 scientia;
2017 2729 2073 2776 et

500 2801 939 2868 temperantiam,
964 2819 1086 2873 qua:
1128 2805 1181 2859 in
1227 2807 1536 2861 earumdem
1578 2809 1746 2865 initiis
1787 2823 1931 2867 recte
1972 2815 2071 2868 cli.

499 2890 660 2958 gendi
692 2892 801 2946 vim
833 2893 1026 2962 habet;
1053 2907 1105 2950 et
1126 2897 1419 2966 justitiam,
1442 2915 1565 2970 quae
1596 2910 1719 2972 apta
1750 2914 1803 2957 et
1828 2920 2069 2976 congrua

499 2979 697 3049 cuique
728 2983 948 3046 tribuit;
984 2993 1037 3038 et
1076 2985 1270 3041 lmrum
1312 2990 1554 3044 omnium
1585 2997 2063 3062 conservatricem,

2200 505 2308 563 θῶν
2345 509 2455 562 τῶν
2492 509 2593 580 τῆς
2626 510 2802 582 ψυχῆς
2840 512 3042 585 θεωρίᾳ
3082 514 3174 566 καὶ
3217 518 3552 588 κατανοήσει,
3579 520 3632 588 ἐξ
3655 515 3711 596 ἧς

2203 600 2433 671 μάλιστα
2475 604 2926 675 κατεγνωσμένης
2973 605 3367 678 κατορθοῦσθαι
3410 609 3468 674 ἐξ
3507 611 3715 685 ἀναρμο-

2200 689 2352 753 στίας
2394 690 2635 761 πέφυκεν
2665 692 2820 764 ἡμῶν
2851 695 2884 765 ή
2909 693 3075 766 ψυχὴ,
3099 697 3191 751 καὶ
3215 697 3310 750 ἐπὶ
3336 697 3398 751 τὸ
3433 703 3714 773 κεκριμένον

2197 782 2292 834 καὶ
2334 781 2590 837 εὔτακτον
2639 787 2702 838 ἐκ
2755 788 3196 859 συγκεχυσμένης
3241 788 3633 858 μετατίθεσθαι·
3659 795 3712 850 ἶν’

2196 873 2383 946 ὥσπερ
2410 877 2467 928 ἐν
2508 878 2794 950 κατόπτρῳ
2837 879 3033 951 ἑαυτὴν
3070 879 3392 952 θεωρήσασα
3425 882 3609 950 (αὑτὰς
3635 887 3715 953 τὰς

2194 964 2368 1036 ἀρχὰς
2407 969 2500 1022 καὶ
2532 970 2684 1039 ῥίζας
2714 970 2822 1023 τῶν
2865 971 3070 1037 κακῶν,
3100 973 3159 1026 τὸ
3195 973 3391 1041 ἄλογον
3426 974 3585 1047 αὐτῆς
3610 979 3717 1046 πᾶν,

2192 1057 2251 1123 ἐξ
2286 1053 2349 1113 οὗ
2380 1060 2449 1113 τὰ
2487 1061 2660 1116 ἄτοπα
2695 1066 2825 1135 ήμῖν
2858 1065 3204 1120 ἐπανίσταται
3238 1066 3388 1139 πάθη
3407 1085 3421 1098 ·
3461 1070 3547 1122 καὶ
3586 1072 3719 1127 πάλιν

2191 1150 2315 1203 ὅσον
2341 1150 2559 1224 ἄριστον
2585 1154 2753 1225 αὐτῆς
2785 1157 2966 1228 μέρος,
2988 1156 3198 1227 λογικὸν
3227 1159 3320 1227 ὑφ’
3346 1153 3408 1213 οὗ
3434 1161 3719 1231 κρατοῦντος

2194 1242 2345 1312 μένει
2371 1261 2434 1312 γε
2461 1244 2550 1315 ὑφ’
2578 1247 2775 1317 ἑαυτῆς
2800 1248 2912 1321 (87)
2938 1247 3178 1320 ἀϐλαϐὴς
3214 1249 3315 1302 καὶ
3342 1250 3596 1321 ἀπαθής)”
3624 1250 3721 1311 εἶτα

2190 1337 2361 1391 ταῦτα
2399 1339 2456 1390 ἐν
2488 1339 2624 1409 αὐτῇ
2653 1343 3026 1411 κατανοήσασα
3066 1340 3331 1413 ἀκριϐῶς,
3362 1340 3532 1397 πάντα
3560 1343 3644 1412 μὲν
3664 1345 3723 1400 τὰ

2189 1432 2253 1484 ἐκ
2286 1429 2379 1484 τοῦ
2408 1430 2645 1503 χείρονος
2670 1431 2997 1504 ἐκφυόμενα,
3026 1433 3289 1503 ἐκχέοντα
3319 1434 3464 1502 ἡμᾶς
3490 1433 3586 1486 ὑπὸ
3610 1437 3719 1489 ἀκο-

2186 1523 2395 1588 λασίας,
2425 1524 2458 1596 ἢ
2500 1523 2850 1579 συστέλλοντα
2880 1526 2974 1580 καὶ
3015 1527 3386 1597 συμπνίγοντα
3427 1526 3529 1580 ὑπὸ
3560 1545 3719 1583 ταπειτ

2185 1615 2439 1685 νότητος,
2488 1608 2596 1668 οἷον
2636 1615 2826 1688 ήδονάς
2864 1618 2959 1670 καὶ
3002 1618 3318 1688 ἐπιθυμίας,
3358 1618 3395 1689 ἢ
3440 1617 3604 1682 λύπας
3642 1622 3717 1673 καὶ

2184 1707 2399 1775 φόϐους,
2444 1706 2536 1760 καὶ
2570 1708 2691 1772 ὅσος
2728 1709 2841 1772 τοῖς
2878 1709 3059 1777 γένεσι
3090 1709 3263 1764 τοῖσδε
3306 1708 3503 1763 ἕπεται
3543 1713 3718 1781 στοῖχος

2183 1796 2365 1850 κακῶν
2383 1813 2396 1826 ·
2442 1795 2614 1851 ταῦτα
2657 1799 2753 1869 μὲν
2789 1796 3039 1851 ἐκϐάλλω
3082 1798 3176 1853 καὶ
3211 1800 3278 1852 ἐκ
3311 1797 3491 1852 ποδῶν
3527 1803 3723 1869 ποιοῖτο,

2179 1887 2258 1941 ἔτι
2308 1890 2628 1961 ἀρχομένοις
2673 1890 2765 1945 καὶ
2811 1892 2934 1964 ἄρτι
2977 1892 3264 1962 φυομένοις
3307 1892 3716 1964 ἐπανισταμένη,

2179 1982 2273 2033 καὶ
2298 1981 2399 2033 οὐκ
2447 1981 2591 2035 ἐῶσα
2620 1982 2739 2036 οὐδὲ
2785 1984 2978 2054 μικρὸν
3021 1981 3223 2049 αὔξειν,
3260 1983 3385 2038 ἀλλ’
3414 1984 3716 2039 ἀπολλύουσαν

2178 2073 2270 2126 καὶ
2297 2071 2691 2142 ἐξαφανίζουσα
2716 2092 2729 2105 ·
2754 2076 2856 2129 ὅσα
2881 2076 2937 2128 δὲ
2971 2078 3035 2129 ἐκ
3068 2077 3159 2130 τοῦ
3185 2075 3498 2148 κρείττονος
3526 2078 3715 2131 ἀνατέλ-

2176 2163 2255 2217 λει
2295 2166 2424 2236 ἡμῖν
2467 2165 2647 2234 ἀγαθά
2672 2165 2821 2231 ὄντα,
2853 2167 3023 2221 ταῦτα
3052 2168 3304 2239 ἐκτρέφοι
3341 2185 3402 2220 τε
3440 2167 3532 2220 καὶ
3555 2168 3716 2222 διασώ-

2175 2252 2280 2319 ξοι,
2303 2257 2395 2309 καὶ
2417 2257 2693 2329 ἀρχόμενα
2716 2257 3007 2331 τιθηνοῦσα
3029 2258 3122 2312 καὶ
3150 2259 3597 2330 συμφυλάττοντα
3614 2261 3714 2331 ἄχρι

2174 2350 2525 2420 τελειότητος.
2569 2349 2723 2403 Οὕτω
2754 2349 2861 2421 γάρ
2902 2350 2967 2404 ἀν
2999 2366 3128 2404 ποτε
3159 2350 3565 2423 παραγενέσθαι
3596 2350 3713 2422 ψυχῇ

2173 2445 2270 2508 τὰς
2296 2443 2445 2505 θείας
2472 2443 2671 2514 ἀρετάς
2690 2459 2703 2473 ·
2736 2442 2994 2514 φρόνησίν
3029 2460 3088 2496 τε
3127 2444 3226 2515 τὴν
3267 2444 3411 2498 αὐτὰ
3440 2443 3606 2497 ταῦτα
3634 2441 3715 2513 τῆς

2169 2534 2344 2605 ψυχῆς
2370 2532 2439 2587 τὰ
2461 2536 2731 2605 κινήματα
2756 2536 2958 2606 κρίνειν
2987 2533 3198 2605 πρῶτον
3228 2534 3535 2606 δυναμένην
3561 2533 3613 2601 ἐξ
3636 2535 3713 2587 αὖ.

2169 2624 2297 2690 τῶν,
2320 2626 2414 2678 καὶ¹
2439 2624 2537 2695 τῆς
2556 2629 2686 2699 περὶ
2705 2626 2771 2681 τά
2793 2626 2896 2692 ἔξω
2919 2627 3094 2699 ἡμῶν,
3116 2626 3170 2681 εἴ
3187 2626 3311 2681 τινά
3334 2628 3504 2694 ἐστιν,
3525 2626 3712 2694 ἀγαθῶν

2168 2718 2264 2771 καὶ
2310 2718 2490 2772 κακῶν
2532 2720 2840 2792 ἐπιστήμης
2880 2720 3205 2791 γενομένης·
3252 2721 3350 2774 καὶ
3397 2719 3710 2792 σωφροσύνην

2167 2809 2265 2880 τὴν
2289 2809 2458 2864 ταῦτα
2481 2812 2539 2863 ἐν
2572 2811 2766 2882 ἀρχαῖς
2799 2810 2971 2882 ὀρθῶς
2998 2813 3326 2883 αἱρουμένην
3353 2811 3612 2883 δύναμινο
3638 2812 3709 2864 καὶ

2166 2901 2524 2972 δικαιοσύνην,
2554 2902 2588 2974 ἢ
2629 2901 2698 2956 τὰ
2734 2902 2860 2967 ἀξια
2885 2904 3133 2968 ἑκάστοις
3177 2905 3445 2976 ἀπονέμει
3476 2904 3609 2977 (88)·
3635 2904 3708 2960 καὶ

2165 2994 2262 3066 τὴν
2298 2993 2511 3048 πάντων
2546 2994 2745 3049 τούτων
2779 2994 3182 3067 σωτηρίαν
3220 2996 3497 3068 ἀνδρείαν.
3533 2998 3601 3049 Οὐ
3638 2997 3707 3049 λό-

496 3067 892 3130 fortitudinem.
936 3071 1052 3129 Non
1088 3079 1264 3134 verbis
1305 3080 1466 3152 igitur
1494 3083 1910 3153 assuefaciebat,
1949 3105 2069 3159 quae

2173 3099 2291 3151 γοις
2331 3083 2506 3135 τοίνυν
2545 3084 3036 3154 ἀπαγγελλομένοις
3084 3067 3386 3151 συνειθιζεν
3426 3087 3503 3150 ὡς
3543 3087 3602 3158 δὴ
3638 3087 3705 3157 εἴη

498 3161 884 3221 denuntiarent
926 3174 1089 3236 atque
1130 3168 1531 3241 proﬁterentur,
1572 3174 1854 3230 scientiam
1895 3179 2057 3232 bono~

498 3266 622 3307 rum
651 3255 1019 3320 etmalorum,
1050 3259 1134 3314 vel
1166 3262 1535 3319 faciendorum
1568 3275 1622 3320 et
1649 3283 1756 3322 non
1794 3270 2072 3326 faciendo-

496 3358 643 3410 rum,
665 3359 786 3403 esse
814 3348 1186 3418 prudentiam;
1214 3353 1395 3417 inanis
1440 3357 1627 3427 utique
1669 3370 1830 3429 atque
1861 3363 2070 3421 inutilis

497 3432 614 3488 haec
639 3434 946 3507 disciplina,
979 3439 1024 3494 si
1052 3443 1211 3497 verba
1255 3443 1416 3501 factis
1444 3458 1695 3517 careant;
1731 3468 1974 3525 vanaque
2005 3472 2067 3510 ea

494 3524 808 3597 prudentia,
854 3546 976 3599 qua:
1023 3547 1129 3590 non
1173 3550 1236 3589 ea
1284 3536 1448 3595 faciat
1492 3557 1613 3610 qua:
1653 3542 1895 3601 facienda
1937 3548 2064 3611 sint,

496 3633 599 3675 nec
630 3618 698 3675 al:
729 3621 797 3676 iis
822 3637 943 3692 qua:
967 3639 1074 3679 non
1109 3636 1236 3682 sunt
1258 3632 1485 3698 agenda,
1513 3634 1812 3702 deterreat,
1843 3639 1936 3692 sed
1977 3655 2067 3694 so-

493 3708 610 3776 lum,
657 3714 1027 3785 cognitionem
1071 3718 1270 3785 borum
1302 3706 1622 3797 suppeditet
1676 3727 1744 3782 iis
1804 3730 1899 3801 qui
1944 3746 2065 3787 eam

492 3804 808 3872 possident,
841 3809 1033 3876 quales
1064 3813 1340 3869 cernimus
1373 3818 1692 3885 permultos.
1717 3819 1829 3876 Nec
1863 3831 2066 3895 tempe-

488 3897 727 3952 rantiam
745 3916 986 3969 rursum,
999 3904 1365 3973 eligendorum
1387 3910 1871 3986 fugiendorumque
1894 3918 2065 3972 scien-

493 3987 624 4045 tiam
649 3994 941 4060 quamdam
977 4011 1098 4052 esse
1118 4016 1133 4064 ;
1157 4016 1323 4070 quam
1352 4003 1601 4059 videlicet
1628 4021 1735 4060 non
1770 4008 2060 4065 admodum

493 4078 723 4147 doceant
756 4085 935 4141 caeteri
961 4089 1302 4160 philosophi,
1338 4108 1401 4147 ac
1445 4095 1715 4166 praecipue
1760 4100 2057 4167 neoterici;

492 4169 585 4238 qui
613 4171 792 4228 verbis
834 4166 1052 4244 quidem
1097 4180 1308 4243 strenui
1349 4180 1625 4253 fortesque
1668 4195 1798 4241 sunt
1850 4166 2060 4260 (quales

491 4272 592 4327 ego
608 4275 846 4332 persaape
868 4265 1098 4321 miratus
1120 4282 1402 4337 sum,cum
1419 4276 1664 4331 eamdem
1687 4280 1937 4343 virtutem
1963 4282 2057 4339 Dei

490 4359 545 4403 et
577 4351 879 4421 hominum,
905 4364 960 4411 et
984 4356 1094 4412 Deo
1121 4358 1173 4413 in
1208 4364 1394 4430 primis
1422 4366 1652 4422 similem
1682 4372 1736 4425 in
1771 4384 1911 4427 terra
1934 4390 2057 4430 esse

2170 3176 2443 3245 ἐπιστήμη
2491 3175 2706 3242 ἀγαθῶν
2752 3177 2845 3229 καὶ
2891 3176 3094 3240 κακῶν,
3141 3176 3174 3248 ἢ
3218 3178 3489 3250 ποιητέων
3536 3179 3620 3232 καὶ
3657 3180 3705 3233 οὔ

2170 3268 2435 3339 ποιητέων
2468 3270 2500 3340 ἡ
2533 3270 2789 3339 φρόνησις
2812 3286 2825 3300 ³
2860 3270 3015 3323 τοῦτο
3036 3271 3099 3341 δὴ
3134 3271 3193 3324 τὸ
3220 3273 3381 3326 κενὸν
3409 3274 3504 3327 καὶ
3532 3274 3706 3343 hvmo:-

2167 3359 2258 3424 λές
2299 3360 2543 3432 μάθημα,
2588 3363 2635 3414 εἰ
2678 3364 2705 3414 ὁ
2745 3360 2901 3429 λόγος
2939 3364 3024 3434 εἴη
3072 3364 3179 3418 τῶν
3223 3364 3407 3451 ἔργων
3455 3365 3593 3435 δίχα,
3631 3367 3705 3419 καὶ

2169 3451 2424 3523 φρόνησις
2459 3450 2578 3521 οὐχὶ
2620 3451 2845 3506 ποιοῦσα
2874 3452 2944 3507 τά
2976 3455 3191 3524 ποιητὰ,
3226 3450 3323 3509 καὶ
3354 3456 3703 3527 ἀποτρέπουσα

2166 3543 2272 3596 τῶν
2307 3543 2368 3596 οὐ
2410 3544 2646 3614 ποιητῶν
2674 3542 2819 3616 (90),
2853 3543 3137 3611 γινώσκειν
3179 3546 3236 3600 δὲ
3280 3546 3459 3601 ταῦτα
3503 3564 3704 3619 παρεχο-

2170 3635 2301 3707 μένη
2334 3638 2446 3700 τοῖς
2486 3636 2700 3708 ἔχουσιν
2728 3638 2916 3708 αὐτὴν,
2948 3638 3090 3701 οἴους
3121 3638 3353 3704 πολλοὺς
3390 3640 3616 3713 ὁρῶμεν.
3651 3638 3701 3691 Ἡ

2164 3728 2221 3784 δὲ
2244 3727 2559 3800 σωφροσύνη
2589 3728 2747 3784 πάλιν
2769 3728 2851 3782 ὅτι
2875 3729 2938 3801 δὴ
2972 3729 3057 3801 εἴη
3078 3748 3162 3795 τις
3193 3731 3477 3804 ἐπιστήμη
3504 3728 3699 3791 αἱρετῶν

2164 3818 2258 3872 καὶ
2282 3819 2378 3888 οὐχ
2411 3818 2659 3889 αἱρετῶν,
2690 3821 2750 3873 οὐ
2781 3819 2921 3873 πάνυ
2945 3837 2998 3873 τι
3030 3820 3388 3875 διδασκόντων
3428 3820 3594 3891 αὐτὴν
3616 3821 3700 3873 τῶν

2164 3910 2335 3964 ἄλλων
2374 3910 2692 3980 φιλοσόφων,
2739 3914 2834 3966 καὶ
2882 3910 3117 3982 μάλιστά
3148 3926 3211 3980 γε
3266 3912 3383 3968 τῶν
3429 3912 3697 3983 νεωτέρων,

2161 4005 2326 4058 ὄντων
2350 4005 2445 4074 μὲν
2468 4005 2697 4058 εὐτόνων
2721 4006 2813 4060 καὶ
2836 4006 3158 4077 ἐρρωμένων
3181 4009 3293 4070 τοῖς
3337 4005 3521 4074 λόγοις
3564 4005 3699 4076 (οἴους

2161 4095 2271 4164 ἐγὼ
2296 4096 2550 4160 πολλάκις
2575 4096 2875 4168 ἐθαύμασα,
2904 4098 3030 4151 ὅταν
3050 4096 3147 4169 τὴν
3171 4098 3340 4170 αὐτὴν
3364 4096 3565 4170 ἀρετὴν
3585 4095 3695 4149 Θεοῦ

2160 4185 2254 4239 καὶ
2278 4184 2373 4238 ἀνθ
2383 4184 2596 4257 ρώπων,
2625 4187 2717 4240 καὶ
2742 4186 2834 4239 ἐπὶ
2858 4187 2960 4258 γῆς
2984 4187 3052 4240 τὰ
3075 4187 3267 4259 πρῶτα
3295 4188 3420 4260 Θεῷ
3446 4184 3558 4241 ἴσον
3580 4183 3696 4240 εἶναι

2158 4275 2249 4328 τὸν
2284 4276 2446 4345 σοφὸν
2479 4276 2758 4347 ἄνθρωπον
2780 4277 3151 4349 ἀποδείξωσιν)
3171 4296 3184 4309 ·
3215 4278 3335 4332 οὔτε
3375 4280 3435 4333 δὲ
3467 4281 3562 4350 τήν
3586 4277 3693 4349 φρό-

2157 4384 2311 4438 νησιν
2338 4367 2413 4430 ὼς
2454 4371 2546 4422 καὶ
2573 4371 2714 4423 ποιεῖ
2742 4371 2849 4438 (91)
2871 4387 2958 4434 τις
2982 4370 3051 4424 τὰ
3090 4372 3404 4441 φρονήσεως
3422 4389 3435 4401 ο
3472 4370 3586 4423 οὔτε
3613 4368 3692 4438 τὴν

488 4445 787 4513 sapientem
821 4449 1304 4525 demonstrarent);
1338 4472 1437 4511 nec
1476 4461 1840 4531 prudentiam,
1878 4475 1939 4522 ut
1970 4467 2052 4522 fa-

2173 4460 2508 4531 ιωφροσύνην
2549 4460 2624 4523 ὡς
2663 4462 2755 4515 καὶ
2792 4463 2993 4535 αίρεῖτό
3029 4480 3112 4527 τις
3146 4462 3296 4516 ταῦθ’
3338 4463 3483 4535 ἅπερ
3524 4460 3689 4533 ἔμαθε,

487 4537 600 4592 ciat
622 4541 892 4611 quispiam
922 4560 1045 4615 quae
1084 4557 1213 4603 sunt
1244 4551 1571 4620 prudentiae;
1606 4569 1705 4610 nec
1750 4567 2053 4631 temperan«

486 4630 643 4697 tiam,
674 4641 818 4690 utea
849 4635 1013 4707 eligat
1053 4655 1175 4708 quae
1214 4642 1420 4711 didicit,
1466 4645 1701 4702 tribuere
1739 4651 1949 4717 valent;
1987 4653 2054 4708 de

488 4720 757 4790 iniustitia
789 4725 971 4782 itidem
1011 4745 1076 4793 ac
1121 4730 1439 4791 fortitudine
1480 4738 1714 4801 inaniter
1754 4742 2048 4812 disputant.

484 4810 607 4867 Non
640 4816 721 4871 sic
745 4817 847 4873 iste
867 4822 1025 4878 nobis
1047 4825 1114 4880 de
1138 4826 1427 4886 virtutibus
1456 4833 1636 4889 verbis
1671 4810 1853 4890 solum—
1878 4838 2053 4894 disse—

486 4904 661 4970 rebat,
687 4908 783 4963 sed
827 4909 896 4964 ad
943 4927 1105 4982 opera
1151 4919 1331 4985 potius
1371 4920 1659 4991 incitabat;
1700 4935 1753 4980 et
1793 4927 2053 4984 incitabat

484 4998 742 5067 operibus
772 5002 946 5072 magis
972 5002 1237 5076 factisque
1259 5026 1420 5079 quam
1448 5014 1644 5071 verbis.

556 5087 627 5146 X.
668 5089 822 5162 Rogo
848 5103 1029 5149 autem
1057 5098 1411 5169 philosophos
1435 5106 1526 5174 qui
1554 5122 1701 5163 nunc
1724 5120 2048 5181 sunt,quot-

484 5189 617 5250 quot
653 5182 783 5237 novi
821 5182 958 5255 ipse,
1009 5196 1064 5243 et
1093 5204 1231 5259 quos
1266 5192 1388 5249 aliis
1431 5199 1780 5255 narrantibus
1830 5202 2013 5257 audivi
2030 5222 2048 5263 τ.

712 5365 840 5456 Ἐφ’
869 5366 1419 5456 έᾳυτῆςλβεηξζειίυε
1440 5377 1688 5456 rescribit
1714 5381 1797 5456 ἐφς
1826 5384 2042 5456 ἑαυτῆς.

557 5436 683 5511 (8-8λ
715 5436 1031 5511 ᾈπονέιέει.
1088 5438 1178 5496 Sic
1221 5436 1449 5500 Vossius
1492 5455 1545 5501 et
1605 5464 1705 5504 ms.
1753 5436 2047 5511 Vaticanus

478 5507 899 5596 apuglnpel‘arue.
921 5507 1216 5596 'llienge‘lius
1246 5514 1722 5596 cum_ﬂaesc_helio,
1759 5507 2041 5596 ἀπονέμοιί

464 5602 524 5656 κῇ
555 5574 1344 5656 (89)“Σωτηριᾳν.⁷Σώτειραν
1376 5586 1660 5656 legendum
1700 5574 2047 5652 existimabat

480 5641 806 5722 Bengel_ius,_
841 5641 908 5702 ei
954 5650 1021 5722 iis
1068 5667 1190 5721 qua:
1234 5641 1372 5708 infra
1418 5641 2041 5722 occurrunt

481 5726 603 5795 cap.
635 5716 720 5783 Η,
744 5715 1003 5791 σώτειραν
1025 5715 1146 5779 τινα
1177 5724 1270 5778 καὶ
1301 5725 1533 5796 φύλακα.

2156 4550 2487 4621 παραδοῦναι
2518 4551 2826 4623 δυναμένων
2845 4571 2858 4584 ο
2898 4554 3092 4625 ὁμοίως
3129 4554 3186 4606 δὲ
3228 4555 3363 4608 κάπὶ
3393 4555 3495 4625 τῆς
3517 4555 3691 4607 δικαιο-

2156 4638 2340 4710 σύνης,
2388 4641 2481 4694 καὶ
2513 4640 2605 4693 ἐπὶ
2652 4642 2749 4712 τῆς
2781 4641 3047 4714 ἀνδρείας.
3095 4644 3205 4714 Οὐχ
3244 4643 3416 4709 οὕτως
3456 4640 3600 4707 οὗτος
3632 4641 3687 4694 τὰ

2152 4732 2280 4804 περὶ
2321 4733 2526 4805 ἀρετῶν
2571 4738 2701 4807 ήμῖν
2743 4736 2939 4807 διεξῄει
2984 4736 3180 4806 λόγοις,
3225 4740 3316 4792 ἐπὶ
3361 4739 3421 4794 δὲ
3464 4738 3529 4793 τὰ
3573 4738 3687 4810 ἔργα

2155 4825 2354 4897 μᾶλλον
2381 4829 2676 4898 παρεκάλει
2696 4844 2710 4858 ⁸
2739 4828 2833 4882 καὶ
2865 4830 3155 4902 παρεκάλει
3181 4831 3344 4887 πλέον
3369 4836 3480 4897 τοῖς
3508 4832 3682 4905 ἔργοις,

2153 4916 2186 4989 ἢ
2217 4910 2298 4981 οἷς
2330 4917 2532 4988 ἔλεγεν.

2150 5002 2175 5039 6

2221 5101 2278 5152 Ρ.
2324 5098 2667 5172 Ἐξαιτοῦμαι
2711 5101 2768 5155 δὲ
2812 5102 2961 5175 παρά
3004 5120 3063 5157 τε
3111 5103 3413 5174 φιλοσόφων
3458 5103 3561 5158 τῶν
3600 5100 3680 5154 νῦν

2148 5190 2336 5256 ὄντων,
2367 5193 2526 5256 ὅσους
2557 5192 2717 5257 αὐτὸς
2742 5192 2930 5262 ἔγνων,
2965 5194 3059 5248 καὶ
3096 5195 3253 5259 ὅσους
3287 5195 3459 5251 ἄλλων
3486 5195 3679 5267 διηγου-

2219 5389 2331 5463 (90)
2370 5392 2656 5468 Homeri...
2700 5392 2974 5468 ποιητῶν.
3021 5394 3181 5452 Forte
3225 5396 3508 5468 legendum
3542 5409 3677 5465 ποιη-

2147 5464 2311 5517 τέα...
2345 5463 2633 5534 ποιητέων,
2660 5474 2716 5517 ut
2750 5467 2911 5534 paulo
2940 5475 3083 5521 ante.

2220 5534 2330 5603 (9|)
2366 5532 2542 5608 Ποιεξ.
2578 5532 2862 5608 Bengelius
2890 5535 3017 5606 legit
3046 5539 3205 5590 ποιοῖ.
3233 5535 3299 5591 Et
3324 5553 3447 5593 mox
3472 5535 3672 5608 αίροῖτο.

2146 5603 2298 5658 Hanc
2321 5604 2673 5676 posteriorem
2702 5603 2985 5661 lectionem
3015 5608 3261 5676 sequitur
3275 5609 3435 5662 etiam
3462 5603 3673 5676 nuperos

2148 5671 2332 5749 editor
2350 5671 2694 5742 Parisicnsis,
2729 5676 2821 5746 qui
2865 5686 3045 5736 tamen
3078 5671 3273 5734 retinet
3298 5671 3670 5749 priorem-V05“

2154 5759 2381 5802 sianam.
