3950 6326
205 313 346 370 tost
460 294 461 297 ‘

1201 312 1271 368 IN
1311 309 1676 369 ORIGENEM
1710 309 1971 369 ORATIO
2006 307 2466 367 PANEGYRICA.

3316 310 3454 367 1082

206 431 390 503 μένων
421 431 632 503 ηκουσα
656 448 669 462 ·
706 432 799 487 καὶ
831 431 979 503 παρὰ
1008 431 1118 487 τῶν
1149 432 1321 487 ἄλλων
1364 433 1421 487 δὲ
1456 431 1776 505 ἀνθρώπων,

1886 431 2135 487 homines
2165 431 2290 486 item
2325 440 2574 497 caeteros,
2603 438 2665 485 ut
2696 444 2819 500 qua:
2843 445 2874 484 a
2902 429 3067 487 nobis.
3088 445 3239 487 nunc
3261 430 3458 493 dicun-

202 523 565 593 ἀνεμεσήτως
594 522 735 591 ἔχειν
759 521 895 594 πρὸς
914 521 983 575 τὰ
1007 519 1103 575 νῦν
1135 522 1266 593 ήμῖν
1290 521 1578 592 λεγόμενα.
1607 520 1699 592 Μὴ
1725 520 1782 574 δέ

207 614 279 684 μέ
312 630 399 677 τις
428 614 462 685 ἢ
497 612 649 684 φιλίᾳ
674 615 740 684 τῇ
777 612 915 685 πρὸς
935 612 1029 667 τὸν
1057 613 1246 686 ἄνδρα,
1282 612 1316 684 ἢ
1348 614 1443 667 καὶ
1481 611 1783 682 ἀπεχθανό-

206 721 376 777 μενον
399 704 481 758 ἔτι
503 707 613 767 τοῖς
637 703 839 768 λοιποῖς
872 703 1179 774 φιλοσόφοις
1207 697 1302 774 (ὧν
1333 704 1491 775 εῐπερ
1516 720 1599 767 τις
1626 702 1781 767 ἄλλος

202 799 307 853 καὶ
340 798 507 863 αὐτὸς
546 796 782 868 ἐραστής
822 812 881 848 τε
913 793 1001 848 διὰ
1042 796 1168 858 τοὺς
1210 794 1403 864 λόγους
1439 790 1579 847 εἶναι
1619 793 1779 859 θέλω,

201 891 304 945 καὶ
332 892 601 962 εὐφημεῖν
631 888 828 954 αὐτοὺς
872 887 1150 959 βούλομαι,
1178 888 1341 951 αὐτός
1374 904 1432 940 τε
1464 888 1556 941 καὶ
1583 886 1781 956 ἑτέρων

198 983 277 1037 τὰ
309 982 573 1037 κάλλιστα
595 980 856 1051 λεγόντων
881 980 1008 1052 περὶ
1032 978 1212 1033 αὐτῶν
1237 979 1452 1032 ἀκούειν
1473 997 1486 1009 ·
1515 978 1651 1032 ἀλλὰ
1675 978 1782 1050 γὰρ

198 1073 434 1127 τοιαῦτά
473 1074 641 1137 ἐστιν,
681 1071 757 1136 ὡς
800 1073 880 1136 είς
921 1070 1146 1141 ἔσχατον
1196 1068 1637 1143 περιυϐρίζεσθαι
1684 1070 1783 1140 μὲν

201 1163 319 1217 ὑπὸ
346 1163 560 1217 πάντων
590 1162 773 1232 σχεδὸν
807 1162 901 1217 καὶ
926 1161 1160 1233 τοῦνομα
1185 1161 1283 1231 τῆς
1311 1161 1626 1231 φιλοσοφίας
1645 1177 1659 1189 ’
1683 1160 1783 1231 ἐμὲ

196 1254 262 1308 δὲ
316 1253 513 1326 μικροῦ
558 1254 668 1308 δεῖν
709 1253 1001 1306 ἰδιωτεύειν
1050 1253 1262 1307 ἑλέσθαι
1304 1252 1501 1323 πάντη,
1544 1252 1687 1323 ήπερ
1729 1269 1780 1304 τι

203 1345 409 1416 μαθεῖν
454 1339 531 1400 ὧν
566 1340 706 1399 οὗτοι
740 1343 1196 1413 ἀπαγγέλλουσιν,
1226 1341 1306 1409 οἷς
1346 1344 1432 1398 διὰ
1465 1344 1555 1398 τὸν
1596 1344 1781 1398 λοιπὸν

203 1434 326 1506 βίον
357 1434 479 1489 οὐδὲ
505 1435 782 1502 προσιέναι
806 1433 953 1500 ἄξιον
985 1428 1123 1487 εἶναι
1149 1434 1382 1500 ἐδόκουν,
1411 1434 1539 1498 ἴσως
1570 1435 1669 1489 οὐκ
1694 1435 1783 1505 όρ-

201 1526 319 1591 θῶς
348 1526 510 1580 τοῦτο
538 1524 791 1597 φρονῶν).
822 1525 969 1595 Πλὴν
1011 1525 1084 1597 μή
1120 1526 1190 1598 μέ
1222 1544 1305 1590 τις
1347 1526 1624 1597 φιλοτιμίᾳ
1650 1526 1779 1591 τινὶ,

197 1619 328 1690 ἦτοι
360 1618 470 1672 τῶν
500 1620 580 1682 εἰς
612 1618 703 1672 τὸν
733 1619 901 1691 ἄνδρα
926 1618 1179 1682 ἐπαίνων,
1206 1618 1238 1689 ἢ
1265 1622 1331 1689 τῇ
1365 1619 1501 1690 πρὸς
1524 1619 1650 1681 τοὺς
1678 1617 1783 1682 ἔξω

197 1709 531 1779 φιλοσόφους
560 1708 693 1781 ἄλλῃ
728 1709 900 1784 ταύτῃ
943 1709 1220 1782 φιλοτιμίᾳ
1253 1710 1361 1781 (9‘2)
1401 1710 1575 1764 ταῦτα
1606 1710 1783 1779 λέγειν

198 1799 565 1873 ὑποωησάτω
588 1818 602 1832 ·
645 1800 779 1855 ἀλλὰ
807 1802 901 1856 καὶ
941 1802 1240 1874 μικρότερα
1280 1803 1429 1873 ἡμᾶς
1473 1801 1581 1856 τῶν
1617 1801 1780 1856 αὐτοῦ

196 1892 408 1965 ἔργων,
460 1892 534 1965 μὴ
573 1893 889 1949 κολακεύειν
919 1894 1225 1964 δοκοίημεν,
1268 1895 1444 1963 λέγειν
1484 1897 1780 1959 πεπείσθω,

197 1978 330 2049 οὐχὶ
376 1979 596 2050 ῥήματα
640 1978 734 2030 καὶ
780 1978 1047 2049 ὀνόματα,
1083 1979 1178 2034 καὶ
1218 1976 1472 2050 ἀφορμὰς
1501 1974 1777 2045 ὲντέχνους

197 2068 504 2139 ἐγκωμίων
538 2069 750 2133 ἑαυτοῖς
787 2069 1241 2142 ἑκποριζομένους
1282 2070 1393 2139 (93)
1415 2108 1431 2133 ,
1460 2068 1519 2132 δς
1552 2068 1657 2122 οὐδ’
1689 2069 1779 2121 ὅτε

202 2158 499 2230 μειράκιον
522 2157 617 2223 ὢν,
648 2160 745 2231 τήν
766 2158 987 2231 δημώδη
1019 2162 1311 2233 ῥητορικὴν
1335 2162 1400 2214 ὲκ
1422 2162 1646 2233 ῥήτορος
1673 2161 1781 2213 ὲδι-

198 2249 528 2321 δασκόμην,
570 2251 842 2314 ἐπαινεῖν,
876 2250 969 2303 καὶ
994 2249 1171 2317 λέγειν
1203 2249 1328 2320 περί
1362 2266 1453 2302 του
1483 2247 1775 2319 ἐγκώμιον,

199 2341 233 2394 δ
261 2357 321 2393 τι
368 2339 446 2411 μή
477 2339 676 2411 ἀληθὲς
710 2336 808 2412 ἦν,
853 2340 993 2394 ἑκὼν
1025 2341 1309 2412 ὑπέμενον.
1353 2342 1426 2394 Οὔ
1459 2341 1636 2394 τοίνυν
1660 2340 1779 2395 οὐδὲ

198 2428 325 2492 νῦν,
355 2431 600 2483 ἐπαινεῖν
629 2430 961 2502 προθέμενος
985 2429 1169 2495 ἁπλῶς
1188 2470 1202 2494 ,
1228 2434 1339 2496 τοῖς
1374 2431 1570 2503 ἐτέρων
1592 2430 1778 2500 ψόγοις

198 2519 402 2574 τοῦτον
450 2520 684 2592 ἐξαίρειν
726 2516 880 2592 οἶμαι
912 2521 1053 2575 δεῖν·
1086 2522 1117 2593 ἢ
1157 2522 1340 2586 κακῶς
1361 2522 1426 2576 ἂν
1453 2523 1561 2594 (94)
1593 2522 1777 2592 ἔλεγον

195 2611 296 2666 τὸν
328 2611 517 2683 ἄνδρα,
550 2615 663 2676 τοῖς
691 2611 864 2667 ἄλλων
894 2613 1248 2684 πταίσμασιν,
1275 2615 1361 2667 ἵνα
1383 2632 1434 2668 τι
1459 2614 1586 2687 περὶ
1610 2613 1775 2669 αὑτοῦ

200 2705 397 2775 μεῖζον
441 2703 505 2775 δή
552 2703 728 2773 λέγειν
772 2704 984 2776 ἔχοιμι,
1022 2704 1351 2778 παραϐαλὼν
1391 2706 1480 2760 τὸν
1508 2708 1775 2780 μακάριον

143 2780 153 2789 ⁷
201 2793 378 2852 αὐτοῦ
410 2794 522 2866 βίον
541 2813 556 2826 ·
586 2796 685 2866 οὐχ
714 2795 887 2860 οὕτως
917 2797 1249 2869 ἁφραίνομεν
1267 2815 1281 2829 ’
1320 2798 1434 2852 ἀλλ’
1464 2799 1591 2853 αὐτὸ
1619 2799 1647 2853 ὃ
1675 2799 1774 2854 πέο

194 2889 397 2954 πονθα,
428 2889 551 2960 δίχα
591 2888 733 2953 τινὸς
761 2889 1072 2961 παραϐολῆς
1108 2890 1197 2944 καί⁵
1230 2890 1559 2961 πανουργίας
1588 2890 1684 2963 τῆς
1716 2894 1775 2946 ὲν

192 2978 403 3047 λόγοις,
427 2977 760 3048 ὁμολογήσω.

271 3071 378 3124 IA’.
406 3065 575 3136 Οὗτός
608 3091 677 3145 με
705 3073 918 3147 πρῶτος
948 3075 1045 3130 κα)⁵
1077 3076 1236 3148 μόνος
1258 3077 1351 3132 καὶ
1382 3078 1478 3152 τήν
1509 3080 1778 3155 Ἐλλήνων

195 3163 523 3233 φιλοσοφίαν
556 3164 861 3235 φιλοσοφεῖν
903 3165 1302 3238 προύτρέψατο,
1331 3172 1443 3233 τοῖς
1477 3170 1631 3243 ήθεσι
1662 3177 1777 3238 τοῖς
1802 3189 1844 3248 c

196 3254 358 3320 ἰδίοις
388 3254 574 3320 αὐτοῦ,
613 3258 709 3311 καὶ
750 3257 845 3312 τοῦ
888 3258 1017 3331 περὶ
1057 3257 1204 3328 ἠθῶν
1233 3259 1464 3315 ἀκοῦσαι
1508 3264 1602 3317 καὶ
1642 3265 1775 3320 ἀνα-

196 3345 430 3416 σχέσθαι
477 3346 637 3417 λόγου
682 3350 895 3415 πείσας,
940 3352 1041 3404 οὐκ
1085 3349 1151 3406 ἂν
1192 3351 1481 3409 πεισθέντα
1518 3355 1642 3409 ὅσον
1684 3358 1778 3412 ἐπὶ

191 3442 312 3503 τοῖς
342 3438 525 3504 ἄλλοις
562 3441 868 3513 φιλοσόφοις
899 3441 1095 3514 (πάλιν
1130 3444 1431 3519 ὁμολογῶ),
1464 3448 1564 3503 οὐκ
1601 3448 1777 3522 ὀρθῶς

197 3529 325 3599 μὲν,
346 3528 625 3602 δυστυχῶς
640 3532 717 3596 δὲ,
745 3532 939 3604 μικροῦ
961 3534 1091 3598 δεῖν,
1120 3535 1252 3606 ήμῖν
1276 3575 1291 3590 .
1314 3538 1388 3591 Οὐ
1418 3539 1609 3608 μενοῦν
1661 3540 1774 3613 (95)

191 3617 322 3672 οὐδὲ
369 3618 609 3675 πλείοσιν
651 3621 900 3693 ἐνέτυχον
940 3623 1002 3677 τὸ
1055 3623 1289 3695 πρῶτον,
1327 3624 1527 3695 ὀλίγοις
1565 3625 1622 3679 δέ
1666 3644 1775 3681 τισι

190 3712 313 3775 τοῖς
341 3710 613 3767 διδάσκειν
644 3713 1151 3787 ἐπαγγελλομένοις,
1188 3716 1319 3771 ἀλλὰ
1360 3716 1467 3790 γὰρ
1501 3720 1632 3773 πᾶσι
1681 3719 1777 3791 μέ-

191 3820 291 3875 χρι
339 3802 599 3876 ῥημάτων
636 3805 697 3859 ὼ
741 3806 1049 3877 φιλοσοφεῖν
1091 3809 1369 3880 στήσασιν.
1404 3805 1569 3875 Οὗτος
1614 3811 1671 3865 δέ
1707 3830 1775 3884 με

193 3894 419 3965 πρῶτος
443 3897 537 3949 καὶ
562 3899 674 3961 τοῖς
701 3897 880 3967 λόγοις
907 3899 1213 3970 φιλοσοφεῖν
1246 3902 1638 3975 προύτρέψατο,
1663 3907 1777 3968 τοῖς

191 3988 386 4061 ἔργοις
412 3988 623 4060 φθάσας
652 3990 749 4062 τὴν
773 3990 863 4046 διὰ
892 3991 1063 4063 λόγων
1095 3995 1431 4069 προτροπὴν,
1461 3996 1559 4051 οὐκ
1590 3998 1774 4066 ἀπαγ-

192 4081 406 4151 γέλλων
444 4082 603 4154 μόνον
648 4086 865 4156 ῥήματα
906 4086 1340 4160 μεμελετημένα,
1374 4089 1490 4143 ἀλλ’
1522 4090 1643 4144 οὐδὲ
1691 4090 1776 4144 λέ-

191 4190 318 4243 γειν
340 4173 528 4243 ἀξιῶν,
552 4177 601 4228 εί
625 4175 700 4247 μὴ
726 4176 822 4230 σὺν
842 4178 1123 4251 εἰλικρινεῖ
1148 4182 1213 4252 τῇ
1237 4179 1432 4255 γνώμῃ
1455 4182 1548 4237 καὶ
1570 4182 1774 4254 πρᾶξαι

189 4265 268 4319 τὰ
293 4267 560 4339 εἰρημένα
592 4268 966 4344 ἀγωνιουμένῃ
993 4270 1149 4325 τοῦτο
1185 4275 1328 4326 ποιοῖ
1359 4273 1499 4344 (96)ι
1535 4276 1567 4347 ἢ
1603 4274 1776 4328 τοιοῦ-

190 4373 290 4411 τον
317 4358 512 4412 ἑαυτὸν
543 4362 919 4433 παρασχέσθαι
944 4363 1299 4435 πειρώμενος,
1334 4361 1442 4420 οἷον
1462 4371 1575 4432 τοῖς
1600 4368 1774 4436 λόγοις

190 4448 422 4516 διέξεισι
448 4450 540 4505 τὸν
563 4453 743 4517 καλῶς
776 4453 1124 4526 βιωσόμενον,
1150 4458 1242 4512 καὶ
1268 4460 1613 4531 παράδειγμα
1650 4462 1769 4532 μὲν,

1883 532 1992 588 tur,
2014 537 2173 592 aequo
2207 521 2392 577 animo
2420 520 2707 590 accipiant.
2738 519 2848 577 Nec
2876 536 3006 576 vero
3046 538 3134 577 me
3163 521 3457 594 quisquam
3516 550 3524 565 -

1881 615 2000 673 haec
2041 615 2224 669 dicere
2267 613 2558 667 arbitretur
2598 623 2692 666 aut
2732 627 2918 667 amore
2961 629 3089 684 erga
3132 613 3331 680 virum,
3363 630 3461 671 aut

1883 704 2215 774 reliquorum
2243 703 2693 774 philosophorum
2713 703 2840 758 odio
2863 703 3044 772 (quos,
3072 704 3125 769 si
3146 705 3267 776 quis
3294 706 3454 772 alius,

1883 804 1938 850 et
1962 810 2148 850 amare
2177 804 2397 866 propter
2434 809 2735 856 sermones,
2782 803 2835 849 et
2879 794 3102 855 laudare
3150 797 3266 867 ipse
3310 798 3457 869 volo,

1883 897 1941 945 et
1973 889 2109 944 alios
2142 888 2506 959 pulcherrima
2545 888 2614 943 de
2650 888 2783 959 ipsis
2826 887 3069 948 dicentes
3103 892 3292 950 audire
3319 914 3335 961 :_
3362 912 3457 951 ve-

1883 998 2006 1037 rum
2030 983 2145 1036 haec
2178 982 2395 1036 illorum
2438 982 2566 1037 talia
2612 990 2762 1050 sunt,
2796 992 2857 1039 ut
2906 999 3119 1039 summa
3161 988 3285 1042 inde
3324 1004 3459 1043 con-

1883 1072 2105 1128 tumelia
2138 1073 2205 1126 ab
2245 1072 2503 1126 omnibus
2535 1074 2928 1143 pmpemodum
2959 1075 3224 1130 alliciatur
3259 1093 3457 1141 nomen

1883 1164 2062 1234 ipsum
2109 1164 2501 1235 philosophiae;
2550 1176 2603 1221 et
2639 1181 2740 1236 ego
2785 1168 3006 1233 malim,
3056 1182 3206 1236 pzeue
3254 1169 3454 1235 dicam,

1882 1256 2171 1325 imperitus
2197 1258 2355 1328 plane
2383 1273 2526 1327 esse,
2561 1274 2724 1329 quam
2777 1260 2982 1330 aliquid
3012 1275 3200 1314 eorum
3245 1261 3455 1316 discere

1882 1366 2005 1419 quae
2045 1349 2149 1420 ipsi
2182 1349 2539 1421 proﬁtentur;
2579 1351 2644 1406 ad
2677 1367 2818 1422 quos
2854 1352 2972 1422 ipse
3015 1351 3222 1422 reliqua
3258 1353 3316 1406 in
3342 1352 3455 1410 vita

1881 1440 2161 1508 accedere,
2192 1441 2475 1513 indignum
2507 1442 2800 1510 ducebam;
2832 1458 3114 1513 perperam
3147 1441 3380 1498 lortasse
3401 1442 3457 1498 id

1883 1531 2169 1603 sentiens).
2218 1531 2329 1589 Nec
2387 1549 2540 1602 vero,
2599 1534 2842 1604 inquam,
2898 1550 2986 1589 me
3038 1535 3328 1605 quisquam
3373 1532 3460 1593 vel

1882 1625 2066 1680 studio
2105 1626 2289 1696 aliquo
2325 1626 2584 1682 laudandi
2616 1626 2756 1693 viri,
2790 1627 2876 1681 vel
2922 1628 3032 1683 ullo
3073 1628 3127 1682 in
3168 1636 3459 1684 extraneos

1883 1717 2241 1788 philosophos
2272 1720 2418 1787 odio,
2455 1720 2571 1775 haec
2599 1720 2781 1775 dicere
2829 1720 3168 1789 suspicetur;
3214 1719 3309 1775 sed
3354 1721 3462 1781 mia

1811 1846 1854 1901 Β
1883 1829 2017 1879 nera
2067 1816 2232 1870 etiam
2267 1816 2413 1872 illius
2458 1816 2637 1882 factis,
2678 1831 2749 1873 ne
2795 1815 3003 1871 adulari
3043 1815 3245 1881 videar,
3277 1815 3460 1873 dicem

1883 1906 2101 1973 credat;
2151 1922 2261 1962 non
2290 1909 2455 1963 verba
2502 1917 2558 1964 et
2599 1908 2841 1970 nomina,
2875 1906 3309 1977 artiﬁciosasque
3338 1907 3460 1963 Iau-

1881 1995 2011 2049 dum
2042 1996 2360 2053 occasiones
2390 1998 2803 2067 exquirentem;
2836 1996 2931 2066 qui
2976 2011 3043 2050 ne
3081 1996 3459 2053 adolescentu-

1882 2084 1970 2140 lus
1992 2085 2235 2155 quidem,
2262 2102 2387 2142 cum
2431 2088 2749 2158 popularem
2780 2088 3142 2158 eloquentiam
3171 2103 3203 2143 a
3241 2089 3458 2144 rhetore

1881 2177 2124 2243 docvrer,
2180 2178 2370 2234 laudes
2418 2179 2725 2249 cujuspiam
2768 2189 2962 2250 sponte
3006 2181 3259 2251 persequi
3299 2188 3457 2251 pote-

1882 2285 2022 2332 ram,
2055 2286 2178 2339 quae
2204 2287 2342 2324 verae
2374 2286 2482 2325 non
2509 2281 2715 2327 essent.
2746 2270 2927 2338 Quare
2958 2287 3134 2342 neque
3155 2286 3299 2327 nunc
3323 2272 3457 2327 sim-

1881 2361 2093 2430 pliciter
2116 2361 2339 2416 laudare
2370 2361 2683 2427 instituens,
2706 2363 2938 2417 aliorum
2965 2364 3459 2433 vituperationibus

1880 2453 2063 2508 extolli
2097 2453 2241 2508 hunc
2265 2464 2514 2523 oportere
2535 2456 2789 2509 arbitror.
2823 2454 2891 2509 Et
2914 2456 3031 2509 viro
3056 2470 3188 2510 sane
3218 2455 3456 2525 injurius

1880 2560 2080 2612 essent,
2109 2546 2155 2600 si
2180 2545 2413 2600 aliorum
2452 2546 2624 2612 vitiis,
2656 2554 2716 2601 ut
2755 2546 2934 2615 majus
2977 2544 3180 2615 aliquid
3229 2545 3298 2604 de
3336 2545 3458 2615 ipso

1879 2633 2061 2689 dicere
2094 2634 2343 2698 habeam,
2377 2635 2590 2689 beatam
2615 2635 2737 2705 ejus
2767 2637 2934 2690 vitam
2965 2635 3217 2691 conferre
3247 2636 3407 2690 velim
3436 2653 3453 2693 :

1880 2742 1991 2781 non
2022 2727 2157 2782 adeo
2183 2743 2304 2782 sum
2332 2742 2556 2793 amens;
2600 2728 2693 2783 sed
2729 2728 2876 2798 quod
2906 2727 3041 2782 mihi
3076 2728 3294 2793 accidit,
3336 2728 3461 2783 sine

1878 2819 1989 2874 ulla
2037 2820 2384 2879 contentione
2426 2819 2687 2891 nulloque
2730 2820 2996 2877 orationis
3050 2818 3179 2875 fuco
3230 2818 3457 2885 conﬁte-

1878 2909 1999 2965 bur.

1948 3068 2040 3124 XI.
2084 3069 2181 3125 Hie
2217 3086 2304 3126 me
2340 3071 2550 3157 primus
2591 3086 2656 3126 ac
2687 3071 2860 3136 solus,
2895 3080 2955 3127 ut
2987 3071 3297 3128 Graecorum
3332 3071 3456 3142 pini-

1879 3159 2140 3231 losophiae
2174 3176 2393 3231 operam
2426 3161 2637 3226 darem,
2681 3161 2931 3217 hortatus
2967 3170 3083 3231 est;
3124 3162 3239 3217 suis
3281 3163 3455 3232 ipsius

1880 3254 2125 3308 moribus
2152 3264 2212 3308 ut
2238 3269 2450 3307 morum
2495 3253 2800 3309 doctrinam
2846 3261 2901 3310 et
2937 3253 3203 3309 discerem
3242 3262 3297 3308 et
3333 3270 3453 3308 am-

1876 3346 2140 3415 plecterer
2169 3344 2523 3415 persuadens,
2553 3345 2977 3415 haudquaquam
3010 3345 3189 3400 adhuc
3227 3345 3297 3400 ab
3331 3345 3454 3402 aliis

1876 3436 2216 3508 philosophis
2272 3451 2595 3507 persuasum
2660 3439 2898 3508 (rursus
2955 3437 3287 3508 conﬁteor),
3342 3453 3455 3494 non

1878 3535 2025 3583 recte
2072 3527 2124 3581 id
2170 3527 2423 3597 quidem,
2470 3527 2562 3583 sed
2612 3526 2757 3581 malo
2805 3526 3195 3596 prepem'odum
3240 3537 3451 3585 nostro.
3495 3546 3510 3568 ·

1876 3615 1992 3670 Imo
2025 3632 2153 3672 vero
2197 3631 2304 3671 non
2355 3617 2411 3672 in
2455 3617 2656 3673 multos
2698 3616 2963 3694 principio
3009 3617 3208 3686 incidi;
3257 3619 3353 3673 sed
3394 3619 3452 3674 in

1877 3726 2082 3781 paucos
2105 3712 2371 3781 quosdam
2393 3751 2408 3775 ,
2450 3710 2543 3783 qui
2589 3712 2844 3767 doctores
2887 3725 3008 3765 sese
3039 3710 3449 3781 proﬁterentur;

1877 3800 1970 3855 sed
2022 3815 2215 3855 omnes
2260 3801 2551 3856 verborum
2600 3810 2758 3858 tenus
2804 3803 3207 3874 philosophiam
3244 3804 3454 3858 consti-

1875 3901 2111 3949 tuerent.
2159 3892 2260 3948 llic
2294 3909 2423 3949 vero
2470 3910 2557 3949 me
2598 3895 2810 3965 primus
2854 3897 3017 3952 etiam
3052 3895 3233 3950 verbis
3276 3895 3452 3963 philo-

1876 3986 2094 4055 sophari
2130 3987 2381 4041 hortatus
2423 3997 2539 4052 est,
2576 4003 2698 4043 cum
2743 3987 2901 4043 factis
2939 3986 3226 4043 verborum
3255 3986 3452 4041 cohor-

1876 4080 2137 4134 tationem
2166 4078 2556 4150 praevertisset,
2589 4094 2698 4132 non
2722 4080 2884 4135 verba
2913 4078 3289 4136 tantummodo
3314 4094 3453 4148 prse-

1875 4172 2134 4227 meditata
2179 4171 2579 4241 pronuntians;
2623 4171 2756 4242 quin
2791 4186 2860 4227 ne
2896 4172 3075 4242 eloqui
3110 4171 3327 4242 quidem
3366 4169 3448 4225 di-

1876 4280 2043 4335 gnum
2090 4273 2327 4336 putans,
2378 4263 2483 4319 nisi
2526 4279 2665 4335 puro
2717 4274 2881 4335 atque
2930 4264 3144 4320 sincero
3197 4273 3252 4319 et
3305 4263 3448 4318 dicta

1876 4359 1994 4429 ipsa
2025 4358 2249 4429 exsequi
2288 4357 2538 4413 studente
2583 4358 2767 4412 animo
2804 4356 2856 4411 id
2899 4355 3133 4425 faceret;
3177 4356 3450 4424 talemque

1877 4467 1936 4506 se
1982 4451 2156 4521 ipsum
2196 4450 2439 4522 prtebere
2486 4458 2796 4515 conaretur,
2844 4449 3059 4519 qualem
3098 4448 3278 4503 verbis
3318 4461 3445 4505 eum

190 4539 501 4614 ἐϐουλόμην
539 4546 731 4609 εἰπεῖν,
768 4545 1057 4617 ἐκθέμενος
1088 4549 1272 4618 σοφοῦ.
1485 4530 1607 4605 ἐπεὶ
1637 4530 1771 4625 όιλὴσ-

1881 4544 1966 4615 qui
1993 4554 2137 4600 recte
2161 4545 2405 4600 victurus
2439 4544 2529 4607 sit,
2562 4542 2927 4609 describebat;
2959 4542 3262 4612 exemplum
3291 4556 3443 4608 sane,

192 4632 353 4688 θειαν
381 4636 533 4707 ἡμῖν,
558 4638 617 4690 οὐ
640 4637 905 4709 κομψείαν
932 4640 1292 4711 ἐπηγγείλατο
1316 4644 1345 4695 ό
1367 4642 1522 4711 λόγος
1547 4643 1772 4709 ἄνωθεν,

190 4727 549 4798 παράδειγμα
581 4729 680 4799 μὲν
720 4730 885 4784 αὐτὸν
919 4730 1081 4801 σοφοῦ
1127 4731 1335 4786 οὐδέπω
1377 4733 1551 4802 λέγω·
1595 4737 1773 4789 καίτοι

189 4834 262 4889 γε
294 4821 471 4873 εἰπεῖν
505 4820 701 4874 ἐθέλων
728 4816 869 4876 εἷναί
901 4839 959 4875 τε
1002 4822 1199 4892 ἀληθές
1233 4823 1343 4896 (97)
1365 4841 1378 4857 ·
1412 4824 1547 4879 ἀλλά
1574 4826 1648 4879 ἐῶ
1679 4826 1773 4881 νῦν

269 4930 388 5003 (92)
427 4933 756 5007 stalagmia.
793 4932 887 5007 _Bis
927 4933 1031 5007 hoc
1074 4934 1349 5007 librarius.
1376 4947 1436 4990 ut
1469 4938 1547 4999 ﬁt,
1573 4953 1771 5007 prope-

195 5000 334 5056 rans
365 5002 567 5076 posuit.
592 5000 903 5076 Liggendum
932 5004 1280 5076 φιλονεικείᾳ.
1315 5004 1406 5060 Sic
1432 5000 1775 5076 enim'poscit

188 5073 456 5144 superius
494 5071 969 5144 ἀπεχθανόμενον,
1006 5076 1174 5142 quod,
1218 5071 1528 5144 parenthesi
1563 5071 1770 5144 clausa,

194 5141 253 5197 in
293 5141 854 5213 synopymofresu'mi
890 5141 1097 5200 debuit.
1134 5141 1277 5201 Bene
1327 5145 1651 5204 Sirmondus
1674 5187 1689 5213 ,
1716 5141 1773 5202 in

192 5211 537 5283 philosophos
568 5211 708 5283 odio.
736 5212 968 5283 BENGEL.

268 5282 386 5357 (95)
435 5282 968 5357 ’Exrfpptfoyérgvc.
997 5284 1101 5357 Sic
1126 5301 1369 5357 nuperus
1419 5287 1594 5343 editor
1618 5287 1772 5344 Pari-

193 5349 422 5487 si‘gnsi'és.
454 5353 522 5405 At
550 5349 801 5421 vessius,
835 5349 1177 5412 Hmschelius
1199 5349 1252 5411 et
1275 5356 1583 5429 Bengelius,
1607 5361 1772 5415 ἐκπο-

194 5441 228 5487 ρ
288 5439 363 5487 ομ
394 5439 527 5486 νοις.

288 5439 527 5492 ομενοις.

194 5441 527 5495 ριςομενοις.

238 5491 401 5568 ..(94)
422 5494 565 5568 ‘H..._
588 5493 685 5549 ἄν.
709 5492 783 5568 [ξι
804 5495 927 5568 hoc,
946 5504 999 5568 et
1027 5494 1281 5568 Latinum
1303 5508 1415 5561 aut,
1452 5499 1568 5568 pari
1598 5501 1648 5553 vi
1675 5515 1773 5568 pro

193 5560 404 5639 alioqui
441 5564 696 5639 ponitur._
721 5562 845 5639 _Vid.
883 5566 1207 5639 Schwartz"
1261 5567 1335 5622 De
1378 5560 1570 5639 partio.
1596 5560 1769 5633 L.L..

192 5648 317 5710 cap.
343 5633 436 5710 ει,
465 5649 522 5710 n_.
553 5634 609 5699 4,
644 5634 735 5710 ubi
758 5644 1063 5710 opportune
1092 5633 1494 5710 observat,'out
1526 5640 1607 5695 sic
1642 5642 1769 5710 poni

195 5702 254 5781 ξπ
304 5702 459 5756 rebus
484 5705 738 5781 ingratis.
767 5702 896 5781 Μοξ
920 5706 1025 5781 οὐχ
1057 5705 1621 5781 οὓτωςᾼίάφραίνομεν,
1642 5702 1771 5763 ’νεν-

197 5771 328 5837 hum
352 5771 648 5856 poeticum.
678 5778 753 5831 In.
772 5771 1147 5833 —-Exis’t‘imat
1179 5771 1360 5836 editor
1381 5771 1553 5836 Paris.
1584 5780 1768 5853 legen-

1874 4639 2056 4693 dicere
2094 4638 2275 4703 volui,
2308 4651 2617 4708 proponens
2661 4636 2941 4705 sapientis.
2990 4634 3096 4689 Sed
3143 4634 3269 4705 quia
3304 4635 3446 4689 veri.

1874 4737 2039 4783 tatem
2093 4728 2287 4791 nobis,
2336 4742 2446 4782 non
2496 4742 2749 4797 pompam
2801 4736 2855 4783 et
2896 4735 3149 4781 ornatum
3197 4726 3447 4796 promisit

1872 4821 2049 4877 oratio
2099 4819 2155 4874 in
2211 4819 2468 4886 exordio,
2524 4820 2830 4891 exemplum
2876 4820 3096 4891 quidem
3142 4820 3297 4875 illum
3350 4835 3443 4875 sa-

1834 4992 1835 4997 η
1873 4931 2286 5005 (Ιιιηιμὰφραίγω
2324 4931 2441 5003 μέν.

1944 5002 2055 5077 (Q5)
2099 5001 2653 5077 ᾘμῖννοὺμενοῦν.
2698 5002 2857 5077 Ἡμῖν
2879 5011 3140 5077 construe
3162 5017 3285 5057 cum
3318 5001 3444 5077 δυσ-

1872 5072 2069 5144 τυχῶς.
2107 5072 2197 5128 Sic
2228 5072 2479 5144 superius
2500 5088 2619 5141 cap.
2649 5090 2700 5134 ν,
2739 5074 2841 5126 sub
2871 5072 3055 5144 ﬁnem,
3086 5072 3443 5144 σωτηριωδῶς

1869 5142 2036 5215 ἡμῖν·
2077 5152 2133 5196 et
2179 5142 2311 5212 cap.’
2342 5142 2402 5207 7,
2449 5144 2596 5199 circa
2632 5144 2867 5215 medium
2894 5184 2934 5215 ,ᾗ
2960 5142 3247 5215 δυσχερῶς
3286 5143 3439 5211 ἡμῖν.

1879 5212 2096 5269 Veteres
2118 5215 2406 5277 editiones,
2435 5230 2559 5269 cum
2587 5229 2790 5281 nupera
2817 5212 3135 5277 ParisienSi,
3156 5212 3440 5283 οὔμενουν,

1871 5295 1933 5361 ut
1958 5285 2112 5361 multi
2142 5283 2382 5361 scribere
2418 5285 2635 5361 solent;
2673 5285 2834 5361 idque
2855 5298 3004 5361 ‘cum
3036 5284 3315 5361 superiore
3347 5296 3447 5361 peq

1871 5356 2028 5410 riodo
2089 5355 2448 5424 conjunguut.
2510 5353 2617 5408 Sed
2673 5352 3067 5419 CaSaubonus,
3108 5352 3181 5405 οὐ
3246 5352 3442 5424 μενοῦν

1870 5426 1994 5480 οὐδὲ
2027 5424 2143 5489 πλ.,
2171 5422 2331 5492 cujus
2356 5426 2678 5480 sententiam
2715 5425 3060 5479 conlirmabit
3096 5422 3357 5492 Devarius
3383 5422 3440 5477 in

1845 5496 2143 5576 particula
2177 5491 2297 5566 μέν,
2323 5511 2445 5565 pag.
2479 5495 2582 5551 I27
2607 5496 2737 5550 edit.
2779 5494 2938 5549 Rom.
2975 5493 3163 5565 Itaque
3198 5493 3258 5546 οὐ
3287 5491 3445 5618 Puto

1876 5567 2090 5618 uevouvl
2135 5581 2258 5618 cum
2317 5567 2682 5618 subsequente
2713 5566 2833 5618 οὐδέ
2878 5566 3254 5618 nleonasmum
3310 5572 3440 5618 acu.

1874 5562 2091 5639 μενοῦν)
2135 5562 2258 5620 cum
2317 5562 2696 5639 subsequente
2713 5566 2833 5639 066}
2878 5562 3254 5633 pleonasmum
3287 5562 3440 5624 facit.

1873 5635 1933 5693 ut
1971 5635 2133 5693 paulo
2163 5643 2288 5690 ante
2312 5637 2373 5689 οὐ
2407 5635 2589 5690 τοίνυν
2613 5636 2755 5689 οὐδέ.
2787 5635 3017 5689 Βειιοει..

1941 5704 2055 5779 (96)
2097 5706 2283 5761 Ποιοῖ.
2312 5706 2467 5778 Legit
2496 5707 2795 5779 Bengclius
2816 5704 3004 5779 ποιῶν.

1942 5773 2056 5852 (97)
2095 5779 2291 5835 Καίτοι
2321 5773 2453 5849 rel.
2487 5773 2642 5833 εἷναί
2674 5794 2734 5832 τε
2767 5773 3006 5845 ἀληθές.
3040 5776 3114 5833 ἰἐ
3162 5792 3260 5843 per
3296 5775 3441 5850 pleo-
