3950 6326
226 377 379 435 4085
1204 374 1277 431 ΙΝ
1315 372 1677 432 ORIGENEM
1708 374 1969 434 ORATIO
2008 372 2465 431 PANEGYRICA.
3336 370 3478 429 1086

222 495 400 548 πᾶσιν
431 492 768 566 ἐμμένοντας
800 494 918 555 ταῖς
947 466 1262 563 εἰρημέναις
1292 490 1687 563 έπιτηδεύσεσι,
1714 490 1806 544 καὶ

1913 487 2031 544 Pari
2063 497 2242 543 autem
2272 488 2436 543 modo
2462 493 2517 542 et
2538 494 2901 558 temperanter
2923 486 3127 554 vivere,
3149 494 3203 542 et
3232 484 3477 543 fortiter:

218 585 335 638 οὐκ
392 584 803 647 ἀποπίπτοντας
846 581 957 637 οὗθ’
1020 582 1281 646 ἑκουσίως
1336 580 1450 635 οὔθ’
1509 581 1611 635 ὑπό
1666 597 1809 645 τινος

1913 589 2278 652 temperanter
2307 578 2549 650 quidem,
2577 578 2721 633 hanc
2755 580 2927 648 ipsam
2959 578 3156 633 animae
3196 592 3257 634 se
3303 578 3479 647 ipsam

218 674 501 746 ἀνάγκης,
532 674 899 744 φυλάσσοντας
930 674 987 728 δὲ
1017 674 1110 728 καὶ
1130 676 1419 746 ἐγκρατεῖς
1450 673 1560 727 τῶν
1588 672 1807 745 είρημέ-

1913 670 2310 743 cognoscentis,
2332 670 2380 725 si
2405 668 2629 739 quando
2659 667 2708 722 id
2737 667 2784 722 ei
2811 669 3109 739 contingat,
3135 664 3479 736 prudentiam

217 781 339 819 νων
356 782 371 796 ·
407 766 504 820 καὶ
534 763 735 836 ταύτην
761 760 899 818 εἶναι
934 762 1197 834 σώτειράν
1219 780 1337 817 τινα
1362 763 1456 817 καὶ
1485 760 1698 833 φύλακα
1724 759 1812 813 δο-

1913 761 2319 829 conservando;
2346 776 2469 816 eam
2494 759 2640 815 enim
2657 773 2874 813 rursum
2898 774 3020 813 esse
3043 758 3478 828 temperantiam,

220 854 517 928 γματίζων
538 852 704 911 οὖσαν
736 855 832 928 τὴν
860 855 1057 929 ἀρετὴν
1087 853 1309 927 ταύτην.

1913 871 2035 927 qua
2065 855 2224 927 quasi
2249 852 2622 910 conservatrix
2649 851 2895 922 quaedam
2918 860 3005 907 est
3029 850 3343 921 prudentia;
3368 847 3481 903 for-

219 948 362 1011 titer
385 963 516 1003 vero
545 948 603 1003 in
648 948 921 1019 praedictis
964 948 1221 1005 omnibus
1264 946 1584 1003 muneribus
1632 948 1995 1017 persistendo,
2054 963 2156 1004 nec
2184 948 2253 1004 ab
2280 947 2386 1002 illis
2419 946 2505 1002 vel
2561 953 2755 1016 sponte
2797 944 2881 999 vel
2933 945 2983 997 vi
3040 942 3152 996 ulla
3182 940 3479 998 decidenda

218 1040 703 1107 autdeilectendo,
733 1042 828 1097 sed
859 1042 1067 1111 omnia,
1095 1052 1156 1099 ut
1182 1040 1325 1098 dicta
1353 1029 1504 1109 sunt,
1550 1043 1827 1099 mordicus
1865 1043 2240 1108 observando;
2270 1042 2413 1097 hanc
2447 1039 2647 1111 quippe
2691 1036 3144 1095 conservatricem
3191 1042 3247 1091 et
3296 1043 3483 1092 custo-

218 1134 357 1189 dem
401 1134 651 1187 virtutem
685 1148 805 1189 esse
836 1135 1058 1191 docens.

303 1222 404 1276 IB'.
443 1222 554 1276 Καὶ
579 1221 716 1292 δῆτα
748 1221 989 1286 δικαίους
1020 1223 1117 1293 μὲν
1140 1222 1233 1277 καὶ
1259 1222 1552 1295 φρονίμους
1584 1226 1677 1278 καὶ
1710 1241 1814 1278 σω-

218 1315 514 1386 φρονας,ἢ
546 1313 820 1387 ἀνδρείους
849 1316 997 1386 ἡμᾶς
1028 1314 1134 1368 ὑπὸ
1173 1315 1445 1387 ἡμετέρας
1490 1315 1814 1388 βραδυτῆτος

223 1406 332 1459 καὶ
376 1404 654 1477 νωχελίας,
698 1404 791 1459 καὶ
823 1406 993 1461 ταῦτα
1037 1405 1178 1459 πάνυ
1209 1406 1471 1470 σπεύδων,
1505 1406 1587 1461 ἔτι
1629 1408 1809 1479 μέλλει

222 1494 672 1567 καταστήσεσθαι
700 1494 842 1567 (οὔτε
874 1495 1113 1567 ἔχοντας,
1137 1494 1259 1550 οὔτε
1282 1495 1450 1565 ἐγγύς
1471 1514 1559 1549 πω
1587 1496 1811 1568 γενομέ-

222 1607 382 1656 νους,
401 1590 509 1644 οὐδ’
530 1588 842 1662 ἡστινοσοῦν
861 1587 1058 1660 ἀρετῆς
1084 1587 1403 1660 ἀνθρώπων,
1437 1589 1469 1661 ἢ
1493 1588 1658 1654 Θείας,
1684 1591 1811 1644 πολ-

224 1681 326 1735 λοῦ
359 1699 426 1751 γε
455 1682 551 1734 δεῖ·
587 1674 746 1736 αῦται
787 1681 895 1753 γὰρ
931 1680 1182 1751 μέγισται
1216 1681 1311 1734 καὶ
1349 1680 1567 1754 ὑψηλαί·
1601 1683 1693 1735 καὶ
1716 1683 1807 1734 ού-

216 1774 430 1845 ιδετέρα
449 1772 677 1843 ληπτέα,
702 1771 822 1825 οὐδὲ
850 1771 928 1844 τῷ
954 1775 1137 1843 τυχεῖν
1171 1771 1268 1843 (4),
1315 1773 1423 1844 ὅτῳ
1473 1773 1546 1845 μὴ
1584 1773 1715 1837 Θεός
1742 1790 1807 1843 γε

1990 1224 2105 1280 ΧΠ.
2143 1222 2210 1280 Et
2261 1240 2393 1280 sane
2438 1222 2619 1293 iustos
2665 1222 2883 1292 quidem
2932 1231 2985 1276 et
3028 1220 3339 1292 prudentes,
3385 1232 3480 1278 aut

1919 1324 2281 1388 temperantes
2322 1314 2598 1384 fortesque
2626 1327 2730 1368 nos
2757 1328 2869 1383 pne
2896 1312 3109 1383 ignavia
3139 1327 3203 1368 ac
3228 1313 3481 1370 tarditate

1916 1419 2122 1475 nostra,
2154 1406 2406 1479 quamvis
2432 1420 2650 1460 omnem
2684 1406 2967 1461 adhiberet
2987 1420 3228 1475 operam,
3254 1398 3481 1461 reddere

1915 1500 2157 1553 nondum
2187 1498 2395 1569 potuit;
2425 1496 2518 1567 qui
2543 1512 2643 1552 nec
2674 1496 2959 1558 habemus.
2986 1513 3086 1554 nec
3109 1514 3276 1568 prope
3302 1498 3481 1552 adhuc

1914 1590 2194 1661 attigimus
2220 1590 2387 1644 ullam
2432 1587 2685 1642 virtutem
2735 1588 3039 1653 hominum,
3083 1599 3178 1644 aut
3216 1591 3477 1656 divinam,

1912 1683 2345 1754 longissimeque
2373 1685 2635 1742 absumus
2667 1704 2680 1740 :
2713 1700 2835 1739 nam
2870 1683 3122 1738 maximae
3151 1692 3278 1739 sunt
3299 1684 3404 1738 illae
3426 1691 3480 1739 et

1912 1776 2163 1839 excelsze,
2195 1785 2249 1831 et
2291 1787 2486 1833 neutra
2532 1776 2837 1848 comparari
2886 1785 3083 1845 potest,
3125 1776 3366 1846 nullique
3396 1774 3480 1830 fas

226 1867 467 1937 ἐμπνέοι
503 1865 748 1936 δύναμιν.
793 1866 982 1936 Ἡμεῖς
1025 1882 1086 1918 τε
1116 1864 1239 1919 οὔτε
1287 1864 1610 1937 πεφύκαμεν
1642 1865 1812 1930 οὕτως

1913 1878 1998 1922 est
2022 1870 2306 1939 consequi,
2335 1869 2440 1924 nisi
2466 1879 2611 1924 certe
2642 1870 2729 1924 cui
2761 1868 2902 1924 Deus
2927 1868 3265 1937 aspiraverit.
3290 1867 3357 1922 Et
3377 1884 3480 1923 nos

229 1959 580 2030 ἐπιτηδείως,
626 1957 750 2012 οὕτε
795 1958 889 2011 καὶ
930 1958 1068 2024 ἄξιοι
1104 1953 1241 2011 εῖναι
1281 1960 1556 2030 ἐπιτυχεῖν
1602 1959 1813 2013 οὐδέπω

222 2049 704 2122 ὁμολογοῦμενυού
740 2050 1057 2120 ποιήσαντες
1088 2049 1199 2103 ἀπὸ
1231 2050 1499 2122 ῥᾳθυμίας
1531 2050 1624 2104 καὶ
1648 2048 1811 2103 ἀσθε-

220 2143 389 2206 νείας
422 2142 620 2207 πάντα,
665 2141 808 2214 ἅπερ
855 2142 980 2205 τοὺς
1026 2140 1134 2195 τῶν
1180 2142 1416 2215 ἀρίστων
1474 2144 1810 2215 ἐφιεμένους,

221 2233 331 2288 καὶ
364 2232 433 2287 τά
480 2233 660 2287 τέλεια
697 2231 1011 2303 μνωμένους
1056 2233 1206 2304 χρή).
1248 2233 1594 2305 Δίκαιοιμὲν
1642 2229 1734 2288 οῦν
1775 2234 1810 2305 ἢ

221 2326 536 2398 σώφρονες,
570 2327 604 2397 ἦ
630 2342 750 2380 τινα
773 2323 882 2377 τῶν
906 2323 1079 2379 ἀλλων
1100 2325 1241 2396 ἔχειν
1273 2327 1480 2398 ἀρετῶν
1513 2327 1592 2380 ἔτι
1626 2326 1812 2397 μέλλο-

226 2436 359 2494 μεψ
387 2417 625 2490 ἐραστὰς
658 2418 715 2471 δὲ
754 2420 900 2491 ἡμᾶς
929 2421 1012 2473 ὅτι
1036 2419 1363 2491 δριμύτατον
1404 2419 1643 2491 ἐρῶντας
1675 2418 1812 2490 ἔρω-

221 2526 324 2573 τα,
352 2509 492 2579 ὅπερ
519 2509 606 2561 ἐπ’
652 2508 800 2579 αὐτῷ
832 2508 991 2579 μόνον
1021 2506 1168 2574 ἴσως,
1196 2509 1290 2562 καὶ
1340 2508 1504 2562 πάλαι
1551 2510 1812 2580 κατεστή-

224 2617 371 2656 σατο
395 2602 421 2653 ὁ
455 2599 764 2670 θαυμαστὸς
794 2594 966 2665 οὗτος,
1012 2601 1105 2654 καὶ
1140 2600 1290 2669 φίλος
1332 2600 1441 2655 τῶν
1481 2601 1688 2672 ἀρετῶν
1716 2602 1811 2655 καὶ

222 2694 562 2766 προήγορος’
594 2694 901 2765 ἐμποιήσας
922 2693 1100 2767 ἔρωτα
1128 2696 1193 2764 τῇ
1216 2694 1379 2747 αὑτοῦ
1410 2695 1575 2766 ἀρετῇ
1601 2694 1693 2747 καὶ
1716 2694 1810 2748 τοῦ

226 2785 470 2850 κάλλους
500 2786 601 2856 τῆς
629 2785 992 2859 δικαιοσύνης,
1024 2780 1095 2858 ἧς
1119 2785 1181 2839 τὸ
1212 2785 1440 2858 χρύσεον
1473 2786 1643 2849 ὅντως
1675 2785 1810 2839 ἐδει-

229 2876 328 2945 ξεν
363 2879 495 2949 ἡμῖν
524 2878 834 2949 πρόσωπον,
854 2879 950 2933 καὶ
973 2872 1284 2951 φρονήσεως
1314 2878 1413 2950 τῆς
1431 2880 1594 2931 πᾶσιν
1626 2878 1810 2947 ὲφεσί-

233 2986 368 3041 μου,
399 2971 494 3024 καὶ
521 2970 621 3041 τῆς
650 2971 1070 3042 ὲρασμιωτάτης
1099 2970 1289 3040 σοφίας
1315 2970 1414 3040 τῆς
1440 2969 1690 3041 ἀληθοῦς,
1717 2969 1810 3023 καὶ

231 3068 593 3140 σωφροσύνης
618 3069 716 3137 τῆς
754 3066 1038 3132 θεοειδοῦς,
1072 3068 1106 3139 ἦ
1148 3068 1265 3121 ἐστι
1293 3065 1470 3137 ψυχῆς
1503 3065 1807 3129 εὐστάθεια,

1917 1975 2092 2030 neque
2134 1969 2328 2015 natura
2367 1961 2503 2016 adeo
2551 1961 2830 2034 prtestanti
2871 1976 3083 2027 sumus,
3136 1976 3235 2015 nec
3284 1960 3482 2031 dignos

1913 2050 2094 2106 adhuc
2143 2066 2266 2107 esse
2303 2053 2399 2123 qui
2452 2067 2871 2122 consequamur,
2905 2052 3261 2120 confitemur;
3297 2061 3356 2107 ut
3384 2051 3478 2122 qui

1888 2156 2010 2211 .per
2038 2144 2343 2199 socordiam
2381 2153 2436 2201 et
2464 2144 2887 2200 imbecillitatem
2913 2144 3144 2200 necdum
3174 2144 3357 2199 omnia
3391 2144 3474 2201 fe-

1912 2233 2109 2301 cimus,
2141 2250 2265 2305 quae
2302 2236 2372 2291 ab
2401 2236 2471 2291 iis
2500 2236 2594 2306 qui
2623 2238 2827 2306 optima
2849 2236 3073 2305 cupiunt
3104 2245 3158 2290 et
3194 2235 3261 2289 ad
3300 2233 3485 2304 perfe-

1912 2338 1998 2381 cta
2034 2327 2390 2395 contendunt,
2421 2327 2534 2383 fieri
2564 2335 2795 2398 oportet.
2839 2326 2976 2382 Justi
3013 2340 3143 2397 ergo
3186 2336 3240 2381 et
3272 2336 3479 2396 tempe-

1910 2427 2116 2482 rantes,
2163 2429 2257 2474 aut
2306 2420 2411 2475 alia
2467 2420 2722 2490 quapiam
2773 2420 2969 2474 virtute
2995 2419 3202 2489 praediti
3234 2418 3477 2473 nondum

1912 2527 2136 2578 sumus;
2165 2524 2439 2568 amatores
2465 2521 2645 2567 autem
2674 2528 2775 2567 nos
2804 2528 2966 2583 quam
2997 2512 3478 2568 vehementissimo

1911 2610 2160 2657 amantes
2198 2618 2403 2669 amore,
2458 2602 2602 2673 quod
2642 2618 2812 2657 unum
2860 2601 3092 2657 fortasse
3134 2603 3379 2672 praestari
3409 2602 3478 2656 ab

1911 2708 1977 2748 eo
2010 2703 2245 2765 poterat,
2268 2694 2382 2765 jam
2410 2695 2618 2749 dudum
2652 2693 2781 2749 fecit
2812 2693 3167 2749 admirandus
3194 2694 3281 2749 hic
3308 2694 3481 2749 virtu-

1910 2793 2026 2840 tum
2055 2787 2267 2841 amicus
2312 2794 2367 2841 et
2412 2802 2646 2858 praeses;
2702 2801 2943 2843 amorem
2985 2787 3144 2842 nobis
3180 2802 3278 2842 sua
3307 2786 3479 2857 ipsius

1911 2879 2111 2934 virtute
2149 2879 2495 2951 ingenerans,
2532 2889 2645 2935 tum
2673 2880 3094 2951 pulchritudinis
3120 2880 3346 2950 justitim
3378 2896 3477 2935 cu-

1908 2972 1999 3042 jus
2029 2987 2250 3027 auream
2302 2973 2461 3042 plane
2503 2974 2662 3029 nohis
2691 2973 2884 3029 faciem
2913 2972 3181 3039 ostendit;
3209 2982 3321 3028 tum
3353 2986 3483 3043 pru-

1913 3066 2111 3121 dentiae
2152 3067 2408 3122 omnibus
2446 3065 2757 3138 expetenda!
2791 3075 2845 3121 et
2884 3065 3291 3121 amabilissima:
3337 3079 3479 3119 verre

228 3162 334 3216 καὶ
352 3163 542 3234 εἰρήνη
561 3162 692 3215 πᾶσι
717 3165 828 3226 τοῖς
853 3160 1212 3232 κτησαμένοις
1239 3159 1426 3231 αὐτὴν,
1450 3160 1544 3213 καὶ
1564 3158 1808 3229 ἀνδρείας

1914 3160 2226 3230 sapientiae;
2276 3168 2389 3214 tum
2439 3159 2810 3230 temperantia:
2845 3157 3325 3228 przestantissimte,
3360 3170 3483 3225 quae

226 3249 337 3320 τῆς
390 3224 863 3321 θαυμασιωτάτης·
918 3224 1196 3320 ὑπομονῆς
1239 3224 1396 3320 ἡμῶν
1444 3248 1539 3320 (5),
1590 3224 1684 3301 καί.
1722 3249 1812 3301 ἐπὶ

1913 3263 1997 3308 est
2023 3253 2191 3306 animi
2222 3252 2548 3315 constantia,
2576 3260 2631 3307 et
2659 3269 2764 3322 pax
2794 3250 3049 3305 omnibus
3076 3246 3481 3319 possidentibus

232 3342 428 3404 πᾶσιν,
454 3340 756 3405 εὐσεϐείας,
778 3341 843 3413 ἢν
869 3342 1078 3416 μητέρα
1110 3341 1243 3411 φασὶ
1271 3340 1378 3395 τῶν
1411 3340 1618 3413 ἀρετῶν
1639 3340 1813 3411 ὀρθῶς

229 3435 506 3504 λέγοντες.
541 3434 688 3507 Αὕτη
736 3435 842 3508 γάρ
875 3437 1023 3489 ἐστιν
1051 3433 1192 3507 ἀρχὴ
1224 3434 1319 3488 καὶ
1358 3432 1580 3504 τελευτὴ
1630 3432 1814 3486 πασῶν

226 3527 345 3582 τῶν
370 3527 598 3597 ἀρετῶν·
625 3525 731 3583 ἀπὸ
761 3526 962 3597 ταύτης
992 3543 1052 3579 τε
1098 3524 1207 3597 γὰρ
1246 3524 1601 3597 ὁρμωμένοις,
1643 3526 1814 3597 ῥᾷστα

232 3618 307 3675 ἂν
335 3620 468 3691 ἡμῖν
503 3618 832 3687 ὲπιγένοιντο
860 3618 955 3671 καὶ
999 3617 1055 3671 αί
1100 3616 1285 3670 λοιπαὶ
1325 3616 1534 3688 ἀρεταί·
1579 3617 1626 3669 εί
1668 3615 1813 3669 τοῦθ’

228 3708 351 3781 ὃδὴ
375 3707 449 3780 (6)
484 3708 660 3762 πάντα
691 3706 993 3779 ἄνθρωπον,
1016 3708 1108 3771 τόν
1131 3725 1194 3777 γε
1231 3708 1305 3779 μὴ
1352 3708 1508 3763 ἀθεον
1540 3707 1573 3779 ἢ
1604 3707 1814 3779 φιλήδο-

231 3820 352 3861 νον,
379 3800 440 3853 τδ
471 3800 622 3871 φίλον
649 3799 900 3869 γενέσθαι
938 3800 1029 3853 καὶ
1062 3802 1364 3872 προηγορον
1397 3799 1516 3870 Θεῷ
1547 3800 1645 3870 (7),
1688 3802 1817 3872 κτή-

234 3890 438 3946 σασθαι
490 3894 698 3954 ἑαυτοῖς
743 3890 1132 3963 ἐπιθυμοῦντες
1185 3891 1277 3944 καὶ
1325 3890 1663 3956 σπεύδοντες,
1704 3892 1815 3947 τῶν

230 3982 441 4038 λοιπῶν
471 3982 679 4056 ἀρετῶν
727 3982 1135 4054 ὲπιμελοίμεθα·
1178 3983 1326 4047 ὅπως
1358 3982 1433 4054 μὴ
1480 3982 1684 4050 ἀνάξιοι
1722 3984 1815 4038 καὶ

235 4076 540 4149 ρυπῶντες,
579 4075 714 4146 μετά
734 4075 791 4129 δὲ
832 4074 1012 4149 πάσης
1039 4074 1239 4146 ἀρετῆς
1276 4074 1369 4128 καὶ
1403 4074 1592 4143 σοφίας
1629 4074 1815 4147 ῶσπερ

230 4186 386 4234 τινος
413 4166 618 4236 ἀγαθοῦ
649 4166 864 4238 πομποῦ
897 4167 988 4221 καὶ
1023 4167 1211 4239 ἱερέως
1239 4166 1549 4236 σοφωτάτου
1577 4168 1817 4238 προσίοι-

237 4278 345 4333 μεν
378 4259 456 4331 τῷ
487 4259 624 4331 Θεῷ.
643 4260 717 4313 Τό
757 4276 821 4329 γε
854 4260 1069 4314 πάντων
1099 4259 1252 4323 τέλος
1287 4258 1385 4331 ούχ
1417 4257 1600 4332 ἔτερόν
1643 4277 1694 4312 τι
1735 4257 1814 4313 οἴ-

239 4370 363 4424 μαι,
394 4351 451 4424 ἥ,
478 4351 720 4424 Καθαρῷ
757 4350 835 4422 τῷ
860 4350 936 4423 νῷ
983 4348 1337 4422 ὲξομοιώθητι
1379 4349 1455 4421 (8)
1501 4350 1816 4424 προσελθεῖν

232 4442 319 4515 τῷ
343 4442 484 4515 Θεῷ,
520 4443 613 4498 καὶ
646 4443 824 4515 μένειν
849 4446 907 4497 ἐν
927 4442 1093 4516 αὐτῷ.

241 4768 456 4841 Ὄνομά
496 4767 701 4841 ταύτης
749 4765 879 4841 ἴδιον
920 4767 1017 4839 τῆς
1059 4768 1249 4837 ὑγείας
1300 4769 1811 4841 ἐστῖσωφροσύνη,

242 4787 456 4855 ,ονομα
496 4787 701 4851 ταύτης
750 4787 880 4849 toro!
920 4787 1017 4839 της
1059 4787 1254 4854 υγειας
1300 4787 1413 4854 εστι
1456 4787 1811 4893 σωφροσύνη,

236 4853 971 4975 ἔξιῖἓῇαεᾏῖῳῆιξέρονουντι
1018 4857 1126 4893 των
1166 4842 1285 4914 (τῳ)
1314 4859 1371 4893 εν
1403 4841 1532 4911 ἡμιν
1608 4858 1814 4945 πέργα-

275 4926 471 4964 ομενη.
513 4926 599 4963 Al.
630 4926 758 4964 alia.
1778 4930 1785 4945 ‘

310 4927 471 4981 μενη.
513 4927 599 4963 λιι.
630 4927 758 4964 alia.

308 4982 390 5054 (τί)
433 4979 586 5054 Οὐδὲ
611 4979 692 5046 τῷ
712 4981 945 5054 τυχεῖν-ζ
979 4981 1083 5054 An,
1108 4981 1227 5054 ούᾷ
1250 5000 1326 5053 τῳ
1363 4982 1519 5054 θέμις
1547 4981 1761 5054 τυχεῖνῖ

312 5052 409 5123 (5)
435 5050 773 5123 ’Υίξομονῆς
798 5050 1011 5122 ἡμῶν.
1058 5050 1135 5106 Ita
1169 5050 1454 5123 Betlgelitts
1507 5050 1644 5123 cuni
1686 5052 1814 5107 Ηω-

232 5121 473 5179 schelio.
509 5120 735 5176 Vossius
764 5120 888 5177 cum
938 5122 1060 5176 aliis
1098 5123 1254 5192 ἡμῶν
1284 5120 1505 5177 omittit.
1551 5122 1722 5188 Quem
1759 5124 1813 5177 in

238 5195 423 5247 locum
448 5193 561 5248 haec
589 5191 813 5248 adnotat
846 5192 1022 5248 editor
1054 5191 1480 5258 Stutgardiensis
1507 5212 1519 5247 :
1546 5212 1564 5242 ι
1591 5192 1702 5246 Non
1732 5194 1814 5246 vi-

237 5265 429 5333 detur,
456 5263 573 5333 hoc,
617 5264 1059 5331 coniungendum
1110 5278 1207 5332 per
1247 5264 1640 5333 appositionem
1689 5278 1812 5316 eum

234 5332 516 5404 ἀνδρείας.
551 5332 655 5387 Sed
679 5333 994 5404 Gregorius,
1022 5345 1145 5402 post
1167 5332 1400 5403 quatuor
1426 5335 1653 5386 virtutes
1679 5349 1817 5401 quas

238 5404 557 5473 philosOphi
579 5404 878 5459 cardinales
914 5412 1181 5465 statuunt,
1214 5406 1348 5460 duas
1374 5404 1524 5458 addit
1554 5404 1819 5457 Christia-

242 5491 345 5544 nas
369 5514 384 5537 ,
429 5474 767 5544 tolerantiam
790 5484 847 5528 et
888 5489 1009 5543 quae
1053 5473 1168 5541 ipse
1201 5476 1367 5530 cardo
1405 5485 1512 5536 est,
1538 5475 1817 5544 pietatem.

241 5543 321 5599 Ita
350 5544 510 5616 ἡμῶν
541 5543 773 5599 refertur
804 5544 872 5599 ad
922 5552 1166 5612 aseetas,
1189 5546 1267 5598 uti
1306 5561 1428 5615 cap.
1474 5543 1577 5611 16’,
1617 5546 1718 5600 sub
1754 5547 1817 5597 tt-

242 5631 395 5671 nem.
432 5633 451 5664 ι

317 5686 398 5752 (6)
441 5685 511 5738 Ὃ
548 5684 647 5751 δή.
684 5682 1026 5739 Hoeschelius
1063 5684 1314 5740 emendat
1340 5684 1369 5738 ὃ
1396 5684 1495 5739 δεῖ.
1531 5684 1708 5753 Atque
1747 5684 1819 5738 ita

246 5753 450 5823 legisse
479 5755 692 5809 videtur
720 5755 1006 5823 interpres.

321 5824 400 5897 (7)
439 5824 781 5897 Προήπηορον
809 5823 949 5889 Θεῷ.
977 5822 1071 5881 Vis
1096 5824 1259 5897 hujus
1303 5824 1678 5896 appellationis
1722 5840 1818 5895 ap-

1888 3361 2068 3412 ‘eam;
2103 3355 2219 3400 tum
2256 3343 2590 3399 fortitudinis
2640 3342 3161 3408 admirabilissimm;
3203 3350 3318 3396 tum
3350 3340 3513 3393 tote--

1913 3438 2107 3492 rantite
2136 3446 2355 3501 nostrae,
2392 3445 2467 3500 et,
2510 3444 2635 3490 ante
2679 3435 2885 3501 omnia,
2918 3434 3153 3503 pietatis,
3190 3446 3354 3502 quam
3384 3445 3482 3500 pa-

1912 3539 2117 3585 renlem
2145 3529 2403 3584 virtutum
2432 3530 2626 3584 merito
2647 3528 2937 3599 appellant.
2957 3525 3083 3581 Haec
3099 3526 3367 3596 siquidem
3395 3531 3482 3579 est

1914 3621 2129 3675 initium
2163 3620 2397 3689 finisque
2423 3618 2669 3673 omnium
2693 3618 2954 3671 virtutum
2985 3634 2999 3670 :
3036 3615 3104 3669 ab
3129 3615 3235 3668 hac
3259 3614 3307 3669 si
3337 3614 3480 3668 inci-

1913 3713 2151 3782 piamus,
2199 3710 2459 3766 facillime
2489 3709 2650 3764 nobis
2681 3709 2904 3778 reliquae
2936 3708 3098 3763 etiam
3130 3706 3360 3760 virtutes
3388 3719 3482 3760 ae-

1913 3812 2190 3869 crescent;
2226 3803 2271 3857 si
2297 3801 2442 3871 quod
2466 3799 2744 3854 hominem
2780 3812 3222 3868 unumquemque
3242 3797 3337 3867 qui
3363 3811 3479 3851 mo-

1914 3894 1984 3949 do
2012 3894 2213 3964 impius
2237 3900 2293 3948 et
2322 3891 2661 3962 voluptarius
2695 3905 2804 3945 non
2837 3890 2928 3955 sit,
2955 3904 3148 3959 parare
3176 3888 3282 3943 sibi
3315 3902 3479 3957 opor-

1915 3994 2012 4053 tet,
2058 3999 2119 4040 ut
2150 3986 2359 4040 amicus
2405 3983 2799 4051 familiarisque
2842 3982 2913 4037 sit
2954 3994 3078 4035 cum
3128 3978 3272 4043 Deo,
3319 3978 3477 4033 nobis

1916 4077 2051 4147 ipsis
2090 4083 2405 4145 expetentes
2441 4082 2496 4128 et
2545 4071 2763 4140 assequi
2801 4069 3104 4131 studentes,
3139 4066 3476 4135 reliquarum

1917 4167 2081 4222 simul
2104 4168 2367 4222 virtutum
2394 4177 2580 4219 curam
2603 4161 3027 4231 amplectamur;
3056 4166 3114 4213 ut
3132 4171 3244 4211 non
3268 4155 3479 4224 indigni

1915 4274 2018 4314 nec
2033 4258 2283 4329 squalidi,
2305 4256 2398 4312 sed
2426 4255 2575 4311 omni
2595 4253 2799 4308 virtute
2818 4267 2883 4307 ac
2906 4249 3192 4322 sapientia,
3214 4256 3477 4318 tanquam

1916 4353 2059 4409 bono
2081 4350 2314 4422 quodam
2329 4350 2550 4405 ductore
2566 4346 3076 4418 sapientissimoque
3104 4345 3384 4399 sacerdote
3399 4354 3481 4396 se-

1919 4449 2017 4517 pti,
2047 4445 2114 4500 ad
2142 4443 2312 4498 Deum
2340 4445 2680 4507 accedamus.
2709 4438 2896 4495 Finem
2922 4453 3056 4493 sane
3088 4437 3332 4492 omnium
3366 4449 3477 4489 non

1843 4570 1888 4627 Β
1922 4540 2086 4594 alium
2105 4537 2380 4599 existimo,
2404 4552 2567 4605 quam
2600 4549 2736 4606 pura
2767 4541 2945 4588 mente
2974 4530 3042 4586 ad
3068 4528 3479 4586 similitudinem

1919 4630 2338 4694 conformatum,
2362 4630 2615 4684 accedere
2633 4628 2697 4683 ad
2712 4625 2905 4689 Deum,
2922 4636 2974 4680 et
3002 4625 3055 4678 in
3086 4618 3207 4694 ipso
3236 4636 3475 4678 manere.

1914 4775 2071 4839 paret
2098 4782 2161 4821 ex
2194 4762 2625 4839 aequipolleptia,
2686 4762 2760 4834 μὴ
2817 4760 2995 4839 ἄθεον,
3031 4757 3146 4839 _qui
3197 4757 3475 4839 veritatem

1914 4829 1981 4892 de
2046 4837 2155 4892 Deo
2208 4829 2408 4889 tuetur.
2472 4832 2637 4886 Paulo
2688 4829 2839 4894 ante,
2882 4830 3097 4903 ἀρετῶν
3150 4829 3475 4903 προηγοροςε

1914 4907 1982 4962 Ει
2030 4922 2152 4975 cap.
2207 4908 2239 4959 6
2298 4916 2418 4975 post
2486 4903 2754 4975 medium,
2813 4896 3137 4975 τοῦ-λύγου
3192 4896 3477 4975 τοῦίέροῦ

1914 4979 2065 5048 φίλος
2093 4969 2188 5029 Scal.
2214 4969 2538 5048 πρρήγορος.
2569 4971 2782 5048 Et__cap.
2810 4972 2877 5025 15
2898 4971 2998 5048 sub
3022 4971 3260 5048 initium,
3282 4969 3478 5048 λογίων

1915 5040 2242 5122 προήγορος.
2259 5040 2503 5099 Bessi-'11..
2533 5075 2600 5084 —
2627 5040 2789 5097 Virus
2815 5042 3056 5123 eruditos
3086 5041 3338 5112 fugerunt
3365 5040 3479 5094 haec

1914 5120 2032 5176 loca
2063 5118 2415 5180 Grcgoriana,
2442 5116 2507 5168 ad
2540 5114 2806 5168 Pollucem
2833 5113 2925 5167 lib.
2957 5128 3019 5175 ll,
3052 5128 3101 5167 c.
3127 5114 3181 5177 4,
3213 5126 3320 5180 seg.
3334 5107 3475 5180 #126,

1917 5135 2032 5176 loca
2063 5135 2415 5189 uregonana,
2442 5135 2507 5168 au
2540 5135 2806 5168 rortucem
2833 5135 2925 5167 ιιυ.
2957 5135 3019 5175 ιι,
3052 5135 3101 5167 c.
3127 5135 3181 5177 λιι,
3213 5135 3320 5180 aug.
3352 5135 3475 5175 -ηυ,

1917 5190 2252 5261 llesychium
2298 5202 2351 5239 v.
2408 5186 2869 5261 Πρρῃγόρησαν,
2925 5192 2980 5237 et
3022 5183 3287 5261 Thomam
3331 5177 3471 5257 Mag.

1916 5253 2125 5316 nov-iss.
2170 5258 2300 5314 edit.
2336 5271 2455 5327 pag.
2489 5253 2799 5327 750,quos
2847 5264 3025 5309 tamen
3057 5253 3123 5308 ad
3169 5254 3276 5327 vim
3326 5253 3478 5304 vocis

1918 5330 2311 5400 assequendam
2336 5323 2646 5400 fcxinsulas‘
2660 5323 2841 5400 velim.
2874 5328 3141 5400 Caeterum
3198 5323 3475 5400 advertere

1918 5390 2202 5456 libet-cum
2255 5397 2567 5470 Kuhnioad
2608 5396 2816 5470 Polluc.
2848 5390 3477 5470 προηγορονηρνωάὶεᾳ-

1920 5482 2099 5534 torem,
2134 5484 2440 5538 prteconem,
2465 5467 2602 5538 licet
2639 5467 2837 5533 rarius,
2876 5462 3150 5521 denotare.
3188 5462 3319 5527 Quae
3349 5462 3472 5538 qni-

1917 5544 2039 5596 dem
2070 5530 2438 5608 interpretatio
2458 5536 2711 5606 Bengelio
2741 5530 2927 5608 arrisit
2954 5553 2966 5588 :
2991 5550 3161 5601 eaque
3185 5546 3317 5608 sane
3351 5530 3477 5585 huic

1920 5613 2037 5667 loco
2069 5602 2236 5665 altera
2280 5602 2905 5678 Sirmondiffamiléaris,
2929 5602 3311 5676 congruentior
3357 5616 3478 5656 esse

1952 5682 2267 5735 omneritur.

1918 5697 2267 5750 comperltur.

1990 5752 2069 5822 (8)
2112 5749 2535 5820 Ἐξομοιὼθητι.
2568 5749 2658 5805 Sic
2695 5748 3008 5822 Bengelius.
3043 5743 3350 5822 Hmsehelio
3375 5743 3477 5822 ad-

1920 5812 2151 5879 haerens.
2187 5812 2605 5896 vvossius,quem
2638 5812 2880 5892 sequitur
2906 5832 3142 5889 nuperus
3170 5816 3346 5875 editor
3375 5812 3482 5872 Pa-
