3950 6326
179 275 325 333 1089
1169 266 1236 333 ΙΝ
1277 266 1629 336 ORIGENEM
1668 279 1737 337 or

1841 282 1924 338 .‘tO
1962 272 2414 342 panncvntcs.
3291 294 3426 355 meo

178 395 392 459 αὐτοῖς.
447 393 687 451 πλανῶσι
727 395 783 449 δὲ
839 396 932 456 καὶ
972 398 1096 462 τοὺς
1159 400 1489 471 ἐσχηκότας·
1550 403 1647 458 καὶ
1693 404 1737 457 oi

1859 408 2030 484 ciens.
2056 421 2258 463 temere
2282 423 2342 463 se
2371 407 2544 478 ipsam
2578 408 2729 465 falsis
2768 410 3086 481 plerumque
3117 412 3422 472 rationibus

177 486 343 541 τοῦτο
379 487 559 558 μόνον·
593 488 730 542 ἀλλὰ
756 487 858 542 κᾶν
889 489 1221 561 ἐπανορθοῦν
1246 491 1434 565 ἔτερος
1467 495 1639 549 ἐθέλοι
1667 495 1737 550 λό-

1858 506 2020 567 atque
2069 497 2350 552 sententiis
2394 496 2579 561 tradit,
2618 513 2740 567 quae
2780 507 2835 553 et
2876 506 3058 553 errent
3099 499 3250 569 ipsae,
3282 513 3338 555 et
3365 502 3423 556 in

175 593 300 648 γος,
320 578 422 631 οὐκ
453 577 533 631 ἔτι
564 579 917 651 προσιεμένη,
952 581 1072 635 οὐδὲ
1100 585 1553 658 μεταπειθομένη,
1578 586 1671 641 τοῦ
1698 589 1737 642 δέ

1859 600 1996 655 quos
2025 584 2342 652 invaserint,
2366 585 2673 656 impellant:
2707 600 2881 656 neque
2902 586 3006 641 hoc
3037 594 3278 656 tantum;
3326 588 3423 643 sed

175 669 238 723 ἐν
261 670 402 741 αὐτῇ
427 670 808 742 περιεχομένη,
841 671 1028 745 ὥσπερ
1062 673 1206 740 τινὸς
1238 679 1497 750 τυράννου
1526 680 1757 753 ἀπαραι-

174 763 351 834 τήτου
378 763 549 834 αὐτῆς
581 766 1003 837 κεκρατηκότος.

244 1038 349 1091 ΙΔ¹.
390 1031 466 1090 *Η
494 1035 602 1110 γὰρ
642 1036 750 1108 (ll)
782 1036 902 1110 οὐχ).
938 1038 1111 1093 ταῦτα
1148 1038 1431 1112 δογμάτων
1458 1058 1518 1095 τε
1543 1042 1612 1097 τὰ
1646 1061 1752 1116 μα·-

166 1129 384 1200 χόμενα
408 1127 502 1182 καὶ
532 1128 912 1200 ἐναντιούμενα
941 1129 1206 1199 ἀλλήλοις,
1231 1132 1531 1203 φιλοσόφων
1556 1151 1617 1187 τε
1652 1135 1751 1200 τάς

169 1219 397 1284 στάσεις
432 1221 739 1292 εἰσήγαγεν,
789 1221 962 1275 ἄλλων
1007 1227 1120 1288 τοῖς
1167 1223 1342 1279 ἄλλων
1386 1225 1751 1297 ἐνισταμένων

162 1310 429 1382 δόγμασι,
458 1311 552 1365 καὶ
583 1311 758 1367 ἄλλων
786 1312 922 1367 ἄλλα
960 1314 1319 1387 κρατούντων,
1355 1314 1530 1369 ἄλλων
1559 1334 1619 1369 τε
1651 1317 1748 1372 άλ-

163 1400 284 1466 λοις
315 1402 789 1474 προστιθεμένων;
840 1405 949 1459 Καὶ
996 1406 1302 1477 φιλοσοφεῖν
1347 1406 1445 1478 μὲν
1497 1408 1748 1464 ἁπάντων

165 1494 532 1566 βουλομένων,
564 1496 658 1550 καὶ
682 1497 1165 1570 ἐπαγγελλομένων
1193 1498 1254 1564 ἐξ
1282 1493 1343 1553 οὗ
1379 1518 1444 1571 γε
1476 1502 1750 1575 προὺτρά-

160 1599 355 1657 πησαν
382 1586 444 1639 τὸ
468 1587 705 1659 πρῶτον,
739 1589 834 1642 καὶ
866 1589 1179 1660 φασκόντων
1217 1590 1422 1647 ἐθέλειν
1453 1594 1550 1664 οὐχ
1586 1588 1749 1666 ἦττον

159 1679 257 1732 ὅτε
292 1677 581 1749 γεγόνασιν
618 1682 676 1733 ἐν
711 1683 822 1746 τοῖς
868 1680 1065 1751 λόγοις,
1104 1684 1137 1756 ἢ
1173 1683 1249 1748 ὼς
1280 1683 1459 1739 αὐτῶν
1492 1686 1602 1758 (15)
1649 1687 1747 1760 ἠρ-

160 1788 329 1841 χοντο
349 1785 364 1801 ⁸
401 1771 598 1843 μᾶλλον
633 1772 691 1826 δὲ
736 1773 829 1828 καὶ
862 1770 1084 1831 πλείονα
1129 1774 1221 1829 τδν
1266 1774 1446 1848 ἔρωτα
1475 1777 1569 1832 νῦν
1602 1778 1746 1850 ἔχειν

158 1861 269 1932 τῆς
299 1862 635 1932 φιλοσοφίας,
667 1864 756 1917 ὅτε
787 1864 958 1936 αὐτῆς
991 1864 1086 1920 καὶ
1115 1864 1413 1934 γεύσασθαι
1439 1868 1549 1937 (ὡς
1576 1868 1643 1923 ἂν
1670 1870 1747 1923 εῖ-

160 1970 257 2006 ποι
291 1954 399 2024 τις)
430 1953 636 2026 ὑπῆρξε
661 1955 753 2009 καὶ
788 1956 1202 2030 προσδιατρίᾴαι
1232 1960 1344 2022 τοῖς
1380 1958 1573 2027 λόγοις,
1606 1962 1746 2034 ἥπερ

156 2048 254 2100 ὅτε
311 2046 531 2119 πρῶτον
579 2048 822 2123 ἀπείρως
865 2046 1078 2120 ἔχοντες
1125 2043 1225 2103 εἶθ’
1259 2048 1364 2103 ὑπὸ
1400 2050 1575 2122 ὁρμῆς
1605 2068 1747 2115 τινος

157 2136 480 2207 φιλοσοφεῖν
511 2137 855 2209 ἐπήρθησαν·
890 2137 1152 2207 λεγόντων
1201 2139 1300 2211 μὲν
1340 2139 1531 2205 ταῦτα,
1565 2140 1745 2195 οὐκέτι

155 2228 204 2283 δ’
235 2228 668 2283 ὑπακουσάντων
711 2228 888 2299 λόγοις
935 2229 1171 2284 οὐδένεσι
1205 2231 1314 2302 (16)
1360 2231 1468 2286 τῶν
1507 2232 1746 2306 ἑτεροδό-

159 2318 291 2386 ξων.
313 2319 443 2373 οὖτ⁹
461 2317 554 2375 οὖν
583 2316 665 2385 εἷς
696 2339 779 2385 τις
810 2321 916 2375 τῶν
949 2320 1192 2375 παλαιῶν
1226 2322 1598 2395 προὺτρέψατό
1623 2342 1744 2380 τινα

153 2411 273 2465 τῶν
300 2411 583 2484 νεωτέρων
614 2412 646 2483 ἢ
675 2412 782 2466 τῶν
814 2411 907 2467 τοῦ
933 2413 1238 2484 Περιπάτου
1273 2414 1409 2484 πρὸς
1438 2416 1598 2470 αὐτὸν
1626 2420 1746 2471 ἐπι-

159 2504 444 2577 στρέφειν,
485 2505 577 2558 καὶ
600 2505 697 2575 τὴν
731 2504 895 2558 αὑτοῦ
929 2505 1239 2575 φιλοσοφίαν
1268 2505 1594 2578 φιλοσοφεῖν,
1618 2509 1743 2565 οὔτε

154 2595 458 2662 ἀνάπαλιν,
493 2596 585 2650 καὶ
615 2594 750 2659 ὅλως
776 2595 950 2660 οὐδεὶς
971 2596 1179 2655 οὐδένα.
1203 2600 1277 2653 οὐ
1311 2599 1420 2672 γὰρ
1447 2600 1513 2653 ἂν
1547 2601 1742 2672 ῥᾳδίως

161 2687 561 2759 μεταπεισθείη
612 2704 695 2751 τις
744 2686 1095 2759 προσθέσθαι,
1129 2689 1236 2744 τῶν
1267 2691 1432 2746 αὐτοῦ
1465 2693 1744 2764 μετατιθέ-

160 2795 346 2850 μενος,
383 2778 619 2850 ἑτέροις·
671 2779 765 2834 καὶ
804 2780 977 2834 ταῦτα
1022 2778 1231 2846 τούτοις
1273 2783 1423 2848 ἴσως,
1457 2780 1538 2850 οἷς
1583 2784 1740 2858 εἰπερ

156 2869 395 2942 ἐπείσθη
441 2870 570 2942 πρὶν
608 2870 956 2944 φιλοσοφήσει
995 2873 1307 2944 προσελθεῖν
1338 2874 1470 2948 (17),
1497 2876 1558 2930 τὸ
1587 2878 1739 2950 πρῶ-

154 2979 253 3018 τον
292 2963 362 3017 ἂν
400 2964 494 3017 καὶ
522 2965 730 3035 ἠγάπα,
764 2966 858 3019 καὶ
902 2965 1125 3037 ἐπείσθη
1163 2967 1361 3039 ῥᾳδίως
1382 2985 1397 3001 ·
1443 2966 1531 3026 οἷα
1566 2972 1629 3044 δὴ
1664 2974 1738 3045 μὴ

157 3057 720 3157 προκατεᾼιλημμένης
731 3061 830 3132 τῆς
845 3059 1022 3157 ψυχῆς
1045 3060 1266 3132 μηδέπω
1294 3062 1472 3157 λόγοις
1501 3084 1737 3139 προσαν-
1765 3100 1806 3157 C

164 3150 351 3219 είχετο
397 3149 485 3215 ἂν,
529 3154 623 3206 xal.
649 3154 838 3224 ἠγάπα
860 3155 1058 3224 ὁμοίως
1088 3155 1491 3228 ἐναντιούμενος
1520 3160 1586 3213 δι’
1606 3163 1738 3216 ἐκεῖ·

156 3257 225 3293 να
254 3239 492 3306 τούτοις,
523 3241 560 3296 ἃ
589 3242 684 3298 νῦν
712 3243 844 3315 ἔχει.
880 3245 1113 3301 Τοιαῦτα
1143 3247 1300 3318 ἡμῶν
1347 3249 1395 3302 oi
1446 3249 1600 3304 καλοὶ
1644 3254 1738 3306 καὶ

155 3330 480 3400 λογιώτατοι
526 3332 620 3387 καὶ
661 3332 1140 3399 ἐξεταστικῴτατοι
1168 3335 1427 3408 ’Έλληνες
1456 3338 1740 3408 πεφιλοσο-

157 3423 438 3494 φήκασιν·
471 3417 553 3486 οἷς
588 3424 920 3497 προσέτυχεν
958 3427 1185 3493 ἕκαστος
1215 3428 1275 3494 ἐξ
1304 3430 1497 3501 ἀρχῆς,
1528 3431 1738 3495 ἐλαθεὶς

160 3513 269 3566 ὑπό
299 3530 449 3579 τινος
479 3515 673 3588 ὁρμῆς,
701 3516 872 3572 ταῦτα
903 3518 1039 3589 μόνα
1078 3520 1251 3589 λέγων
1278 3517 1414 3576 εἶναι
1441 3522 1634 3594 ἀληθῆ,
1666 3524 1736 3578 τά

158 3604 409 3661 δὲλοιπὰ
435 3606 607 3661 πάντα
626 3607 733 3662 τῶν
761 3608 933 3665 ἄλλων
958 3610 1259 3681 φιλοσόφων
1283 3613 1498 3685 ἀπάτην
1528 3615 1621 3669 καὶ
1646 3615 1735 3686 λῆ-

160 3713 261 3769 ρον
281 3713 296 3727 ο
332 3697 478 3769 λόγῳ
509 3699 608 3770 μὲν
640 3700 790 3754 οὐδὲν
826 3700 1022 3771 μᾶλλον
1050 3702 1212 3767 αὐτὸς
1241 3702 1311 3757 τὰ
1338 3702 1505 3758 αὑτοῦ
1536 3706 1736 3778 κρατύ-

158 3805 294 3853 νων,
322 3788 358 3859 ἢ
407 3788 515 3842 τῶν
558 3789 731 3845 ἄλλων
768 3791 985 3846 ἕκαστοι
1016 3793 1366 3865 προΐστανται
1407 3794 1515 3848 τῶν
1566 3796 1731 3861 ἰδίων,

155 3881 258 3936 τοῦ
313 3881 392 3955 μὴ
436 3882 631 3954 χρῆναι
687 3884 1065 3956 μετατίθεσθαι
1109 3889 1201 3941 καὶ
1251 3889 1735 3959 μεταϐουλεύεσθαι

152 3976 380 4049 ἀνάγκη
410 3976 443 4048 ἢ
475 3977 681 4031 πειθοῖ·
722 3979 822 4032 οὐκ
853 3979 1017 4051 ἄλλην
1057 3979 1180 4035 τινὰ
1232 3980 1321 4051 (εί
1352 3982 1432 4036 δεῖ
1460 3982 1508 4036 τ’
1537 3983 1734 4054 ἀληθὲς

153 4069 362 4141 εἰπεῖν)
390 4068 527 4140 ἔχων
551 4069 584 4141 ἢ
618 4070 717 4142 τὴν
744 4068 880 4144 πρὸς
906 4071 1004 4142 τῆς
1032 4072 1343 4143 φιλοσοφίας
1370 4072 1479 4145 (18)
1510 4075 1603 4129 ἐπὶ
1633 4076 1732 4129 τά-

152 4160 216 4215 δε
265 4160 339 4215 τὰ
381 4160 627 4233 δόγματα
653 4162 844 4233 ἄλογον
875 4164 1077 4236 ὁρμήνο
1120 4164 1212 4219 καὶ
1252 4165 1429 4236 κρίσιν
1457 4159 1532 4222 ὧν
1562 4166 1731 4222 οἴεται

230 4317 351 4390 (Η)
480 4317 605 4390 γάρ.
647 4316 933 4390 Bengelius
976 4318 1106 4391 legit
1151 4313 1188 4391 ἦ
1226 4334 1324 4391 pro
1362 4316 1731 4392 ﬂpraeceden-

156 4391 299 4446 tium
327 4389 650 4443 editiOnntn.

1856 677 1902 732 si
1941 677 2212 749 corrigere
2254 678 2426 748 ipsam
2455 677 2557 731 alia
2590 678 2854 748 quispiam
2889 677 3066 731 oratio
3094 679 3240 741 velit.
3272 680 3419 735 haud

1852 782 1973 821 eam
2001 767 2116 838 jam
2153 767 2420 832 admittat,
2464 783 2640 837 neque
2667 768 2811 823 aliud
2850 768 2953 823 sibi
2990 770 3305 837 persuaderi
3344 771 3424 824 si-

1854 867 1965 923 nat,
1994 859 2247 929 opinione
2275 860 2374 916 hac
2406 860 2683 916 obsessam
2714 868 2949 926 tenente,
2983 869 3037 915 et
3069 861 3284 931 tyranni
3323 862 3423 916 im-

1852 949 2132 1019 placabilis
2164 950 2335 1005 instar
2362 952 2415 1005 in
2440 966 2502 1006 ea
2527 952 2864 1005 dominante.

1924 1039 2065 1095 XIV.
2103 1041 2242 1111 Quid
2271 1042 2414 1096 enim
2435 1081 2450 1108 ,
2499 1057 2567 1097 an
2595 1042 2744 1097 aliud
2773 1052 2891 1110 cst,
2924 1043 3069 1113 quod
3115 1055 3418 1115 pugnantes

1853 1131 1995 1186 inter
2030 1147 2089 1187 se
2111 1133 2477 1203 adversasque
2502 1135 2835 1198 sententias,
2882 1145 2936 1190 et
2967 1136 3416 1206 philoSOpltorum

1850 1221 2225 1278 contentiones
2257 1222 2492 1289 invexit;
2544 1224 2674 1278 dum
2708 1224 2798 1279 alii
2825 1226 3056 1280 aliorum
3094 1227 3307 1295 placitis
3332 1243 3419 1282 rc-

1849 1322 2113 1383 pugnant,
2142 1313 2234 1367 alii
2261 1314 2366 1368 alia
2394 1315 2670 1370 mordicus
2695 1316 2957 1381 retinent,
2990 1317 3083 1371 alii
3110 1318 3212 1371 alia
3236 1319 3419 1388 potius

1849 1405 2275 1459 consectantur?
2324 1406 2402 1459 Ac
2423 1405 2796 1475 phiIOSOphari
2829 1407 3048 1477 quidem
3090 1423 3282 1464 omnes
3315 1425 3416 1462 vo-

1848 1493 1966 1549 lunt
1988 1535 2004 1562 ,
2049 1503 2104 1550 et
2136 1495 2237 1552 hoc
2268 1510 2379 1565 prae
2406 1510 2465 1551 se
2494 1495 2674 1551 ferunt
2719 1513 2786 1553 ex
2827 1514 2937 1568 quo
2976 1500 3145 1556 semel
3176 1500 3418 1572 aggressi

1848 1593 2011 1652 sunt,
2040 1585 2284 1642 dicentes
2308 1601 2415 1641 non
2448 1588 2632 1644 minus
2666 1588 2718 1643 id
2744 1589 2878 1644 velle
2908 1606 2967 1646 se
2989 1632 3005 1658 ,
3039 1590 3169 1646 dum
3196 1592 3250 1646 in
3278 1592 3416 1663 ipsis

1847 1676 2307 1749 disputationibus
2337 1689 2646 1747 versantur,
2670 1697 2835 1751 quam
2866 1698 2989 1737 cum
3013 1697 3108 1738 eas
3136 1683 3413 1755 inierunt;

1847 1770 1958 1826 imo
2011 1785 2140 1826 vero
2179 1770 2391 1826 acriore
2435 1786 2582 1826 nunc
2624 1772 2979 1842 philosOphiaa
3004 1773 3186 1828 studio
3215 1772 3411 1841 teneri,

1846 1872 2135 1935 postquam
2170 1875 2388 1936 gustum
2421 1865 2541 1935 ejus
2574 1864 2809 1934 aliquem
2839 1872 3118 1935 ceperunt,
3152 1865 3208 1920 in
3238 1881 3414 1936 eoque

1846 1970 2067 2027 operam
2093 1964 2410 2026 posuerunt,
2440 1971 2606 2026 quam
2632 1970 2756 2010 cum
2786 1956 2948 2011 rudes
2979 1957 3155 2013 adhuc
3176 1969 3230 2014 et
3258 1959 3413 2014 inex-

1845 2047 2020 2117 perti,
2071 2045 2141 2101 ad
2185 2047 2681 2118 philosophandum
2727 2048 2930 2118 impetu
2963 2049 3199 2119 quodam
3246 2050 3411 2109 delati

1845 2146 1991 2191 sunt.
2031 2134 2155 2193 Haec
2184 2138 2260 2193 illi
2286 2139 2476 2194 dicunt
2510 2156 2524 2193 :
2561 2154 2662 2194 nec
2677 2138 2791 2210 jam
2824 2154 3153 2211 quemquam
3182 2141 3412 2197 audiunt

1843 2243 2056 2292 eorum,
2085 2229 2177 2299 qui
2210 2231 2368 2285 aliter
2393 2230 2659 2286 sentiunt.
2718 2229 2904 2302 Neque
2927 2231 3093 2303 igitur
3115 2233 3409 2304 quisquam

1843 2335 1905 2375 ex
1943 2321 2215 2376 veteribus
2239 2321 2409 2376 ullum
2445 2337 2511 2378 ex
2540 2324 2954 2392 recentioribus,
2978 2334 3074 2379 aut
3100 2341 3167 2382 ex
3189 2324 3413 2397 Peripa-u

1843 2411 2019 2467 teticis
2050 2411 2134 2465 'ad
2176 2426 2235 2467 se
2285 2413 2659 2482 sequendum,
2714 2429 2979 2486 suamque
3006 2416 3408 2487 philosophiam

1842 2503 2267 2573 amplectendam
2291 2504 2509 2561 allicere
2529 2514 2757 2561 conatus
2778 2518 2895 2570 est;
2939 2523 3040 2564 nec
3061 2511 3408 2578 econtrario;

1842 2610 1942 2651 nec
1984 2595 2219 2666 denique
2249 2597 2393 2654 ullus
2427 2599 2619 2657 ullum.
2662 2599 2832 2656 Nemo
2859 2603 3005 2658 enim
3034 2604 3192 2661 facile
3231 2606 3404 2661 addua

1840 2687 2003 2754 citur,
2024 2697 2081 2743 ut
2102 2690 2367 2745 sententia
2395 2700 2602 2746 mutata
2627 2693 2818 2749 alienis
2845 2696 3207 2763 assentiatur;
3243 2707 3408 2768 atque

1840 2779 1975 2835 adeo
2017 2780 2085 2835 iis
2127 2781 2292 2852 ipsis.
2326 2782 2527 2852 quibus
2561 2784 2605 2840 si
2641 2785 2690 2841 ei
2713 2789 3031 2855 persuasum
3063 2788 3254 2845 fuisset
3284 2799 3405 2845 stu-

1840 2870 1970 2927 dere
1998 2881 2288 2945 antequam
2316 2874 2579 2945 inciperet
2608 2877 2999 2948 pliilosOphari,
3028 2890 3139 2935 tum
3167 2882 3405 2951 primum

1840 2972 1987 3019 certe
2013 2964 2242 3019 libenter
2268 2980 2529 3022 assensus
2573 2977 2755 3032 esset,
2791 2969 2992 3039 quippe
3022 2971 3262 3026 nondum
3286 2973 3407 3027 ani~

1842 3070 1931 3110 mo
1958 3054 2079 3111 aliis
2107 3065 2394 3126 occupato,
2431 3072 2606 3128 neque
2631 3059 2737 3113 alia
2765 3061 2879 3130 jam
2914 3061 3256 3130 admitteret;
3293 3063 3404 3118 imo

1844 3164 1975 3204 vero
2007 3165 2182 3220 neque
2210 3151 2264 3204 in
2295 3150 2361 3205 iis
2388 3152 2778 3227 acquiesceret,
2811 3169 2877 3207 ac
2903 3165 3121 3223 propter
3148 3155 3234 3209 illa
3256 3196 3271 3220 ,
3319 3156 3404 3211 his

1840 3242 1974 3310 ipsis
2006 3242 2387 3297 adversaretur
2428 3258 2549 3312 quae
2570 3242 2684 3313 jam
2713 3245 2876 3299 sentit
2904 3261 2968 3300 ac
2995 3254 3158 3300 tenet.
3214 3245 3401 3301 Talem

1838 3332 1998 3388 nobis
2026 3334 2237 3404 egregii
2265 3343 2320 3388 et
2364 3334 2711 3390 disertissimi
2743 3335 3193 3411 solertissimique
3228 3336 3403 3394 (ἓτωοί

1839 3421 2240 3492 philosophiam
2289 3423 2653 3479 exhibuerunt
2687 3442 2700 3478 :
2731 3440 2853 3494 qua:
2895 3424 3131 3493 primum
3168 3427 3406 3497 quisque

1838 3521 2031 3567 nactus
2055 3521 2172 3577 est,
2207 3513 2410 3583 impetu
2438 3514 2672 3583 quodam
2712 3514 2939 3581 ductus,
2980 3515 3095 3571 haec
3126 3518 3241 3572 sola
3272 3533 3403 3573 vera

1837 3617 1959 3659 esse
1991 3602 2199 3666 dicens,
2234 3604 2442 3673 reliqua
2468 3605 2649 3658 omnia
2675 3604 2903 3659 aliorum
2928 3606 3400 3677 philosophorum,

1837 3710 2009 3765 nugas
2037 3706 2223 3750 censet
2251 3704 2413 3766 atque
2445 3694 2746 3763 fallaciam;
2782 3712 2905 3751 cum
2934 3699 3051 3766 ipse
3086 3699 3256 3755 nihilo
3282 3715 3400 3755 me-

1836 3788 1941 3842 lius
1971 3803 2070 3843 sua
2096 3787 2402 3851 conﬁrmet,
2426 3802 2590 3857 quam
2620 3787 2796 3842 cieteri
2822 3802 3012 3843 omnes
3041 3804 3141 3843 sua
3162 3791 3398 3859 quisque

1833 3879 2165 3947 defendunt;
2204 3895 2271 3933 ne
2303 3880 2369 3934 de
2411 3880 2578 3951 gradu
2608 3879 2786 3947 exire,
2837 3882 3271 3951 sententiamque
3302 3891 3400 3935 aut

1833 3972 1887 4027 vi
1928 3979 2032 4038 aut.
2068 3970 2422 4042 persuasione
2448 3979 2657 4026 mutare
2690 3979 2948 4041 cogatur;
2992 3972 3200 4026 nullum
3228 3972 3395 4027 alium

1835 4061 1905 4131 (si
1931 4077 2121 4117 verum
2150 4060 2306 4116 fateri
2331 4060 2482 4133 libet)
2513 4062 2716 4117 habens
2738 4072 2932 4131 praeter
2953 4062 3195 4132 ineptum
3220 4079 3251 4118 a
3276 4065 3397 4135 phi—

1832 4153 2079 4225 losophia
2109 4152 2179 4208 ad
2206 4154 2320 4208 hinc
2347 4152 2598 4223 dogmata
2629 4166 2693 4207 ac
2713 4152 2913 4223 placita
2948 4169 3071 4225 quae
3110 4168 3237 4210 vera
3278 4169 3396 4210 cre-

1831 4313 2213 4386 προσανείχετο
2244 4312 2448 4387 legitur
2481 4328 2609 4368 mox
2648 4312 2739 4387 hic
2783 4314 2927 4387 apud
2965 4314 3142 4384 ipsum
3190 4315 3393 4387 Grego-

1830 4384 2006 4448 rium,
2040 4394 2094 4439 et
2135 4384 2294 4453 paulo
2332 4390 2455 4453 post
2499 4384 2827 4455 προσέχειν),
2856 4393 3037 4439 tamen
3079 4399 3132 4441 et
3175 4384 3394 4453 adjuvat

232 4460 353 4531 (εξ)
391 4456 625 4531 Αὐτῶν,
684 4457 969 4531 Βςηεθιίιιε
1016 4475 1143 4531 cum
1195 4457 1504 4516 Ηωεοιιειίο
1560 4461 1729 4517 edidi;
1758 4463 1803 4518 1)
1833 4455 1921 4531 hic
1950 4455 2090 4510 idem
2114 4455 2296 4531 locus,
2336 4455 2664 4531 cu_m_verbi_s
2704 4455 3173 4531 aequipoltentibus
3199 4457 3393 4531 ἐντυγ-

156 4527 356 4602 αΰτού,
389 4529 627 4602 illudque
657 4527 823 4602 refert
859 4531 923 4584 ad
952 4530 1274 4600 φιλοσοφεῖν.
1302 4531 1406 4585 Aut
1444 4531 1724 4602 παρέλκει,

155 4600 367 4671 inquit,
397 4609 453 4653 ut
484 4598 624 4671 apud
653 4598 891 4671 Latinos,
927 4598 1098 4670 quoad
1129 4598 1245 4671 ejus
1268 4602 1384 4670 ﬁeri
1412 4598 1598 4669 potest.

235 4667 353 4740 (l6)
392 4667 697 4741 Οὺδένεσι.
743 4667 1034 4741 Κυλίω,
1066 4667 1170 4741 sed
1210 4667 1330 4741 non,
1367 4667 1584 4741 indigna
1623 4671 1728 4727 hoc

154 4743 453 4808 scriptore.
486 4740 723 4810 Castus.
746 4769 813 4779 —
838 4739 1247 4810 065évs0’t7Gel’.
1291 4740 1449 4798 Voss.
1488 4739 1595 4810 pro
1633 4742 1725 4795 οὑ-

153 4811 300 4875 δέσι,
328 4825 441 4878 quo
467 4809 731 4865 Aristides
766 4809 938 4878 utitur
981 4810 1035 4864 in
1081 4809 1584 4873 Panathenaico,“
1618 4810 1728 4866 Lu-

152 4877 362 4935 cianus
414 4879 470 4933 in
514 4878 845 4935 Charideme.
874 4877 1096 4936 Hmscn.
1122 4909 1191 4919 -—
1225 4879 1407 4937 Prima
1448 4880 1727 4937 enimvero

154 4949 437 5006 Vossiana
471 4950 634 5004 editio
665 4948 978 5020 Moguntina
1005 4966 1132 5005 ann.
1164 4949 1302 5005 1604
1328 4952 1546 5006 exhibet
1580 4952 1727 5006 οὐδέ-

151 5038 303 5086 ·δεσι,
337 5019 484 5089 quod
507 5029 691 5088 postea
721 5019 774 5074 in
806 5019 1096 5075 Parisiensi
1121 5037 1251 5076 ann.
1285 5021 1417 5075 1621
1457 5030 1725 5077 mutatura

150 5100 246 5146 est
279 5092 334 5146 in
361 5089 513 5144 οὐδέν
543 5091 659 5143 ἐστι
694 5105 895 5159 :quam
927 5091 1143 5158 quidem
1178 5091 1464 5147 lectionem
1502 5092 1728 5147 retinuit

152 5163 333 5217 altera
359 5159 682 5214 Parisiensis
703 5158 831 5215 ann.
865 5158 1024 5215 4759.

235 5232 353 5301 (i7)
388 5225 489 5295 οἷς·
613 5229 1015 5301 φιλοσοφήσει
1050 5230 1421 5299 προσελθεῖν.
1464 5225 1560 5298 Οἷς
1599 5247 1727 5288 cum

150 5298 391 5372 ἐπείσθη
416 5309 467 5385 et
488 5298 626 5381 cum
643 5299 831 5385 ἠγάπα
856 5298 1278 5385 construendum
1299 5312 1423 5385 ‘est.
1448 5302 1727 5385 Frequens

154 5369 393 5433 zeugma
417 5369 640 5431 Graecis.
669 5380 725 5424 ut
755 5385 896 5425 unus
923 5385 1087 5425 casus
1126 5386 1157 5425 a
1187 5372 1401 5428 duobus
1434 5369 1613 5428 verbis
1638 5387 1727 5427 re-

152 5453 345 5511 gatur.
375 5442 500 5512 Mox
549 5440 896 5511 φιλοσοφήσει
941 5441 1187 5512 vernale,
1230 5444 1579 5512 contemptim
1638 5443 1728 5497 hic

153 5509 407 5583 loquenti
443 5509 951 5583 Gr_egorioAnatum.
980 5509 1172 5583 Latine
1214 5509 1601 5583 philosophatio
1630 5528 1727 5583 per

151 5578 266 5651 poi
293 5581 466 5636 dicas.
497 5578 836 5651 Προσελθεῖν.
870 5580 1162 5649 Apostolus
1185 5578 1403 5651 quoque
1420 5578 1451 5635 Ἰ
1473 5582 1613 5637 Tim.
1632 5578 1722 5643 'VI.

148 5649 215 5717 5,
253 5651 311 5705 et
335 5667 421 5714 τις
460 5649 934 5721 μὴήπροσέρχεται
977 5649 1274 5718 ὑγιαίνουσι
1315 5649 1511 5720 λόγοις.
1549 5653 1722 5719 Quam

155 5719 472 5789 lectionem,
502 5720 606 5775 etsi
626 5719 850 5789 'l'uitqui
884 5721 1203 5793 προσέχεται
1231 5719 1599 5793 suapicaretur
1624 5722 1723 5791 (uti

1829 4525 2010 4595 χάνειν
2044 4526 2138 4578 καὶ
2170 4524 2534 4595 προσομιλεῖν,
2563 4525 2664 4579 sub
2697 4526 2861 4595 linem
2893 4527 3122 4595 przeced.
3156 4542 3274 4595 cap.
3301 4524 3389 4595 l3,

1828 4594 1991 4668 atque
2032 4597 2135 4650 hoc
2179 4596 2297 4668 ipso
2333 4611 2386 4648 in
2429 4594 3080 4668 οσρίίιθηπροστίθεσθαι,
3116 4594 3391 4668 προστυγς

1864 4663 2031 4740 every:
2060 4672 2114 4719 et
2145 4663 2431 4740 conﬁrmat
2455 4663 2691 4740 (collatis
2713 4663 2835 4719 aliis
2854 4663 3202 4740 synonymis,
3230 4663 3394 4740 προσ-

1860 4734 2114 4808 ιατρίψαιΑ
2142 4734 2303 4804 paulo
2335 4745 2459 4789 ante
2493 4734 2912 4808 etgauvotarptﬁ
2945 4734 3056 4792 sub
3086 4736 3246 4791 linem
3276 4734 3391 4808 ibu-

1822 4804 1979 4879 jusce
1996 4804 2213 4879 capitis,
2239 4806 2672 4879 occurrentibus)
2695 4804 2809 4879 vos
2823 4804 3093 4879 opposita,
3124 4807 3390 4879 παραδια-

1824 4874 2093 4948 τριδαίτίῂ
2124 4874 2366 4948 ejusdem
2402 4884 2579 4948 textus
2602 4874 2866 4948 Paulini)
2891 4877 2944 4932 5.
2974 4877 3206 4933 BENGEL.

1899 4940 2192 5017 (18111ρὸζ-
2227 4940 2753 5017 τῆς-φιλοσοφίας,
2801 4940 3119 5017 suspicatur
3160 4948 3390 5006 Vossius

1825 5013 2112 5087 legendum
2148 5013 2407 5087 39?);qu
2441 5015 2749 5087 φιλοσοφίαν
2782 5017 2873 5070 καὶ⁸
2908 5013 3010 5071 ’ἐπὶ
3036 5019 3160 5073 τάδε
3200 5021 3268 5073 τὰ
3299 5020 3388 5074 δό-

1824 5083 2050 5171 ηἱατακ
2064 5083 2232 5170 Magis
2263 5083 2702 5171 placetlBen‘g‘e‘lii
2728 5089 2991 5171 sententia
3028 5090 3387 5171 legentisnpo

1824 5154 1925 5238 τῆς
1970 5154 2313 5237 φιλοσοφίας,
2367 5165 2487 5237 ante
2530 5155 2872 5226 philosophice
2921 5154 3176 5213 studium.
3226 5154 3385 5214 Modo

1825 5241 1969 5307 enim
2012 5226 2222 5307 dixerat
2251 5223 2570 5307 Gregorius,
2602 5227 2730 5307 πρὶν
2764 5226 3115 5307 φιλοσοφήσει
3150 5230 3383 5301 προσελ-

1827 5295 2280 5368 θεῖνηϐειςιενυιιι
2329 5295 2420 5368 hic
2461 5295 2841 5366 Bengelianam
2895 5295 3380 5368 inici-punctionem

1826 5366 1995 5423 secuti
2040 5381 2251 5430 sumus,
2285 5365 2489 5436 quippe
2498 5365 2646 5436 una:
2682 5368 2942 5436 aptiorem
2988 5365 3213 5423 fundere
3260 5384 3384 5422 scn-

1826 5453 1947 5493 sum
1999 5436 2157 5491 nobis
2182 5433 2434 5490 visa’sit.‘
2471 5433 2736 5491 Nimirum
2771 5453 2785 5489 :
2818 5436 2988 5491 Nulla
3035 5440 3084 5493 ei
3125 5448 3237 5492 erat
3271 5437 3384 5493 alia

1825 5509 2085 5561 sententia
2112 5506 2196 5576 (si
2241 5522 2416 5559 verum
2456 5517 2532 5560 est
2576 5506 2886 5630 dicendum!)
2935 5508 3038 5562 nisi
3087 5522 3254 5561 cacus
3293 5507 3383 5563 ille

1825 5578 2094 5630 stimulus.
2113 5592 2214 5630 auo
2244 5586 2364 5630 ante
2388 5576 2728 5630 nhilosoohiat
2755 5587 2837 5630 stu
2879 5578 2989 5630 ium
3020 5577 3075 5630 in
3099 5579 3203 5630 ista
3231 5589 3381 5630 actus

1825 5578 2094 5642 stimulus,
2113 5592 2214 5647 quo
2244 5586 2364 5630 ante
2387 5576 2728 5647 philosophiae
2755 5576 2989 5631 studium
3020 5577 3075 5630 in
3099 5579 3203 5631 ista
3231 5589 3381 5632 actus

1825 5659 1939 5702 erat
1970 5646 2204 5718 placita;
2234 5662 2403 5718 (neque
2435 5646 2596 5700 aliud
2618 5648 2885 5718 judicium
2910 5662 3090 5700 eorum
3116 5664 3232 5717 qua:
3256 5664 3376 5704 vera

1826 5715 2034 5788 putaret
2063 5720 2147 5789 (ne
2172 5715 2362 5771 mirum
2396 5718 2465 5772 sit
2487 5715 2675 5789 dictu),
2708 5715 2809 5774 nisi
2836 5717 3061 5787 fortuna:
3090 5715 3376 5776 temeritas.
