3908 7030
132 341 303 400 {093

1103 338 1169 398 ΙΝ
1209 341 1557 404 ORIGENEM
1599 347 1859 406 ORATIt)
1891 347 2353 406 PANEGYRICA.

3266 355 3403 412 1094

135 457 283 511 οὐδὲ
350 460 464 511 κατ’
498 457 691 522 αὐτοὺς
736 456 953 511 ἀπιέναι
1006 458 1187 529 ὴξίου·
1244 463 1380 532 πρὸς
1428 463 1486 516 δὲ
1530 464 1721 530 πάντας

1846 468 2096 537 phorum.
2150 466 2317 525 Nobis
2349 481 2479 538 ergo
2524 482 2593 523 ne
2640 466 2695 522 id
2738 466 2914 538 ipsum
2963 466 3106 538 quod
3140 467 3405 538 imperite

126 542 322 620 ἦγεν,
343 548 551 614 οὐδενὸς
579 550 936 621 ἀπειράστους
961 545 1099 605 εἶναι
1131 551 1300 606 θέλων
1330 555 1597 625 δόγματος
1630 559 1739 611 Ἑλ-

132 639 407 710 ληνικοῦ.
439 641 550 695 Καὶ
594 642 755 706 αὐτὸς
795 642 852 695 δὲ
903 643 1173 714 συνεισῄει
1206 646 1612 719 προηγούμενος
1645 650 1738 703 καὶ

129 730 541 803 χειραγωγῶν,
573 731 762 803 ῶσπερ
802 734 860 786 ἐν
889 733 1188 807 ὁδοιπορίᾳ,
1221 737 1273 789 εἴ
1302 754 1404 790 που
1449 738 1542 792 καὶ
1572 740 1740 793 ὑπαν-

128 821 328 892 τῆσαί
358 840 410 876 τι
441 822 649 876 σκολιὸν
679 824 772 877 καὶ
804 823 1033 878 ὓπουλον
1066 830 1159 880 καὶ
1195 828 1617 899 σοφισματῶόες,
1649 824 1737 883 οἶα

127 914 207 985 δὴ
239 916 502 986 τεχνίτης
532 917 597 968 ὲκ
628 915 728 987 τῆς
754 916 818 969 ἐκ
854 915 1050 970 πολλοῦ
1086 919 1198 981 τοῖς
1222 918 1398 988 λόγοις
1431 920 1735 991 συνδιατρι-

130 1006 281 1077 6ἧς,
313 1009 415 1061 οὐκ
457 1007 630 1079 ἀήθης
669 1008 879 1072 οὐδενὸς
910 1009 1031 1062 οὐδὲ
1073 1009 1297 1082 ἄπειρος
1340 1010 1437 1073 ὢν,
1468 1012 1737 1085 μετέωρος

129 1100 322 1163 αὐτὸς
358 1117 418 1153 τε
465 1103 521 1154 ὲν
547 1101 778 1169 ἀσφαλεῖ
803 1101 978 1171 μένοι,
1008 1103 1103 1155 καὶ
1134 1103 1311 1167 ἄλλοις
1337 1103 1544 1175 ὀρέγων
1580 1108 1735 1175 χεῖρα

129 1191 478 1257 διασώζοιτο
517 1191 703 1265 ὥσπερ
755 1192 1176 1264 βαπτιζομένους
1227 1195 1591 1267 ἁνιμώμενος·
1626 1197 1734 1249 πᾶν

134 1285 252 1353 μὲν
288 1286 319 1339 ὃ
348 1303 403 1339 τι
433 1287 700 1360 χρήσιμον
723 1286 1022 1356 φιλοσόφων
1046 1287 1290 1341 ἑκάστων
1312 1289 1406 1341 καὶ
1424 1287 1620 1359 ἀληθὲς
1640 1283 1730 1359 ἦν,

130 1376 461 1446 ἀναλέγων,
495 1378 587 1430 καὶ¹
630 1376 1061 1448 παρατιθέμενος
1106 1379 1234 1449 ἡμῖν
1256 1394 1271 1409 ·
1319 1379 1419 1432 ὅσα
1447 1379 1503 1432 δὲ
1534 1379 1724 1449 ψευδῆ,

128 1466 462 1538 ἐπικρίνων·
512 1468 582 1521 τά
623 1485 683 1521 τε
730 1467 886 1533 ἄλλα,
924 1469 1015 1522 καὶ
1050 1468 1280 1540 μαλίστα
1315 1468 1418 1545 ὅσα
1461 1469 1566 1523 ίδια
1598 1469 1733 1540 πρὸς

129 1558 442 1613 εὐσέϐειαν
476 1556 545 1631 ἦν
568 1558 890 1632 ἀνθρώπων.

1842 560 2175 616 multitudini
2204 560 2488 626 eveniret,
2522 560 2589 615 ad
2616 560 2836 615 unicum
2865 576 2966 616 nos
2990 560 3400 632 philosophica-

1836 666 1960 706 rum
1999 651 2314 722 opinionum
2362 666 2532 722 genus
2582 666 2689 706 non
2722 652 3075 716 admovebat,
3109 667 3209 708 nec
3248 655 3303 707 in
3333 667 3402 707 eo

1837 743 2135 799 consistere
2164 742 2405 808 sinebat;
2443 742 2539 799 sed
2567 758 2663 812 per
2686 743 2868 798 omnia
2895 743 3153 810 ducebat,
3199 744 3403 801 nullius

1839 850 1939 891 nos
1969 833 2266 891 Graecanici
2289 835 2560 906 dogmatis
2583 835 2746 891 rudes
2776 843 2873 888 aut
2896 835 3114 905 ignaros
3139 850 3257 891 esse
3280 851 3403 906 per—

1840 927 2079 981 mittens.
2141 924 2259 997 lpse
2286 935 2468 981 autem
2516 925 2681 983 simul
2708 925 2964 981 incedens
2990 927 3244 995 praeibat;
3279 943 3400 982 ma-

1838 1030 2021 1085 nuque
2044 1014 2270 1081 ducens,
2306 1024 2565 1085 tauquam
2591 1015 2645 1069 in
2675 1015 2781 1081 via,
2814 1015 2861 1070 si
2893 1014 3023 1085 quid
3054 1030 3281 1084 usquam
3307 1015 3403 1070 lle-

1838 1119 2071 1160 xuosum
2123 1116 2467 1171 occurreret,
2524 1115 2619 1162 aut
2668 1106 2893 1185 inﬁdum
2946 1116 2999 1161 et
3044 1107 3111 1162 ad
3154 1107 3398 1164 fraudem

1836 1196 2231 1265 compositum;
2264 1197 2413 1253 velut
2434 1197 2638 1266 peritus
2662 1197 2877 1263 artifex,
2913 1198 3000 1254 cui
3023 1214 3089 1254 ex
3113 1199 3270 1269 longo
3296 1216 3399 1254 usu

1836 1297 1999 1358 atque
2031 1288 2418 1344 exercitatione
2440 1289 2859 1361 philosophandi
2891 1290 3026 1344 nihil
3060 1290 3303 1348 insolens
3328 1293 3401 1348 sit

1837 1395 1937 1435 nec
1960 1380 2323 1450 inexpertum,
2369 1390 2425 1436 et
2449 1381 2701 1437 sublimis
2732 1382 2847 1452 ipse
2872 1382 2928 1437 in
2952 1392 3068 1437 tuto
3094 1394 3296 1449 manet,
3334 1400 3398 1441 ac

1837 1484 2059 1524 manum
2087 1468 2210 1522 aliis
2236 1469 2552 1542 porrigens,
2585 1473 2752 1526 veluti
2777 1472 2869 1541 qui
2897 1471 3279 1542 demerganlur
3304 1489 3400 1528 ex-

1840 1559 2063 1613 trahens
2085 1598 2102 1624 ,
2152 1566 2330 1612 servat
2374 1576 2387 1612 :
2432 1559 2506 1613 ita
2532 1558 2794 1630 quidquid
2825 1560 2966 1641 apud
2999 1561 3241 1630 singulos
3272 1561 3397 1633 phi-

130 1651 423 1723 losophos
470 1655 601 1710 utile
645 1669 711 1710 ac
760 1668 946 1710 verum
985 1661 1138 1719 erat,
1165 1654 1405 1725 deligens
1465 1654 1730 1724 nobisque
1781 1665 2091 1721 apponens;
2144 1665 2267 1721 qua
2308 1664 2437 1707 vero
2483 1649 2657 1720 falsa,
2716 1668 3037 1721 secernens;
3093 1664 3209 1709 tum
3268 1655 3395 1714 alia.

133 1755 271 1800 tum
304 1747 583 1813 maxime,
618 1762 741 1817 qtue
770 1747 1051 1802 hominum
1093 1747 1309 1817 propria
1342 1755 1471 1802 sunt
1500 1747 1568 1801 ad
1602 1745 1879 1816 pietatem.

214 1841 326 1895 IE'.
371 1840 507 1911 nep".
560 1840 761 1894 τούτων
813 1841 910 1912 μὲν
961 1841 1127 1913 μηδὲν
1171 1841 1455 1913 προσέχειν
1496 1839 1721 1912 συμϐου-

1904 1836 2022 1893 XV.
2048 1837 2117 1892 Et
2142 1838 2337 1893 horum
2361 1838 2579 1908 quidem
2604 1850 2661 1894 ut
2687 1840 2820 1895 nihil
2844 1841 3245 1896 attenderemus
3269 1858 3395 1899 sua-

132 1929 349 1995 λεύων,
389 1930 520 2001 μηδὲ
557 1933 605 1983 εί
634 1930 907 1999 πάνσοφός
934 1948 1020 1995 τις
1050 1930 1153 1984 ὑπὸ
1184 1932 1400 1985 πάντων
1431 1930 1730 2003 ἀνθρώπων

136 2022 537 2095 μαρτυρηθείη
556 2040 570 2053 ·
599 2023 743 2097 μόνῳ
768 2023 824 2078 δὲ
851 2024 1138 2097 προσέχειν
1159 2023 1277 2095 Θεῷ
1298 2022 1521 2087 καὶτοῖς
1542 2023 1730 2088 τούτου

134 2114 497 2186 προφήταις·
562 2115 723 2179 αὐτὸς
756 2114 1111 2188 ὑποφητεύων
1138 2114 1247 2186 (26)
1274 2114 1367 2168 καὶ
1398 2112 1728 2187 σαφηνίζων,

133 2202 168 2256 ὃ
194 2204 257 2257 τί
288 2221 428 2258 ποτε
456 2204 728 2258 σκοτεινὸν
760 2205 854 2259 καὶ
906 2204 1301 2277 αἰνιγματῶδες
1333 2201 1368 2280 ᾖ
1410 2200 1517 2277 (οἷα
1566 2206 1731 2261 πολλὰ

136 2296 203 2348 ἐν
230 2298 366 2361 ταῖς
393 2297 567 2368 ἱεραῖς
599 2297 715 2350 ἐστι
761 2298 988 2362 Φωναῖς·
1026 2298 1144 2369 ἦτοι
1185 2296 1328 2352 οὕτω
1372 2297 1525 2369 φίλον
1556 2298 1616 2354 ὃν
1648 2298 1725 2371 τῷ

135 2385 272 2459 Θεῷ
310 2386 661 2459 προσομιλεῖν
692 2387 1016 2461 ἀνθρώποις,
1051 2389 1126 2453 ὡς
1154 2389 1228 2461 μὴ
1253 2391 1354 2445 καὶ
1373 2390 1595 2457 ἀναξίαν
1622 2392 1728 2463 ψυ-

140 2477 276 2550 χὴν,
321 2472 433 2531 οἷαι
483 2481 541 2533 αἱ
574 2479 796 2543 πολλαὶ,
844 2481 1046 2551 γυμνὸς
1097 2482 1192 2535 κοιλ⁸
1244 2482 1489 2554 ἀσκεπὴς
1530 2485 1561 2536 ὁ
1588 2482 1729 2549 θεῖος

141 2570 304 2643 εἰσίῃ
358 2570 533 2640 λόγος·
586 2570 748 2643 ἢκαὶ
788 2575 856 2644 τῇ
906 2571 1066 2641 φύσει
1124 2574 1221 2644 μὲν
1274 2575 1603 2644 σαφέστατον
1636 2576 1729 2630 καὶ

144 2661 530 2716 ἁπλούστατον
582 2664 690 2716 πᾶν
722 2663 780 2716 τὸ
817 2663 957 2717 θεῖον
989 2655 1325 2736 λόγιον’(27)
1379 2666 1458 2730 ὃν,
1497 2668 1625 2737 ἡμῖν
1673 2666 1730 2720 δὲ

140 2756 431 2808 ἀποστᾶσι
458 2754 612 2819 Θεοῦ,
636 2755 731 2808 καὶ
770 2755 1251 2827 ἀπομεμαθηκόσιν
1295 2756 1595 2828 ἀκροᾶσθαι
1626 2758 1729 2811 ὑπὸ

144 2846 350 2919 χρόνον
374 2847 469 2901 καὶ
496 2846 874 2918 παλαιότητος,
905 2848 1111 2917 ἀσαφὲς
1141 2848 1234 2902 καὶ
1264 2847 1534 2902 σκοτεινὸν
1554 2866 1725 2903 κατα-

144 2939 505 3010 φαινόμενον,
561 2939 662 2993 οὐκ
711 2939 818 3010 ἔχω
864 2940 1086 3010 λέγειν)·
1117 2940 1255 3011 πλὴν
1298 2940 1604 3012 σαφηνίζων
1632 2942 1726 2995 καὶ

144 3031 231 3093 είς
260 3028 383 3098 φῶς
410 3028 686 3102 προάγων,
711 3029 821 3082 εἴτε
842 3029 1137 3100 αίνίγματα
1165 3029 1290 3083 ὄντα
1312 3030 1586 3099 τυγχάνοι,
1615 3030 1723 3082 δει-

143 3119 240 3183 νὸς
270 3118 349 3172 ῶν
382 3120 655 3191 ἀκροατὴς
668 3119 803 3174 Θεοῦ
827 3120 920 3174 καὶ
945 3118 1323 3182 συνετώτατος·
1351 3120 1461 3173 εἴτε
1489 3121 1582 3174 καὶ
1607 3121 1719 3192 (‘28)

142 3211 307 3265 οὐδὲν
338 3211 548 3265 σκολιὸν
594 3211 784 3283 ἔχοντα
807 3214 873 3286 τῇ
908 3212 1085 3283 φύσει,
1136 3211 1243 3265 οὐδ’
1267 3211 1521 3265 ἀσύνετον
1551 3212 1716 3283 αὐτῷ,

143 3304 331 3368 οὕτως
365 3302 539 3374 ἔχοντι
573 3304 719 3375 μόνῳ
740 3303 850 3357 τῶν
883 3302 978 3359 νῦν
1033 3303 1354 3375 ἀνθρώπων,
1379 3298 1453 3358 ὧν
1475 3305 1634 3368 αὑτός
1661 3322 1719 3358 τε

146 3397 355 3468 ἔγνων,
388 3397 484 3450 καὶ
511 3395 709 3469 ἑτέρων
731 3398 939 3468 ηκουσα
968 3397 1095 3468 περί
1126 3414 1285 3450 τινων
1312 3397 1596 3466 λεγόντων,
1626 3415 1721 3467 μευ

148 3493 486 3565 μελετηκότι
512 3490 623 3564 (29)
662 3491 730 3545 τὰ
761 3490 978 3563 καθαρά
1018 3490 1123 3544 τῶν
1154 3490 1347 3559 λογίων
1379 3491 1612 3559 φωτεινὰ
1638 3507 1717 3556 τε,

147 3584 557 3658 παραδέχεσθαι
578 3582 743 3637 αὑτοῦ
777 3585 842 3655 τῇ
888 3580 1032 3654 ψυχῇ
1084 3582 1178 3636 καὶ
1220 3581 1558 3636 διδάσκεσθαι
1601 3582 1719 3635 ἐτέ-

148 3692 303 3747 ρους·
333 3677 414 3730 ὅτι
447 3674 618 3729 αὐτῶν
653 3674 762 3747 (50)
798 3677 827 3728 ὁ
856 3674 1071 3728 πάντων
1125 3675 1385 3746 ἀρχηγὸς,
1416 3676 1443 3728 ὁ
1469 3676 1582 3738 τοῖς
1622 3671 1717 3728 τοῦ

145 3766 291 3823 Θεοῦ
327 3766 503 3837 φίλοις
526 3767 832 3838 προφήταις
866 3764 1090 3836 ὑπηχῶν
1151 3767 1244 3820 καὶ
1275 3765 1587 3821 ὑποϐάλλων
1610 3768 1718 3821 πᾶ-

148 3876 256 3913 σαν
278 3858 611 3931 προφητείαν
647 3858 738 3911 καὶ
763 3856 918 3925 λόγον
961 3857 1218 3928 μυστικὸν
1240 3858 1332 3910 καὶ
1356 3856 1515 3921 θεῖον,
1548 3855 1718 3920 οὔτως

144 3951 320 4007 αὐτὸν
345 3952 581 4023 τιμήσας
630 3948 706 4013 ὡς
750 3948 918 4019 φίλον,
974 3950 1277 4021 προήγορον
1326 3947 1713 4018 κατεστήσατο·

148 4042 231 4103 ῶν
252 4047 324 4101 δι’
354 4045 556 4117 ἐτέρων
583 4043 801 4115 ᾐνίξατο
855 4044 1031 4114 μόνον,
1067 4041 1271 4095 τούτων
1301 4040 1388 4094 διὰ
1405 4038 1594 4094 τούτου
1620 4039 1719 4111 τὴν

146 4138 508 4195 διδασκαλίαν
541 4135 876 4205 ποιούμενος·
907 4136 1006 4188 ὃσα
1037 4151 1117 4198 τε,
1144 4132 1580 4200 ἀξιοπιστότατος
1617 4130 1713 4197 ῶν,

144 4233 182 4306 ἦ
214 4230 522 4303 προσέταξε
578 4227 869 4300 βασιλικῶς
906 4227 940 4298 ἢ
994 4225 1088 4279 καὶ
1131 4226 1461 4297 ἀπεφήνατο,
1512 4223 1716 4281 τούτων

145 4325 280 4387 τοὺς
300 4322 495 4390 λόγους
548 4317 917 4392 διερευνᾶσθαι
947 4333 1009 4369 τε
1052 4317 1145 4371 καὶ
1176 4315 1506 4388 ἐξευρίσκειν
1546 4314 1717 4387 τούτῳ

146 4415 576 4488 δωρησάμενος·
638 4412 704 4465 ἵν’
754 4410 808 4463 εἴ
834 4427 917 4474 τις
972 4408 1203 4481 σκληρὸς
1249 4408 1347 4480 τὴν
1395 4407 1571 4479 ψυχὴν
1621 4408 1714 4460 καὶ

148 4507 436 4577 ἀπιστοςῆ
459 4507 553 4560 καὶ
581 4502 882 4576 φιλομαθὴς
909 4502 984 4556 ὣν
1012 4500 1185 4573 τύχοι,
1216 4500 1367 4575 παρὰ
1388 4499 1576 4554 τούτου
1608 4516 1711 4571 μα-

148 4600 284 4664 θὼν,
325 4598 421 4653 καὶ
451 4596 686 4652 συνεῖναι
743 4597 836 4650 καὶ
884 4594 1155 4649 πιστεύειν
1207 4592 1420 4646 ἑλέσθαι
1475 4592 1715 4661 ἀναγκά-

149 4694 304 4758 ζοιτο
333 4689 530 4762 τρόπον
559 4688 697 4755 τινὰ,
732 4688 824 4742 κα)⁸
850 4686 1077 4741 ἕπεσθαι
1100 4685 1236 4756 θεῷ.
1265 4685 1428 4753 Λέγει
1453 4701 1513 4737 τε
1541 4682 1714 4739 ταῦτα

146 4785 255 4839 οὐκ
297 4782 493 4849 ἄλλως,
522 4777 696 4853 οἶμαι,
730 4780 763 4853 ἢ
803 4778 1056 4850 κοινωνία
1075 4776 1168 4831 τοῦ
1202 4776 1344 4829 θείου
1376 4774 1709 4846 Πνεύματος·

148 4878 254 4948 τῆς
297 4876 407 4948 γὰρ
453 4874 620 4945 αὐτῆς
660 4871 935 4943 δυνάμεως
965 4870 1047 4924 δεῖ
1095 4865 1489 4941 προφητεύουσί
1518 4884 1577 4920 τε
1618 4867 1714 4921 καὶ

150 4969 522 5044 ἀκροωμένοις
550 4967 858 5041 προφητῶν·
894 4964 986 5018 καὶ
1018 4963 1118 5016 οὐκ
1148 4962 1212 5017 ἂν
1244 4960 1468 5015 ἀκούσαι
1500 4959 1710 5031 προφή-

148 5078 275 5127 του,
307 5051 353 5127 ᾧ
388 5059 461 5131 μὴ
488 5058 619 5112 αὐτὸ
644 5058 704 5111 τὸ
736 5055 958 5126 Πνεῦμα
981 5053 1041 5107 τὸ
1066 5049 1446 5124 προφητεῦσαν
1472 5048 1566 5120 τὴν
1590 5049 1712 5103 σύν-

150 5172 273 5213 εσιν
302 5152 411 5208 τῶν
457 5150 622 5207 αὑτοῦ
645 5151 817 5220 λόγων
856 5148 1183 5220 ἐδωρήσατο.
1204 5143 1453 5199 Τοιοῦτον
1469 5142 1709 5212 ἔγκειται

223 5353 340 5425 (26)
377 5350 798 5425 Ὑποφητεύων.
817 5346 1129 5425 ’Υποφῄτῃς
1148 5342 1367 5408 dicitur,
1390 5340 1709 5425 φιλοῦσαι-

149 5412 592 5500 Ιορξίρτοριιὲιιὶ
602 5427 909 5500 susceptum
932 5412 1157 5500 adﬁalios
1170 5420 1462 5500 propagat.
1473 5412 1703 5500 benest:

225 5481 351 5564 (TI)-
376 5481 609 5564 Λόγεον.
641 5481 967 5564 Dimiuutjva
996 5481 1210 5564 formai:
1251 5481 1377 5537 nam
1402 5481 1628 5564 oracula.
1653 5488 1708 5564 et

153 5551 399 5634 ﬁtlelium
425 5551 482 5634 (1
495 5560 642 5617 Sam.
662 5574 830 5634 gul,
864 5557 958 5634 2),
982 5566 1036 5610 et
1060 5555 1318 5634 gentium,
1365 5568 1421 5608 v.
1461 5568 1541 5622 gr.
1575 5551 1705 5605 illud

151 5635 300 5715 quod
326 5625 550 5715 Crg‘asus
575 5630 766 5695 audiit,
799 5625 1099 5683 brevitatem
1128 5625 1366 5680 habuere
1399 5636 1561 5693 quam
1590 5636 1706 5675 ma-

154 5702 508 5847 ⁸ωᾶῗῆῗὲ
540 5770 657 5826 καί.
709 5766 823 5826 Hoc
850 5766 960 5821 εἴτε
997 5763 1258 5839 apodosin
1292 5776 1419 5820 mox
1445 5761 1608 5819 habet
1644 5759 1699 5815 in

61 6422 1670 6733 ηπ

1827 1928 1994 1993 dens,
2034 1944 2103 1983 ne
2130 1931 2174 1984 si
2206 1938 2266 1984 ut
2295 1930 2731 2000 sapientissimus
2776 1932 2994 2001 quidem
3026 1933 3292 2003 quispiam
3324 1935 3397 1991 ab

1828 2021 2080 2077 omnibus
2111 2021 2415 2076 celebretur
2439 2062 2454 2084 .
2492 2023 2585 2077 sed
2620 2032 2676 2078 ut
2711 2023 2804 2077 uni
2839 2021 2946 2078 Deo
2985 2040 3206 2094 operam
3237 2027 3395 2082 dare-

1827 2127 1951 2167 mus
1978 2112 2207 2183 ejusque
2227 2113 2538 2182 prophetis;
2574 2114 2690 2183 ipse
2716 2114 3099 2185 prophetarum
3127 2115 3391 2187 interpre-

1827 2212 1934 2258 tem
1968 2218 2155 2273 agens,
2196 2212 2251 2257 et
2293 2202 2592 2273 explanans
2632 2203 2895 2274 quidquid
2931 2220 3162 2274 usquam
3196 2207 3394 2262 obscu—

1827 2311 1949 2352 rum
1973 2304 2028 2351 et
2050 2296 2452 2366 aenigmaticum
2476 2303 2593 2352 erat
2614 2296 2817 2367 (qualia
2848 2305 2977 2351 sunt
2998 2297 3052 2351 in
3076 2298 3251 2354 sacris
3280 2297 3395 2353 Lit-

1829 2388 1960 2444 teris
1994 2387 2293 2457 permulta;
2329 2388 2442 2443 sive
2473 2388 2549 2442 ita
2578 2386 2686 2443 Deo
2721 2388 2886 2443 libeat
2922 2403 3047 2443 cum
3078 2389 3391 2445 hominibus

1829 2496 2009 2551 agere,
2028 2481 2389 2552 neindignam
2410 2481 2672 2546 animam,
2699 2481 3007 2551 cujusmodi
3032 2482 3214 2537 multae
3239 2493 3390 2550 sunt,

1828 2573 2009 2628 nudus
2038 2582 2105 2639 et,
2120 2574 2353 2629 intectus
2383 2572 2601 2628 divinus
2631 2588 2812 2627 sermo
2838 2573 3061 2640 subeat;
3097 2574 3210 2629 sive
3245 2575 3394 2644 quod

1829 2665 2232 2735 apertissimum
2262 2665 2481 2735 quidem
2514 2675 2708 2720 natura
2734 2681 2799 2721 ac
2823 2666 3285 2737 simplicissimum
3319 2669 3392 2723 sit

1828 2769 1991 2809 omne
2021 2754 2304 2809 oraculum
2338 2754 2619 2822 divinum;
2658 2756 2753 2811 sed
2795 2755 2954 2811 nobis
2981 2756 3074 2828 qui
3111 2772 3142 2811 a
3172 2755 3281 2815 Deo
3304 2774 3392 2812 re.-

1826 2845 2111 2912 cessimus,
2136 2854 2189 2900 et
2218 2845 2409 2900 audire
2433 2854 2654 2917 propter
2687 2855 2898 2918 tempus
2922 2855 2976 2902 et
3010 2847 3388 2918 antiquitatem

1824 2936 2191 3004 desuevimus,
2226 2937 2520 2993 obscurum
2568 2952 2631 2991 ac
2674 2937 3073 2993 tenebricosum
3119 2939 3386 3004 videatur,

1828 3028 2009 3084 dicere
2037 3043 2145 3083 non
2181 3028 2413 3099 habeo);
2448 3037 2570 3083 utut
2599 3028 2689 3095 sit,
2741 3028 3021 3084 declarans
3052 3039 3105 3085 et
3132 3031 3184 3084 in
3210 3030 3388 3085 lucem

1824 3118 2132 3191 proferens,
2157 3120 2269 3177 sive
2297 3121 2581 3190 aenigmata
2606 3120 2731 3183 sint,
2773 3129 3028 3190 tanquam
3069 3121 3296 3177 idoneus
3333 3131 3388 3176 et

1824 3209 2347 3281 iutelligentissimus
2391 3208 2485 3264 Dei
2530 3210 2777 3274 auditor;
2826 3210 2939 3265 sive
2980 3210 3274 3265 obscurum
3325 3226 3389 3265 ac

1823 3301 2123 3357 ﬂexuosum
2156 3311 2349 3355 natura
2392 3301 2528 3355 nihil
2561 3301 2816 3367 habeant,
2855 3317 2956 3356 nec
2990 3301 3267 3356 intellectu
3296 3317 3388 3356 ar-

1822 3394 1990 3448 duum
2026 3393 2165 3463 ipsi,
2189 3393 2282 3463 qui
2322 3408 2464 3448 unus
2501 3392 2745 3446 omnium
2779 3392 2871 3461 qui
2902 3408 3047 3447 nunc
3074 3395 3262 3449 vivunt
3288 3393 3388 3449 ho-

1823 3487 2056 3549 minum,
2079 3499 2221 3553 quos
2247 3484 2332 3538 vel
2358 3483 2600 3538 noverim
2625 3483 2757 3553 ipse,
2792 3484 2871 3539 vel
2900 3484 3021 3538 aliis
3040 3486 3387 3542 narrantibus

1820 3574 2141 3639 audiverim,
2180 3588 2312 3643 pura
2343 3582 2505 3643 atque
2548 3573 2832 3643 perspicua
2868 3577 3086 3630 oracula
3120 3578 3385 3631 meditan-

1820 3667 1912 3733 do,
1943 3678 1997 3722 et
2031 3680 2209 3721 mente
2247 3665 2361 3736 ipse
2400 3666 2675 3736 percipere
2706 3677 2901 3736 potest,
2934 3677 2988 3723 et
3016 3670 3253 3739 reliquos
3287 3671 3385 3725 do-

1820 3775 1972 3827 cere;
2006 3759 2261 3829 quoniam
2294 3759 2382 3814 ille
2409 3759 2652 3813 omnium
2691 3761 2964 3829 princeps,
2995 3761 3088 3830 qui
3119 3760 3227 3816 Deo
3248 3762 3382 3816 cha~

1818 3854 1896 3910 ris
1926 3852 2204 3924 prophetis
2237 3850 2477 3923 suggerit
2515 3861 2680 3922 atque
2723 3852 2952 3923 inspirat
2991 3868 3207 3908 omnem
3247 3868 3380 3924 pro-

1818 3946 2053 4016 phetiam
2105 3956 2520 4011 sermonemque
2569 3943 2859 4014 mysticum
2902 3957 2966 3997 ac
3007 3943 3271 4010 divinum,
3312 3958 3379 3999 eo

1817 4038 1969 4093 illum
2012 4036 2215 4090 honore
2264 4033 2500 4090 alliciens
2551 4035 2696 4088 velut
2740 4033 2995 4099 amicum,
3026 4034 3377 4104 interpretem

1818 4129 2099 4186 constituit
2123 4147 2136 4182 :
2169 4142 2289 4199 quae
2312 4126 2436 4183 aliis
2466 4126 2726 4182 indicavit
2754 4126 3036 4193 duntaxat,
3069 4140 3256 4182 eorum
3282 4142 3379 4198 per

1816 4224 1964 4277 hunc
2014 4219 2304 4276 instituens
2358 4217 2736 4287 disciplinam;
2778 4229 2830 4271 et
2871 4233 3206 4288 quaecunque
3237 4218 3373 4288 ipse,

1815 4311 1963 4368 omni
1992 4311 2095 4366 ﬁde
2133 4309 2349 4381 dignus,
2391 4318 2485 4363 aut
2520 4309 2671 4379 regio
2714 4322 2865 4362 more
2892 4306 3058 4377 jussit
3090 4316 3184 4363 aut
3206 4310 3371 4363 etiam

1816 4401 2210 4473 pronuntiavit,
2266 4415 2455 4456 eorum
2517 4400 2755 4455 rationes
2806 4400 3128 4471 investigare
3183 4408 3235 4454 et
3286 4401 3376 4453 ad.

1737 4480 1787 4540 Ῑ)
1813 4493 2057 4549 invenire
2102 4492 2229 4548 huic
2275 4492 2504 4563 largitus
2535 4508 2547 4544 :
2583 4499 2643 4545 ut
2674 4489 2719 4545 si
2752 4489 2876 4559 quis
2908 4489 3090 4543 animo
3115 4489 3285 4545 durus
3319 4499 3375 4544 et

1813 4584 2146 4649 incredulus,
2166 4591 2260 4637 aut
2285 4579 2527 4636 discendi
2553 4579 2715 4633 etiam
2754 4575 2986 4645 cupidus
3003 4577 3269 4645 exsistat,
3301 4578 3372 4633 ab

1814 4679 1920 4734 hoc
1950 4677 2189 4740 discens,
2230 4682 2284 4729 et
2313 4672 2611 4741 intelligere
2643 4677 2697 4723 et
2724 4668 2942 4723 credere
2970 4667 3371 4737 quodammodo

1812 4777 2061 4839 cogatur,
2106 4774 2162 4820 et
2198 4762 2366 4817 Deum
2398 4761 2571 4830 sequi.
2606 4758 2731 4813 Haec
2752 4772 2885 4813 vero
2915 4758 3003 4814 ille
3035 4775 3143 4814 non
3186 4760 3365 4830 aliter,

1810 4840 2027 4930 opinor,
2056 4856 2320 4923 enuntiat,
2352 4868 2516 4923 quam
2548 4868 2614 4907 ex
2647 4850 2815 4907 divini
2858 4849 3092 4921 Spiritus
3120 4867 3369 4908 commu-

1809 4952 2084 5009 nicatione
2114 4967 2128 5004 :
2160 4946 2349 5004 eadem
2378 4945 2523 5002 enim
2558 4943 2642 5000 vis
2670 4943 2969 5015 prophetis,
2998 4954 3050 4999 et
3078 4946 3367 5016 propheta-

1809 5059 1932 5100 rum
1976 5038 2315 5098 auditoribus
2351 5045 2435 5092 est
2473 5049 2644 5105 opus;
2690 5049 2789 5089 nec
2820 5035 3137 5104 prophetam
3172 5051 3367 5105 capere

1808 5134 1936 5207 quis
1962 5131 2153 5204 possit,
2182 5130 2270 5186 cui
2296 5126 2533 5200 Spiritus
2558 5126 2698 5182 idem
2731 5126 2823 5196 qui
2858 5125 3215 5197 prophetavit,
3245 5140 3365 5183 ser-

1806 5334 1914 5391 οὐδ⁴
1944 5332 2197 5388 ἀσύνετον
2236 5326 2403 5400 αὐτῷ,
2451 5327 2657 5384 scilicet
2687 5325 2896 5398 ἔχοντα.
2923 5324 3125 5381 Confer
3159 5323 3204 5379 ll
3228 5323 3355 5382 Cor.

1805 5421 1929 5471 vm,
1950 5403 2042 5469 25,
2070 5401 2123 5455 εί
2147 5417 2227 5454 τε.
2248 5398 2326 5454 In.
2357 5398 2366 5400 ἡ

1878 5475 1989 5558 (εει)
2032 5469 2841 5558 ἘζοντέςῖῖέιῗέξξἮἾὲέῖξλ
2854 5466 3219 5558 (ξῑεξὶξῐιὶυει
3244 5466 3357 5558 ἔχει

2241 5535 2527 5596 Nonnullis
2548 5535 2846 5610 interiectis
2884 5537 3111 5607 legimus
3133 5535 3221 5591 hic
3242 5535 3356 5607 ἔχει

1876 5683 1985 5757 (30)
2022 5681 2247 5757 Αὑτῷν.
2293 5679 2542 5737 Refertur
2590 5679 2657 5736 ad
2707 5676 2933 5747 λογίων,
2973 5685 3027 5732 et
3074 5674 3283 5745 regitur
3321 5691 3352 5731 a

1803 5751 2120 5829 προήγορον.
2156 5751 2229 5808 In.
