3950 6326
238 393 382 449 1105

1512 399 1701 454 ΚΑΤΑ
1737 399 1967 455 ΜΕΡΟΣ
1993 399 2241 456 ΠΙΣΤΙΣ.

3368 397 3516 457 1101

310 516 591 588 Ἔχθιστοι
627 519 724 573 καὶ
764 517 1036 593 ἀλλότριοι
1087 522 1187 593 τῆς
1240 524 1606 597 ἀποπολικῆς
1650 524 1826 596 ὁμολο-

2010 522 2375 581 lnimicissimi
2424 532 2477 580 et
2520 524 2683 581 alieni
2737 539 2769 579 a
2806 522 3155 581 confessione
3202 523 3515 594 apostolica.

235 607 367 677 γίας
411 609 463 662 σί
499 610 591 664 τὸν
620 609 749 663 Υἱὸν
790 610 851 677 ἐξ
890 612 990 666 οὐκ
1029 612 1198 667 όντων
1232 617 1329 675 καὶ
1358 617 1833 690 ἀποστελλομένης

234 699 418 770 ἀρχῆς
464 693 606 755 εἶναι
650 701 944 775 ἐπίκτητον
986 703 1238 774 λέγοντες
1285 706 1365 779 τῷ
1406 708 1581 780 Πατρί
1603 726 1616 740 ο
1658 710 1753 763 καὶ
1783 712 1833 764 oi

234 792 371 859 περὶ
402 791 496 846 τοῦ
530 794 688 863 ἁγίου
728 795 1042 868 Πνεύματος
1075 797 1146 852 τά
1181 798 1323 852 αὐτά
1354 798 1756 873 διανοούμενοι·
1781 805 1831 857 οἱ

230 879 384 934 δόσει
420 882 515 936 καὶ
547 884 730 955 χάριτι
755 883 1117 941 θεοποιεῖσθαι
1155 886 1405 957 λέγοντες
1430 889 1522 949 τὸν
1549 891 1702 957 Υἱὸν,
1737 894 1834 949 καὶ

233 973 299 1025 τὸ
330 972 557 1044 Πνεῦμα
596 974 658 1028 τὸ
683 974 837 1044 ἅγιον
866 976 1184 1045 ἁγιάξεσθαι
1205 995 1218 1009 ’
1251 979 1298 1033 oi
1333 979 1396 1033 τὸ
1427 979 1522 1034 τοῦ
1560 981 1692 1035 Υἱοῦ
1717 1000 1833 1036 κοι-

232 1065 582 1130 νοποιοῦντες
617 1067 788 1139 ὄνομα
814 1068 952 1140 πρὸς
989 1069 1116 1135 τοὺς
1140 1070 1388 1137 δούλους,
1431 1074 1524 1137 καὶ
1562 1074 1834 1144 πρωτότο-

234 1175 335 1213 κον
377 1158 609 1224 κτίσεως
642 1158 787 1217 οὕτω
816 1160 1083 1231 λέγοντες,
1110 1163 1186 1229 ὡς
1206 1165 1410 1237 ὁμοίως
1441 1167 1507 1229 ἐκ
1527 1166 1622 1222 τοῦ
1650 1167 1724 1240 μὴ
1756 1164 1834 1223 εῖ-

235 1265 328 1302 ναι
354 1249 450 1305 καὶ
468 1248 631 1304 αὑτὸν
655 1250 804 1315 ὄντα,
844 1255 938 1307 καὶ
969 1254 1045 1317 ὡς
1068 1254 1284 1326 πρῶτον
1307 1259 1700 1330 πεποιημένον,
1737 1260 1832 1314 καὶ

230 1338 337 1411 οὐχ
365 1341 752 1412 ὁμολογοῦντες
780 1345 1041 1417 μονογενῆ
1072 1346 1221 1412 Υίὸν,
1257 1348 1418 1420 μόνον
1451 1349 1581 1403 ὄντα
1615 1350 1694 1422 τῷ
1715 1352 1833 1406 Πα-

232 1432 349 1503 τρὶ,
389 1432 660 1486 δεδωκότα
688 1433 745 1486 δὲ
784 1434 976 1489 ἑαυτὸν
1023 1437 1104 1500 είς
1125 1437 1522 1511 συναρίθμησιν
1561 1437 1669 1493 τῶν
1713 1438 1833 1512 θνη-

232 1525 371 1591 τῶν,
412 1525 508 1579 καὶ
552 1525 694 1587 οὕτω
741 1529 1086 1600 πρωτότοκον
1141 1529 1542 1603 ἀριθμούμενον
1569 1549 1582 1562 ·
1631 1534 1680 1587 οἱ
1733 1534 1839 1607 τὴν.

231 1615 494 1687 γέννησιν
522 1615 616 1670 τοῦ
645 1616 774 1671 Υίοῦ
811 1618 911 1690 τὴν
939 1621 1004 1673 ἐκ
1041 1621 1255 1694 Πατρρς
1295 1621 1650 1694 ἀνθρωπίνως
1676 1640 1837 1697 περι-μ.

230 1708 543 1779 γράφοντες
574 1707 901 1782 διαστήματι
931 1713 1314 1786 μετρουμένῳ,
1347 1714 1442 1769 καὶ
1472 1716 1573 1770 οὐκ
1597 1717 1837 1789 ἄναρχον.

228 1798 331 1851 τὸν
362 1797 536 1853 αἰῶνα
557 1799 648 1853 τοῦ
680 1801 1005 1875 Γεννήτορος
1026 1804 1120 1858 καὶ
1149 1803 1244 1857 τοῦ
1273 1804 1438 1878 Γεννή
1448 1823 1616 1877 ματος
1638 1807 1828 1878 ὁμολο-

229 1888 494 1957 γοῦντες·
532 1890 583 1942 οἱ
606 1894 756 1964 τρεῖς
784 1893 1189 1966 ἀκοινωνήτους
1212 1895 1307 1948 καὶ
1339 1894 1496 1960 ξένας
1518 1896 1830 1967 εἰσάγοντες
1862 1886 1903 1941 Β

228 1979 516 2053 λατρείας,
562 1983 691 2053 μιᾶς
740 1984 835 2037 καὶ
867 1985 1036 2056 μόνης
1075 1984 1244 2058 οὔσης
1277 1988 1376 2058 τῆς
1417 1987 1648 2060 νομίμου
1691 1987 1829 2060 θρη-

231 2074 450 2141 σκείας,
494 2076 560 2148 ῆν
592 2076 799 2131 ἀνωθεν
833 2079 898 2132 ὲκ
929 2079 1097 2150 νόμου
1131 2082 1223 2134 καὶ
1262 2082 1557 2154 προφητῶν
1583 2083 1827 2155 παραλα-

228 2167 428 2232 ϐόντες
453 2168 647 2240 ἔχομεν
684 2170 779 2223 καὶ
806 2171 912 2225 ὑπὸ
937 2170 1031 2225 τοῦ
1056 2174 1263 2249 Κυρίου
1300 2172 1711 2245 βεϐαιωθεῖσαν,
1732 2176 1827 2231 καὶ

224 2262 342 2315 ὑπὸ
368 2260 475 2316 τῶν
512 2263 823 2317 ἀποστόλων
847 2267 1301 2339 κεκηρυγμένην·
1338 2266 1610 2341 ἀλλότριοι
1642 2267 1699 2322 δὲ
1727 2269 1827 2342 οὐχ

224 2344 400 2423 ⁴ἧττον
425 2352 518 2407 καὶ
545 2354 597 2407 οί
632 2354 731 2427 τὴν
770 2355 975 2427 Τριάδα
1000 2358 1074 2430 μὴ
1100 2358 1241 2412 κατά
1270 2357 1526 2430 ἀλήθειαν
1558 2361 1623 2413 ὲκ
1658 2359 1826 2432 τριῶν

226 2443 546 2517 προσώπων
577 2446 964 2517 ὁμολογοῦντες
982 2489 997 2516 ,
1035 2450 1150 2505 ἀλλ’
1181 2452 1239 2505 ὲν
1275 2450 1463 2522 μονάδι
1485 2450 1547 2503 τὸ
1568 2450 1825 2522 τριπλοῦν

225 2537 451 2603 ἀσεϐῶς
482 2539 623 2593 κατά
655 2538 903 2594 σύνθεσιν
935 2542 1331 2615 φανταζόμενοι
1350 2562 1364 2575 ’
1413 2548 1508 2601 καὶ
1552 2548 1743 2619 σοφίαν
1767 2548 1824 2600 ὲν

223 2633 353 2706 Θεῷ
385 2635 478 2689 τὸν
512 2635 635 2688 Υίδν
661 2635 737 2699 ὡς
770 2637 828 2689 ὲν
858 2636 1131 2710 ἀνθρώπῳ
1152 2639 1255 2711 τὴν
1284 2639 1632 2714 ἀνθρωπίνην
1656 2642 1821 2713 ἡγού-

231 2744 411 2799 μενοι,
440 2727 509 2782 δι’
534 2723 603 2802 ἧς
624 2728 653 2783 δ
679 2728 966 2802 ἄνθρωπός
986 2731 1102 2784 ἐστι
1129 2731 1310 2801 σοφὸς,
1338 2732 1431 2786 κα)⁸
1442 2734 1612 2803 Λόγον
1626 2734 1825 2805 ὁμοίως

227 2821 311 2893 τῷ
334 2821 476 2876 κατά
506 2820 787 2895 προφορὰν
814 2822 850 2891 ἦ
882 2821 1121 2879 διάνοιαν
1154 2824 1569 2898 εἰσηγούμενοι.ι
1602 2826 1824 2901 οὐδεμιᾷ

228 2915 532 2971 ὑποστάσει
554 2915 676 2971 οὐδὲ
694 2915 853 2990 μόνῃ.

313 3098 774 3173 Ἐκκλησιαστικὴ
811 3100 869 3154 δὲ
901 3101 1160 3173 ὁμολογία
1192 3102 1286 3156 καὶ
1327 3101 1520 3175 κόσμῳ
1558 3104 1826 3176 σωτήριος

228 3192 421 3256 πίστις
451 3194 485 3266 ή
518 3194 648 3265 περὶ
674 3194 773 3263 τῆς
797 3193 888 3248 τοῦ
918 3194 1092 3264 Λόγου
1123 3195 1452 3268 σαρκώσεως
1475 3236 1491 3261 ,
1522 3197 1704 3261 δόντος
1724 3197 1823 3269 μὲν

226 3284 429 3345 ἑαυτὸν
468 3284 786 3360 ἀνθρωπίνῃ
825 3287 990 3359 σαρκὶ
1010 3286 1077 3360 ἢν
1109 3288 1175 3342 ἐκ
1196 3288 1416 3361 Μαρίας
1436 3289 1822 3361 προσελάϐετο,

230 3379 520 3450 μείναντος
562 3378 620 3432 δὲ
652 3381 711 3432 ὲν
737 3380 1064 3452 ταυτότητι,
1106 3381 1202 3435 καὶ
1237 3381 1508 3461 μηδεμίαν
1542 3381 1829 3455 θείαν’με-

225 3471 518 3544 τακίνησιν
556 3473 691 3544 μηδὲ
711 3472 993 3526 ἀλλοίωσιν
1024 3474 1382 3540 ὑποστάντος,
1412 3476 1826 3548 συναιρεθέντος

226 3562 291 3620 ἃ
319 3563 461 3635 πρὸς
485 3562 584 3635 τὴν
612 3562 792 3634 σάρκα
830 3562 954 3616 καθ’
983 3563 1247 3635 ὁμοίωσιν
1277 3564 1652 3638 ἀνθρωπίνην,
1683 3568 1825 3621 ὥστε

226 3655 335 3728 τὴν
391 3656 570 3727 σάρκα
612 3655 751 3727 πρὸς
799 3656 901 3728 τὴν
954 3655 1184 3728 θεότητα
1223 3658 1512 3730 ἑνωθῆναι,
1559 3660 1660 3731 τῆς
1701 3660 1824 3715 θεό-

226 3764 396 3813 τητος
426 3748 489 3801 τὸ
519 3747 821 3820 παθητικὸν
846 3749 944 3821 τῆς
972 3749 1175 3821 σαρκὸς
1204 3751 1264 3804 ὲν
1290 3752 1358 3821 τῇ
1391 3750 1487 3805 τοῦ
1523 3752 1825 3824 μυστηρίου

225 3838 515 3912 πληρώσει
558 3839 930 3912 ἀνῃρηκυίας*
984 3838 1125 3910 μετά
1164 3839 1222 3894 δὲ
1256 3839 1486 3895 θανάτου
1528 3825 1824 3899 κατάλυσιν

228 3935 369 4008 περὶ
412 3933 515 4006 τὴν
564 3935 744 4005 σάρκα
790 3933 891 4005 τὴν
948 3933 1108 4002 ἁγίαν
1178 3933 1425 3989 ἀπάθεια
1460 3933 1711 4007 διηνεκὴς
1730 3936 1825 3989 καὶ

225 4022 504 4094 ἄτρεπτος
543 4022 814 4076 ἀθανασία
836 4038 850 4051 ·
887 4021 1289 4093 ἀνειλημμένον
1332 4022 1432 4093 μὲν
1457 4023 1551 4076 τοῦ
1573 4026 1693 4081 κατ’
1725 4026 1824 4098 ἀρ-

227 4116 338 4189 χὴν
383 4114 727 4187 ἀνθρωπίνου
761 4113 992 4179 κάλλους
1044 4116 1102 4168 ἐν
1132 4117 1199 4186 τῇ
1226 4113 1329 4185 τῆς
1364 4113 1618 4186 θεότητος
1664 4117 1825 4172 δυνά’

232 4228 351 4281 μει,
397 4210 803 4283 χορηγουμένου
841 4209 899 4262 δὲ
943 4208 1036 4262 ἐπὶ
1074 4208 1284 4272 πάντας
1326 4208 1643 4282 ἀνθρώπους
1668 4211 1728 4264 ὲν
1754 4213 1821 4284 τῇ

228 4303 336 4375 τῆς
366 4302 606 4368 πίστεως
632 4301 925 4357 οἰκειώσει.

300 4395 368 4448 Εἰ
398 4394 460 4448 δέ
476 4408 625 4459 τινες
646 4393 739 4448 καὶ
758 4391 994 4447 ἐνταῦθα
1017 4392 1508 4466 παραχαράττουσι
1532 4393 1633 4466 τὴν
1668 4392 1823 4466 ίεράν

228 4487 441 4551 πίστιν,
481 4485 516 4556 ἢ
554 4487 620 4557 τῇ
666 4484 881 4556 θεότητι
916 4484 985 4539 τὰ
1010 4484 1330 4560 ἀνθρώπινα
1361 4486 1823 4556 προσιδιοποιοῦν-

1936 628 2086 685 sunt,
2121 619 2216 691 qui
2245 618 2433 674 dicunt
2480 633 2604 674 esse
2647 616 2848 672 Filium
2880 632 2947 673 ex
2980 633 3088 673 non
3135 617 3517 683 exstantibus,

1934 721 1989 767 et
2022 728 2088 768 ex
2117 713 2383 783 principio
2412 712 2715 778 emittente,
2741 720 3025 767 externum
3086 719 3140 766 et
3187 710 3324 766 foris
3367 709 3515 766 asci-

1935 813 2052 859 tum
2097 803 2245 860 Patri
2275 823 2291 861 :
2323 813 2378 860 et
2409 804 2504 875 qui
2530 804 2719 860 eadem
2767 804 2834 858 de
2874 803 3077 873 Spiritu
3134 810 3326 858 sancto
3375 818 3507 857 sen-

1940 896 2114 964 tiunt;
2153 899 2357 969 quique
2383 898 2573 954 dicunt
2601 896 2823 953 datione
2858 906 2913 952 et
2944 898 3119 969 gratia
3157 897 3357 954 factum
3387 911 3513 954 esse

1935 989 2142 1059 Deum;
2177 1001 2231 1046 et
2266 991 2528 1062 Spiritum
2584 1002 2838 1047 sanctum
2882 991 3248 1058 sanetiﬁcari;
3281 991 3373 1061 qui
3408 1004 3510 1045 no-

1937 1098 2067 1136 men
2120 1082 2246 1138 Filii
2293 1099 2417 1139 cum
2466 1084 2639 1139 servis
2688 1097 2981 1139 commune
3032 1081 3268 1148 faciunt;
3310 1080 3510 1152 quisic

1932 1170 2123 1226 dicunt
2151 1186 2275 1226 eum
2300 1171 2720 1243 primogenitum
2765 1181 3053 1238 creaturae,
3087 1186 3152 1226 ac
3177 1171 3223 1226 si
3252 1180 3398 1227 esset
3424 1172 3507 1227 si-

1932 1261 2138 1317 militer
2166 1262 2362 1327 factus,
2389 1278 2515 1317 cum
2550 1278 2659 1317 non
2689 1271 2856 1327 esset,
2891 1271 2947 1319 et
2972 1271 3233 1333 tanquam
3270 1264 3509 1332 primum

1931 1351 2216 1410 factus:et
2255 1370 2363 1408 non
2405 1355 2736 1409 confitentur
2780 1354 3121 1426 unigenitum
3163 1353 3380 1418 Filium,
3411 1354 3511 1425 qui

1932 1445 2085 1502 solus
2129 1447 2202 1502 sit
2246 1445 2391 1501 Patri
2421 1444 2614 1509 Filius.
2641 1446 2737 1516 qui
2766 1447 2915 1502 dedit
2955 1446 3223 1516 seipsum,
3252 1454 3313 1500 ut
3336 1461 3510 1500 annua

1932 1547 2239 1593 merarctur
2280 1537 2621 1600 mortalibus,
2669 1547 2833 1608 atque
2868 1539 2943 1592 ita
2992 1546 3140 1593 esset
3189 1544 3508 1591 numeratus

1930 1628 2325 1700 primogenitus
2354 1646 2368 1683 :
2393 1629 2488 1699 qui
2515 1629 2919 1699 generationem
2966 1626 3087 1681 Filii
3113 1643 3177 1681 ex
3216 1626 3373 1681 Patre
3400 1626 3505 1680 hu-

1932 1736 2090 1775 mane
2125 1720 2582 1777 circumscribunt
2616 1720 2792 1790 spatio
2815 1719 3075 1773 demenso
3107 1735 3122 1783 ;
3155 1726 3209 1772 et
3241 1733 3347 1772 non
3372 1733 3505 1771 con-

1931 1817 2153 1872 ﬁtentur
2184 1816 2657 1873 :evumGenitoris
2704 1823 2758 1871 et
2819 1813 2999 1869 Geniti
3042 1813 3163 1869 sine
3198 1812 3504 1883 principio;

1933 1909 2026 1980 qui
2058 1916 2172 1964 tres
2190 1908 2403 1973 latrias,
2436 1906 2489 1962 id
2520 1920 2623 1970 est,
2652 1907 2832 1962 cultus
2871 1905 2940 1961 ab
2977 1920 3083 1960 una
3114 1904 3505 1960 communione

1933 2011 2222 2070 separatos
2261 2009 2317 2055 et
2354 1999 2564 2055 alienos
2601 1998 2986 2063 introducunt;
3034 2013 3157 2053 cum
3204 1996 3275 2051 sit
3311 2012 3418 2052 una
3449 2002 3506 2051 et

1933 2094 2050 2149 sola
2094 2091 2335 2163 legitima
2372 2091 2587 2162 religio,
2617 2105 2783 2162 quam
2828 2106 2856 2144 a
2906 2089 3173 2161 principio
3197 2104 3265 2144 ex
3304 2089 3421 2161 lege
3448 2095 3511 2145 et

1931 2182 2213 2255 prophetis
2243 2190 2550 2252 acceptam,
2584 2190 2638 2236 et
2670 2197 2699 2235 a
2740 2180 2972 2235 Domino
3022 2180 3420 2245 conﬁrmatam,
3449 2186 3508 2236 et

1931 2290 1962 2330 a
1996 2274 2201 2330 sanctis
2228 2274 2491 2344 apostolis
2524 2273 2872 2344 praedicatam
2918 2272 3205 2328 habemus.
3236 2269 3356 2325 Non
3400 2271 3505 2326 mi-

1931 2383 2037 2423 nus
2064 2365 2227 2421 alieni
2260 2375 2410 2429 sunt,
2433 2367 2529 2437 qui
2558 2365 2879 2421 Trinitatem
2917 2381 3025 2419 non
3064 2364 3365 2420 secundum
3409 2379 3503 2419 ve-

1929 2462 2145 2517 ritatem
2173 2475 2239 2515 ex
2278 2460 2455 2515 tribus
2477 2458 2733 2514 Personis
2771 2458 3121 2523 conﬁtentur,
3157 2456 3252 2512 sed
3294 2455 3346 2510 in
3380 2456 3503 2510 uni-

1933 2563 2043 2609 tate
2093 2553 2423 2624 triplicatam
2488 2552 2789 2607 secundum
2839 2550 3288 2620 compositionem
3340 2548 3505 2618 impie

1930 2647 2161 2716 lingunt,
2191 2654 2246 2700 et
2269 2644 2589 2714 sapientiam
2624 2644 2681 2697 in
2713 2642 2825 2698 Deo
2856 2642 3173 2698 existimant
3209 2657 3331 2697 esse
3362 2643 3504 2696 sicut

1930 2737 1987 2792 in
2011 2735 2233 2792 homine
2262 2734 2589 2807 sapientiam
2627 2733 2946 2800 humanam,
2987 2749 3095 2804 qua
3133 2732 3353 2803 sapiens
3376 2740 3497 2799 est;

1928 2837 1983 2883 et
2010 2824 2251 2883 Verbum
2280 2827 2462 2882 simile
2508 2841 2632 2883 esse
2674 2827 3103 2895 interpretantur
3152 2823 3320 2879 verbo
3355 2823 3500 2895 quod

1929 2934 2027 2976 ore
2066 2918 2366 2990 profertur.
2407 2919 2502 2977 vel
2539 2926 2721 2975 mente
2761 2917 3093 2988 concipitur,
3134 2916 3282 2972 nulla
3330 2916 3503 2990 hypo-

1930 3010 2083 3067 stasi.
2190 3026 2199 3039 ί

2000 3102 2384 3158 Ecclesiastica
2410 3117 2547 3158 vero
2579 3102 2856 3159 confessio
2881 3110 2937 3159 et
2968 3103 3174 3158 mundo
3216 3102 3506 3168 salutaris,

1928 3199 2014 3246 est
2040 3191 2183 3247 ﬁdes
2203 3193 2271 3248 de
2297 3193 2676 3251 incarnatione
2706 3192 2890 3261 Verbi,
2919 3196 3065 3266 quod
3088 3194 3307 3265 quidem
3350 3208 3497 3265 prae-

1926 3284 2046 3340 buit
2080 3284 2323 3355 seipsum
2356 3286 2613 3342 humanae
2649 3289 2828 3355 carni,
2877 3303 3042 3359 quam
3084 3303 3152 3344 ex
3198 3285 3365 3343 Maria
3411 3303 3506 3345 as-

1926 3377 2161 3447 sumpsit
2195 3393 2425 3434 mancns
2471 3379 2616 3434 idem
2654 3379 2867 3449 ipsum,
2892 3381 3207 3450 nullamque
3254 3380 3506 3435 divinam

1928 3471 2288 3531 mutationem
2349 3486 2528 3543 neque
2576 3472 2935 3527 variationem
2974 3473 3299 3542 suscipiens,
3332 3487 3501 3542 copu-

1923 3562 2096 3618 latum
2132 3577 2258 3618 cum
2298 3578 2465 3626 carne
2512 3563 2581 3619 ad
2631 3564 3046 3620 similitudinem
3092 3565 3410 3628 humanam,
3441 3571 3500 3619 nt

1924 3669 2056 3710 caro
2088 3654 2325 3709 situnita
2349 3655 2644 3717 divinitati,
2671 3665 2922 3726 suscepta
2944 3673 2975 3712 a
3008 3656 3291 3711 divinitate
3339 3656 3500 3712 Verbi

1923 3747 2287 3818 passibilitate
2313 3748 2501 3804 carnis
2533 3748 2600 3802 ad
2632 3749 2965 3819 implendum
2995 3748 3337 3821 mysterium.
3368 3747 3502 3803 Post

1923 3842 2157 3897 deletam
2205 3854 2337 3895 vero
2376 3848 2604 3894 mortem
2658 3848 2927 3910 perpetua
2981 3839 3393 3911 impassibilitas
3441 3840 3499 3895 in

1924 3917 2115 3992 sancta
2137 3950 2325 3999 carne,
2355 3941 2409 3989 et
2447 3932 2833 3988 immortalitas
2867 3931 3231 3987 immutabilis
3267 3932 3496 3998 mansit,

1925 4036 2244 4098 recuperata
2281 4026 2337 4079 in
2376 4025 2579 4079 virtute
2629 4023 2930 4079 divinitatis
2960 4021 3361 4092 pulchritudine
3390 4023 3496 4079 hu-

1925 4134 2109 4185 mana,
2140 4132 2262 4189 qua:
2301 4132 2333 4172 a
2380 4116 2652 4187 principio
2681 4114 2806 4181 fuit,
2833 4125 2887 4172 et
2921 4123 3176 4171 manante
3208 4115 3263 4170 in
3303 4129 3496 4171 omnes

1921 4211 2192 4277 homines,
2217 4210 2550 4266 conciliante
2575 4224 2698 4267 eam
2733 4207 2859 4263 ﬁde.

1992 4395 2051 4452 Si
2082 4398 2176 4467 qui
2208 4410 2341 4451 vero
2392 4395 2556 4450 etiam
2604 4391 2694 4448 hic
2736 4406 2947 4447 sacram
2981 4392 3139 4447 ﬁdem
3175 4391 3494 4463 depravant,

1922 4490 2210 4561 Separatim
2230 4488 2588 4544 attribuentes
2618 4488 2891 4542 divinitati
2930 4502 3059 4556 qure
3088 4486 3327 4539 humana
3346 4492 3494 4550 sunt,

225 4597 345 4645 τες.
379 4579 668 4650 προκοπὰς
696 4596 755 4633 τε
801 4580 897 4633 καὶ
935 4578 1082 4649 πάθη
1123 4580 1219 4632 καὶ
1250 4579 1407 4645 δόξαν
1434 4579 1534 4650 τὴν
1574 4582 1819 4648 ἐπιγινο-

1930 4584 2301 4644 incrementa,
2351 4581 2674 4649 passiones,
2723 4579 3099 4635 accessionem
3152 4576 3498 4648 gloriezaut

232 4673 431 4741 μένην.
473 4670 506 4741 ἦ
550 4670 651 4741 τῆς
680 4670 931 4744 θεότητος
952 4670 1261 4735 διῖστῶντες
1286 4670 1349 4725 τὸ
1381 4671 1691 4743 προκόπτον
1731 4671 1826 4733 καὶ

228 4764 446 4834 πάσχον
487 4763 666 4835 σῶμα,
697 4762 775 4828 ὡς
808 4763 1110 4829 ἰδιαζόντως
1132 4762 1402 4834 ὑφεστὼς,
1427 4764 1522 4817 καὶ
1555 4758 1699 4818 οὗτοι
1726 4763 1825 4834 τῆς

227 4854 700 4926 ἐκκλησιαπικῆς
741 4856 833 4909 καὶ
871 4854 1150 4927 σωζούσης
1183 4855 1476 4926 ὁμολογίας
1517 4856 1695 4920 ἐκτός.
1728 4856 1826 4910 Οὐ.

224 4949 346 5012 δεὶς
380 4940 477 5002 οὗν
504 4946 726 5001 δύναται
767 4947 970 5015 γνῶναι
1020 4948 1111 5000 τὸν
1139 4946 1297 5008 Θεὸν,
1339 4948 1389 5000 εί
1437 4947 1511 5019 μὴ
1562 4946 1654 5001 τὸν
1694 4947 1823 5003 Υίὸν

228 5037 470 5110 impigr
527 5039 689 5108 σοφία
737 5038 846 5112 γάρ
901 5040 1048 5092 ἐστιν
1077 5041 1107 5095 ὁ
1140 5038 1266 5103 Υἱὸς
1309 5036 1381 5092 δι’
1420 5034 1489 5111 ἧς
1523 5038 1592 5092 τά
1646 5038 1824 5094 πάντα

229 5135 489 5188 ἔκτισται
517 5149 532 5162 ·
567 5131 639 5185 τά
677 5132 735 5186 δὲ
774 5132 1048 5202 κτίσματα
1097 5132 1292 5203 μηνύει
1314 5133 1413 5203 τὴν
1442 5131 1654 5202 σοφίαν,
1683 5132 1824 5185 καὶὸ

227 5226 366 5290 Θεὸς
397 5227 461 5278 ὲν
487 5226 556 5295 τῇ
586 5224 748 5295 σοφία
778 5221 1143 5292 γινώσκεταιτ
1192 5223 1253 5275 οὐ
1306 5221 1535 5293 τοιαύτη
1564 5223 1623 5277 δὲ
1658 5224 1692 5294 ἡ
1725 5221 1822 5276 τοῦ

228 5313 368 5368 Θεοῦ
414 5313 580 5382 σοφία
617 5312 735 5368 οἵαν
762 5312 1048 5385 ἄνθρωπος
1083 5311 1222 5383 ἔχει,
1263 5312 1399 5368 ἀλλά
1427 5312 1609 5367 τελεία
1640 5314 1705 5367 ὲκ
1733 5329 1823 5367 τε-

230 5406 378 5460 λείου
407 5403 507 5461 τοῦ
534 5404 669 5459 Θεοῦ
699 5404 1038 5476 προελθοῦσα
1077 5406 1171 5458 καὶ
1216 5405 1453 5476 μένουσα
1486 5404 1575 5460 διά
1598 5405 1820 5472 παντὸς,

230 5502 332 5571 οὐχ
361 5499 441 5564 ὡς
471 5499 652 5572 νόημα
673 5500 959 5574 ἀνθρώπου
982 5502 1046 5556 τὸ
1069 5500 1502 5573 παρερχόμενον,
1529 5500 1623 5555 καὶ
1648 5501 1822 5571 Λόγος

229 5591 571 5665 λαλούμενος
601 5594 694 5648 καὶ
731 5594 806 5667 μὴ
846 5593 955 5649 ὤν’
986 5593 1078 5648 διὰ
1102 5592 1263 5649 τοῦτο
1300 5596 1366 5648 οὐ
1396 5594 1565 5666 μόνον
1587 5594 1704 5649 ἔστι
1732 5610 1821 5649 σο-

235 5688 360 5757 φία,
381 5688 518 5743 ἀλλά
545 5689 639 5743 καὶ
657 5688 815 5753 Θεός·
841 5689 961 5744 οὐδὲ
987 5691 1149 5762 μόνον
1174 5690 1371 5761 Λόγος.
1389 5689 1525 5745 ἀλλά
1554 5690 1649 5744 καὶ
1663 5689 1818 5754 Υἱός.

240 5782 368 5837 Εἴτε
386 5778 482 5839 οὖν
508 5783 619 5838 ἀπὺ
656 5783 884 5849 κτίσεὼς
901 5802 988 5849 τις
1026 5788 1140 5839 νοεῖ
1167 5786 1266 5840 τὸν
1294 5785 1449 5851 Θεὸν,
1480 5787 1589 5840 εἴτε
1623 5786 1688 5838 ὲκ
1710 5782 1820 5838 τῶν

242 5874 402 5943 θείων
438 5876 669 5959 Γραφῶν
698 5876 1027 5947 διδάσκεται,
1068 5880 1167 5935 οὐκ
1207 5878 1332 5936 ἀνευ
1362 5879 1460 5957 τῆς
1500 5878 1687 5948 σοφίας
1727 5876 1817 5930 αὑ-

1929 4682 2248 4745 separantes
2286 4688 2316 4727 a
2346 4672 2633 4728 divinitate
2657 4687 2881 4742 corpus,
2915 4670 3059 4740 quod
3098 4669 3416 4740 proﬁciebat
3442 4675 3502 4723 et

1929 4768 2258 4839 patiebatur,
2294 4774 2558 4832 tanquam
2603 4779 2698 4834 per
2731 4779 2791 4819 se
2821 4762 3140 4828 exsisteret;
3181 4762 3238 4817 hi
3279 4773 3500 4832 quoque

1926 4869 2082 4921 extra
2154 4856 2559 4912 confessionem
2614 4855 3041 4911 ecclesiasticam
3093 4861 3149 4909 et
3201 4853 3497 4908 salutarem

1923 4959 2071 5007 sunt.
2126 4947 2301 5003 Nemo
2356 4949 2523 5018 igitur
2566 4955 2744 5017 potest
2801 4961 3133 5017 cognoscere
3161 4944 3352 5009 Deum,
3387 4944 3498 5000 nisi

1925 5042 2125 5097 Filium
2175 5049 2455 5113 agnoscat.
2510 5037 2787 5108 Sapientia
2844 5039 2988 5093 enim
3040 5048 3127 5094 est
3169 5036 3507 5107 Filius,qua

1924 5136 2110 5194 omnia
2151 5141 2335 5190 creata
2386 5141 2533 5188 sunt.
2586 5130 2870 5188 Creatoris
2933 5141 3113 5186 autem
3172 5131 3492 5201 sapientiam

1922 5227 2224 5293 declarant,
2252 5234 2307 5281 et
2353 5222 2494 5278 Deus
2534 5223 2587 5277 in
2631 5223 2899 5292 sapientia
2941 5224 3208 5279 noscitur.
3249 5220 3369 5292 Non
3406 5230 3493 5277 est

1923 5328 2105 5374 autem
2142 5317 2409 5389 sapientia
2437 5314 2556 5381 Dei,
2586 5317 2803 5386 qualem
2834 5316 2999 5372 homo
3031 5315 3221 5380 habet;
3248 5313 3341 5370 sed
3370 5329 3497 5385 per-

1922 5410 2086 5475 fecta,
2118 5426 2241 5480 quae
2272 5424 2339 5465 ex
2371 5404 2611 5478 perfecto
2653 5405 2766 5461 Deo
2807 5409 2997 5474 exivit,
3034 5416 3092 5462 et
3134 5420 3348 5476 semper
3377 5421 3497 5460 ma.

1924 5515 2046 5571 net;
2077 5518 2188 5558 non
2232 5510 2293 5557 ut
2337 5501 2488 5557 notio
2534 5500 2798 5567 hominis,
2832 5515 2954 5571 qua:
2988 5499 3246 5568 praeterit,
3284 5508 3337 5552 et
3371 5513 3468 5554 ver

1923 5596 2054 5650 bum
2082 5594 2225 5665 quod
2252 5593 2551 5663 loquimur,
2583 5601 2769 5648 etnon
2803 5601 2908 5648 est.
2936 5590 3143 5645 Idcirco
3171 5605 3281 5645 non
3310 5590 3495 5646 solum

1925 5699 2011 5747 est
2032 5689 2320 5760 sapientia,
2354 5689 2448 5745 sed
2476 5687 2656 5754 Deus;
2692 5701 2870 5757 neque
2914 5685 3091 5741 solum
3118 5695 3201 5740 est
3234 5684 3492 5751 Verbum,

1923 5780 2017 5839 sed
2058 5784 2249 5840 Filius.
2285 5782 2411 5838 Sive
2450 5784 2578 5854 quis
2622 5782 2788 5852 igitur
2826 5796 2893 5834 ex
2939 5788 3189 5835 creatura
3240 5778 3501 5849 intelligit

1924 5873 2117 5944 Deum,
2146 5876 2261 5935 sive
2286 5890 2356 5932 ex
2391 5872 2694 5945 Scripturis
2720 5871 2965 5937 docetur,
2997 5885 3104 5925 non
3131 5871 3249 5927 sine
3270 5870 3486 5945 sapiens
