3950 6326
518 453 657 510 H07

1173 444 1233 503 s.
1272 440 1603 503 casconu
1640 439 1999 498 THAUMAT.
2040 436 2193 493 ore.
2232 431 2412 490 PAns
2451 426 2755 486 ALTERA.
2791 408 2861 466 -Σ
2897 403 3132 481 nusu.’

3572 418 3687 476 1108

519 574 596 631 tia
620 572 742 644 ejus
770 583 1119 643 cognoscere,
1141 576 1234 624 aut
1263 567 1454 624 audire
1488 566 1558 622 de
1583 575 1650 621 eo
1671 573 1866 635 potest.
1898 562 1965 618 Et
1987 562 2082 633 qui

2202 556 2275 611 τοῦ
2305 553 2508 625 γνῶναι
2530 550 2563 623 ἢ
2592 548 2818 605 ἀκοῦσαι
2851 547 2981 617 περὶ
3000 541 3164 598 αὐτοῦ
3192 539 3426 594 δύναται·
3450 537 3534 591 καὶ
3555 538 3693 591 όέπι-

519 673 667 720 recte
712 665 929 719 invocat
972 662 1164 725 Deum,
1215 676 1313 730 per
1362 658 1561 714 Filium
1618 657 1873 722 invocat;
1901 664 1956 710 et
1987 656 2083 725 qui

517 754 740 825 proprie
781 754 1027 817 accedit,
1067 767 1163 823 per
1210 751 1491 805 Christum
1536 747 1764 803 accedit.
1814 744 2088 800 Accedere

518 856 703 902 autem
734 846 802 901 ad
835 845 1033 901 Filium
1072 859 1183 900 non
1215 850 1394 913 potest
1450 840 1570 896 sine
1619 837 1824 909 Spiritu
1875 844 2083 893 sancto.

522 936 761 1010 Spiritus
789 939 931 993 enim
973 945 1056 992 est
1095 936 1228 998 vita,
1258 945 1313 989 et
1342 940 1531 988 saneta
1582 930 1838 986 formatio
1865 929 2087 982 univer—

519 1045 732 1087 sorum.
763 1028 921 1083 llunc
955 1027 1099 1083 Deus
1127 1042 1224 1097 per
1255 1025 1453 1080 Filium
1477 1024 1752 1087 emittens,
1779 1030 2086 1076 creaturam

521 1119 626 1176 sibi
658 1118 949 1175 assimilat.

448 1204 453 1211 ⁸
597 1211 748 1269 Unus
781 1211 944 1281 igitur
984 1209 1145 1265 Pater
1202 1207 1366 1272 Deus,
1416 1222 1560 1263 unus
1619 1207 1791 1262 Filius
1823 1205 2085 1269 Verbum,

521 1321 666 1360 unus
721 1303 957 1374 Spiritus
1010 1301 1147 1364 vita,
1182 1298 1543 1355 sanctiﬁcatio
1589 1300 1993 1354 universorum.
2021 1295 2089 1349 Et

520 1411 701 1466 neque
755 1395 899 1450 Dens
950 1393 1110 1460 alius,
1154 1401 1216 1447 ut
1263 1390 1457 1458 Pater;
1490 1406 1667 1460 neque
1722 1389 1896 1445 Filius
1924 1389 2086 1455 alius,

523 1500 585 1542 ut
620 1487 856 1556 Verbum
892 1485 1010 1553 Dei,
1047 1499 1224 1556 neque
1257 1481 1494 1555 Spiritus
1519 1482 1678 1546 alius,
1705 1491 1766 1537 ut
1804 1482 2088 1537 viviﬁcans

521 1588 578 1635 et
592 1580 958 1636 sanetiﬁcans.
982 1577 1096 1633 imo
1122 1577 1223 1633 etsi
1259 1577 1434 1632 sancti
1464 1586 1728 1631 vocantur
1757 1576 1854 1639 dii,
1886 1584 1940 1631 et
1967 1575 2085 1640 ﬁlii,

521 1679 579 1725 et
611 1670 860 1740 spiritus,
915 1684 1027 1724 non
1080 1677 1261 1724 tamen
1301 1667 1595 1737 implentur
1654 1666 1883 1736 Spiritu,
1913 1680 2090 1735 neque

524 1759 732 1815 similes
765 1768 893 1813 sunt
918 1756 1059 1811 Filio
1111 1768 1166 1811 et
1217 1755 1348 1810 Deo.
1382 1755 1437 1808 Si
1474 1754 1599 1825 quis
1645 1768 1774 1808 vero
1829 1753 1909 1807 sic
1957 1751 2091 1806 dicit

524 1851 724 1907 Filium
768 1866 890 1906 esse
916 1849 1110 1911 Deum.
1150 1858 1410 1918 tanquam
1446 1848 1623 1916 ipsum
1666 1846 1830 1901 etiam
1864 1846 2087 1915 plenum

2185 646 2518 719 καλούμενος
2563 641 2738 715 ὀρθῶς
2774 640 2865 694 τὸν
2920 636 3073 701 Θεὸν,
3120 631 3440 686 ἐπικαλεῖται
3474 630 3532 684 δι’
3554 629 3688 682 Υίοῦ·

2185 736 2279 789 καὶ
2303 739 2331 790 ὁ
2369 731 2799 806 προσερχόμενος
2829 728 3074 790 οἰκείως,
3107 722 3197 778 διὰ
3231 721 3449 795 Χριστοῦ
3488 720 3691 792 ἔρχεταιο

2186 826 2500 901 προσελθεῖν
2525 825 2582 878 δὲ
2611 822 2864 877 ἀδύνατον
2886 820 2963 890 τῷ
2981 817 3095 888 Υἱῷ
3117 815 3283 887 χωρὶς
3301 814 3388 867 τοῦ
3402 810 3691 881 Πνεύματος·

2186 921 2247 976 τὸ
2279 918 2504 990 Πνεῦμα
2534 916 2643 988 γὰρ
2670 914 2765 969 καὶ
2797 916 2831 984 ἡ
2864 911 2978 982 ζωὴ
3003 910 3099 964 καὶ
3128 910 3162 979 ή
3191 906 3320 975 ἁγία
3340 904 3589 976 μόρφωσις
3615 902 3698 955 τῶν

2186 1014 2321 1068 ὅλων
2340 1029 2354 1042 ’
2390 1010 2485 1065 καὶ
2516 1008 2670 1062 τοῦτο
2704 1005 3005 1076 ἐκπέμπων
3023 1004 3053 1056 ό
3082 1000 3215 1063 Θεὸς
3232 998 3296 1051 δι’
3328 995 3469 1061 Υἱοῦ,
3496 994 3580 1067 τὴν
3606 993 3699 1047 κτί-

2189 1122 2272 1158 σιν
2302 1104 2477 1173 ὁμοιοί
2503 1099 2639 1170 πρὸς
2661 1097 2869 1152 ἑαυτόν.

2257 1189 2351 1257 Εἷς
2392 1188 2483 1247 οὖν
2526 1192 2554 1243 ὁ
2586 1190 2771 1262 Πατὴρ
2803 1191 2831 1241 ό
2863 1186 3016 1251 Θεὸς,
3050 1180 3128 1249 εἷς
3160 1184 3189 1237 ὀ
3214 1182 3398 1251 Λόγος,
3438 1181 3490 1234 ἓν
3519 1181 3703 1251 Πνεῦμα

2190 1283 2324 1356 ζωὴ,
2357 1286 2391 1354 ἡ
2432 1280 2774 1351 ἁγιωσύνηή
2805 1277 2911 1331 τῶν
2944 1275 3111 1329 ὃλων’
3148 1274 3243 1327 καὶ
3273 1272 3391 1326 οὔτε
3419 1270 3538 1334 Θεὸς
3554 1271 3704 1341 ἕτερος

2189 1377 2264 1440 ὡς
2313 1376 2500 1448 Πατὴρ
2522 1414 2538 1439 ,
2573 1372 2696 1428 οὔτε
2728 1371 2856 1435 Υἱὸς
2906 1370 3090 1441 ἕτερος
3130 1368 3205 1432 ὡς
3237 1365 3404 1434 Λόγος
3442 1364 3581 1427 Θεοῦ,
3610 1362 3705 1417 οὔτε

2190 1469 2415 1541 Πνεῦμα
2442 1468 2626 1539 ἕτερον
2657 1466 2731 1530 ὡς
2765 1463 3023 1530 ζωοποιὸν
3053 1461 3148 1516 καὶ
3187 1458 3494 1529 ἀγιαστικόν
3513 1474 3525 1487 ·
3558 1457 3706 1511 ἀλλἐἱ

2192 1566 2288 1619 καὶ
2321 1564 2433 1617 θεοὶ
2465 1562 2560 1617 καὶ
2603 1561 2708 1615 υἱοὶ
2748 1560 2843 1613 καὶ
2874 1556 3159 1628 πνεύματα
3186 1553 3467 1608 καλοῦνται
3495 1552 3541 1604 οἱ
3576 1550 3708 1617 ἅγιοι,

2189 1659 2312 1715 οὔτε
2356 1657 2671 1729 Πνεὺματος
2718 1652 3068 1727 πληροῦνται,
3118 1647 3241 1704 οὔτε
3292 1645 3579 1718 ὁμοιοῦνται
3604 1643 3710 1714 πρὸς

2190 1753 2280 1808 τὸν
2314 1752 2440 1805 Υἱὸν
2472 1752 2566 1805 καὶ
2597 1746 2730 1801 Θεόν
2750 1764 2765 1777 ·
2814 1746 2906 1799 ὲάν
2940 1745 2999 1797 δέ
3029 1760 3111 1807 τις
3152 1740 3324 1803 οὕτως
3355 1738 3494 1806 λέγει
3517 1736 3594 1789 τὸν
3612 1734 3710 1787 Υἱὸν

2191 1842 2331 1900 εἶναι
2363 1844 2493 1898 Θεὸν
2534 1842 2609 1907 ὼς
2643 1837 2998 1913 πληρωθέντα
3031 1834 3284 1906 θεότητος
3316 1831 3411 1886 καὶ
3439 1828 3610 1889 αὐτὸν,
3638 1823 3711 1880 καὶ

526 1943 832 2006 divinitate,
863 1953 916 1996 et
943 1956 1052 1995 non
1100 1915 1361 2010 tanqu-am
1396 1939 1639 2011 genitum
1675 1953 1740 1992 ex
1770 1936 2088 2002 divinitate;

2202 1940 2289 2009 >ὺχ
2320 1936 2396 2001 ὡς
2440 1933 2769 2006 γεννηθέντα
2817 1932 2884 1983 ὲκ
2914 1927 3167 1999 θεότητος
3188 1966 3204 1991 ,
3238 1918 3609 2011 ἠρνήσατοῗτὸν
3634 1915 3713 2011 Λόο

527 2031 745 2104 negavit
775 2030 1038 2094 Verbum,
1072 2029 1293 2101 negavit
1313 2030 1659 2101 sapientiam,
1694 2028 1880 2085 amisit
1907 2029 2093 2099 cogni-

527 2125 731 2180 tionem
784 2122 902 2190 Dei,
937 2122 1131 2179 cecidit
1176 2122 1232 2177 in
1283 2124 1553 2178 culturam
1585 2131 1869 2187 creaturae,
1903 2137 2095 2192 appre-

528 2216 718 2271 bendit
750 2216 1092 2286 impietatem
1112 2215 1418 2286 gentilium,
1462 2223 1517 2269 et
1560 2215 1628 2269 ad
1675 2215 1816 2269 banc
1844 2229 2095 2269 reversus

524 2317 645 2376 cst;
700 2305 1014 2362 Iudaeorum
1064 2305 1504 2363 incredulitatem
1566 2306 1812 2362 imitatus
1840 2313 1944 2371 est,
1999 2306 2095 2375 qui

418 2420 421 2421 '
527 2416 655 2456 cum
703 2400 1080 2456 existimarent
1118 2398 1352 2456 Verbum
1387 2398 1485 2456 Dei
1522 2414 1645 2456 esse
1686 2399 1856 2455 ﬁlium
1910 2399 2097 2454 huma-

528 2508 661 2549 num
693 2492 791 2564 (l),
818 2508 926 2549 non
959 2493 1301 2549 crediderunt
1324 2492 1492 2549 Deum
1519 2507 1661 2557 esse,
1695 2508 1871 2563 neque
1896 2492 2094 2547 Filium

529 2582 628 2640 Dei
662 2584 899 2642 confessi
926 2595 1074 2641 sunt.
1108 2584 1204 2642 Est
1232 2594 1412 2641 autem
1445 2586 1673 2657 impium
1697 2587 1938 2656 cogitare
1963 2584 2098 2641 Ver-

530 2679 661 2734 bum
713 2677 808 2735 Dei
854 2687 1109 2750 tanquam
1146 2680 1475 2746 humanum;
1521 2687 1578 2733 et
1619 2693 1781 2748 opera
1826 2693 1924 2747 per
1967 2693 2095 2732 eum

2195 2005 2324 2096 γον,
2358 2026 2628 2097 ἠρνήσατο
2658 2021 2755 2091 τὴν
2790 2017 3005 2088 σοφίαν,
3044 2014 3293 2069 ἀπώλεσε
3319 2013 3415 2083 τὴν
3445 2009 3619 2079 γνῶσιν
3639 2005 3715 2076 τὴν

2193 2117 2323 2190 περὶ
2349 2115 2505 2180 Θεοῦ,
2540 2113 2838 2167 κατέπεσεν
2860 2111 2939 2174 είς
2972 2109 3033 2161 τὸ
3066 2105 3243 2161 σέϐειν
3272 2106 3370 2175 τὴν
3403 2103 3581 2164 κτίσιν,
3606 2114 3712 2151 κατ-

2195 2208 2384 2262 έλαϐεν
2428 2206 2689 2274 Ἐλλήνων
2730 2200 3005 2263 ἀσέϐειαν,
3049 2198 3142 2252 ἐπὶ
3172 2196 3378 2265 ταύτην
3410 2190 3713 2261 ὑπέστρεψεν,

2194 2299 2291 2371 τὴν
2336 2296 2604 2353 Ἰουδαίων
2645 2292 2899 2350 ἀπιστίαν
2935 2291 3263 2362 ἐμιμήσατο,
3316 2287 3368 2340 οἳ
3410 2285 3494 2338 τὸν
3534 2286 3589 2336 ὲκ
3613 2278 3714 2371 Θεοῦ

2195 2368 2367 2460 Λόγον
2402 2389 2516 2443 υἱὸν
2549 2384 2885 2459 ἀνθρώπινον
2918 2380 3391 2452 ὑπολαμϐάνοντες
3412 2418 3427 2441 ,
3473 2375 3589 2429 Θεὸν
3612 2368 3716 2426 εῖναι

2195 2484 2381 2538 τοῦτον
2412 2481 2510 2535 οὐκ
2538 2480 2881 2541 ἐπίστευσαν,
2917 2473 3036 2528 οὐδὲ
3063 2472 3198 2526 Θεοῦ
3235 2472 3365 2525 Υἱὸν
3396 2466 3713 2540 ὡμολόγησαν·

2196 2575 2389 2639 ἀσεϐὲς
2422 2573 2481 2626 δὲ
2518 2572 2607 2625 τὸν
2646 2569 2737 2624 τοῦ
2772 2569 2905 2623 Θεοῦ
2939 2567 3109 2635 Λόγον
3140 2564 3215 2629 ὡς
3252 2560 3571 2634 ἀνθρώπινον
3592 2558 3716 2618 νοεῖν,

2197 2668 2293 2722 καὶ
2325 2667 2392 2721 τὰ
2419 2666 2554 2738 ἔργα
2587 2663 2655 2717 τὰ
2693 2658 2762 2715 δι’
2803 2660 2967 2716 αὐτοῦ
3001 2658 3232 2731 μένοντα
3266 2656 3342 2727 μὴ
3386 2654 3612 2726 μένοντος
3646 2648 3719 2701 αὑ-

529 2770 674 2827 facta
713 2787 960 2837 manere,
994 2787 1103 2828 non
1126 2779 1381 2827 manente
1412 2771 1553 2840 ipso.
1584 2741 1770 2841 Siquis
1796 2741 1927 2824 vero
1955 2769 2101 2824 dicat

2202 2761 2321 2816 τοῦ’
2353 2759 2446 2813 ἐὰν
2478 2758 2535 2812 δέ
2564 2775 2646 2823 τις
2678 2756 2810 2829 εἴπῃ
2852 2753 3202 2824 κελευόμενον
3236 2750 3327 2803 διὰ
3354 2746 3444 2801 τοῦ
3477 2745 3627 2814 Λόγου
3653 2741 3718 2841 τὸν

529 2865 747 2934 operari
774 2832 1049 2921 Christum
1085 2864 1269 2919 omnia
1299 2832 1458 2933 jussu
1488 2832 1687 2928 Verbi,
1729 2861 1961 2917 Verbum
2001 2860 2097 2920 Dei

2202 2852 2428 2927 Χριστὸν
2458 2849 2787 2923 ἐργάζεσθαι
2810 2846 2878 2902 τὰ
2906 2846 3105 2907 πάντα,
3142 2844 3236 2897 καὶ
3269 2840 3360 2894 τὸν
3390 2837 3477 2893 τοῦ
3508 2834 3623 2889 Θεοῦ
3641 2832 3717 2934 Λό-

532 2957 771 3013 otiosum
803 2956 984 3022 faciet,
1017 2965 1071 3012 et
1121 2955 1369 3011 ordinem
1415 2954 1630 3009 Domini
1675 2955 1731 3010 in
1783 2955 2099 3010 servitutem

2202 2925 2294 3016 γον
2326 2946 2495 3017 ἀργὸν
2540 2943 2776 3015 ποιήσει,
2830 2939 2925 2993 καὶ
2960 2938 3059 3009 τὴν
3079 2935 3173 2989 τοῦ
3204 2932 3475 2988 Δεσπότου
3504 2927 3631 2992 τάξιν
3661 2925 3719 2985 εἰς

532 3049 785 3103 mutabit.
849 3048 1051 3103 Servus
1114 3047 1258 3102 enim
1317 3055 1420 3111 est,
1453 3047 1542 3102 cui
1592 3047 1836 3116 iubetur,
1868 3057 1923 3102 et
1954 3048 2101 3117 quod

2202 3042 2442 3096 δουλείαν
2486 3037 2806 3111 μεταθήσει·
2853 3031 3034 3086 δοῦλον
3075 3029 3184 3099 γὰρ
3218 3023 3461 3117 amna
3491 3017 3720 3117 xslsuope:

532 3150 778 3196 creatum
815 3151 920 3206 est,
973 3140 1042 3194 ad
1093 3139 1392 3196 creandum
1431 3138 1656 3194 minime
1703 3139 1959 3193 idoneum
1995 3151 2099 3193 est.

2202 3152 2309 3199 νον,
2362 3133 2456 3187 καὶ
2499 3130 2559 3185 τὸ
2591 3127 2804 3184 κτιστὸν
2853 3125 2952 3195 οὐχ
3002 3120 3182 3176 ἱκανὸν
3215 3121 3299 3183 εἰς
3344 3116 3404 3171 τὸ
3445 3106 3717 3177 κτίζειν·οῠ

535 3233 654 3287 Non
683 3235 829 3288 enim
876 3232 987 3286 ullo
1031 3232 1194 3286 modo
1239 3241 1505 3286 creaturae
1545 3230 1820 3300 exaequari
1865 3230 2097 3297 desinet,

2200 3229 2309 3299 γὰρ
2356 3223 2776 3293 ὲξισωσθήσεται
2810 3220 2888 3290 τῷ
2933 3217 3189 3287 κτίσματι
3241 3214 3375 3267 αὐτὸ
3427 3211 3538 3264 κατ’
3579 3205 3721 3299 οὐδένα

534 3335 598 3382 ut
624 3326 768 3382 sicut
792 3325 861 3381 ab
888 3324 980 3381 illo
1005 3332 1249 3380 creatum
1281 3333 1386 3391 est,
1412 3323 1493 3380 sic
1522 3323 1701 3394 ipsum
1732 3322 1838 3378 alia
1862 3330 2026 3378 creet.

2202 3320 2399 3392 τρόπον
2419 3356 2436 3382 ,
2471 3317 2536 3371 ἶν’
2573 3315 2648 3379 ὡς
2682 3315 2773 3367 ὑπ’
2815 3311 3023 3365 ἐκείνου
3064 3308 3331 3371 ἔκτισται,
3365 3302 3504 3358 οὕτω
3520 3300 3603 3356 καὶ
3626 3293 3721 3351 αὐτὸ

608 3507 843 3577 Rursus,
880 3524 1005 3566 cum
1026 3509 1150 3579 quis
1165 3508 1362 3566 dixerit
1386 3523 1509 3565 esse
1542 3507 1806 3580 Spiritum
1837 3515 2089 3563 sanctum

538 3618 680 3672 opus
712 3601 1137 3667 sanctiﬁcatum,
1177 3619 1283 3657 non
1327 3601 1560 3672 amplius
1586 3601 1784 3672 poterit
1806 3599 2106 3670 intelligere

538 3682 805 3751 omniain
839 3693 1043 3765 Spiritu
1071 3694 1441 3761 sanctiﬁcata;
1469 3694 1563 3764 qui
1594 3694 1739 3748 enim
1773 3707 1944 3747 unum
1974 3707 2107 3746 san-

538 3786 796 3844 ctiticavit
843 3786 1149 3843 sanctiﬁcat
1173 3786 1336 3841 etiam
1369 3785 1573 3841 omnia.
1598 3783 1769 3855 Negat
1799 3784 1964 3855 igitur
1987 3781 2106 3837 fon-

538 3889 648 3935 tem
699 3878 1142 3935 sanctiﬁeationis
1197 3877 1458 3948 Spiritum
1503 3884 1776 3941 sanctum,
1827 3874 1922 3945 qui
1980 3888 2107 3929 eum

540 3974 741 4044 privat’
769 3981 1034 4041 potestate
1099 3969 1506 4037 sanctiﬁcandi;
1563 3979 1618 4025 et
1669 3959 2008 4039 prohibetur,
2041 3981 2108 4020 ne

540 4081 666 4119 eum
700 4064 848 4120 Patri
873 4074 926 4119 et
956 4063 1096 4119 Filio
1151 4072 1510 4130 annumeret;
1541 4078 1607 4117 ac
1646 4071 1893 4117 sanctum
1927 4059 2108 4129 bapti-

543 4173 664 4213 slna
712 4156 920 4227 reiicit;
973 4167 1029 4212 et
1064 4155 1299 4225 amplius
1347 4163 1591 4210 sanctam
1640 4163 1695 4209 et
1747 4154 2110 4209 venerandam

542 4247 863 4305 Trinitatem
923 4263 1030 4303 non
1084 4246 1451 4302 conﬁtebitur.
1475 4245 1586 4300 Aut
1612 4245 1759 4301 enim
1790 4245 1845 4299 in
1877 4244 2112 4300 naturali

541 4348 601 4397 et
626 4356 754 4395 vera
791 4338 965 4412 gloria
1024 4346 1137 4393 tota
1181 4336 1421 4393 Trinitas
1465 4336 1812 4407 intelligenda
1859 4345 1976 4404 est;
2017 4343 2114 4390 aut

540 4431 831 4496 unitatem,
870 4437 927 4486 et
960 4444 1069 4484 non
1120 4427 1356 4497 amplius
1377 4425 1699 4481 Trinitatem
1723 4425 1905 4481 dicere
1952 4442 2113 4497 coge-

541 4537 699 4590 mur;
725 4531 820 4579 aut
842 4535 1101 4592 cogemur
1129 4535 1238 4574 non
1267 4533 1630 4573 annumerare
1662 4516 1909 4573 Creatori
1931 4528 2114 4574 creata

2204 3410 2365 3481 κτίσῃ
2388 3408 2458 3462 τὰ
2488 3406 2641 3462 ἄλλα.
2808 3438 2811 3442 ι

2274 3475 2443 3556 Πάλιν
2491 3499 2548 3552 δὲ
2600 3498 2727 3551 ὅταν
2762 3497 2856 3549 καὶ
2894 3494 2956 3548 τὸ
2987 3490 3208 3562 Πνεῦμα
3240 3489 3303 3543 τὸ
3336 3488 3486 3557 ἀγιον
3520 3484 3632 3556 εἴπῃ
3663 3475 3722 3539 1L:

2205 3592 2534 3668 ἡγιασμένον
2557 3586 2694 3643 εἷναι
2716 3588 2947 3658 ποίημα,
2981 3583 3166 3638 οὐκέτι
3191 3582 3266 3635 τά
3298 3582 3473 3635 πάντα
3494 3577 3721 3645 δονήσεται

2204 3690 2345 3742 νοεῖν
2394 3688 2452 3739 ὲν
2502 3683 2778 3754 Πνεύματι
2811 3679 3173 3750 ἁγιαζόμενα·
3208 3679 3240 3731 ό
3291 3675 3405 3748 γάρ
3442 3675 3496 3727 ἓν
3525 3669 3721 3739 ἁγιάσας.

2205 3777 2422 3850 ἁγιάζει
2467 3779 2561 3832 καὶ
2592 3775 2661 3830 τὰ
2693 3774 2870 3827 πάντα
2895 3788 2909 3802 ·
2966 3772 3208 3841 ἀρνεῖται
3242 3765 3338 3823 οὖν
3370 3767 3467 3838 τὴν
3495 3766 3582 3833 τῆς
3614 3762 3724 3850 ἅγιος

2207 3843 2371 3946 σῦνης
2396 3870 2597 3943 πηγὴν,
2631 3867 2692 3921 τὸ
2731 3863 2954 3935 Πνεῦμα
2973 3864 3034 3917 τὸ
3066 3862 3218 3930 ἅγιον
3238 3902 3255 3925 ,
3288 3862 3319 3913 ό
3350 3855 3581 3929 ἀφαιρῶν

2206 3967 2267 4021 τὸ
2313 3937 2580 4034 wanted,
2612 3958 2708 4013 καὶ
2740 3954 3087 4027 συναριθμεῖν
3130 3953 3263 4006 αὐτὸ
3317 3951 3487 4022 Πατρὶ
3521 3947 3605 4001 καὶ

2208 4032 2581 4127 κωλυθήσεται
2600 4070 2618 4084 ι
2652 4051 2747 4106 καὶ
2775 4051 2835 4103 τὸ
2868 4050 3021 4118 ἆγιον
3049 4046 3107 4100 δὲ
3140 4044 3426 4116 βάπτισμα
3456 4040 3632 4099 ἀθετεῖ,
3658 4032 3725 4086 καὶ

2206 4150 2392 4206 οὐκέτι
2423 4146 2629 4220 Τριάδα
2663 4142 2987 4215 ὁμολογήσει
3017 4139 3115 4211 τὴν
3140 4138 3301 4207 ἁγίαν
3333 4138 3427 4190 καὶ
3460 4133 3724 4220 deﬂectet"

2210 4243 2244 4316 ἢ
2276 4242 2384 4314 γὰρ
2417 4216 2486 4294 ἐινι⁷
2507 4239 2709 4308 φυσικῇ
2750 4232 2877 4307 δόξῃ
2909 4233 3004 4287 καὶ
3033 4230 3260 4303 ἀληθινῇ
3293 4230 3393 4301 τὴν
3420 4227 3542 4298 ὅλην
3570 4216 3726 4292 Τριὼὗα

2210 4335 2450 4409 νοητέον,
2482 4332 2515 4404 ἢ
2557 4329 2758 4403 μονάδα
2790 4329 2886 4382 καὶ
2906 4326 3088 4380 οὐκέτι
3115 4324 3321 4396 Τριάδα
3346 4322 3519 4390 λέγειν
3542 4321 3728 4409 tivam-

2214 4401 2568 4501 σθησόμεθα,
2595 4425 2627 4495 ἢ
2669 4422 2742 4495 μὴ
2777 4418 3128 4491 συναριθμεῖν
3163 4415 3243 4486 τῷ
3276 4416 3466 4486 κτίστῃ
3493 4411 3555 4465 τὰ
3583 4401 3727 4461 mm

2216 4521 2516 4592 ποιήματα,
2549 4515 2683 4588 μηδὲ
2715 4513 2791 4585 τῷ
2820 4511 3060 4582 δεσπότῃ
3089 4510 3195 4562 τῶν
3227 4508 3366 4562 ὅλων
3395 4505 3462 4561 τὰ
3492 4504 3725 4592 misum,

542 4629 711 4684 Opera
743 4654 760 4681 ,
839 4628 1019 4683 neque
1079 4602 1311 4667 Domino
1372 4611 1753 4669 universorum
1809 4619 2101 4676 creaturas,

2218 4589 2356 4686 μηδὲ
2394 4610 2470 4681 τῷ
2519 4609 2795 4678 ἁγιάζοντι
2823 4607 2892 4660 τὰ
2939 4606 3306 4676 ἁγιαζόμενα’
3353 4602 3534 4669 ὥσπερ
3562 4589 3725 4705 ait???

542 4718 724 4772 neque
763 4702 1123 4759 sanctiﬁcanti
1153 4700 1509 4767 sanctiﬁcata,
1561 4700 1704 4757 sicut
1749 4714 1925 4770 neque
1986 4698 2110 4754 Tri-

544 4794 704 4851 nitati
749 4795 921 4850 ullum
982 4810 1121 4866 opus
1179 4802 1422 4851 creatum
1454 4800 1877 4858 annumeratur;
1946 4798 2004 4846 at
2053 4791 2110 4846 in

544 4886 770 4943 nomine
823 4896 1026 4944 sancta:
1094 4885 1381 4941 Trinitatis
1424 4886 1695 4955 baptisma
1750 4885 1853 4952 ﬁt,
1912 4895 1967 4940 et
2025 4883 2112 4938 in-

542 4979 759 5034 vocatio
802 4990 858 5032 et
905 4979 1104 5043 cultus.
1164 4976 1222 5033 Si
1262 4978 1405 5033 enim
1434 4987 1545 5034 tres
1577 4985 1705 5033 sunt
1738 4976 1947 5048 gloriae,
1977 4976 2112 5036 ﬁant
2149 5002 2154 5021 ι

543 5082 656 5129 tres
679 5072 857 5128 cultus
889 5071 1030 5141 apud
1060 5086 1156 5127 eos
1186 5072 1281 5142 qui
1309 5071 1475 5141 impie
1498 5079 1776 5127 creaturas
1808 5071 2015 5125 colunt.
2051 5067 2110 5124 Si

541 5176 742 5223 natura
770 5178 892 5233 quae
916 5162 1173 5219 adoratur
1200 5164 1374 5218 divisa
1412 5170 1529 5230 est;
1568 5162 1639 5218 sit
1669 5162 1831 5218 etiam
1856 5160 1999 5231 apud
2015 5176 2112 5217 eos

545 5258 724 5314 divisa
776 5255 1044 5313 adoratio.
1093 5254 1199 5312 Sed
1252 5271 1429 5326 neque
1463 5270 1588 5309 cum
1619 5263 1822 5311 aterno
1873 5255 2112 5314 recentia

549 5350 959 5417 adorabuutur;
991 5363 1185 5405 recens
1212 5350 1357 5405 enim
1386 5355 1469 5402 est
1497 5361 1661 5403 omne
1708 5346 1761 5403 id
1785 5347 1931 5417 quod
1963 5347 2116 5417 prin-

486 5433 489 5436 ’
547 5441 753 5512 cipium
797 5441 991 5511 coepit;
1023 5440 1154 5510 quia
1206 5439 1411 5494 multus
1462 5446 1518 5493 et
1561 5440 1862 5495 immensus
1891 5447 1994 5504 est,
2022 5437 2116 5507 qui

549 5540 634 5587 est
668 5541 793 5588 ante
845 5531 1064 5590 saecula.
1133 5530 1238 5599 Qui
1295 5531 1460 5601 igitur
1513 5531 1735 5602 aliquod
1784 5530 2113 5600 principium

541 5630 856 5714 temporum
886 5626 1008 5682 vitae
1033 5623 1158 5681 Filii
1187 5634 1243 5681 et
1262 5622 1500 5696 Spiritus
1535 5624 1710 5683 sancti
1741 5623 1916 5694 ponit,
1950 5613 2117 5678 simul

2216 4678 2404 4777 Ϋριάδι
2439 4678 2848 4772 συναριθμεῖταί
2894 4717 2948 4752 τι
2993 4697 3101 4751 τῶν
3157 4694 3493 4767 ποιημάτων,
3542 4678 3726 4777 ἀλλ’ἐῖν

2214 4771 2437 4866 ὀνόματι
2474 4771 2767 4865 τῆςὰγίας
2798 4790 3026 4862 Τριάδος
3056 4789 3117 4843 τὸ
3151 4788 3433 4859 βάπτισμα
3459 4781 3547 4836 καὶ
3576 4782 3603 4849 ἡ
3639 4771 3725 4866 ἐπί·

2217 4864 2408 4958 κλησις
2437 4864 2591 4954 καινὴ
2630 4882 2885 4955 λατρείαο
2932 4883 2980 4934 εί
3010 4880 3118 4953 γὰρ
3160 4882 3308 4953 τρεῖς
3334 4878 3390 4932 αἱ
3419 4875 3573 4938 δόξαι,
3619 4864 3726 4958 τρες

2216 4983 2273 5037 αἱ
2306 4953 2548 5051 λατρείαι
2584 4953 2924 5046 ίγινέσήθωσαν
2970 4973 3122 5045 παρὰ
3152 4974 3262 5035 τοῖς
3308 4968 3511 5029 ἀσεδῶς
3553 4960 3612 5015 τὰ
3644 4953 3727 5051 uti.

2218 5044 2682 5146 σματαοέόουσι·
2724 5069 2772 5120 εἰ
2807 5044 3112 5139 διῃρημένα
3152 5066 3221 5118 τὰ
3253 5064 3354 5135 τῆς
3388 5044 3727 5146 προσκυνοὲιμέ-

2215 5143 2313 5237 νής
2335 5164 2565 5235 φύσεως,
2578 5159 2879 5232 διῃρημένα
2894 5159 2990 5213 καὶ
3011 5158 3081 5212 τά
3098 5158 3197 5229 τῆς
3216 5154 3609 5237 προσκυνήσῳς
3625 5143 3727 5237 ἔστω

2386 5225 2568 5315 αὐτοῖς
2589 5267 2603 5280 ο
2639 5225 2772 5301 ’ἀλλ’
2813 5248 2935 5317 οὐδὲ
2971 5245 3110 5319 μετά
3148 5225 3243 5298 τοῦ
3263 5225 3490 5296 *αἰωνίου
3518 5234 3580 5288 τὰ
3596 5225 3726 5327 πρέσ-

2221 5316 2363 5414 quia
2395 5342 2926 5417 προσκυνηθήσεται·
2955 5316 3265 5409 πρόσφατον
3296 5332 3406 5401 γὰρ
3426 5329 3558 5382 ἅπαν
3584 5318 3634 5417 τὸ
3654 5316 3727 5417 ὰςι

2222 5412 2322 5508 γὴν
2352 5412 2591 5507 εἰληφὸς,
2641 5412 2828 5504 ἐπειδὴ
2875 5430 3040 5493 πολὺς
3087 5429 3183 5482 καὶ
3230 5427 3461 5497 ἄμετρος
3488 5420 3513 5472 ὁ

2221 5500 2467 5584 αἰιῦνωνί
2486 5500 2497 5506 ⁷
2518 5526 2576 5580 '0
2607 5524 2786 5579 τοίνυν
2812 5500 2983 5596 ἀρχήν
3019 5539 3141 5575 τινα
3179 5518 3381 5591 χρόνων
3408 5514 3497 5585 τῆς
3526 5505 3605 5560 τοῦ
3628 5500 3723 5553 fit)

2223 5621 2366 5691 ζωῆς
2408 5620 2506 5675 καὶ
2541 5618 2643 5690 τῆς
2682 5617 2778 5681 τοῦ
2821 5616 2975 5687 ἁγίου
3026 5613 3337 5685 Πνεύματος
3384 5598 3726 5668 ὑποτιθέμενος,

620 5845 700 5919 (ι)
731 5845 926 5904 Filium
963 5848 1261 5907 humanum
1283 5889 1297 5916 ,
1333 5855 1493 5904 vocat
1544 5845 1714 5903 ﬁlium
1762 5843 1913 5900 inore
1957 5841 2187 5899 aliorum
2216 5839 2477 5914 genitum.
