3950 6326
218 403 363 460 1109

1468 406 1652 461 ΚΑΤΑ
1686 407 1917 460 ΜΕΡΟΣ
1946 405 2190 459 ΠιΣΤΙΣ.

3322 402 3462 457 Mil)

209 518 441 594 χωρίζει
482 520 621 576 κατά
674 518 869 575 ταυτὸν
900 521 1000 592 τῆς
1032 520 1140 575 ἀπὸ
1171 520 1264 575 τοῦ
1297 521 1508 592 Harpe;
1554 523 1794 597 συναριθ-

1907 533 2124 594 separat
2148 522 2343 577 Filium
2366 530 2419 576 et
2449 520 2707 591 Spiritum
2735 528 2983 576 sanctum
3031 518 3101 575 ab
3137 534 3465 574 annumera-

214 613 444 684 μήσεως
480 613 570 666 τὸν
603 613 731 665 Υἱὸν
777 613 872 666 καὶ
916 613 975 664 τὸ
1019 610 1277 683 Πνεῦμα·
1337 613 1418 666 δεῖ
1458 612 1566 684 γὰρ
1610 613 1796 688 ὥσπερ

213 701 353 774 μίαν
378 703 479 774 τὴν
499 702 655 769 δόξαν
685 702 1075 773 ὁμολογοῦμεν,
1111 702 1284 767 οῦτως
1309 704 1403 757 καὶ
1432 704 1559 774 μίαν
1588 706 1685 776 τὴν
1714 708 1799 759 οὗ·

212 795 340 848 σίαν
394 795 513 865 ἦτοι
566 793 814 866 θεότητα,
875 796 967 848 καὶ
1018 794 1146 866 μίαν
1194 796 1292 868 τὴν
1336 796 1640 869 ὰιδιότητα
1698 797 1798 868 τῆς

209 886 453 957 Τριάδος
475 885 777 957 ὁμολογεῖν.

287 980 595 1050 Κεφάλαιον
630 980 687 1035 δὲ
734 981 831 1052 τῆς
882 982 1155 1054 σωτηρίας
1203 983 1362 1055 ἡμῶν
1413 985 1446 1055 ἡ
1499 983 1587 1036 τοῦ
1622 982 1795 1051 Λόγου

214 1071 517 1142 σάρκωσις·
539 1072 860 1143 πιστεύομεν
886 1069 997 1137 οῦν,
1042 1074 1671 1147 ἀναλλοιώτουμενούσης
1695 1074 1795 1144 τῆς

213 1162 476 1232 θεότητος
507 1163 602 1235 τὴν
638 1164 910 1235 σάρκωσιν
942 1165 1035 1219 τοῦ
1081 1168 1256 1235 Λόγου
1299 1166 1622 1237 γεγενῆσθαι
1662 1167 1797 1237 πρὸς

210 1255 584 1309 ἀνακαίνωσιν
617 1254 716 1324 τῆς
769 1254 1212 1328 άνθρωπότητος·
1262 1257 1384 1310 οὔτε
1416 1258 1524 1327 γὰρ
1556 1256 1793 1322 ἄλλαξις,

210 1346 345 1400 οῦτε
384 1347 755 1417 μετακίνησις,
793 1345 912 1399 οὔτε
946 1347 1329 1418 περικλεισμὸς
1364 1349 1420 1399 ἐν
1457 1347 1683 1417 νεύματι
1705 1347 1798 1416 γέ-

211 1456 380 1508 γονεν
417 1440 545 1510 περὶ
581 1439 679 1510 τὴν
716 1438 877 1506 ἁγίαν
918 1438 1011 1491 τοῦ
1038 1437 1173 1492 Θεοῦ
1206 1439 1453 1509 δύναμιν,
1479 1439 1591 1492 ἀλλ’
1634 1441 1667 1510 ἡ
1700 1440 1800 1493 αὖα

209 1533 285 1602 τὴ
316 1530 668 1602 διαμένουσα,
722 1531 817 1584 καὶ
847 1531 907 1584 τὸ
937 1532 1037 1600 τῆς
1068 1531 1393 1603 σαρκώσεως
1426 1532 1582 1603 ἔργον
1627 1531 1796 1604 ἐπλή-

215 1639 396 1694 ρωσεν
434 1624 513 1686 εἰς
542 1622 641 1693 τὴν
667 1621 757 1676 τοῦ
784 1623 988 1693 κόσμου
1018 1624 1310 1697 σωτηρίαν,
1347 1625 1437 1677 καὶ
1458 1623 1598 1678 κατά
1625 1623 1683 1677 τὸ
1709 1625 1800 1676 ἀνα

211 1714 245 1767 θ
255 1713 489 1786 ρώπινον
503 1715 594 1767 ἐπὶ
608 1714 710 1783 γῆς
724 1715 1174 1786 πολιτευσάμενος
1186 1716 1214 1767 ὀ
1230 1714 1322 1768 τοῦ
1346 1715 1479 1769 Θεοῦ
1505 1716 1678 1784 Λόγος
1697 1716 1796 1787 τὴν

212 1805 411 1877 Θεῖκὴν
448 1807 540 1859 ἐπὶ
560 1806 738 1860 πάντα
756 1807 1056 1879 παρουσίαν
1080 1807 1279 1878 ὁμοίως
1290 1807 1604 1878 διεφύλαξεν
1620 1808 1794 1862 πάντα

1898 618 2048 672 tione
2068 615 2263 693 Patris.
2293 614 2515 684 Oportet
2532 613 2677 668 enim
2710 613 2852 667 sicut
2872 627 3035 667 unam
3063 613 3290 682 gloriam
3324 626 3457 666 con~

1896 709 2132 776 ﬁtemur,
2188 710 2268 764 sic
2316 723 2480 763 unam
2538 706 2915 770 substantiam,
2966 705 3173 761 scilicet
3206 704 3461 758 divinita-

1904 810 2037 867 tem,
2068 812 2123 856 et
2164 815 2329 877 unam
2359 798 2838 870 sempiternitatem
2876 796 3156 852 Trinitatis
3188 794 3456 851 conﬁteri.

1967 986 2140 1056 Caput
2158 1000 2284 1041 vero
2297 985 2486 1040 salutis
2499 992 2717 1046 nostrae,
2740 979 3037 1037 incarnatio
3052 977 3209 1034 Verbi
3222 976 3459 1032 est.Cre—

1896 1079 2077 1134 dimus
2116 1077 2300 1147 igitur,
2334 1082 2581 1130 manente
2608 1070 2930 1127 immutabili
2955 1067 3233 1125 divinitate
3260 1064 3455 1119 factam

1894 1186 2016 1225 esse
2036 1169 2194 1224 Verbi
2221 1167 2667 1231 incarnationem,
2687 1165 2751 1218 ad
2771 1154 3172 1218 renovationem
3204 1157 3459 1212 humani-

1894 1262 2041 1316 tatis.
2064 1259 2175 1315 Nec
2193 1260 2338 1314 enim
2358 1258 2603 1321 mutatio,
2624 1271 2797 1326 neque
2819 1250 3160 1318 transmotio,
3177 1264 3352 1319 neque
3373 1248 3459 1303 in-

1895 1352 2069 1407 clusio
2093 1351 2148 1405 in
2172 1358 2322 1405 motu
2353 1365 2417 1404 ac
2444 1350 2718 1405 voluntate
2748 1345 2888 1401 facta
2914 1351 2999 1398 est
3032 1341 3176 1397 circa
3215 1348 3459 1396 sanctam

1895 1443 1989 1498 Dei
2010 1444 2300 1508 virtutem;
2331 1442 2423 1497 sed
2452 1440 2638 1495 eadem
2666 1451 3010 1508 permanens,
3046 1448 3185 1505 Opus
3210 1433 3462 1489 incarna-

1894 1533 2060 1589 tionis
2087 1534 2151 1588 ad
2173 1534 2401 1589 salutem
2427 1530 2614 1587 mundi
2639 1529 2914 1599 implevit;
2950 1539 3005 1583 et
3027 1526 3260 1583 Verbum
3280 1525 3373 1581 Dei
3403 1525 3460 1580 in

1896 1635 2042 1682 terra
2091 1627 2389 1682 secundum
2424 1624 2815 1679 humanitatem
2841 1636 3193 1684 conversans,
3218 1618 3459 1674 divinam

1895 1718 2237 1788 praesentiam
2274 1716 2523 1773 similiter
2550 1714 2798 1777 retinuit,
2850 1713 3033 1767 omnia
3064 1711 3317 1781 impleas,
3347 1709 3461 1763 sin-

1898 1809 2162 1880 gulariter
2203 1809 2355 1864 carni
2402 1807 2654 1873 unitum;
2684 1814 2739 1860 et
2767 1804 3115 1875 passionibus
3168 1803 3314 1858 circa
3337 1817 3459 1856 car-

210 1898 619 1970 πεπληρωκὼς,
641 1899 784 1963 ἰδίως
799 1917 856 1953 τε
880 1899 1044 1972 σαρκὶ
1064 1901 1512 1974 συγκεκραμένος
1532 1917 1545 1930 ·
1577 1900 1673 1953 καὶ
1689 1899 1794 1953 τῶν

1899 1916 2021 1955 nem
2052 1900 2234 1965 factis,
2268 1900 2450 1955 divina
2479 1900 2653 1953 virtus
2682 1913 2840 1952 suam
2882 1897 3117 1951 habebat
3139 1895 3449 1965 impassibi-

211 1990 351 2061 περὶ
384 1991 561 2058 σάρκα
590 1987 773 2044 παθῶν
809 1991 1125 2062 γινομένων,
1151 1991 1248 2063 τὴν
1283 1991 1549 2045 ἀπάθειαν
1577 1992 1609 2060 ἡ
1642 1990 1799 2044 δύνα-

213 2100 313 2153 μις
337 2078 480 2154 εἶχεν
514 2082 610 2154 τὴν
636 2082 832 2153 ἑαυτῆς
855 2100 868 2113 ·
910 2083 1111 2152 ἀσεϐὴς
1137 2080 1229 2137 οῦν
1245 2086 1276 2137 ὁ
1296 2084 1356 2136 τὺ
1390 2081 1558 2146 πάθος
1584 2064 1798 2150 ἀνάγων

209 2177 297 2240 εις
330 2176 431 2247 τὴν
464 2175 688 2246 δύναμιν
707 2193 721 2206 ·
756 2178 785 2230 ὁ
817 2174 924 2248 γὰρ
969 2176 1066 2247 τῆς
1090 2174 1248 2245 δόξης
1276 2174 1478 2247 Κύριος
1507 2175 1565 2227 ὲν
1591 2173 1798 2244 ἀνθρω-

209 2269 362 2338 πίνῳ
399 2268 641 2339 σχήματι
686 2267 895 2339 πέφηνε
941 2266 1038 2337 τὴν
1096 2266 1442 2339 ἀνθρωπίνην
1489 2263 1796 2335 οἰκονομίαν

208 2359 614 2430 ἀναδεξάμενος
648 2360 738 2412 ἐπὶ
764 2359 866 2429 γῆς
887 2376 900 2389 ·
938 2359 1030 2412 καὶ
1062 2361 1181 2422 ταῖς
1210 2357 1309 2429 μὲν
1338 2355 1567 2429 πράξεσι
1592 2357 1680 2409 τὸν
1710 2355 1787 2409 νό-

214 2468 321 2523 μον
369 2449 662 2522 πληρώσας
709 2451 846 2520 ὑπὲρ
892 2450 1211 2524 ἀνθρώπων,
1260 2452 1370 2511 τοῖς
1406 2448 1462 2502 δὲ
1504 2448 1695 2503 πάθεσι
1726 2446 1795 2501 τά

209 2542 520 2613 παθήματα
560 2541 833 2606 διαλύσας,
888 2544 981 2596 καὶ¹
1038 2543 1113 2614 τῷ
1162 2542 1373 2611 θανάτῳ
1428 2540 1517 2593 τὸν
1569 2540 1792 2593 θάνατον

208 2633 447 2700 ἀνελὼν,
479 2637 545 2706 τῇ
569 2633 626 2687 δὲ
652 2633 942 2688 ἀναστάσει
970 2635 1065 2705 τὴν
1095 2633 1237 2704 ζωὴν
1259 2630 1542 2695 ἀνατείλας
1562 2648 1575 2662 ·
1614 2626 1673 2687 οῦ
1699 2631 1794 2686 καὶ

211 2727 319 2799 τὴν
341 2725 642 2796 παρουσίαν
664 2724 869 2791 ἔνδοξον
893 2726 984 2777 ἀπ’
1008 2723 1236 2796 ούρανοῦ
1279 2722 1661 2795 προσδοκῶμεν
1696 2723 1795 2775 ἐπὶ

211 2823 291 2892 τῇ
322 2819 429 2872 τῶν
473 2819 609 2872 ὅλων
652 2817 763 2889 ζωῇ
798 2818 891 2871 καὶ
929 2817 1137 2890 κρίσει,
1195 2815 1539 2879 ἀναστάσεως
1588 2813 1795 2885 νεκρῶν

212 2911 505 2983 ἐσομένης,
547 2912 628 2974 είς
677 2910 737 2963 τὸ
781 2911 942 2965 πᾶσιν
992 2908 1414 2979 ἀνταποδοθῆναι
1459 2908 1577 2960 κατ’
1611 2905 1787 2972 ἀξίαν.

1898 1994 2124 2048 litatem.
2160 1991 2362 2063 Impius
2384 2008 2513 2063 ergo
2534 2001 2635 2057 est,
2667 1991 2759 2062 qui
2791 1989 3099 2060 passionem
3126 1988 3178 2042 in
3202 1989 3454 2042 virtutem

1898 2086 2135 2141 divinam
2168 2085 2395 2140 reducit.
2423 2084 2694 2139 Dominus
2724 2083 2869 2138 enim
2895 2082 3079 2152 gloriae
3114 2081 3167 2135 in
3212 2079 3456 2134 humano

1899 2179 2087 2235 habitu
2125 2176 2409 2247 apparuit;
2450 2184 2703 2246 suscepta
2734 2173 3037 2230 oeconomia
3075 2173 3129 2228 in
3186 2181 3328 2226 terra
3355 2170 3455 2243 (Ξ),

1897 2270 1991 2339 qui
2012 2268 2265 2338 operibus
2292 2266 2508 2336 quidem
2526 2266 2694 2336 legem
2719 2279 2818 2334 pro
2843 2262 3156 2317 hominibus
3191 2260 3455 2330 implevit,

1897 2358 2246 2431 passionibus
2269 2373 2396 2412 vero
2422 2357 2706 2425 passiones
2736 2355 3001 2418 dissolvit,
3028 2362 3083 2408 et
3106 2362 3279 2407 morte
3305 2367 3456 2406 mor-

1898 2462 2008 2508 tem
2044 2450 2291 2516 sustulit;
2326 2448 2720 2503 resurrectione
2757 2462 2885 2501 vero
2924 2446 3089 2500 vitam
3125 2444 3257 2499 oriri
3285 2443 3455 2498 fecit:

1901 2542 2058 2613 cujus
2101 2541 2401 2612 gloriosum
2430 2555 2460 2594 e
2491 2540 2630 2594 cmlo
2661 2538 2952 2593 adventum
2984 2547 3362 2605 exspectamus
3390 2534 3460 2589 ad

1900 2635 2067 2689 vitam
2094 2633 2495 2696 universorum,
2523 2629 2886 2700 etjudicium,
2924 2644 3050 2683 cum
3094 2627 3275 2683 futura
3310 2642 3460 2682 mor-

1900 2734 2121 2781 tuorum
2173 2723 2589 2788 resurrectione,
2623 2718 2693 2776 ad
2743 2720 3153 2777 retribuendum
3204 2719 3485 2789 omnibus,

1900 2832 2000 2887 pro
2028 2815 2291 2886 cujusque
2317 2812 2547 2867 meritis.

287 3004 468 3057 Δεινδν
488 3004 544 3058 δὲ
574 3003 852 3075 μελέτημα
875 3005 1015 3067 τινὲς
1041 3004 1179 3059 κατά
1208 3005 1303 3075 τῆς
1338 3003 1496 3071 ἁγίας
1526 3001 1792 3072 μελετῶσι

1968 2996 2299 3052 Sceleratum
2329 3011 2459 3051 vero
2488 3010 2626 3066 opus
2651 2993 2817 3064 aliqui
2847 3000 3037 3048 contra
3062 3000 3303 3048 sanctam
3334 2989 3458 3045 Tri-

213 3094 469 3167 Τριάδος,
503 3095 553 3148 οἱ
573 3094 698 3167 τρία
725 3096 996 3166 Πρόσωπα
1021 3094 1119 3147 οὐκ
1152 3090 1288 3149 εἶναι
1320 3092 1792 3165 διῖσχυριζόμενοι,

217 3187 412 3258 ὥσπερ
459 3187 825 3241 ἀνυπόστατον
880 3186 1187 3254 εἰσάγοντες
1245 3187 1564 3258 πρόσωπον·
1611 3186 1677 3239 δι’
1726 3182 1796 3259 ἧς

215 3276 605 3347 ἁποφεύγομεν
655 3274 745 3329 τὸν
790 3276 1072 3329 Σαϐέλλιον
1117 3275 1339 3344 λέγοντα
1367 3276 1455 3331 τὸν
1490 3276 1650 3330 αὐτὸν
1682 3278 1795 3331 Πα-

212 3371 388 3443 τέρα,
427 3369 516 3423 τὸν
560 3369 720 3422 αὐτὸν
759 3366 917 3421 Υίόν·
965 3369 1182 3440 Πατέρα
1214 3369 1310 3438 μὲν
1338 3370 1446 3442 γὰρ
1478 3369 1624 3439 λέγει
1657 3365 1795 3423 εἶναι

211 3463 308 3517 τὸν
343 3462 622 3522 λαλοῦντα,
645 3462 771 3515 Υίόν
791 3461 847 3515 δὲ
869 3460 959 3514 τὸν
994 3462 1164 3531 Λόγον
1191 3462 1249 3516 ἐν
1273 3462 1351 3533 τῷ
1367 3463 1540 3534 Πατρὶ
1566 3462 1797 3532 μένοντα.

214 3556 315 3609 καὶ
334 3553 475 3608 κατά
501 3551 689 3623 καιρδν
718 3552 816 3621 τῆς
838 3551 1197 3622 δημιουργίας
1225 3552 1546 3622 φαινόμενον
1565 3569 1578 3581 ·
1607 3550 1794 3603 ἔπειτα

220 3645 361 3717 μετά
393 3644 490 3717 τὴν
532 3644 785 3698 ἁπάντων
825 3642 1104 3714 πλήρωσιν
1151 3642 1259 3697 τῶν
1306 3644 1666 3717 πραγμάτων,
1714 3646 1795 3708 είς

216 3736 355 3789 Θεὸν
402 3735 802 3807 ἀνατρέχοντα·
841 3732 902 3787 τὸ
934 3733 1062 3787 αὐτὸ
1104 3733 1158 3787 δὲ
1192 3734 1286 3787 καὶ
1331 3733 1579 3804 περὶτοῦ
1626 3734 1795 3787 Πνεύ-

218 3843 393 3900 ματος
427 3825 595 3896 λέγει.
635 3825 967 3896 Πιστεύομεν
997 3825 1103 3897 γὰρ
1124 3828 1283 3896 ἡμεῖς
1312 3827 1394 3880 ὅτι
1433 3825 1553 3898 τρία
1579 3826 1796 3899 Πρόσωο

215 3936 298 3971 πα
332 3916 459 3988 μίαν
505 3918 692 3988 ἔχοντα
720 3917 819 3989 τὴν
858 3915 1087 3988 θεότητα
1132 3917 1433 3987 δηλοῦνται,
1478 3918 1664 3990 Πατὴρ
1701 3918 1794 3971 καὶ

215 4009 350 4072 Υἱὸς
379 4008 472 4062 καὶ
504 4008 656 4077 ἅγιον
680 4010 905 4081 Πνεῦμα
927 4026 942 4041 ·
975 4011 1008 4082 ἡ
1045 4009 1152 4081 γάρ
1180 4009 1368 4080 θεότης
1399 4010 1517 4081 μία,
1551 4011 1795 4080 φυσικῶς

215 4104 278 4157 έν
309 4098 499 4170 Τριάδι
547 4099 962 4171 μαρτυρουμένη
993 4140 1008 4162 ,
1049 4100 1152 4171 τὴν
1189 4099 1412 4171 ἑνότητα
1437 4100 1537 4171 τῆς
1582 4101 1794 4171 φύσεως

218 4190 456 4263 βεϐαιοῖ·
493 4192 575 4245 ὃτι
605 4209 712 4263 περ
742 4192 836 4245 καί⁹
866 4192 996 4246 ἴδιον
1032 4192 1129 4263 μὲν
1157 4193 1369 4265 Πατρὺς
1398 4194 1539 4249 κατά
1570 4195 1649 4259 τὸ,
1689 4190 1795 4263 Εἷς

219 4281 367 4349 Θεὸς
390 4286 424 4337 ό
451 4282 650 4352 Πατήρ
671 4299 683 4313 ·
706 4281 966 4355 Πατρῷον
994 4283 1052 4337 δὲ
1078 4283 1156 4355 τῷ
1185 4284 1320 4356 Υίῷ,
1356 4284 1497 4339 κατὰ
1526 4284 1611 4348 τὸ,
1647 4285 1793 4351 Θεὸς

214 4370 352 4444 ἧνό
380 4376 592 4445 λόγος·
626 4374 722 4429 καὶ
752 4374 832 4445 τῷ
864 4374 1139 4446 Πνεύματι
1166 4375 1221 4429 δὲ
1247 4376 1419 4448 παρὸν
1444 4375 1702 4445 φυσικῶς,
1734 4375 1794 4429 τὸ

216 4461 446 4533 Πνεῦμα
476 4464 609 4517 Θεοῦ
639 4462 925 4536 ὑπάρχειν,
967 4465 1089 4519 καθ’
1112 4465 1140 4518 ὃ
1177 4465 1323 4534 λέγει
1354 4465 1563 4530 Παῦλος
1582 4482 1594 4496 ·
1632 4464 1792 4530 Ναὸς

220 4556 372 4611 Θεοῦ
393 4557 552 4622 ἐστε,
581 4556 678 4610 καὶ
701 4557 766 4612 τὸ
791 4557 1034 4627 Πνεῦμα
1065 4557 1170 4611 τοῦ
1199 4556 1345 4611 Θεοῦ
1370 4557 1521 4612 οἰκεῖ
1538 4558 1608 4611 ἐν
1626 4555 1786 4627 ὑμῖν.

291 4648 583 4720 Πρόσωπον
643 4648 739 4719 μὲν
788 4648 898 4721 γάρ
950 4649 1200 4713 ἑκάστου,
1244 4647 1305 4701 τὺ
1340 4644 1479 4701 εἶναι
1522 4648 1652 4701 αὐτὸ
1697 4648 1791 4701 καὶ

218 4739 516 4813 ὑφεστάναι
544 4740 720 4812 δηλοῖ·
757 4740 944 4810 Θεότης
977 4741 1034 4795 δὲ
1076 4741 1287 4813 Πατρὸς
1316 4741 1473 4794 ἴδιον·
1509 4741 1602 4794 καὶ
1628 4740 1789 4792 ὁπότε

219 4834 322 4905 μία
345 4833 454 4886 τῶν
473 4832 636 4905 τριῶν
658 4835 691 4904 ή
721 4832 911 4904 θεότης
941 4833 1167 4901 λέγοιτο,
1202 4833 1299 4903 τὴν
1323 4832 1532 4903 Πατρὸς
1554 4831 1789 4901 ἰδιότητα

216 4926 504 4997 παροῦσαν
547 4923 660 4995 Υἱῷ
689 4942 749 4977 τε
784 4926 878 4977 καὶ
912 4925 1188 4996 Πνεύματι
1221 4926 1516 4996 μαρτυρεῖ·
1566 4922 1703 4976 ῶστε
1740 4927 1811 4977 si.

220 5018 320 5089 μὲν
349 5017 407 5069 ὲν
429 5016 574 5086 τρισὶ
599 5013 917 5090 Προσώποις
944 5017 1039 5087 μία
1081 5015 1372 5088 ῥηθήσεται
1396 5018 1428 5086 ἡ
1469 5013 1673 5084 θεότης,
1696 5017 1789 5069 καὶ

218 5110 253 5179 ἡ
281 5106 453 5181 Τριὰς
478 5106 874 5161 διαϐεϐαιοῦται
905 5107 995 5160 καὶ
1023 5106 1085 5159 τὸ
1116 5105 1173 5158 ἓν
1212 5106 1271 5158 οὑ
1301 5105 1668 5169 διακόπτεται,
1699 5106 1789 5158 καὶ

219 5200 253 5269 ἡ
294 5199 432 5271 πρὸς
464 5198 554 5250 τὸν
584 5198 802 5271 Πατέρα
843 5197 1044 5268 φυσικὴ
1074 5196 1206 5249 Υίοῦ
1237 5213 1297 5248 τε
1341 5198 1433 5249 καὶ
1477 5196 1791 5266 Πνεύματος

218 5291 411 5360 ἑνότης
435 5288 774 5360 ὁμολογεῖται
798 5307 817 5329 ε
841 5290 887 5341 εξ
909 5288 966 5342 δὲ
994 5288 1086 5341 καὶ
1110 5287 1406 5360 Πρόσωπον
1428 5290 1485 5340 ἓν
1512 5287 1657 5355 λέγει
1685 5304 1787 5350 τις,

293 5489 311 5519 ¹
344 5487 366 5542 ι
395 5486 527 5545 Cor.
552 5506 672 5557 vin,
707 5491 759 5544 6.
838 5493 858 5522 '
884 5490 1040 5548 Joan.
1076 5508 1114 5559 ι,
1156 5493 1202 5547 1.
1281 5494 1301 5524 ³
1334 5492 1353 5546 l
1388 5493 1513 5549 (lor.
1550 5510 1631 5559 tu,
1662 5491 1746 5547 16.

243 5739 254 5749 η
291 5667 780 5749 (ἓηΕεοηοιῃῑιιιη
826 5668 912 5749 hic
954 5677 1311 5749 vocat-totum
1354 5684 1489 5738 opus
1527 5677 1579 5722 et
1627 5684 1789 5742 nugo-

215 5740 371 5803 ιίιιιμ,
394 5740 781 5803 incarnationis
808 5747 859 5793 et
877 5740 1258 5810 redemptionis
1286 5754 1380 5810 per
1411 5753 1652 5795 carnem.

1897 3089 2122 3144 nitatem
2170 3087 2522 3153 meditantur,
2572 3086 2664 3157 qui
2707 3084 2976 3139 afﬁrmant
3021 3099 3129 3138 non
3180 3098 3300 3138 esse
3346 3091 3457 3137 tres

1894 3179 2187 3244 Personas,
2212 3189 2271 3233 ut
2301 3178 2392 3248 qui
2418 3190 2706 3246 personam
2738 3189 2846 3228 non
2873 3172 3257 3231 subsistentem
3287 3172 3458 3226 intru-

1895 3272 2120 3328 ducunt.
2151 3270 2419 3338 Quocirca
2436 3269 2731 3324 Sabellium
2763 3267 3020 3337 fugimus,
3046 3265 3137 3342 qui
3161 3265 3289 3324 dicit
3311 3279 3459 3319 eum-

1895 3366 2019 3420 dem
2060 3380 2181 3419 esse
2221 3364 2436 3418 Patrem
2479 3371 2531 3417 et
2560 3361 2796 3415 Filium:
2832 3359 3045 3415 Patrem
3068 3358 3286 3429 quidem
3324 3357 3459 3412 dicit

1893 3473 2019 3514 eum
2068 3457 2160 3527 qui
2194 3456 2457 3526 loquitur,
2492 3453 2689 3524 Filium
2737 3466 2868 3512 vero
2907 3449 3144 3513 Verbum
3199 3449 3251 3503 in
3295 3448 3457 3504 Patre

1895 3565 2142 3615 manens,
2172 3557 2225 3602 et
2247 3556 2488 3615 tempore
2514 3542 2808 3603 creationis
2837 3540 3186 3611 patefactum,
3216 3538 3457 3609 comple-

1893 3641 1966 3698 tis
1995 3657 2122 3696 vero
2149 3640 2312 3695 rebus
2338 3639 2390 3692 in
2421 3636 2590 3690 Deum
2616 3649 2883 3691 remeans.
2902 3631 3054 3695 ldcm
3080 3631 3214 3689 dicit
3241 3631 3306 3685 de
3338 3630 3457 3700 Spi-

1892 3733 2001 3787 ritu
2025 3740 2231 3786 sancto.
2261 3728 2371 3783 Nos
2394 3727 2535 3781 enim
2561 3725 2834 3780 credimus
2856 3732 2965 3778 tres
2994 3722 3259 3777 Personas
3288 3736 3454 3775 unam

1895 3825 2153 3879 habentes
2178 3821 2512 3877 divinitatem
2546 3817 2807 3881 declarari
2837 3814 3148 3869 nominibus
3176 3814 3373 3880 Patris,
3399 3821 3456 3868 et

1893 3913 2037 3979 Filii,
2072 3922 2126 3970 et
2154 3913 2388 3983 Spiritus
2417 3910 2622 3965 sancti:
2655 3923 2761 3963 una
2792 3906 3056 3976 siquidem
3086 3905 3337 3960 divinitas
3363 3919 3455 3958 na-

1893 4007 2143 4063 turaliter
2171 4006 2226 4059 in
2248 4002 2512 4068 Trinitate
2543 4009 2758 4065 testata,
2787 4000 3047 4054 unitatem
3082 4005 3291 4051 natura
3323 4012 3456 4052 con-

1893 4097 2091 4157 ﬁrmat.
2127 4093 2222 4151 Est
2253 4092 2397 4149 enim
2423 4090 2700 4165 proprium
2725 4089 2943 4159 quidem
2973 4087 3173 4148 Patris,
3207 4087 3363 4156 juxta
3390 4086 3459 4140 il-

1893 4189 1984 4244 lud
2014 4207 2028 4243 :
2058 4187 2202 4248 Unus
2240 4185 2376 4249 Deus
2416 4184 2644 4249 Pater‘;
2677 4181 2952 4252 proprium
2994 4195 3121 4235 vero
3157 4178 3300 4243 Filii,
3330 4194 3457 4234 esse

1894 4280 2130 4343 Verbum
2168 4278 2365 4343 Patris,
2408 4278 2562 4348 juxta
2597 4275 2729 4330 illud
2768 4293 2783 4330 :
2819 4272 2960 4328 Deus
2991 4282 3103 4327 erat
3151 4270 3450 4335 Verbum';

1820 4341 1870 4399 υ
1894 4384 1946 4426 et
1977 4370 2209 4440 Spiritus
2242 4341 2425 4425 sancti.
2444 4367 2722 4438 proprium
2763 4372 2818 4419 et
2856 4365 3104 4420 naturale
3134 4378 3253 4419 esse
3282 4361 3457 4432 Spiri-

1895 4471 2007 4517 tum
2046 4461 2161 4526 Dei,
2210 4463 2350 4516 sicut
2379 4460 2455 4514 ait
2485 4457 2686 4513 Paulus
2717 4474 2731 4509 :
2763 4454 3032 4524 Templum
3076 4453 3172 4508 Dei
3212 4454 3360 4517 estis,
3402 4460 3466 4508 et

1894 4552 2129 4623 Spiritus
2160 4552 2259 4607 Dei
2286 4550 2489 4605 habitat
2512 4551 2567 4603 in
2596 4549 2737 4603 vobis
2760 4548 2797 4602 ³.

1960 4641 2197 4697 Persona
2218 4641 2361 4694 enim
2384 4638 2814 4707 uniuscujusque
2857 4637 3097 4692 declarat
3110 4651 3232 4692 esse
3249 4637 3450 4708 ipsum,

1890 4745 1944 4792 et
1960 4751 2056 4807 per
2070 4750 2127 4790 se
2144 4734 2425 4789 exsistere.
2447 4730 2711 4785 Divinitas
2733 4738 2910 4784 autem
2928 4728 3130 4795 Patris,
3148 4731 3452 4801 proprium,

1893 4838 1947 4883 et
1974 4825 2191 4898 quando
2219 4840 2329 4880 una
2354 4823 2611 4879 divinitas
2633 4822 2798 4876 trium
2826 4821 3045 4886 dicitur,
3077 4821 3450 4877 testimonium

1892 4919 2073 4986 datur,
2115 4932 2234 4973 esse
2268 4915 2652 4987 praprictatem
2699 4912 2880 4968 Patris
2910 4914 2963 4969 in
2995 4910 3135 4968 Filio
3163 4921 3217 4969 et
3246 4913 3453 4984 Spiritu

1893 5009 2197 5081 sancto(3).
2225 5009 2404 5075 Quare
2426 5008 2469 5062 si
2494 5023 2601 5061 una
2633 5004 2888 5061 divinitas
2916 5005 2970 5059 in
3000 5005 3173 5061 tribus
3199 5004 3454 5061 Personis

1894 5104 2111 5167 dicitur,
2138 5101 2376 5155 Trinitas
2395 5099 2710 5163 allirmatur,
2741 5108 2795 5153 et
2816 5099 2997 5154 unitas
3020 5112 3125 5153 non
3151 5098 3453 5166 scinditur;

1892 5204 1946 5250 et
1976 5195 2159 5249 unitas
2191 5191 2454 5247 naturalis
2488 5192 2606 5245 Filii
2631 5201 2684 5247 et
2712 5189 2950 5261 Spiritus
2985 5189 3161 5246 sancti
3191 5204 3314 5244 cum
3341 5187 3449 5241 Pa-

1895 5296 1973 5341 tre
2006 5286 2350 5356 przedicatur.
2387 5285 2442 5339 Si
2466 5285 2593 5354 quis
2619 5299 2748 5338 vero
2775 5283 2921 5338 dicat
2945 5297 3106 5336 unam
3132 5279 3454 5343 Personam,

1965 5668 2041 5737 (3)
2088 5667 2471 5737 Proprietatem
2518 5665 2716 5728 Patris,
2766 5672 2919 5737 vocat
2955 5660 3285 5716 divinitatem
3319 5673 3445 5735 pm

1892 5734 2062 5809 priam
2104 5734 2300 5805 Patris,
2326 5748 2384 5791 ut
2415 5738 2575 5808 paulo
2609 5744 2733 5791 ante
2757 5734 2958 5790 dictum
2983 5739 3084 5786 est.
3338 5734 3341 5735 ⁷
