3950 6326
537 392 672 454 NH

1171 389 1229 445 S.
1270 389 1599 446 GREGORII
1639 388 1998 446 THAUMAT.
2037 387 2188 444 OPP.
2229 388 2409 444 PARS
2439 388 2735 446 ALTERA.
2774 420 2844 431 —
2872 389 3100 446 DUBlA.

3584 397 3697 454 1112

535 513 674 566 sicut
707 523 868 563 unam
901 500 1265 571 divinitatem,
1307 522 1415 563 non
1460 517 1587 564 sunt
1615 519 1871 578 tanquam
1906 522 2098 572 unum,

2206 506 2390 579 ὥσπερ
2421 509 2514 561 καὶ
2533 506 2631 580 τὴν
2660 507 2888 578 θεότητα
2924 505 3052 578 μίαν
3071 547 3087 572 ,
3111 507 3210 561 οὐκ
3235 505 3368 561 ἔστιν
3387 507 3456 572 ὡς
3475 508 3526 562 ἓν
3547 511 3605 564 τὰ
3625 514 3699 568 δύο

533 603 646 657 duo
685 602 738 655 in
779 615 908 654 uno.
941 598 1145 654 Paulus
1174 599 1318 653 enim
1351 614 1519 654 unum
1559 600 1778 670 quidem
1818 599 2102 654 divinitate

532 693 750 749 Patrem
792 691 1012 758 clamat,
1053 706 1220 745 unum
1252 705 1381 744 vero
1415 691 1469 745 in
1499 691 1870 746 dominatione
1901 689 2100 745 Filium

533 786 711 840 dicit:
745 781 890 836 Unus
929 783 1069 837 Deus
1120 780 1287 837 Pater
1329 798 1395 837 ex
1435 798 1536 860 quo
1589 783 1788 854 omnia,
1835 792 1888 837 et
1924 799 2016 835 nos
2045 783 2100 836 in

530 877 736 938 ipsum;
777 885 825 928 et
867 889 1004 928 unus
1046 873 1303 928 Dominus
1336 873 1491 928 Jesus
1534 873 1794 941 Christus,
1838 892 1929 943 per
1949 891 2102 944 quem

531 969 732 1031 omnia,
783 978 832 1022 et
872 983 967 1022 nos
1004 981 1097 1035 per
1140 967 1311 1034 ipsum
1332 967 1373 1020 ⁵.
1419 966 1585 1037 lgitur
1628 967 1676 1021 si
1708 983 1850 1022 unus
1881 967 2102 1036 quidem

534 1058 697 1122 Deus.
749 1059 1016 1114 Dominus
1072 1074 1203 1114 vero
1251 1073 1431 1123 unus,
1483 1074 1592 1114 una
1633 1069 1813 1113 autem
1840 1057 2099 1126 Persona,

533 1153 677 1205 sicut
705 1150 982 1215 divinitas,
1014 1150 1180 1205 unius
1219 1150 1636 1215 dominationis;
1672 1150 1949 1220 quomodo
1983 1168 2101 1215 cre-_

533 1244 681 1296 ditur
711 1241 864 1307 illud,
888 1257 952 1296 ea:
977 1257 1101 1311 quo,
1125 1250 1178 1296 et
1211 1258 1302 1311 per
1335 1258 1509 1312 quem,
1549 1241 1690 1296 sicut
1713 1242 1865 1310 prius
1892 1242 2099 1297 dictum

534 1333 652 1388 est?
685 1334 754 1387 At
781 1349 885 1388 nos
915 1334 1252 1389 divinitatem
1279 1333 1514 1389 dicimus
1544 1349 1652 1388 non
1690 1343 2004 1404 scparantes
2032 1335 2101 1388 ab

533 1439 595 1478 ea
623 1423 1071 1490 dominationem,
1105 1439 1207 1480 nec
1230 1424 1461 1478 alterum
1491 1423 1560 1494 ab
1585 1423 1754 1486 altero
1778 1422 2102 1495 alienantes,

535 1515 630 1570 sed
663 1516 742 1570 sic
765 1516 1143 1587 intelligentes,
1171 1524 1233 1574 ut
1263 1531 1351 1571 res
1374 1515 1536 1570 habet
1557 1523 1609 1570 et
1631 1515 1831 1570 veritas
1863 1533 1876 1568 :
1903 1515 2099 1570 Filium

535 1605 756 1674 quidem
788 1622 1050 1663 vocamus
1077 1606 1247 1666 Deum
1290 1607 1620 1678 proprietate
1645 1607 1823 1663 Patris
1850 1607 1951 1677 (4),
1982 1618 2102 1662 tan-

535 1712 698 1767 quam
750 1699 1045 1769 imaginem
1094 1708 1148 1754 et
1198 1716 1454 1768 germen;
1506 1699 1721 1760 Patrem
1755 1715 1886 1756 vero
1917 1699 2102 1755 Domi-

535 1805 690 1853 num,
740 1791 960 1845 nomine
998 1791 1162 1848 unius
1199 1791 1413 1846 Domini
1447 1793 1801 1862 appellamus,
1838 1802 2098 1864 tanquam

537 1878 704 1948 hujus
735 1879 1061 1952 principium
1095 1890 1150 1935 et
1175 1880 1494 1950 genitorem.

607 2013 806 2070 Eadem
835 2025 1015 2072 autem
1041 2024 1096 2070 et
1119 2016 1186 2070 de
1214 2015 1419 2086 Spiritu
1451 2029 1641 2074 sancto
1675 2020 1938 2090 unitatem
1977 2036 2103 2082 cum

535 2107 674 2162 Filio
705 2108 955 2179 habente,
984 2125 1146 2178 quam
1171 2110 1341 2164 Filius
1366 2111 1526 2166 habet
1547 2128 1668 2167 cum
1691 2112 1874 2187 Patre.
1901 2114 2105 2180 Quam-

534 2203 724 2256 obrem
787 2215 1045 2272 noscatur
1095 2203 1407 2274 hypostasis
1469 2204 1684 2271 Patris,
1745 2208 2104 2276 appellatione

535 2291 663 2352 Dei:
697 2308 765 2354 ne
792 2304 1071 2362 separetur
1099 2293 1169 2348 ab
1194 2294 1296 2361 hac
1328 2296 1687 2366 appellatione
1711 2296 1902 2370 Filius,
1928 2309 1987 2352 ut
2010 2298 2104 2367 qui

533 2399 600 2440 ex
643 2383 755 2449 Deo.
780 2395 880 2440 est.
925 2383 1193 2443 Noscatur
1221 2387 1383 2441 etiam
1415 2387 1650 2451 Persona
1685 2389 1837 2455 Filii,
1869 2391 2106 2461 appella-

537 2475 682 2529 tione
729 2473 976 2541 Domini;
1017 2493 1085 2532 ne
1127 2487 1410 2548 separetur
1441 2481 1510 2534 ab
1548 2481 1649 2536 hac
1680 2479 1845 2548 Deus,
1882 2481 1975 2551 qui
2009 2480 2108 2536 Du-

537 2568 718 2638 minus
741 2579 826 2624 est
857 2579 916 2626 ut
949 2569 1104 2640 Pater
1130 2569 1344 2626 Domini
1381 2591 1395 2626 :
1427 2575 1570 2627 sicut
1597 2573 1720 2628 Filii
1743 2575 1960 2644 quidem
1982 2589 2107 2643 pro-

536 2661 720 2733 prium
756 2671 840 2733 est
879 2662 1183 2728 dominari;
1234 2665 1329 2733 qui
1382 2680 1476 2734 per
1528 2667 1766 2734 seipsum
1797 2665 2020 2737 creavit,
2054 2675 2108 2721 et

535 2756 733 2813 creatis
777 2756 1122 2822 dominatur;
1175 2757 1320 2813 Patri
1357 2774 1484 2814 vero
1529 2761 1682 2828 prius
1727 2759 1868 2813 inest
1916 2759 2019 2813 hoc
2049 2769 2108 2814 ut

533 2849 685 2906 Patri
719 2851 1090 2907 dominantis:
1123 2851 1208 2909 sic
1237 2851 1557 2908 Trinitatem
1586 2868 1757 2908 unum
1778 2851 1948 2907 Deum
1973 2852 2110 2908 dici-

537 2961 682 3016 mus,
711 2953 765 3018 et
792 2961 900 3000 non
929 2955 1186 3014 tanquam
1217 2961 1285 3000 ex
1316 2946 1710 3015 compositione
1741 2945 1902 3000 trium
1935 2961 2106 3000 unum

534 3037 732 3106 damus
767 3055 778 3088 :
820 3051 983 3090 omne
1020 3036 1162 3090 enim
1211 3038 1356 3107 quod
1405 3053 1531 3108 pars
1572 3047 1676 3103 est,
1729 3037 2106 3107 imperfectum

534 3125 795 3194 «'at,quod
827 3142 894 3181 ex
926 3127 1317 3196 compositione
1348 3127 1623 3193 subsistit;
1645 3127 1892 3198 sedquod
1912 3126 2106 3183 estP:-

2130 1843 2177 1904 B

2204 599 2260 652 ὲν
2289 598 2368 670 τῷ
2397 600 2509 652 ἑνί·
2546 599 2575 650 ό
2610 597 2718 670 γὰρ
2751 598 2961 662 Παῦλος
3001 599 3096 652 ἕνα
3127 598 3221 668 μὲν
3257 598 3343 650 ἐπὶ
3374 599 3462 670 τῆς
3493 598 3702 672 θεότητος

2201 691 2290 745 τὸν
2319 691 2536 764 Πατέρα
2573 690 2669 762 βοᾷ
2691 731 2706 756 ,
2737 691 2831 744 ἕνα
2853 691 2911 744 δὲ
2938 691 3032 744 ἐπὶ
3054 691 3151 762 τῆς
3179 691 3473 762 κυριότητος
3499 692 3576 745 τὸν
3599 695 3701 749 Υἰὸν

2200 785 2385 854 λέγει·
2438 781 2542 851 Εἷς
2575 785 2718 850 Θεὸς
2759 788 2792 839 ό
2824 783 3025 851 Πατὴρ
3065 783 3134 849 ἐξ
3167 780 3238 845 οὗ
3281 781 3350 837 τὰ
3394 783 3582 851 πάντας
3624 789 3701 842 καὶ

2201 877 2371 945 ἡμεῖς
2403 880 2488 942 εὶς
2510 878 2721 930 αὐτόν’
2759 875 2856 929 καὶ
2877 869 2964 940 εἷς
2987 876 3200 943 Κύριος
3240 876 3460 943 Ἰησοῦς
3477 878 3702 945 Χριστός,

2200 968 2276 1021 δι’
2312 964 2383 1023 οὗ
2418 967 2490 1022 τὰ
2520 967 2748 1030 πάντα,
2797 967 2896 1020 καὶ
2929 966 3122 1041 ἡμεῖς.
3141 966 3214 1020 δι’
3242 965 3440 1020 αὐτοῦ·
3469 967 3704 1038 τοιγαροῦν

2207 1055 2298 1130 [εἰ]
2325 1057 2402 1122 εἷς
2433 1059 2528 1130 μὲν
2553 1057 2704 1122 Θεὸς,
2730 1059 2935 1128 Κύριος
2956 1057 3012 1110 δὲ
3032 1053 3132 1121 εἷς,
3164 1057 3221 1110 ἓν
3245 1057 3300 1110 δὲ
3322 1057 3589 1129 Πρόσωτιον
3607 1053 3702 1112 καθ’

2199 1151 2229 1203 ὃ
2257 1150 2444 1221 θεότης
2475 1152 2600 1220 μιᾶς
2627 1151 2964 1222 κυριότητος,
3013 1150 3106 1204 καὶ
3130 1148 3246 1212 πῶς
3269 1149 3550 1202 πιστεύεται
3571 1150 3621 1202 τὸ
3645 1151 3699 1214 ἐξ

2201 1239 2272 1296 οὗ
2307 1245 2399 1297 καὶ
2422 1243 2495 1296 δι’
2531 1239 2601 1298 οὗ
2631 1243 2704 1308 ὡς
2740 1245 3093 1316 προείρηται;
3145 1242 3253 1294 Καὶ
3293 1243 3350 1296 ού
3391 1243 3708 1310 διακόπτοντες

2199 1336 2362 1403 ἡμεῖς
2408 1335 2506 1404 τῆς
2557 1335 2805 1406 θεότητος
2852 1335 2949 1406 τὴν
3003 1333 3298 1404 κυριότητα
3341 1332 3576 1403 λέγομεν,
3625 1326 3707 1386 οὗθ’

2202 1424 2686 1496 ἀπαλλοτριοῦντες
2719 1425 2948 1497 θατέρου
2981 1425 3228 1496 θάτερον,
3259 1423 3366 1478 ἀλλ’
3396 1423 3548 1488 οὕτως
3573 1425 3710 1477 ἑνοῦν·

2201 1533 2292 1579 τες
2325 1515 2398 1578 ὡς
2420 1515 2532 1586 ἔχει
2567 1515 2627 1568 τὸ
2656 1517 2886 1588 πρᾶγμα
2916 1517 3009 1569 καὶ
3044 1518 3077 1586 ἡ
3104 1516 3360 1586 ἀλήθειαο
3389 1516 3475 1580 καὶ
3497 1516 3608 1569 Θεὸν
3635 1517 3710 1586 μὲν

2201 1607 2292 1661 τὸν
2328 1607 2454 1661 Υἱον
2485 1608 2561 1678 τῷ
2604 1606 2850 1678 ἰδιώματι
2887 1607 2982 1661 τοῦ
3030 1607 3245 1679 Πατρὸς
3279 1605 3548 1671 καλοῦντες
3577 1607 3638 1670 ὡς
3658 1610 3713 1660 εἰ-

2202 1699 2333 1754 κόνα
2365 1701 2458 1753 καὶ
2493 1699 2759 1770 γέννημα,
2807 1699 3008 1770 Κύριον
3045 1699 3102 1752 δὲ
3154 1697 3247 1751 τὸν
3298 1699 3502 1769 Πατέρα
3538 1698 3603 1768 τῷ
3639 1699 3710 1751 τοῦ

2205 1790 2322 1852 ἑνὸς
2355 1789 2558 1858 Κυρίου
2584 1788 3076 1860 προσαγορεύοντες
3100 1788 3344 1860 ὀνόματι,
3369 1789 3439 1853 ὼς
3456 1788 3618 1844 τούτου
3640 1790 3712 1860 ἀρ-

2200 1871 2300 1941 χὴν
2336 1870 2430 1924 καί
2460 1873 2773 1944 γεννήτορα.

2273 2026 2355 2080 Τὰ
2380 2025 2518 2079 αύτά
2547 2026 2602 2079 δὲ
2631 2027 2726 2080 καὶ
2757 2028 2883 2098 περὶ
2919 2026 3012 2080 τοῦ
3044 2026 3358 2096 Πνεύματος
3389 2021 3590 2092 ἑνότητα
3612 2022 3712 2092 πρὸς

2199 2116 2291 2172 τὸν
2316 2117 2442 2169 Υἱὸν
2475 2115 2706 2185 ἔχοντος,
2745 2117 2812 2188 ἢν
2845 2120 2874 2171 ὁ
2902 2116 3030 2180 Υἱὸς
3061 2116 3198 2187 πρὸς
3236 2116 3329 2168 τὸν
3358 2115 3584 2185 Πατέρα·
3607 2112 3712 2164 ὥστε

2199 2206 2544 2279 γνωριζέσθω
2575 2208 2671 2278 μὲν
2695 2209 2726 2280 ἡ
2757 2209 3053 2271 ὑπόστασις
3078 2207 3172 2259 τοῦ
3197 2206 3407 2277 Πατρὸς
3427 2209 3487 2275 τῇ
3505 2204 3586 2258 τοῦ
3612 2203 3712 2257 Θεοῦ

2199 2299 2571 2371 προσηγορία·
2621 2299 2694 2371 μὴ
2740 2298 3114 2371 διατετμήσθω
3158 2298 3218 2352 δὲ
3249 2297 3445 2369 ταύτης
3477 2299 3502 2350 ό
3534 2294 3714 2359 Υἱὸςώς

2200 2389 2276 2442 ὢν
2319 2391 2384 2444 ὲκ
2415 2388 2548 2442 Θεοῦ
2574 2406 2588 2418 ·
2624 2390 2969 2462 γνωριζέσθω
3009 2390 3066 2443 δὲ
3109 2389 3206 2442 καὶ
3235 2389 3296 2442 τὸ
3339 2389 3609 2461 Πρόσωπον
3645 2385 3714 2438 τοῦ

2200 2481 2330 2534 Υίοῦ
2365 2484 2433 2553 τῇ
2488 2480 2582 2534 τοῦ
2633 2482 2839 2552 Κυρίου
2901 2479 3278 2554 προσηγορίᾳ·
3329 2481 3402 2550 μὴ
3459 2475 3716 2550 χωριζέσθω

2199 2572 2256 2626 δὲ
2298 2571 2501 2644 ταύτης
2552 2574 2580 2630 ὁ
2621 2573 2772 2636 Θεὸς,
2819 2571 3022 2644 Κύριος⁹
3060 2570 3134 2624 ῶν
3179 2573 3257 2636 ὡς
3309 2571 3507 2644 Κυρίου
3541 2569 3716 2638 Πατήρ·

2201 2664 2456 2735 καθ’δτῷ
2490 2665 2589 2735 μὲν
2623 2664 2735 2735 Υἰῷ
2760 2663 2828 2718 τὸ
2863 2663 3135 2735 κυριεύειν
3168 2663 3332 2726 ἴδιον,
3373 2659 3512 2730 αύτῷ
3535 2659 3583 2712 δὲ
3605 2657 3719 2726 δεδη-

2203 2755 2556 2830 μιουργηκότι
2597 2754 2664 2808 δι’
2705 2753 2898 2808 ἑαυτοῦ
2941 2755 3034 2807 καὶ
3080 2753 3386 2825 κυριεύοντι
3417 2750 3515 2804 τῶν
3538 2765 3717 2817 πεποιη-

2204 2850 2380 2922 μένων
2401 2867 2416 2880 ο
2447 2849 2527 2920 τῷ
2573 2849 2630 2902 δὲ
2665 2849 2842 2920 Πατρὶ
2896 2846 3160 2918 ἀνωτέρω
3203 2846 3470 2917 ὑπάρχον,
3501 2843 3566 2905 ῶς
3586 2839 3718 2910 Πατρὶ

2199 2940 2294 2995 τοῦ
2333 2940 2684 3014 κυριεύοντος.
2715 2939 2828 2992 ὄντι
2849 2955 2862 2968 ·
2920 2936 3061 2991 οὕτω
3095 2937 3160 3007 δὴ
3199 2937 3295 2990 καὶ
3324 2935 3451 2988 Θεὸν
3473 2933 3562 2986 ἒνα
3583 2928 3720 2999 φαμὲν

2199 3032 2298 3103 τὴν
2328 3031 2534 3103 Τριάδα
2561 3069 2576 3094 ,
2625 3029 2739 3084 ἀλλ’
2785 3029 2883 3099 οὐχ
2933 3028 3010 3092 ὡς
3055 3029 3119 3080 ὲκ
3157 3025 3456 3089 συνθέσεως
3486 3021 3627 3094 τριῶν
3652 3019 3721 3070 ἕνα

2200 3125 2382 3188 δόντες
2404 3141 2418 3154 ⁸
2452 3123 2614 3194 μέρος
2635 3121 2742 3193 γὰρ
2763 3121 2907 3175 διπαν
2934 3119 3120 3183 ἀτελὲς
3144 3118 3208 3171 τὸ
3236 3115 3524 3179 συνθέσεως
3547 3109 3724 3180 ὑφιστέ-

537 3230 618 3272 ter
643 3221 854 3280 ratione
883 3221 1598 3296 principiietgenerationis,
1616 3223 1718 3278 hoc
1739 3223 1970 3278 dicimus
1983 3239 2104 3278 esse

2206 3230 2395 3286 μενονο
2441 3214 2556 3268 ἀλλ’
2597 3214 2672 3277 ὠς
2695 3213 2832 3284 ὅπερ
2859 3211 3008 3264 ἐστὶν
3047 3212 3076 3263 ό
3109 3208 3303 3281 Πατὴρ
3334 3206 3631 3296 ἀρχικῶςτε
3653 3201 3723 3254 καὶ

536 3310 732 3368 Filium
748 3312 1035 3384 imaginem
1049 3324 1331 3391 etgermen
1345 3313 1727 3383 Patris.Quare
1738 3314 1781 3370 si
1798 3315 1921 3386 quis
1935 3316 2101 3371 dicat:

535 3404 824 3472 Quomodo
841 3421 982 3462 unus
995 3404 1138 3462 Deus
1157 3416 1260 3474 est,
1283 3407 1551 3479 siquidem
1584 3407 1756 3463 Filius
1779 3417 1864 3464 est
1879 3407 2021 3465 Deus
2037 3425 2104 3464 ex

537 3481 1167 3571 Deo?respondebimus,
1198 3501 1302 3561 hoc
1340 3501 1565 3570 intelligi
1591 3501 1804 3556 ratione
1827 3501 2103 3572 principii,

536 3594 593 3658 in
611 3601 873 3664 quantum
898 3607 1068 3649 unum
1091 3592 1416 3664 principium
1434 3591 1612 3648 Pater.
1637 3591 1896 3663 Etsiquis
1914 3608 2106 3648 rursus

538 3685 835 3755 interroget
853 3703 866 3738 :
883 3683 1168 3751 Quomodo
1195 3701 1336 3756 unus
1356 3684 1619 3742 Dominus
1642 3683 1801 3740 Jesus
1833 3683 2106 3750 Christus,

537 3763 803 3849 siquidem
823 3777 984 3832 Pater
1004 3788 1087 3834 est
1119 3778 1616 3834 Dominus?rursus
1637 3777 2106 3848 respondebimus,

538 3871 755 3940 Patrem
777 3886 902 3928 esse
925 3871 1211 3938 Dominum
1235 3873 1288 3928 in
1313 3883 1576 3943 quantum
1595 3871 1751 3926 Pater
1773 3881 1856 3926 est
1869 3869 2105 3937 Domini,

538 3975 723 4026 etnon
757 3973 1005 4030 occurret
1033 3964 1266 4034 amplius
1295 3966 1453 4020 nobis
1482 3966 1598 4019 hinc
1626 3962 1913 4016 dubitatio.

615 4059 678 4111 Et
708 4073 900 4114 rursus
925 4059 1110 4114 dicent
1139 4057 1288 4127 impii
1315 4077 1328 4111 ;
1353 4057 1640 4126 Quomodo
1667 4073 1772 4112 non
1813 4064 1973 4112 erunt
1999 4064 2109 4114 tres

544 4149 650 4210 Dii,
684 4158 794 4208 tres
837 4147 1110 4211 Personae.
1158 4148 1202 4202 si
1256 4163 1420 4200 unam
1473 4149 1705 4204 habeant
1737 4147 2108 4201 divinitatem?

545 4241 818 4311 Dicemus,
845 4239 974 4310 quia
1001 4249 1084 4296 cst
1110 4239 1456 4309 principium,
1489 4250 1541 4294 et
1566 4239 1725 4294 Pater
1755 4239 1912 4304 Filii;
1944 4249 1997 4293 et
2023 4239 2112 4293 hic

545 4334 722 4402 imago
744 4342 829 4389 est
855 4343 909 4386 et
936 4346 1152 4403 germen
1181 4331 1376 4403 Patris,
1408 4340 1463 4386 et
1507 4347 1614 4385 non
1647 4339 1730 4386 est
1756 4331 1924 4386 frater
1952 4331 2106 4400 ejus;

543 4436 599 4480 et
628 4425 864 4494 Spiritus
895 4424 952 4480 S.
991 4425 1246 4480 similiter
1278 4424 1504 4493 spiritus
1533 4423 1626 4477 Dei
1657 4432 1760 4490 est,
1801 4424 1942 4477 sicut
1971 4425 2109 4478 scri-

2202 3304 2556 3376 γεννητικῶς,
2597 3303 2752 3357 τοῦτο
2793 3302 2920 3355 ὄντα
2943 3300 3034 3354 τὸν
3060 3299 3186 3352 Υἰὸν
3215 3299 3401 3352 εἰκόνα
3427 3295 3514 3350 καὶ
3532 3293 3724 3363 γέννημα

2203 3397 2296 3452 τοῦ
2341 3397 2553 3468 Πατρός
2575 3412 2587 3427 ο
2633 3397 2774 3452 ὥστε
2805 3395 2958 3456 εἴτις
2983 3393 3179 3465 ἔροιτο,
3202 3391 3330 3455 Πῶς
3351 3385 3428 3454 εἷς
3451 3388 3589 3452 Θεὸς,
3605 3383 3724 3483 εἴπερ

2204 3492 2270 3545 ἐκ
2292 3489 2428 3544 Θεοῦ
2457 3491 2621 3554 Θεός;
2655 3489 2886 3560 ἐροῦμεν
2919 3487 3000 3540 ὅτι
3027 3485 3104 3557 τῷ
3135 3486 3238 3556 τῆς
3264 3485 3437 3556 ἀρχῆς
3466 3481 3608 3549 λόγῳ,
3632 3473 3709 3530 καθ

2203 3581 2262 3633 ὃν
2300 3581 2396 3652 μία
2423 3579 2565 3650 ἀρχὴ
2589 3580 2616 3632 ό
2649 3580 2869 3648 Πατήρ·
2889 3579 2983 3631 καὶ
3017 3577 3072 3629 εἴ
3100 3593 3185 3639 τις
3227 3574 3408 3629 αὐτῶν
3441 3568 3720 3625 mamma.

2206 3671 2331 3733 Πῶς
2359 3665 2439 3733 εἷς
2463 3668 2665 3740 Κύριος
2699 3668 2855 3738 εἴπερ
2886 3666 3088 3736 Κύριος
3124 3667 3152 3718 ὁ
3181 3665 3402 3734 Πατήρς
3430 3659 3572 3714 τοῦτο
3603 3653 3723 3709 πάλιν

2205 3761 2648 3833 ἀποκρινώμεθα,
2700 3761 2819 3815 καθ’
2849 3759 2988 3814 6106
3021 3758 3230 3829 Κυρίου
3266 3757 3384 3809 ἐστὶ
3416 3752 3614 3822 Πατήρ·
3657 3743 3724 3797 καὶ

2207 3855 2390 3927 οἰύκέτι
2413 3857 2543 3926 ἡμῖν
2567 3853 2935 3925 ἀπαντήσεται
2966 3851 3020 3904 τὸ
3043 3851 3247 3921 ἄπορον
3275 3847 3451 3902 τοῦτο.

2286 4068 2395 4121 Καὶ
2445 4067 2606 4119 πάλιν
2658 4064 2752 4118 ὲὰν
2781 4061 3008 4116 εἴπωσιν
3034 4060 3084 4112 οἱ
3129 4057 3376 4120 ἀσεϐεἶς”
3414 4052 3530 4114 Πῶς
3570 4047 3651 4101 οὐκ
3683 4041 3730 4094 ἄν

2215 4158 2322 4215 εἷεν
2351 4162 2499 4232 τρεῖς
2530 4158 2652 4212 Θεοὶ
2678 4197 2692 4220 ,
2719 4156 2846 4227 τρία
2886 4153 3187 4224 Πρόσωπα,
3233 4152 3282 4204 εί
3333 4149 3457 4220 μίαν
3489 4145 3639 4213 ἔχοιεν
3660 4138 3732 4203 τὴν

2216 4231 2474 4321 θεότητα;
2533 4247 2792 4319 Ἐροῦμεν
2812 4286 2827 4310 ,
2865 4243 3048 4314 ἐπειδὴ
3080 4244 3109 4294 ὀ
3140 4241 3272 4304 Θεὸς
3301 4237 3441 4310 ἀρχὴ
3474 4236 3558 4290 καὶ
3586 4231 3731 4324 Hart?

2217 4345 2362 4396 ἐστιν
2387 4339 2480 4394 106
2511 4339 2661 4403 Υἱοῦ,
2685 4339 2779 4392 καὶ
2808 4330 2960 4399 οὗτος
2985 4333 3144 4388 εἰκών
3169 4335 3284 4387 ἐστι
3312 4332 3403 4384 καὶ⁵
3428 4328 3645 4398 γέννημα
3663 4335 3731 4370 του

2217 4435 2428 4504 Πατρὸς
2450 4433 2542 4485 καὶ
2569 4431 2669 4484 οὐκ
2690 4429 2916 4498 ἀδελφὸς
2955 4425 3139 4490 αὐτοῦ.
3163 4425 3258 4479 atat
3286 4420 3505 4492 Πνεῦμα
3526 4413 3732 4470 ὡσαύτως

545 4531 694 4588 ptum
719 4529 804 4574 est
836 4537 850 4573 :
881 4518 1020 4572 Deus
1043 4528 1120 4572 cst
1145 4518 1366 4586 spiritus
1383 4517 1425 4569 ⁵.
1457 4515 1522 4570 Ει
1548 4515 1718 4569 multo
1738 4524 1862 4570 ante
1884 4532 1916 4569 a
1941 4516 2106 4572 David

2219 4524 2434 4596 πνεῦμα
2454 4522 2587 4576 Θεοῦ
2613 4524 2779 4586 ἐστιν,
2799 4521 2874 4583 ὡς
2896 4519 3241 4591 γέγραπται·
3283 4513 3521 4582 Πνεῦμα
3542 4511 3571 4562 ὀ
3593 4504 3729 4610 ΘείξΓ

545 4609 877 4663 declaratum
900 4617 1002 4673 est,
1033 4609 1188 4663 caelos
1219 4625 1326 4662 esse
1351 4609 1500 4662 verba
1524 4608 1619 4680 Dei
1639 4603 1898 4677 ﬁrma'tos,
1926 4619 1973 4662 et
2003 4608 2114 4678 spi-

547 4700 656 4752 ritu
683 4703 789 4754 oris
815 4702 927 4769 ejus
947 4718 1150 4756 omnem
1167 4703 1411 4756 virtutem
1427 4718 1608 4755 eorum
1625 4701 1664 4753 °.
1695 4701 1760 4756 Et
1782 4701 1832 4756 in
1851 4702 2118 4773 principio.

547 4790 776 4846 Genesis
811 4794 890 4848 sic
915 4794 1175 4865 scriptum
1210 4805 1293 4850 est
1322 4813 1338 4848 :
1364 4793 1433 4847 Et
1464 4793 1694 4864 Spiritus
1729 4793 1820 4848 Dei
1849 4793 2116 4862 ferebatur

547 4898 702 4950 super
740 4886 994 4953 aquam".
1041 4885 1105 4940 Et
1138 4885 1341 4951 Paulus
1379 4888 1624 4943 scribens
1661 4886 1922 4942 Romanis
1955 4905 1968 4941 :
2013 4886 2113 4940 Vos

547 4982 745 5038 autem,
780 4973 978 5043 inquit,
1017 4991 1119 5028 non
1154 4979 1280 5030 estis
1321 4977 1377 5030 in
1416 4993 1594 5039 carne,
1622 4977 1711 5030 sed
1740 4979 1795 5030 in
1816 4979 2038 5046 spiritu;
2067 4977 2115 5050 si

553 5076 724 5120 tamen
753 5063 987 5134 Spiritus
1005 5066 1098 5120 Dei
1128 5068 1329 5121 habitat
1358 5071 1416 5126 in.
1446 5069 1586 5122 vobis
1614 5070 1654 5123 εἰ.
1685 5068 1750 5124 Ει
1773 5085 1964 5126 rursus
1993 5070 2070 5124 ait
2099 5088 2112 5125 :

551 5155 609 5212 Si
645 5167 820 5211 autem
851 5155 1080 5226 Spiritus
1111 5157 1222 5226 ejus
1248 5159 1337 5230 qui
1367 5161 1641 5214 suscitavit
1665 5160 1850 5215 Iesum
1883 5177 1948 5215 ea:
1976 5178 2118 5218 mor-

551 5252 680 5316 tuis,
728 5249 931 5305 habitat
977 5251 1034 5304 in
1069 5251 1234 5317 vobis,
1276 5253 1366 5322 qui
1418 5254 1692 5315 suscitavit
1745 5253 2013 5313 Christum
2053 5271 2117 5318 ea;

551 5345 794 5409 mortuis,
843 5343 1125 5412 viviﬁcabit
1163 5355 1213 5396 et
1263 5345 1514 5398 mortalia
1563 5361 1781 5414 corpora
1827 5357 1994 5400 vestra
2027 5364 2118 5416 per

549 5436 932 5491 inhabitantem
970 5434 1229 5507 Spiritum
1275 5436 1388 5505 ejus
1428 5437 1482 5490 in
1509 5436 1649 5492 vobis
1670 5439 1712 5490 °.
1760 5437 1827 5492 Et
1872 5441 2068 5494 iterum
2102 5458 2115 5494 :

2219 4618 2421 4676 ἄνωθεν
2453 4617 2508 4670 δὲ
2535 4616 2600 4669 ὲκ
2626 4614 2719 4668 τοῦ
2748 4614 3026 4686 προφήτου
3053 4611 3241 4665 Δα6ί8’
3293 4607 3378 4674 Τῷ
3396 4605 3546 4675 λόγῳ
3562 4603 3733 4693 Κυρίου

2217 4711 2508 4780 δεδήλωται
2557 4707 2698 4773 τοὺς
2736 4704 3030 4774 οὐρανοὺς
3097 4699 3520 4769 ἐστερεῶσθαι,
3558 4692 3638 4746 καὶ
3677 4692 3735 4749 τφ

2219 4805 2506 4871 πνεύματι
2550 4798 2656 4853 τοῦ
2701 4799 2995 4868 στόματος
3019 4796 3203 4850 αὑτοῦ
3241 4793 3446 4848 πᾶσαν
3470 4788 3573 4855 τὴν
3597 4782 3734 4836 δῦναι

2213 4911 2320 4963 μιν
2365 4892 2582 4948 αὐτῶν.
2623 4892 2734 4944 Kal.
2766 4891 2822 4942 ὲν
2853 4890 2992 4961 ἀρχῇ
3033 4887 3130 4958 τῆς
3168 4883 3535 4955 Κοσμοποιῖας
3577 4875 3734 4944 γέγρα-

2215 5003 2342 5039 πται
2385 4985 2587 5047 οὓτως·
2630 4982 2738 5037 Καὶ
2789 4982 2855 5034 τὸ
2901 4978 3142 5047 Πνεῦμα
3171 4976 3277 5031 τοῦ
3302 4974 3448 5030 Θεοῦ
3477 4964 3736 5037 ἐπεφέρετο

2213 5077 2412 5131 ἐπάνω
2461 5075 2566 5130 τοῦ
2599 5075 2828 5139 ὕδατος.
2867 5072 2978 5126 Καὶ
3029 5069 3239 5132 Παῦλος
3276 5069 3334 5122 δὲ
3373 5065 3584 5140 γράφων
3636 5055 3737 5107 Ῥω·

2219 5167 2397 5238 μαίοις
2440 5165 2602 5236 φησίν
2622 5181 2636 5194 °
2680 5163 2875 5232 Ὑμεῖς
2918 5161 2987 5214 δὲ
3030 5162 3142 5214 οὐκ
3165 5158 3306 5212 ἐστὲ
3333 5157 3401 5209 ἐν
3426 5146 3608 5220 σαρκὶ.

2215 5235 2286 5311 ἐν
2312 5235 2632 5327 πνεύματιο
2675 5256 2842 5323 ειπερ
2886 5253 3128 5322 Πνεῦμα
3165 5250 3314 5307 Θεοῦ
3353 5245 3582 5302 οικεῐὲν
3611 5235 3735 5306 ὑμῖν·

2222 5352 2332 5404 Καὶ
2366 5349 2526 5404 πάλιν
2549 5349 2728 5418 λέγει’
2762 5349 2829 5401 Ei
2859 5347 2924 5400 δὲ
2958 5346 3020 5399 τὸ
3054 5345 3296 5413 Πνεῦμα
3325 5341 3427 5396 τοῦ
3455 5335 3736 5406 ἐγείραντος

2239 5443 2484 5510 Ἰησοῦν
2512 5441 2581 5495 ἐκ
2625 5437 2853 5507 νεκρῶν
2880 5437 3031 5491 οῑκεῖ
3059 5437 3129 5490 ἐν
3155 5433 3312 5506 ὑμῖν,
3347 5435 3380 5486 δ
3396 5429 3605 5499 manu“
3634 5420 3735 5510 ΧΨ-

555 5525 859 5598 Quicunque
885 5505 1087 5597 Spiritu
1117 5527 1208 5597 Dei
1235 5539 1484 5598 aguntur,
1517 5528 1572 5580 hi
1601 5529 1702 5598 ﬁlii
1727 5529 1824 5585 Dei
1850 5540 1993 5596 sinit,
2020 5547 2106 5584 nor

2228 5535 2378 5590 στὸν
2417 5535 2485 5588 ἐκ
2517 5532 2744 5602 νεκρῶν
2783 5529 3128 5596 ζωοποιήσει
3171 5527 3267 5582 καὶ
3299 5527 3372 5579 τὰ
3404 5518 3572 5587 θνητὰ
3607 5515 3736 5580 ὑμων

630 5711 645 5738 ⁸
675 5708 690 5760 l
721 5711 848 5768 Cor.
877 5728 997 5778 vut,
1025 5712 1079 5768 6.
1156 5714 1177 5744 ⁵
1212 5711 1368 5770 Joan.
1409 5729 1482 5777 tv,
1518 5711 1606 5784 24.
1685 5714 1705 5745 ‘
1746 5714 1888 5769 Psal.
1927 5731 2098 5780 xxx",
2137 5714 2189 5770 6.
2215 5717 2235 5747 ν
2259 5716 2452 5772 Genes.
2489 5733 2527 5779 ι,
2554 5716 2608 5769 2.
2683 5715 2704 5746 ⁸
2735 5713 2892 5768 Rom.
2931 5729 3052 5779 vnt,
3082 5712 3136 5767 9.
3208 5707 3378 5763 ’lbid.
3415 5705 3492 5757 ll.

625 5805 700 5860 (il
743 5805 794 5858 It!
830 5818 932 5888 est.
964 5809 1092 5877 quia
1119 5820 1200 5866 cst
1252 5821 1537 5881 generatus
1577 5826 1606 5862 a
1643 5807 1749 5865 Deo
1797 5809 1976 5877 Patre,
2042 5825 2299 5868 vocamus
2347 5811 2567 5886 Filium,
2621 5811 2713 5881 qui
2760 5817 2843 5865 es:
2888 5810 3064 5888 imago
3126 5806 3262 5878 ejus,
3308 5803 3486 5858 Deum.
3515 5797 3602 5851 hoc
3653 5792 3732 5847 est,

557 5871 725 5934 Deum
761 5891 827 5930 ex
859 5871 994 5945 Deo;
