3950 6326
277 384 421 441 (113

1552 385 1742 438 ΚΑΤΑ
1785 381 2016 439 Muros
2045 381 2298 453 msz.

3379 375 3520 438 uti

266 502 523 570 σώματα
558 500 650 556 διὰ
673 499 779 554 τοῦ
803 500 1181 566 ἐνοικοῦντος
1202 499 1384 554 αὐτοῦ
1417 500 1759 572 Πνεύματος
1787 499 1837 552 ἐν

1957 498 2096 551 enim
2124 495 2398 566 accepistis
2425 496 2674 565 spiritum
2704 498 2969 550 servitutis
2998 495 3191 551 iterum
3220 493 3277 548 in
3311 494 3517 560 timore,

269 594 438 662 ὑμῖν.
490 593 601 646 Kal
643 592 803 647 πάλιν
825 610 838 623 ·
876 594 1048 647 Ὅσοι
1079 593 1374 662 Πνεύματι
1412 591 1558 645 Θεοῦ
1585 591 1846 661 ἄγονται,

267 679 444 740 οὗτοι
470 683 587 737 viai
633 682 778 736 Θεοῦ
819 684 1003 736 εἰσινο
1061 684 1133 736 οὐ
1184 681 1292 751 γὰρ
1329 681 1571 735 ἐλάϐετε
1617 680 1852 750 πνεῦμα

265 771 557 839 δουλείας
600 771 786 826 πάλιν
825 774 910 838 είς
944 773 1150 841 φόϐον,
1181 773 1316 826 ἀλλ’
1345 771 1588 825 ἐλάϐετε
1617 772 1852 841 πνεῦμα

264 865 581 930 υἱοθεσίας
632 863 701 918 ἐν
746 856 794 930 ᾦ
823 862 1126 933 κράζομεν,
1181 861 1373 927 Ἀϐὄᾶ,
1410 867 1442 917 ό
1472 862 1691 932 Πατήρ.
1739 865 1850 917 Καὶ

266 958 472 1010 πάλιν·
521 956 833 1025 Ἀλήθειαν
864 955 1019 1026 λέγω
1049 956 1118 1010 ἐν
1137 955 1389 1024 Χριστῷ,
1421 957 1489 1010 οὐ
1531 954 1847 1025 ψεύδομαι,

264 1045 816 1113 συμμαρτυρούσης
867 1062 969 1114 μοι
1020 1043 1131 1114 τῆς
1185 1043 1582 1113 συνειδήσεως
1611 1063 1727 1115 μου
1778 1045 1849 1100 ἑν

264 1137 568 1205 Πνεύματι
606 1137 768 1205 ἁγίῳ.
803 1136 909 1188 Kal
944 1137 1134 1190 πάλιψ
1182 1137 1244 1191 Ὀ
1273 1137 1340 1190 δὲ
1370 1137 1512 1203 Θεὸς
1544 1137 1653 1207 τῆς
1678 1139 1850 1193 ἐλπί-

1952 590 2044 647 sed
2086 589 2360 659 accepistis
2402 588 2648 658 spiritum
2695 587 2990 657 adoptionis
3029 584 3265 655 ﬁliorum
3309 583 3423 648 Dei,
3464 598 3521 636 in

1953 699 2055 752 quo
2087 682 2380 735 clamamus
2408 697 2426 734 :
2457 679 2606 733 Abba
2638 678 2802 733 Pater
2824 680 2888 734 ³ο,
2925 679 2991 733 ΕΙ.
3029 678 3224 733 iterum
3259 695 3273 732 :
3314 675 3522 741 Verita-

1955 784 2057 827 tem
2084 774 2201 828 dico
2230 774 2285 826 in
2317 771 2552 834 Christo,
2581 786 2685 826 non
2718 771 2961 833 mentior,
3002 769 3352 823 testimonium
3380 784 3521 837 prte-

1956 862 2103 916 bente
2129 862 2260 916 mihi
2287 860 2606 915 conscientia
2643 875 2758 912 mea
2796 859 2852 911 in
2903 859 3110 928 Spiritu
3154 868 3334 911 sancto
3359 858 3423 912 ¹¹ι.
3454 856 3521 924 Et

1955 972 2147 1011 rursus
2176 974 2189 1011 :
2227 955 2367 1010 Deus
2395 963 2569 1008 autem
2591 954 2700 1022 spei
2729 951 2943 1020 impleat
2971 967 3057 1004 vos
3088 951 3228 1004 omni
3251 950 3442 1021 gaudio
3469 960 3520 1004 et

1956 1064 2084 1118 pace
2111 1048 2165 1100 in
2195 1048 2474 1114 credendo,
2509 1057 2566 1100 ut
2595 1044 2868 1099 abundetis
2894 1044 2948 1096 in
2971 1059 3078 1112 spe,
3108 1044 3163 1098 in
3186 1045 3378 1097 virtute
3401 1040 3522 1112 Spi-

1960 1141 2094 1194 ritus
2129 1142 2301 1195 sancti
2325 1142 2387 1194 η.

262 1227 378 1294 δος
395 1228 707 1296 πληρώσαι
732 1229 886 1300 ὑμᾶς
917 1230 1120 1299 πάσης
1152 1231 1339 1301 χαρᾶς
1357 1234 1454 1288 καὶ
1485 1234 1746 1303 εἰρήνης,
1781 1235 1851 1289 ἐν
1880 1234 1962 1302 τῷ
2007 1238 2318 1291 πιστεύειν
2355 1239 2443 1302 εἰς
2482 1234 2547 1291 τὸ
2578 1234 2948 1303 περιοσεύειν
2966 1229 3116 1301 ὑμᾶς
3138 1230 3207 1284 ἐν
3227 1229 3300 1298 τῇ
3323 1229 3521 1284 ἐλπίδι

259 1327 342 1380 ἐν
372 1325 617 1395 δυνάμει
650 1329 994 1396 Πνεύματος
1028 1329 1219 1397 ἁγίου.

205 1460 214 1496 ς
339 1420 452 1473 Kal
481 1422 641 1475 πάλιν
688 1423 848 1493 φησὶν
891 1425 1002 1487 τοῖς
1049 1424 1230 1487 αὐτοῖς
1274 1424 1563 1495 Ῥωμαίοις
1588 1427 1833 1496 γράφωνο

205 1507 208 1510 ’
269 1513 725 1581 Τολμηροτέρως
753 1513 821 1567 δὲ
857 1514 1091 1585 ἔγραψα
1135 1517 1277 1586 ὑμῖν
1318 1517 1436 1572 ἀπὸ
1475 1519 1716 1588 μέρους,
1761 1521 1840 1586 ὠς

257 1603 814 1674 ἐπαναμιμνήσκων
837 1605 992 1676 ὑμᾶς
1021 1607 1117 1661 διὰ
1153 1608 1268 1677 τὴν
1301 1609 1474 1678 χάριν
1512 1612 1627 1679 τὴν
1653 1611 1840 1666 δοθεῖ-

2015 1424 2080 1479 Ει
2134 1427 2328 1479 iterum
2382 1425 2458 1478 ait
2502 1423 2745 1480 scribens
2800 1421 2866 1476 ad
2919 1420 3136 1477 eosdem
3189 1418 3517 1474 Romanos:

1944 1518 2215 1572 Audacius
2259 1527 2435 1571 autem
2479 1517 2668 1586 scripsi
2730 1515 2872 1569 vobis
2931 1531 2996 1568 eo:
3067 1521 3236 1584 parte,
3292 1523 3351 1565 ut
3398 1523 3520 1566 tan-

1945 1625 2104 1681 quam
2153 1609 2210 1661 in
2253 1610 2558 1662 memoriam
2611 1625 2698 1661 vos
2759 1608 3008 1660 reducens
3041 1616 3252 1673 propter
3288 1603 3517 1673 gratiam

261 1695 394 1802 ςάν
416 1713 518 1765 μοι
538 1696 655 1751 ἀπὸ
683 1697 790 1751 τοῦ
825 1699 971 1753 Θεοῦ
1001 1703 1088 1768 είς
1111 1701 1176 1754 τὸ
1214 1703 1368 1756 εἷναί
1389 1720 1467 1772 με
1498 1705 1837 1775 λειτουργὸν

1948 1718 2066 1771 qua:
2118 1702 2248 1754 data
2299 1709 2377 1754 est
2422 1700 2553 1753 mihi
2601 1715 2634 1751 a
2701 1699 2842 1762 Deo,
2896 1707 2953 1751 ut
2992 1697 3092 1750 sim
3130 1695 3371 1748 minister
3389 1693 3519 1748 Jesu

268 1784 478 1854 Ἰησοῦ
528 1789 786 1856 Χριστοῦ
829 1793 916 1857 είς
962 1792 1034 1845 τὰ
1078 1793 1222 1861 ἔθνη
1273 1796 1732 1866 λειτουργοῦντα
1774 1796 1837 1850 τὸ

1949 1793 2149 1850 Christi
2181 1795 2237 1848 in
2270 1794 2530 1865 gentibus,
2563 1792 2902 1862 sanctiﬁcans
2933 1788 3280 1858 Evangelium
3305 1783 3425 1854 Dei,
3459 1795 3518 1840 ut

258 1874 640 1947 Εὐαγγέλιον
689 1878 796 1932 τοῦ
849 1881 1019 1945 Θεοῦ,
1046 1883 1146 1936 ἵνα
1190 1883 1428 1953 γένηται
1459 1887 1496 1953 ἡ
1528 1887 1843 1956 προσφορὰ

255 1965 388 2019 τῶν
413 1967 603 2021 ἐθνῶν
627 1970 1071 2038 εὐπρόσδεκτος
1093 1973 1424 2042 ἡγιασμένη
1450 1975 1520 2027 ἐν
1545 1976 1842 2044 Πνεύματι

255 2057 448 2128 ᾀγίῳσ
480 2059 598 2128 ἐχω
628 2057 743 2116 οὖν
782 2061 896 2130 τὴν
933 2064 1233 2133 καύχησιν
1271 2066 1341 2118 ἐν
1377 2065 1606 2134 Χριστῷ
1647 2067 1844 2136 Ἰησοῦ,

258 2149 339 2200 τὰ
382 2147 530 2215 πρὸς
575 2150 683 2204 τόν
721 2153 866 2206 Θεόν
890 2169 902 2181 ·
931 2156 1002 2208 οὐ
1049 2155 1158 2225 γὰρ
1189 2157 1384 2226 τολμῶ
1411 2159 1468 2211 τί
1506 2159 1721 2212 λαλεῖν
1752 2153 1840 2213 ὧν

257 2242 338 2294 οὐ
374 2243 800 2313 κατειργάσατο
840 2246 1094 2314 Χριστὸς
1132 2247 1205 2301 δι’
1233 2249 1400 2318 ἐμοῦ,
1446 2253 1533 2316 είς
1560 2251 1840 2319 ὑπακοὴν

256 2329 458 2386 ἐθνῶν
485 2336 644 2403 λόγῳ
661 2335 756 2389 καὶ
774 2339 944 2406 ἔργῳ,
970 2337 1038 2390 ἐν
1059 2337 1305 2409 δυνάμει
1337 2341 1599 2412 σημείων
1622 2342 1722 2395 καὶ
1748 2359 1838 2402 ree

249 2422 482 2491 ράτων,
511 2426 581 2480 ἐν
611 2426 858 2498 δυνάμει
885 2431 1229 2500 Πνεύματος
1276 2435 1468 2504 ἁγίου.
1502 2435 1613 2488 Kal
1643 2435 1826 2490 πάλινο

257 2516 596 2584 Παρακαλῶ
619 2518 686 2572 δὲ
707 2517 880 2590 ὑμᾶς,
906 2521 1176 2591 ἀδελφοὶ,
1193 2523 1291 2578 διὰ
1317 2525 1422 2579 τοῦ
1437 2527 1656 2594 Κυρίου
1670 2529 1840 2596 ἡμῶν

272 2607 473 2676 Ἰησοῦ
492 2611 769 2677 Χριστοῦ,
798 2613 898 2667 καὶ
923 2613 1022 2670 διὰ
1045 2614 1157 2684 τῆς
1181 2617 1418 2687 ἀγάπης
1439 2619 1543 2672 τοῦ
1567 2621 1836 2688 Πνεύμαο

258 2718 387 2766 τος.
443 2701 552 2754 Καὶ
608 2702 781 2756 ταῦτα
839 2705 938 2776 μὲν
978 2707 1288 2778 γέγραπται
1330 2713 1388 2764 ὲν
1421 2715 1487 2784 τῇ
1522 2711 1660 2782 πρὸς
1701 2713 1835 2767 Ῥω-

261 2791 463 2862 μαίους
505 2793 811 2867 Ἐπιστολῇ.

344 2886 435 2939 Ἐν
473 2886 532 2940 δὲ
549 2890 638 2959 ,τῇ
689 2889 824 2961 πρὸς
871 2889 1188 2963 Κορινθίους
1222 2893 1386 2949 πάλιν.
1412 2894 1592 2965 λέγει’
1631 2897 1760 2951 Ὅτι
1802 2898 1838 2951 ὁ

257 2977 446 3047 λόγος
487 2996 606 3048 μου
640 2980 739 3033 καὶ
781 2979 848 3034 τὸ
897 2980 1167 3052 κήρυγμά
1200 3001 1319 3053 μου
1361 2969 1472 3039 οὐκ
1506 2986 1576 3041 ὲν
1614 2988 1837 3054 πειθοῖς

258 3070 642 3138 ἀνθρωπίνης
690 3072 910 3140 σοφίας
965 3075 1189 3144 λόγοις,
1241 3075 1378 3130 ἀλλ’
1426 3077 1496 3130 ὲν
1531 3078 1832 3143 ἀποδείξει

259 3164 608 3230 πνεύματος
634 3163 734 3216 καὶ
763 3162 1088 3234 δυνάμεως,
1117 3167 1217 3220 ἵνα
1253 3170 1291 3236 ἡ
1317 3169 1518 3235 πίστις
1549 3170 1721 3240 ἡμῶν
1742 3171 1829 3241 μὴ

253 3247 301 3324 ᾗ
332 3253 404 3306 ἐν
423 3254 609 3322 σοφίᾳ
635 3253 977 3322 ἀνθρώπων,
995 3257 1130 3311 ἀλλ’
1153 3258 1223 3310 ἐν
1249 3256 1498 3328 δυνάμει
1527 3261 1696 3326 Θεοῦ.
1724 3264 1832 3316 Kal

257 3346 426 3401 πάλιν
457 3346 641 3416 λέγει·
693 3348 820 3402 Ὀτι
861 3347 1054 3415 καθὼς
1083 3349 1416 3421 γέγραπται,
1448 3351 1486 3406 ἀ
1528 3354 1834 3424 ὀφθαλμὸς

256 3440 376 3515 οὐκ
402 3435 583 3504 older,
614 3441 712 3500 καὶ
739 3436 848 3508 οὖς
879 3443 990 3496 οὐκ
1020 3442 1305 3512 ἤκουσεν,
1333 3445 1430 3498 καὶ
1460 3444 1560 3506 ἐπὶ
1585 3445 1835 3516 καρδίαν

255 3531 576 3600 ἀνθρώπου
594 3535 703 3586 οὐκ
720 3532 922 3600 ἀνέϐη,
942 3531 982 3587 ἀ
997 3537 1030 3588 ό
1054 3533 1197 3600 Θεὸς
1213 3537 1540 3605 ἡτοίμασεν
1554 3537 1676 3605 τοῖς
1689 3540 1834 3610 ἀγα-

255 3621 462 3677 πῶσιν
503 3624 722 3679 αὐτόν·
767 3624 915 3694 ἡμῖν
955 3624 1024 3679 δὲ
1063 3628 1097 3679 ὀ
1127 3626 1271 3692 Θεὸς
1306 3627 1700 3700 ἀπεκάλυψεν
1737 3630 1836 3688 διὰ

257 3715 370 3770 τοῦ
408 3717 752 3787 Πνεύματος
769 3734 782 3748 °
830 3717 897 3770 τὸ
940 3718 1050 3789 γὰρ
1095 3719 1340 3791 Πνεῦμα
1386 3721 1582 3776 πάντα
1619 3724 1836 3793 ἐρευνᾷ

257 3807 363 3862 καὶ
395 3806 469 3861 τὰ
503 3807 664 3876 βάθη
699 3808 805 3862 τοῦ
842 3810 988 3865 Θεοῦ
1007 3829 1020 3841 ο
1051 3813 1145 3879 τίς
1169 3812 1278 3882 γὰρ
1314 3810 1476 3868 οἶδεν
1507 3815 1836 3885 ἀνθρώπων

255 3899 336 3954 τὰ
364 3899 469 3953 τοῦ
495 3899 828 3968 ἀνθρώπου,
859 3905 911 3956 εί
931 3902 1016 3970 μὴ
1046 3903 1113 3956 τό
1140 3904 1375 3974 πνεῦμα
1394 3907 1499 3960 τοῦ
1522 3907 1834 3977 ἀνθρώπου

258 3991 331 4046 τὸ
347 3991 417 4045 ἐν
436 3990 618 4057 αὑτῷ;
642 3993 839 4058 Οὕτως
853 3993 947 4046 καὶ
964 3991 1035 4045 τὰ
1048 3993 1154 4048 τοῦ
1173 3995 1320 4048 Θεοῦ
1339 3995 1538 4064 οὐδεὶς
1552 3997 1831 4068 ἔγνωκεν,

255 4085 315 4136 εί
336 4081 424 4152 μὴ
453 4082 520 4136 τὸ
546 4083 788 4152 Πνεῦμα
832 4083 936 4137 τοῦ
970 4084 1136 4138 Θεοῦ.
1168 4085 1279 4138 Kal
1310 4085 1472 4139 πάλιν
1496 4086 1673 4156 λέγει’
1710 4091 1834 4142 Ψυ-

256 4174 434 4243 χικὸς
459 4173 526 4226 δέ
551 4173 860 4242 ἄνθρωπος
895 4177 966 4229 οὐ
998 4175 1232 4246 δέχεται
1258 4177 1329 4230 τὰ
1357 4177 1462 4231 τοῦ
1492 4180 1839 4250 Πνεύματος⁴

257 4265 371 4322 τοῦ
407 4267 575 4320 Θεοῦ.
1004 4289 1006 4292 ν

343 4358 506 4429 Ὁρᾷς
533 4359 612 4411 ὃτι
642 4360 913 4430 πανταχοῦ
955 4360 1056 4430 τῆς
1102 4360 1326 4431 Γραφῆς
1369 4361 1591 4433 Πνεῦμα
1633 4364 1835 4437 κηρύτ-

1947 1889 2043 1958 ﬁat
2077 1887 2273 1942 oblatio
2319 1886 2550 1957 gentium
2579 1893 2812 1954 accepta,
2856 1882 3194 1950 sanctiﬁcata
3225 1881 3279 1934 in
3307 1878 3519 1948 Spiritu

1945 1991 2150 2036 sancto.
2193 1980 2374 2034 Habeo
2416 1979 2582 2050 igitur
2626 1977 2853 2048 gloriam
2911 1977 2964 2034 in
3023 1973 3235 2029 Christo
3278 1971 3408 2026 Jesu
3447 1971 3517 2025 ad

1945 2073 2114 2128 Deum
2143 2089 2161 2127 :
2192 2088 2292 2125 non
2324 2071 2461 2124 enim
2493 2069 2661 2122 audeo
2710 2067 2913 2136 aliquid
2959 2065 3101 2136 loqui
3147 2080 3347 2126 eorum,
3398 2079 3516 2133 qua:

1943 2183 2036 2236 per
2061 2182 2140 2220 me
2169 2181 2274 2220 non
2301 2163 2472 2232 eﬂ'ecit
2505 2162 2747 2217 Christus
2786 2161 2842 2213 in
2874 2159 3220 2213 obedientiam
3261 2156 3513 2226 gentium,

1945 2258 2099 2314 verbo
2125 2266 2174 2312 et
2210 2258 2392 2327 factis,
2418 2257 2475 2309 in
2504 2256 2694 2309 virtute
2734 2254 3003 2324 signorum
3043 2257 3092 2304 et
3127 2249 3512 2319 prodigiorum,

1945 2353 2001 2406 in
2026 2354 2212 2405 virtute
2238 2347 2468 2419 Spiritus
2498 2348 2668 2402 sancti
2695 2347 2758 2401 ".
2785 2345 2851 2400 Et
2878 2345 3072 2399 iterum
3113 2361 3126 2396 :
3163 2342 3388 2399 Obsecro
3418 2357 3518 2395 au-

1946 2453 2042 2499 tem
2071 2458 2182 2504 vos,
2208 2442 2420 2511 fratres,
2443 2457 2535 2508 per
2563 2439 2846 2492 Dominum
2873 2447 3114 2491 nostrum
3145 2434 3326 2488 Jesum
3357 2431 3515 2487 Chri-

1945 2544 2076 2598 tum,
2104 2541 2152 2586 et
2176 2548 2267 2601 per
2285 2531 2596 2584 charitatem
2619 2528 2850 2598 Spiritus
2867 2529 2931 2582 “.
2959 2527 3137 2596 Atque
3159 2526 3274 2581 hac
3293 2518 3514 2596 q‘tidem

1943 2624 2146 2696 scripta
2177 2631 2306 2679 sunt
2335 2622 2392 2678 in
2423 2621 2667 2692 Epistola
2697 2621 2764 2676 ad
2797 2620 3095 2676 Romanos.

2011 2904 2070 2959 In
2115 2903 2355 2974 Epistola
2404 2912 2584 2958 autem
2636 2899 2703 2955 ad
2746 2896 3059 2954 Corinthios
3102 2910 3296 2952 rursus
3337 2895 3506 2953 dicit:

1945 2999 2085 3063 Quia
2117 3011 2286 3050 sermo
2311 3010 2455 3047 meus
2484 3003 2534 3047 et
2561 2991 2869 3062 prardicatio
2894 3005 3007 3045 mea
3032 3006 3135 3051 non
3166 2989 3220 3042 in
3246 2988 3515 3057 persuasi-

1859 3104 1902 3162 c
1937 3091 2128 3150 bilibus
2164 3091 2408 3143 humana:
2446 3085 2721 3156 sapientia:
2755 3083 2943 3148 verbis,
2978 3081 3066 3136 sed
3114 3082 3167 3134 in
3219 3080 3512 3134 ostensione

1940 3188 2160 3260 spiritus
2189 3193 2240 3237 et
2268 3180 2499 3244 virtutis,
2531 3186 2588 3232 ut
2608 3176 2737 3247 ﬁdes
2761 3184 2946 3230 nostra
2972 3191 3075 3228 non
3111 3174 3179 3228 sit
3214 3173 3268 3226 in
3297 3172 3513 3242 sapien-

1941 3282 2019 3335 tia
2061 3276 2350 3337 hominum,
2389 3271 2479 3327 sed
2522 3271 2577 3324 in
2621 3270 2814 3324 uirtute
2860 3267 2958 3321 Dei
2983 3268 3047 3321 ¹⁵.
3099 3264 3164 3319 Et
3201 3265 3400 3319 iterum
3437 3261 3518 3317 ait

1940 3373 2108 3444 quia:
2143 3368 2287 3424 Sicut
2324 3365 2580 3433 scriptum
2606 3371 2682 3416 est
2715 3377 2733 3416 :
2761 3360 2893 3426 Qua:
2919 3358 3236 3426 oculusluon
3274 3355 3426 3420 vidit,
3463 3360 3516 3408 et

1941 3464 2088 3518 auris
2131 3475 2233 3514 non
2273 3455 2494 3521 audivit,
2537 3461 2585 3506 et
2630 3453 2688 3505 in
2731 3467 2822 3504 cor
2868 3450 3092 3506 hominis
3121 3464 3225 3501 non
3253 3445 3512 3510 ascendit,

1941 3570 2059 3626 qua:
2085 3547 2405 3623 prazparavit
2439 3545 2578 3599 Deus
2605 3541 2944 3613 diligentibus
2969 3556 3087 3595 eum
3113 3554 3131 3592 :
3162 3538 3309 3592 nobis
3338 3545 3513 3589 autem

1941 3643 2183 3700 reuelauit
2209 3642 2348 3694 Deus
2378 3653 2470 3706 per
2495 3635 2756 3706 Spiritum
2783 3649 2958 3686 suum.
2993 3630 3224 3698 Spiritus
3245 3629 3384 3683 enim
3406 3643 3513 3682 ont-

1940 3739 2031 3791 nia
2069 3741 2354 3794 scrutatur,
2369 3731 2529 3783 etiam
2562 3725 2827 3797 profunda
2857 3723 2974 3778 Dei.
3013 3722 3145 3787 Quis
3176 3721 3313 3774 enim
3340 3719 3512 3772 homi-

1942 3826 2232 3883 numnovit
2258 3837 2374 3892 qua:
2407 3829 2526 3873 sunt
2569 3817 2816 3880 hominis,
2853 3814 2956 3868 nisi
2995 3813 3212 3882 spiritus
3259 3810 3509 3871 hominis,

1938 3920 2132 3991 quiest
2171 3918 2226 3970 in
2257 3914 2415 3984 ipso?
2450 3912 2527 3965 sic
2564 3925 2680 3981 quae
2711 3917 2834 3963 sunt
2880 3906 3001 3969 Dei,
3034 3919 3182 3958 nemo
3223 3903 3364 3956 nouit
3401 3901 3507 3954 nisi

1942 4011 2176 4080 Spiritus
2207 4007 2299 4060 Dei
2324 4007 2388 4060 ¹⁶.
2433 4003 2500 4058 Et
2539 4016 2731 4057 rursus
2773 4000 2886 4055 ait:
2915 3998 3179 4055 Animatis
3223 3998 3373 4050 homo
3404 4011 3508 4052 non

1941 4103 2161 4175 percipit
2182 4114 2298 4170 qua:
2321 4106 2445 4152 sunt
2475 4095 2706 4165 Spiritus
2737 4093 2834 4148 Dei
2852 4093 2918 4147 ⁸⁷.

2012 4373 2176 4429 Vides
2204 4371 2352 4443 quod
2384 4369 2586 4439 ubique
2617 4368 2672 4422 in
2709 4366 2988 4435 Scriptura
3029 4362 3261 4433 Spiritus
3305 4361 3502 4431 przedi-

255 4466 434 4512 τεται,
479 4449 574 4502 καὶ
619 4449 853 4520 οὐδαμοῦ
898 4450 1113 4503 κτιστὸν
1158 4449 1517 4520 ὀνομάζεταις
1562 4452 1627 4504 Τί
1676 4453 1720 4506 δ’
1767 4453 1834 4507 ἂν

1947 4472 2114 4530 catur,
2151 4471 2205 4516 ct
2239 4475 2506 4530 nusquam
2537 4457 2849 4511 nominatur
2883 4454 3170 4508 creatura?
3197 4451 3336 4518 Quid
3375 4466 3505 4505 vero

255 4541 488 4594 εἴπωσιν
519 4542 568 4594 οἱ
606 4541 842 4606 ἀσεϐεῖς,
868 4539 962 4594 τοῦ
1005 4541 1210 4612 Κυρίου
1255 4541 1671 4608 ἀποστέλλοντος
1709 4545 1836 4608 τοὺς

260 4630 512 4702 μαθητὰς
557 4631 836 4701 βαπτίζειν
875 4633 934 4685 ὲν
973 4632 1196 4703 ὀνόματι
1239 4632 1330 4684 τοῦ
1379 4633 1715 4706 Πατρὺς,καὶ
1741 4633 1834 4700 τοῦ

255 4722 408 4782 Υίοῦ,
420 4724 514 4776 καὶ
540 4722 635 4776 τοῦ
662 4723 816 4791 ἁγίου
841 4723 1188 4794 Πνεύματος;
1213 4725 1621 4796 ἀναντιρρήτως
1653 4741 1838 4778 κοινω-

254 4815 378 4868 νίαν
407 4816 500 4868 xal
523 4815 748 4886 ἑνότητα
780 4815 991 4886 ἔχοντα’
1019 4815 1220 4887 καθ’ἥν
1244 4815 1366 4868 οὔτε
1391 4817 1640 4887 θεότητες
1663 4821 1833 4889 τρεῖς,

253 4906 382 4962 οὔτε
397 4907 732 4980 κυριότητες,
748 4907 860 4961 ἀλλ’
877 4907 1090 4980 ἀληθῶς
1101 4908 1207 4961 τῶν
1220 4909 1385 4980 τριῶν
1407 4909 1452 4961 Π
1462 4909 1721 4981 ροσὼπων
1735 4927 1834 4980 pse

256 5000 460 5053 νόντων
478 4999 725 5069 βεϐαίως,
753 5001 861 5053 τῶν
898 5001 1064 5074 τριῶν
1089 5001 1188 5073 τὴν
1218 5001 1412 5056 ἕνωσιν
1440 5002 1826 5072 ὁμολογητέον·

254 5092 405 5146 οὕτω
424 5092 530 5165 γὰρ
551 5092 636 5164 [τὸ
648 5093 1000 5166 ἁποστέλλον]
1021 5095 1114 5148 καὶ
1146 5094 1206 5147 τὸ
1238 5095 1718 5166 ἁποστελλόμενον,
1749 5097 1829 5148 ol-

254 5186 426 5248 κείως
445 5185 511 5240 ἂν
529 5187 855 5251 πιστεύοιτο,
874 5187 1033 5242 καθ’δ
1045 5188 1230 5262 Πατὴρ
1245 5189 1337 5244 τὸν
1349 5190 1476 5243 Υιὸν
1491 5187 1825 5252 ἀπέστειλεν,

258 5279 355 5332 καὶ
385 5278 512 5340 Υἱὸς
538 5279 598 5333 τὸ
613 5279 837 5350 Πνεῦμα
854 5280 1171 5334 ἀποστέλλει
1189 5297 1202 5312 ’
1229 5280 1286 5335 ἓν
1299 5280 1357 5334 δὲ
1386 5281 1699 5352 Πρόσωπων
1727 5281 1827 5334 οὐκ

255 5371 326 5425 ἂν
349 5370 613 5442 πέμψειεν
647 5373 778 5427 αὐτὸ
807 5374 967 5428 ἑαυτό
989 5391 1002 5405 ·
1022 5375 1119 5429 οὐκ
1131 5375 1196 5429 ἂν
1215 5376 1324 5448 γάρ
1343 5391 1426 5439 τις
1453 5376 1592 5429 εἴποι
1609 5374 1826 5443 Πατέρα

258 5465 640 5536 πρκωθὲντα·
703 5467 774 5520 τὰ
823 5469 930 5541 γὰρ
979 5467 1078 5539 τῆς
1127 5469 1362 5531 πίστεως
1419 5467 1822 5538 ὁμολογήματα,

1938 4553 2088 4624 impii
2117 4552 2320 4618 dicent,
2365 4549 2631 4619 siquidem
2671 4547 2917 4602 mittente
2953 4543 3181 4601 Domino
3203 4543 3504 4612 discipulos

1936 4645 2004 4698 ad
2041 4641 2421 4713 baptizandum
2449 4640 2502 4692 in
2538 4636 2760 4696 nomine
2788 4635 2986 4700 Patris,
3025 4642 3078 4689 et
3109 4632 3253 4699 Filii,
3287 4642 3341 4688 et
3375 4632 3502 4702 Spi-

1935 4735 2076 4790 ritus
2109 4731 2283 4787 sancti
2309 4730 2382 4797 ¹⁸;
2410 4744 2521 4784 non
2552 4737 2728 4798 potest
2755 4725 3056 4782 contradici
3093 4724 3224 4794 quin
3270 4725 3504 4780 habeant

1937 4822 2376 4883 communionem
2413 4829 2468 4875 et
2487 4820 2771 4882 unitatem,
2803 4819 3100 4876 secundum
3133 4830 3295 4886 quam
3326 4826 3503 4882 neque

1935 4925 2046 4971 tres
2097 4912 2430 4976 divinitates,
2476 4926 2653 4981 neque
2701 4919 2808 4964 tres
2856 4907 3276 4972 dominationes,
3326 4920 3502 4976 neque

1935 5017 2046 5062 tres
2092 5005 2429 5070 sanctitates,
2478 5003 2572 5058 sed
2623 5003 2799 5057 tribus
2828 5000 3086 5056 Personis
3126 4999 3498 5064 manentibus,

1934 5099 2088 5156 ﬁrme
2116 5097 2246 5152 unio
2278 5097 2440 5150 trium
2478 5094 2781 5150 conlitenda
2813 5101 2896 5149 est
2930 5112 2944 5148 :
2978 5092 3058 5148 sic
3103 5093 3247 5147 enim
3297 5104 3496 5146 conve-

1935 5191 2144 5245 nienter
2182 5189 2422 5244 creditur
2464 5189 2684 5242 mittens
2737 5194 2792 5240 et
2838 5185 3090 5240 missum.
3143 5181 3294 5238 Sicut
3334 5181 3499 5236 Pater

1935 5282 2128 5336 Filium
2151 5281 2320 5348 misit,
2341 5289 2396 5336 et
2410 5280 2580 5336 Filius
2599 5276 2858 5349 Spiritum
2882 5287 3128 5334 sanctum
3154 5276 3318 5329 mittit
3345 5290 3358 5329 :
3387 5288 3494 5328 una

1934 5388 2062 5428 vero
2089 5388 2317 5442 persona
2346 5387 2628 5442 nunquam
2669 5371 2901 5440 seipsam
2943 5369 3171 5434 miserit,
3204 5383 3312 5422 non
3345 5367 3495 5424 enim

1935 5464 2133 5536 aliquis
2164 5465 2306 5520 dicet
2330 5463 2543 5520 Patrem
2568 5465 2937 5530 incarnatum;
2965 5477 3088 5529 quae
3110 5461 3257 5517 enim
3285 5461 3339 5515 in
3360 5476 3496 5518 con.

257 5559 382 5620 ταῖς
412 5556 518 5610 τῶν
549 5559 812 5629 αἱρέσεων
843 5560 906 5612 οὐ
933 5559 1312 5632 συνδραμεῖται
1341 5559 1699 5625 κακοδοξίαις.
1736 5559 1826 5611 Δεῖ

1947 5557 2169 5614 ῗεεεὶοηε
2199 5555 2323 5610 ﬁdei
2355 5554 2718 5623 continentur,
2745 5569 2854 5608 non
2880 5560 3208 5609 concurrent
3236 5567 3362 5607 cum
3389 5551 3496 5608 εει..

257 5649 316 5702 δὲ
354 5651 470 5714 τοῖς
519 5649 683 5714 eum
732 5651 821 5706 καὶ
868 5653 1241 5716 ἀποστολικοῖς
1289 5651 1553 5722 δόγμασιν
1597 5651 1823 5705 ἕπεσθαι

1947 5650 2006 5704 iis
2039 5647 2418 5704 haereticorum
2451 5646 2813 5716 opinionibus.
2841 5643 3060 5715 Oportet
3091 5652 3268 5698 autem
3307 5653 3366 5699 ut
3394 5659 3498 5701 tto-.-

235 5761 238 5764 ’
333 5765 378 5796 ιο
433 5763 589 5819 Rom.
619 5780 738 5827 vm.
766 5767 851 5832 14,
889 5768 974 5823 15.
1055 5767 1095 5798 ¹¹
1123 5765 1280 5821 Rom.
1309 5783 1387 5828 Ix,
1423 5767 1470 5819 l.
1549 5767 1594 5798 “
1627 5765 1784 5820 Rom.
1810 5781 1837 5816 Χ

1947 5765 2025 5823 15.
2101 5763 2144 5796 ⁸³
2173 5761 2303 5818 Ibid.
2331 5761 2512 5817 15-19.
2593 5763 2634 5795 ³⁸
2659 5762 2793 5819 Ibid.
2827 5757 2916 5816 '50.
2998 5760 3040 5795 ¹¹
3068 5759 3240 5818 lCor.
3263 5777 3321 5829 It,
3351 5763 3404 5829 ι,
3434 5759 3497 5831 ὃς

265 5834 310 5866 ⁸⁸
335 5835 467 5890 Ibid.
499 5836 552 5903 9,
594 5836 681 5902 10,
720 5837 798 5892 11.
880 5840 920 5871 ¹⁷
940 5838 1074 5894 Ibid.
1110 5839 1192 5899 H.
1273 5837 1314 5869 ⁸⁸
1344 5836 1533 5893 Matth.
1559 5852 1746 5907 xxrtit,
1787 5835 1872 5892 19.
