3950 6326
524 363 668 422 1115

1198 359 1257 414 S.
1298 356 1626 415 GREGORII
1663 355 2022 414 THAUMAT.
2063 355 2216 412 OPP.
2248 354 2427 410 PARS
2465 354 2766 411 ALTERA.
2801 384 2871 395 —
2897 353 3127 413 DUBIA.

3587 361 3704 417 “I6

521 492 653 532 sine
675 476 926 532 notiones
953 473 1139 531 divina
1162 481 1218 528 et
1257 472 1552 543 apostolica
1580 472 1831 544 dogmata
1861 485 2073 540 sequan

2201 469 2299 534 τὰς
2330 470 2604 542 ἡμετέρας
2653 468 2882 533 ἐννοίας,
2911 469 2973 522 οὐ
3023 467 3119 533 τάς
3161 470 3423 542 ἡμετέρας
3453 472 3706 542 ἀδυνάτους

521 577 656 623 tur:
688 587 797 624 non
830 578 1011 623 autem
1054 575 1114 621 ut
1159 575 1360 620 nostrae
1406 564 1658 619 lictiones
1710 562 2094 635 impossibiles,

530 660 731 715 divinae
760 660 882 714 ﬁdei
913 658 1259 730 dogmatibus
1292 657 1398 711 vim
1435 655 1709 710 aderant.-

2202 562 2500 630 φαντασίας
2522 562 2590 614 τὰ
2612 563 2710 632 τῆς
2738 560 2885 624 θείας
2912 561 3145 623 πίστεως
3174 560 3441 631 βιάζεσθαι
3481 564 3704 636 δόγματα.

2280 653 2404 707 Ἐὰν
2434 652 2490 705 δὲ
2521 652 2747 705 εἴπωσι·
2768 651 2893 714 Πῶς
2916 651 3044 722 τρία
3078 652 3363 723 Πρόσωπα,
3393 654 3478 707 xui
3507 657 3607 720 πῶς
3627 661 3708 728 μία

597 753 653 807 Si
698 764 878 808 autem
924 751 1206 806 dixerint:
1247 748 1532 817 Quomodo
1580 757 1689 804 tres
1734 746 2004 811 Personae,
2042 760 2072 800 e

2197 743 2413 807 θεότης;
2455 742 2684 813 ἐροῦμεν
2737 743 2940 807 αὐτοῖς,
2994 743 3077 795 ὃτι
3120 744 3249 812 τρία
3310 745 3404 815 μὲν
3450 748 3704 819 Πρόσωπα,

518 843 798 913 quomodo
843 858 951 896 una
984 840 1276 896 divinitas?
1305 840 1548 894 dicemus
1574 840 1655 893 eis
1686 849 1793 894 tres
1828 837 2095 894 Personas

518 949 666 991 esse.
693 934 836 987 sicut
858 949 961 986 una
980 933 1198 1002 quidem
1235 941 1318 986 est
1341 929 1435 985 Dei
1468 930 1668 993 Patris,
1700 945 1808 984 una
1831 944 1960 984 vero
1988 928 2095 982 Do-

520 1022 657 1077 mini
679 1022 823 1086 Filii,
849 1032 902 1076 et
924 1037 1030 1075 una
1066 1019 1521 1090 Spiritussaucti;
1549 1035 1652 1073 una
1666 1035 1797 1074 vero
1811 1018 2090 1085 divinitas,

520 1115 577 1168 in
613 1124 876 1183 quantum
907 1112 1105 1175 Patris,
1141 1112 1234 1181 qui
1267 1127 1410 1167 unus
1448 1120 1550 1176 est,
1587 1112 1765 1181 imago
1793 1119 1878 1165 est
1900 1109 2089 1174 Filius,

520 1203 576 1259 id
612 1215 715 1270 est,
750 1204 894 1259 Deus
934 1219 1000 1258 ex
1050 1202 1183 1267 Deo,
1210 1211 1261 1257 et
1308 1201 1542 1270 Spiritus
1579 1202 1831 1257 similiter
1868 1210 2093 1256 vocatur

522 1295 760 1366 Spiritus
796 1297 910 1363 Dei,
940 1305 993 1350 et
1016 1296 1120 1351 hoc
1148 1296 1466 1350 naturaliter
1506 1296 1803 1350 secundum
1842 1284 2088 1350 eamdem

512 1389 907 1451 substantiam,
941 1403 1050 1442 non
1087 1387 1388 1442 secundum
1438 1387 1911 1457 participationem
1958 1387 2085 1454 Dei;
2132 1428 2137 1433 .

507 1490 568 1536 et
590 1496 697 1534 uua
713 1489 795 1534 est
821 1479 1121 1534 substantia
1140 1478 1442 1546 Trinitatis,
1460 1479 1607 1550 quod
1635 1479 1850 1550 quidem
1879 1494 1985 1533 non
2007 1489 2089 1534 est

512 1573 570 1625 in
602 1572 669 1625 iis
702 1588 824 1641 qua:
846 1571 985 1625 facta
1008 1581 1169 1637 sunt;
1198 1586 1306 1625 non
1349 1572 1494 1626 enim
1525 1582 1609 1628 est
1639 1588 1746 1626 una
1783 1572 2087 1627 substantia

518 1662 615 1717 Dei
647 1672 701 1717 et
749 1680 937 1718 eorum
966 1680 1087 1733 qua:
1109 1663 1247 1718 faeta
1273 1672 1420 1728 sunt,
1447 1663 1701 1733 quoniam
1735 1662 1869 1715 nihil
1890 1663 2085 1715 horum

506 1764 597 1812 est
632 1756 936 1811 substantia
979 1756 1143 1811 Deus.
1188 1755 1301 1811 lmo
1334 1771 1509 1826 neque
1530 1754 1796 1809 Dominus
1823 1763 1906 1809 est
1927 1754 2085 1823 quid-

2195 833 2316 888 καθ’
2349 834 2377 886 ὂ
2408 832 2466 886 ἓν
2508 834 2605 905 μὲν
2629 833 2762 887 Θεοῦ
2790 834 3022 905 Πατρὸς,
3057 833 3114 888 ἓν
3143 834 3198 888 δὲ
3238 836 3433 908 Κυρίου
3468 838 3603 907 Υίοῦ,
3631 845 3709 899 καὶ

2195 925 2252 978 ἒν
2282 925 2375 978 τοῦ
2411 926 2563 994 ἁγίου
2593 924 2907 995 Πνεῦματος
2930 943 2942 955 ·
2984 926 3081 997 μία
3107 926 3161 979 δὲ
3212 927 3401 999 θεότης
3431 929 3541 983 καθ’
3571 932 3596 984 ὃ
3632 933 3707 987 τοῦ

2193 1017 2405 1086 Πατρὸς
2451 1016 2566 1079 ἐνὸς
2588 1016 2758 1079 ὄντος,
2793 1016 2927 1070 Θεοῦ
2967 1016 3129 1071 εἰκών
3163 1020 3310 1072 ἐστιν
3340 1022 3368 1073 6
3413 1020 3551 1085 Υἱὸς,
3579 1041 3708 1079 τουτ.

2193 1109 2309 1162 ἐστι
2360 1109 2491 1173 Θεὸς
2525 1111 2589 1162 ἐκ
2635 1108 2789 1174 Θεοῦ,
2826 1110 2919 1163 καὶ
2954 1110 3014 1163 τὸ
3042 1111 3264 1182 Πνεῦμα
3293 1114 3481 1183 ὁμοίως
3506 1118 3709 1173 καλεῖται

2191 1200 2285 1254 τοῦ
2313 1200 2468 1265 Θεοῦ,
2502 1202 2596 1255 καὶ
2626 1202 2780 1256 τοῦτο
2811 1202 3054 1270 φυσικῶς
3086 1204 3205 1257 κατ’
3233 1205 3397 1275 αὐτὴν
3422 1208 3512 1276 τὴν
3535 1209 3706 1277 οὐσίαν,

2190 1290 2251 1342 οὐ
2273 1291 2411 1344 κατά
2439 1292 2722 1359 μετουσίαν
2747 1290 2881 1355 Θεοῦ
2900 1309 2913 1322 ο
2945 1294 3038 1345 καὶ
3074 1293 3173 1362 μία
3199 1293 3299 1363 τῆς
3325 1295 3538 1366 Τριάδος
3560 1299 3704 1365 οὐσία,

2189 1382 2325 1453 ὅπερ
2375 1383 2464 1436 ἐπὶ
2510 1383 2616 1437 τῶν
2663 1384 2981 1454 ποιημάτων
3026 1386 3129 1438 οὐκ
3179 1385 3358 1439 ἐστιν·
3394 1388 3450 1440 οὐ
3494 1389 3590 1462 γὰρ
3629 1392 3708 1463 μία

2188 1475 2343 1528 οὐσία
2392 1473 2525 1528 Θεοῦ
2572 1476 2665 1529 καὶ
2710 1474 2815 1529 τῶν
2862 1476 3204 1547 ποιημάτων,
3236 1478 3317 1531 ὅτι
3368 1480 3508 1533 οὐδὲν
3537 1481 3705 1537 τούτων

2187 1570 2251 1639 τῇ
2285 1567 2445 1640 οὐσίᾳ
2486 1567 2619 1631 Θεός
2642 1585 2655 1597 ·
2688 1567 2800 1621 ἀλλ’
2836 1569 2956 1622 οὐδὲ
2986 1569 3191 1641 Κύριος
3217 1570 3370 1624 οὐδὲν
3398 1572 3581 1627 τούτων
3609 1577 3705 1630 κατ’

2186 1659 2394 1724 ουσίαν,
2428 1658 2542 1712 ἀλλ’
2576 1654 2657 1722 εἷς
2688 1659 2889 1731 Κύριος
2925 1663 2954 1714 6
3000 1662 3149 1726 Υἱὸς,
3186 1664 3284 1716 καὶ
3325 1663 3381 1716 ἓν
3421 1665 3477 1718 τὸ
3522 1668 3704 1739 Πνεῦμα

2186 1749 2246 1804 τὸ
2279 1752 2429 1820 ἅγιον
2452 1768 2465 1781 ·
2490 1751 2717 1822 λέγομεν
2743 1752 2799 1805 δὲ
2829 1753 2922 1805 καὶ
2950 1752 3077 1823 μίαν
3115 1753 3348 1826 θεότητα
3379 1759 3471 1811 καὶ
3493 1758 3603 1830 μίαν
3630 1779 3704 1815 κυ-

511 1862 677 1916 quam
722 1850 918 1902 horum
950 1848 1247 1903 secundum
1281 1845 1672 1911 substantiam;
1709 1845 1802 1901 sed
1836 1862 1978 1901 unus
1998 1854 2073 1900 esl

2190 1847 2427 1918 ριὸτητα,
2452 1847 2545 1899 καὶ
2573 1846 2698 1917 μίαν
2721 1848 2981 1919 ἁγιότητα
3003 1848 3100 1921 τὴν
3132 1822 3341 1921 Τριάδα
3358 1867 3372 1881 ⁸
3404 1822 3596 1906 ὅτιντοῦ
3618 1858 3705 1909 Κυ-

510 1938 659 1994 Deus
680 1937 837 1994 Pater
860 1938 984 2010 (αι’),
1008 1954 1151 1994 unus
1179 1938 1443 1992 Dominus
1466 1937 1654 1999 Filius,
1675 1952 1817 1991 unus
1848 1935 2073 2006 Spiritus

2189 1938 2305 2009 ρίου
2336 1939 2364 1989 6
2397 1938 2586 2010 Πατὴρ
2612 1938 2753 2010 ἀρχὴ
2779 1939 2963 2004 ἀϊδίως
2997 1940 3157 1994 αὑτὸν
3181 1944 3466 2014 γεννήσας,
3494 1945 3575 1998 καὶ
3593 1963 3707 2018 πρω-

499 2039 756 2095 sanctus,
806 2024 1152 2099 dicimusque
1200 2044 1366 2083 unam
1417 2028 1780 2093 divinitatem,
1828 2036 1885 2082 et
1918 2042 2073 2082 unam

2184 2029 2417 2095 τὸτυπος
2449 2031 2541 2083 τοῦ
2573 2032 2888 2102 Πνεὺματος
2918 2034 2946 2085 6
2977 2033 3183 2105 Κύριος
3207 2052 3221 2066 ο
3258 2036 3398 2089 οὕτω
3445 2037 3546 2108 γὰρ
3582 2040 3704 2093 καὶὸ

506 2121 963 2188 dominationem,
1011 2132 1175 2191 atque
1222 2137 1387 2177 unam
1438 2121 1807 2186 sanctitatem,
1845 2118 2073 2172 Trinita-

2184 2120 2373 2193 Πατὴρ
2405 2124 2629 2194 Κύριος,
2663 2124 2757 2178 καὶ
2789 2127 2817 2178 ὁ
2845 2124 2975 2188 Υἱὸς
3004 2126 3159 2191 Θεὸς,
3194 2127 3291 2181 καὶ
3325 2129 3448 2200 περὶ
3476 2129 3561 2183 τοῦ
3597 2130 3702 2185 Θεοῦ

506 2221 640 2276 tem,
690 2216 816 2284 quia
870 2214 1198 2285 principium
1246 2213 1464 2268 Domini
1512 2221 1593 2268 est
1640 2212 1818 2277 Pater,
1879 2210 1975 2281 qui
2015 2225 2073 2266 ex

2185 2212 2396 2285 εἴρηται
2424 2215 2506 2268 ὅτι
2537 2217 2779 2287 Πνεῦμα
2806 2219 2839 2271 ό
2885 2218 3045 2285 Θεός.

497 2312 809 2367 aeternitate
853 2327 976 2366 eum
1028 2312 1237 2391 genuit,
1273 2319 1327 2366 et
1351 2309 1615 2365 Dominus
1635 2315 2059 2379 estprototypus
2090 2306 2325 2378 Spiritus
2357 2313 2552 2370 sancti.
2591 2311 2682 2370 Sie
2712 2314 2855 2370 enim
2890 2324 2945 2372 et
2994 2314 3156 2371 Pater
3212 2316 3496 2383 Dominus,
3553 2329 3600 2374 et
3634 2319 3703 2375 Fi-

495 2403 613 2460 dius
639 2405 802 2471 Deus,
829 2416 882 2462 et
903 2407 970 2461 de
990 2405 1100 2460 Deo
1128 2406 1330 2460 dictum
1356 2414 1440 2461 est
1464 2424 1476 2459 :
1497 2405 1639 2460 Deus
1664 2416 1741 2460 est
1781 2403 2009 2474 Spiritus
2040 2402 2106 2457 ".

574 2484 914 2554 Corﬂltemur
977 2500 1140 2569 igitur
1192 2516 1361 2554 unum
1412 2499 1579 2555 Deum
1635 2514 1861 2563 verum,
1910 2514 2080 2554 unum

503 2590 856 2661 principium,
903 2601 956 2646 et
995 2609 1164 2646 unum
1198 2592 1393 2646 Filium
1430 2608 1618 2647 verum
1653 2591 1818 2646 Deutn
1851 2606 1917 2645 ex
1950 2606 2080 2648 vero

504 2683 618 2739 Deo
653 2686 969 2739 naturaliter
989 2685 1278 2741 Paternam
1311 2685 1647 2740 divinitatem
1683 2684 1994 2750 habentem,
2023 2684 2078 2738 id

496 2786 612 2841 est,
639 2776 924 2848 ὁμοοὺσιον
940 2777 1109 2841 Patri,
1138 2787 1190 2832 et
1221 2793 1386 2831 unum
1406 2775 1666 2846 Spiritum
1691 2785 1958 2840 sanctum,
1982 2776 2077 2845 qui

501 2879 700 2924 natura
744 2878 799 2924 et
850 2870 1080 2924 veritate
1110 2869 1216 2922 vim
1267 2869 1432 2922 habet
1458 2867 1640 2921 omnia
1674 2867 2073 2931 sanctiﬁcandi,

495 2961 560 3015 id
590 2972 693 3027 est,
717 2977 783 3015 ex
813 2961 1118 3016 substantia
1156 2959 1246 3014 Dei
1286 2959 1532 3015 deiﬁcus.
1574 2958 1680 3013 Eos
1712 2974 1840 3013 vero
1869 2959 1963 3028 qui
1989 2959 2074 3014 vel

2268 2495 2664 2568 Ὀμολογοῦμεν
2684 2491 2775 2552 οῦν
2802 2497 2898 2553 ἕνα
2922 2498 3054 2552 Θεὸν
3081 2499 3359 2572 ἀληθινὸν,
3395 2502 3516 2572 μίαν
3544 2504 3701 2573 ἀρχὴνν

2184 2588 2279 2642 καὶ
2310 2588 2403 2641 ἕνα
2432 2589 2574 2652 Υίὸν,
2602 2588 2851 2659 ἀληθινὸν
2876 2590 3008 2643 Θεὸν
3033 2590 3093 2656 ἐξ
3117 2591 3379 2665 ἀληθινοῦ
3400 2594 3546 2659 Θεοῦ,
3576 2613 3700 2663 φυσι-

2182 2679 2295 2743 κῶς
2327 2680 2422 2750 τὴν
2443 2680 2721 2752 Πατρικὴν
2755 2681 2983 2752 θεότητα
3010 2682 3222 2753 ἔχοντα,
3255 2686 3524 2739 τουτέστιν
3552 2685 3703 2757 ὁμοοὺο

2183 2787 2294 2825 σιον
2345 2771 2423 2842 τῷ
2472 2772 2677 2842 Πατρί’
2730 2774 2824 2826 καὶ
2876 2773 2935 2825 ἓν
2986 2775 3214 2846 Πνεῦμα
3265 2777 3420 2846 ἅγιον
3464 2778 3603 2848 φύσει
3630 2780 3702 2830 καὶ

2180 2862 2409 2936 ἀληθείᾳ
2453 2864 2561 2915 τῶν
2614 2864 2830 2918 πάντων
2883 2866 3227 2934 ἀγιαστικὸν,
3250 2871 3349 2923 καὶ
3399 2870 3618 2925 θεοποιὸν
3651 2874 3700 2925 ὲκ

2180 2954 2279 3026 τῆς
2306 2956 2489 3020 οὐσίας
2516 2955 2606 3009 τοῦ
2642 2955 2775 3011 Θεοῦ
2805 2957 3075 3029 ὑπάρχον·
3106 2959 3238 3024 τοὺς
3260 2960 3374 3033 δὲῆ
3408 2962 3494 3016 τὸν
3526 2964 3648 3027 Υίὸν,
3672 2964 3699 3033 ἦ

504 3052 704 3106 Filium
757 3053 841 3107 vel
880 3051 1147 3120 Spiritum
1202 3058 1451 3105 sanctum
1506 3059 1812 3104 creaturam
1866 3049 2072 3116 dicunt,

2177 3048 2237 3101 τὸ
2268 3047 2490 3118 Πνεῦμα
2534 3048 2592 3101 τὸ
2625 3048 2797 3117 ἅγιον,
2831 3050 3037 3120 κτίσμα
3069 3049 3328 3119 λέγοντας
3360 3054 3698 3124 ἀναθεματίζο-

502 3144 1049 3198 anathematizamus.
1097 3140 1293 3195 Omnia
1325 3157 1454 3196 vero
1483 3136 1586 3196 alia
1617 3141 1941 3196 confitemur
1991 3140 2073 3196 fa-

496 3245 589 3289 cta
614 3249 755 3300 esse,
789 3242 845 3288 et
876 3249 1029 3289 serva
1059 3250 1090 3289 a
1133 3233 1242 3288 Deo
1270 3243 1447 3289 creata
1485 3249 1580 3304 per
1612 3233 1831 3300 Filium,
1859 3235 1915 3289 in
1950 3234 2074 3304 Spi-

492 3324 608 3377 ritu
660 3334 849 3379 sancto
898 3326 1236 3379 sanctiﬁcata
1279 3326 1379 3396 (5).
1434 3323 1701 3379 Praeterea
1750 3325 2075 3381 conﬁtemur

499 3414 699 3469 Filium
749 3415 839 3470 Dei
889 3415 1092 3471 factum
1128 3432 1249 3471 esse
1296 3416 1467 3471 tilium
1523 3416 1780 3482 hominis,
1818 3417 1910 3487 qui
1959 3433 2071 3472 non

501 3508 725 3561 nomine
771 3507 866 3562 sed
915 3508 1146 3563 veritate
1189 3507 1486 3577 assumpsit
1528 3523 1748 3563 carnem
1796 3524 1862 3563 ex
1901 3507 2070 3564 Maria

507 3597 744 3670 Virgine,
777 3616 1007 3670 esseque
1034 3599 1333 3670 perfectum
1366 3599 1562 3654 Filium
1593 3598 1784 3665 Deum,
1822 3610 1877 3654 et
1919 3616 2071 3654 eum-

492 3691 623 3747 dem
652 3692 818 3745 tilium
854 3692 1110 3757 hominis,
1137 3707 1300 3746 unam
1331 3706 1640 3762 personam,
1672 3700 1725 3746 et
1756 3709 1919 3746 unam
1940 3694 2071 3748 ado-

495 3783 763 3838 rationem
795 3781 959 3837 Verbi
992 3792 1049 3837 et
1091 3784 1274 3838 carnis
1302 3799 1466 3853 quam
1498 3784 1814 3853 assumpsit,
1856 3793 1909 3839 et
1936 3801 2070 3841 ana-

494 3875 915 3931 thematizamus
960 3892 1056 3931 eos
1099 3875 1194 3946 qui
1237 3877 1548 3932 diﬂ‘erentes
1594 3878 1941 3953 adorationes
1986 3877 2068 3932 fa-

492 3972 671 4042 ciunt,
711 3990 878 4030 unam
924 3974 1190 4038 divinam,
1225 3985 1280 4031 et
1312 3993 1473 4032 unam
1503 3978 1820 4041 humanam,
1852 3984 1906 4029 et
1931 3973 2066 4027 ado-

493 4073 681 4120 rantes
724 4065 1003 4121 hominem
1031 4083 1097 4122 ex
1134 4067 1302 4122 Maria
1330 4077 1584 4137 tanquam
1614 4068 1844 4122 alterum
1872 4072 2066 4135 praeter

492 4154 665 4213 Deum
696 4173 763 4213 ex
792 4157 924 4214 Deo.
964 4158 1182 4214 Scimus
1217 4159 1362 4213 enim
1395 4159 1538 4228 quod
1561 4159 1616 4211 in
1654 4159 1915 4228 principio
1950 4165 2063 4211 erat

502 4244 748 4313 Verbum,
797 4260 844 4304 et
907 4248 1132 4303 Verbum
1169 4258 1283 4304 erat
1318 4251 1459 4319 apud
1492 4249 1679 4314 Deum,
1710 4257 1759 4302 et
1788 4248 1927 4303 Deus
1950 4261 2063 4303 erat

500 4338 729 4393 Verbum
749 4342 815 4393 ³⁸.
845 4340 1068 4397 Factum
1102 4359 1232 4398 vero
1262 4342 1535 4396 hominem
1565 4349 1789 4411 propter
1817 4350 2057 4396 nostram

492 4426 749 4490 salutem,
793 4429 1086 4485 adoramus
1129 4444 1236 4484 non
1276 4438 1533 4499 tanquam
1563 4431 1826 4499 aequalem
1855 4429 2059 4486 factum

491 4515 548 4569 in
578 4518 772 4587 aequali
801 4533 1048 4589 corpore,
1080 4520 1172 4576 sed
1208 4529 1465 4590 tanquam
1491 4520 1802 4587 Dominum,
1824 4522 1919 4591 qui
1945 4521 2060 4577 for-

489 4619 635 4659 mam
658 4608 800 4662 servi
834 4592 1155 4680 sumpsit“.
1203 4610 1538 4665 Conlitemur
1588 4612 1896 4681 passionem
1952 4612 2059 4669 Do-

382 4734 401 4743 ,
487 4695 622 4748 mini
651 4700 948 4755 secundum
994 4717 1234 4771 carnem,
1274 4705 1730 4759 resurrectionem
1770 4705 1826 4759 in
1859 4705 2055 4761 virtute

489 4785 785 4845 divinitatis
809 4792 950 4860 ejus,
980 4795 1354 4850 ascensionem
1382 4796 1436 4850 in
1466 4797 1651 4862 cmlos,
1677 4805 1731 4851 et
1756 4797 2053 4869 gloriosum

487 4874 774 4930 adventum
804 4879 956 4947 ejus:
987 4884 1079 4952 qui
1110 4894 1366 4940 venturus
1396 4896 1481 4940 est
1508 4887 1573 4941 ad
1605 4887 1872 4957 judicium
1897 4888 2051 4940 vivo-

485 4981 608 5019 rum
629 4976 683 5020 et
703 4980 1062 5039 mortuorum,
1086 4985 1140 5030 et
1159 4978 1225 5030 ad
1246 4977 1410 5032 vitam
1435 4972 1690 5033 retentam
1711 4987 2047 5034 sanctorum.

556 5056 623 5111 Et
654 5060 780 5128 quia
814 5065 1058 5119 nonnulli
1091 5069 1277 5125 turbas
1310 5070 1468 5124 nobis
1499 5071 1831 5135 excitarunt,
1866 5072 2046 5123 tmen-

483 5159 568 5205 tes
596 5160 837 5207 evertere
864 5155 1023 5209 tidem
1055 5169 1297 5213 nostram
1343 5161 1397 5213 in
1437 5159 1712 5216 Christum
1753 5160 2046 5215 Dominum

483 5252 756 5309 nostrum,
808 5262 919 5302 non
959 5251 1278 5306 conﬁtentes
1310 5251 1477 5307 Deum
1512 5270 1633 5309 esse
1676 5254 2043 5317 incarnatum,

482 5333 577 5387 sed
606 5334 882 5390 hominem
905 5334 1017 5391 Deo
1041 5340 1351 5408 copulatum
1380 5358 1393 5393 :
1421 5341 1622 5396 idcirco
1646 5342 2045 5398 confessionem

482 5424 696 5483 edimus
730 5426 798 5483 de
838 5429 961 5491 ﬁde,
996 5446 1158 5500 quam
1201 5433 1463 5499 diximus,
1493 5435 1800 5504 rejicientes
1830 5445 2045 5490 contra-

552 5564 596 5599 “
612 5562 774 5624 Joan.
802 5584 875 5630 tv,
914 5568 1005 5625 2i.
1082 5569 1126 5600 ²⁰
1156 5566 1311 5622 Joan.
1343 5585 1378 5632 I,
1407 5569 1457 5622 l.
1532 5570 1574 5600 ἰ
1606 5568 1801 5639 Philip.
1833 5586 1893 5632 ll,
1925 5569 1976 5623 7.

549 5654 645 5736 μ’)
674 5656 1347 5736 ἘοτῑεῂιρεθιῆινἰιιιετρῙεε
1373 5681 1387 5716 :
1412 5662 1525 5717 ἀλλ’
1556 5658 1637 5727 εἷς
1664 5663 1796 5726 Θεὸς
1833 5666 1860 5717 6
1894 5663 2105 5736 Πατὴρ,

481 5734 686 5779 textum
711 5730 1004 5785 credimus.
1042 5734 1198 5788 Eutr.
1225 5730 1479 5788 ῬΑ-[κοίη

2180 3157 2305 3211 μεν·
2340 3141 2409 3194 τὰ
2453 3140 2508 3193 δὲ
2559 3140 2694 3195 ἄλλα
2726 3143 2900 3195 πάντα
2934 3142 3308 3216 ὁμολογοῦμεν
3343 3147 3599 3215 ποιήματα
3628 3147 3699 3201 καὶ

2170 3232 2335 3286 δοῦλα
2359 3232 2643 3287 κτισθέντα
2667 3233 2770 3286 ὑπὸ
2795 3233 2928 3288 Θεοῦ
2964 3234 3030 3288 δι’
3057 3235 3189 3288 Υίοῦ
3220 3239 3279 3291 ἐν
3314 3238 3574 3309 Πνε-ἇματι
3589 3237 3699 3309 ἁγίῳ

2174 3324 2520 3393 ἀγιασθέντα.
2570 3327 2689 3379 Ἔτι
2740 3326 3101 3397 ὁμολογοῦμεν
3148 3328 3242 3382 τὸν
3298 3331 3425 3384 Υίὸν
3468 3331 3550 3384 τοῦ
3592 3328 3697 3384 Θεοῦ

2175 3418 2286 3469 υἱὸν
2321 3416 2605 3488 ἀνθρώπου
2631 3418 2954 3489 γεγενῆσθαι
2977 3420 3075 3473 οὐκ
3102 3422 3334 3493 ὀνόματι
3360 3424 3490 3477 ἀλλὰ
3516 3424 3698 3496 ἀληθείᾳ

2171 3506 2546 3578 προσλαϐόντα
2580 3507 2758 3578 σάρκα
2789 3510 2852 3560 ὲκ
2881 3508 3097 3579 Μαρίας
3131 3511 3415 3582 Παρθένου
3436 3530 3450 3543 ·
3486 3513 3567 3566 καὶ
3588 3508 3695 3564 εἶναι

2169 3598 2373 3653 τέλειον
2411 3598 2570 3652 αὐτὸν
2605 3599 2731 3652 Υίὸν
2776 3599 2909 3652 Θεοῦ
2945 3601 3038 3653 καὶ
3070 3601 3234 3655 αὐτὸν
3280 3604 3393 3656 υἱὸν
3433 3603 3693 3674 ἀνθρώπου,

2170 3689 2228 3743 ἓν
2252 3690 2558 3763 πρόσωπον,
2590 3692 2684 3744 καὶ
2715 3692 2840 3762 μίαν
2873 3690 2970 3763 τὴν
3005 3694 3381 3768 προσκύνησιν
3425 3696 3516 3750 τοῦ
3557 3697 3694 3764 Λόγου

2166 3783 2260 3837 καὶ
2309 3782 2405 3855 τὴς
2450 3784 2647 3855 σαρκὸς
2687 3786 2752 3854 ἢν
2800 3784 3090 3840 ἀνέλαϐεν·
3134 3788 3231 3840 καὶ
3277 3788 3695 3861 ἀναθεματίζομεν

2165 3876 2291 3939 τοὺς
2313 3875 2601 3946 διαφόρους
2623 3879 3018 3949 προσκυνήσεις
3042 3878 3355 3944 ποιοῦντας,
3383 3882 3502 3953 μίαν
3526 3882 3692 3951 θεῑκὴν,

2167 3964 2262 4017 καὶ
2311 3964 2438 4035 μίαν
2479 3965 2823 4037 ἀνθρωπίνην
2845 3985 2859 3997 ·
2912 3968 3004 4022 καὶ
3060 3973 3489 4040 προσκυνοῦντες
3533 3974 3610 4027 τὸν
3644 3974 3694 4026 ὲκ

2164 4056 2382 4127 Μαρίας
2411 4056 2692 4128 ἄνθρωπον
2720 4059 2794 4123 ὡς
2818 4059 3004 4131 ἕτερον
3037 4061 3166 4115 ὄντα
3197 4064 3351 4136 παρὰ
3385 4066 3472 4121 τὸν
3505 4068 3561 4120 ἐκ
3584 4062 3691 4118 Θεοῦ

2164 4143 2296 4199 Θεόν
2318 4163 2334 4176 ·
2368 4146 2585 4218 οἴδαμεν
2633 4148 2740 4220 γὰρ
2789 4150 2871 4203 ὅτι
2919 4150 2990 4203 ἐν
3032 4151 3195 4222 ἀρχῇ
3220 4154 3341 4223 μὲν
3368 4152 3447 4226 ἦν
3476 4156 3693 4224 όΛόγος,

2162 4238 2260 4291 καὶ
2289 4242 2322 4293 ό
2349 4241 2537 4307 Λόγος
2564 4236 2644 4310 ἦν
2666 4240 2815 4309 πρὸς
2841 4242 2948 4296 τὸν
2977 4243 3145 4309 Θεὸν,
3169 4247 3271 4299 καὶ
3302 4246 3444 4314 Θεὸς
3466 4247 3540 4315 ἦν
3560 4251 3587 4301 ό
3606 4246 3692 4300 Λό-

2163 4347 2286 4400 γος.
2318 4331 2611 4402 Γενόμενον
2635 4332 2691 4385 δὲ
2720 4333 2883 4386 αὑτὸν
2911 4334 3194 4406 ἄνθρωπον
3216 4336 3306 4391 διὰ
3337 4337 3432 4409 τὴν
3463 4337 3690 4408 ἡμετέραν

2166 4422 2437 4494 σωτηρίαν
2478 4423 2908 4495 προσκυνοῦμεν,
2962 4427 3061 4497 οὐχ
3091 4426 3168 4491 ὡς
3207 4424 3326 4484 ἴσον
3359 4432 3414 4483 ἐν
3447 4429 3538 4500 [σῳ
3565 4426 3689 4496 γενό-

2168 4530 2327 4584 μενον
2373 4513 2449 4584 τῷ
2490 4514 2729 4584 σώματι,
2772 4515 2886 4568 ἀλλ’
2931 4517 3006 4580 ὡς
3036 4520 3313 4591 Δεσπότην
3360 4520 3689 4594 προσλαϐόντα

2161 4605 2259 4677 τὴν
2291 4605 2384 4659 τοῦ
2414 4606 2596 4660 δούλου
2630 4608 2858 4679 μορφήν.
2910 4609 3310 4682 Ὀμολογοῦμεν
3340 4615 3400 4667 τὸ
3432 4614 3587 4677 πάθος
3613 4609 3688 4664 τοῦ

2163 4700 2368 4772 Κυρίου
2397 4701 2538 4755 κατά
2568 4702 2766 4771 σάρκα,
2801 4698 2901 4772 τὴν
2942 4702 3236 4758 ἀνάστασιν
3268 4707 3328 4758 ὲν
3354 4706 3565 4776 δυνάμει
3591 4703 3688 4757 θεός

2160 4811 2320 4865 τητος
2351 4792 2537 4857 αὑτοῦ,
2572 4793 2668 4865 τὴν
2699 4797 2779 4857 εἰς
2829 4794 3087 4866 οὐρανοὺς
3131 4796 3415 4861 ἀνάϐασιν,
3448 4798 3537 4870 τὴν
3573 4796 3687 4849 ἐνδο-

2161 4886 2249 4951 ξον
2286 4886 2450 4941 αὑτοῦ
2493 4886 2791 4956 παρουσίαν
2831 4889 3125 4959 ἐρχομένου
3171 4892 3262 4944 ἐπὶ
3302 4894 3478 4965 κρίσει
3506 4891 3685 4957 ζώντων

2157 4978 2251 5032 καὶ
2278 4977 2503 5050 νεκρῶν,
2543 4979 2635 5031 καὶ
2668 4978 2778 5050 ζωῇ
2812 4981 3013 5051 αἰωνίῳ
3044 4981 3152 5037 τῶν
3180 4984 3370 5052 ἁγίων.

2226 5070 2335 5123 Καὶ
2377 5070 2561 5139 ἐπειδὴ
2592 5070 2735 5133 τινὲς
2779 5072 3195 5144 παρηνὸχλησαν
3239 5077 3371 5145 ἡμῖν
3401 5074 3683 5145 ἀνατρέπω

2160 5161 2559 5233 ἐπιχειροῦντες
2585 5162 2684 5233 τὴν
2726 5164 2906 5220 πίστιν
2944 5166 3099 5236 ἡμῶν
3142 5166 3237 5239 τὴν
3281 5171 3362 5232 είς
3400 5169 3488 5222 τὸν
3513 5164 3681 5235 Κύριον

2156 5254 2309 5326 ἡμῶν
2347 5252 2550 5326 Ἰησοῦν
2582 5253 2673 5309 τὸν
2699 5255 2952 5327 Χριστὸν,
2981 5259 3043 5311 οὐ
3075 5258 3204 5312 Θεὸν
3235 5260 3565 5331 σαρκωθέντα
3582 5258 3681 5324 ὀμο-

2153 5344 2436 5413 λογοῦντες
2471 5344 2652 5407 αὐτὸν,
2683 5340 2821 5400 ἀλλά
2867 5345 3150 5419 ἄνθρωπον
3197 5348 3315 5416 Θεῷ
3362 5345 3676 5415 συναφθέντα,

2150 5435 2340 5490 τούτου
2384 5435 2541 5505 χάριν
2584 5433 2870 5505 ὁμολογίαν
2902 5436 3198 5508 ποιούμεθα
3236 5438 3362 5509 περὶ
3391 5438 3485 5508 τῆς
3522 5448 3677 5505 «post-

2139 5658 2218 5727 εἷς
2244 5663 2467 5735 Κύριος,
2502 5673 2630 5727 etc.,
2675 5673 2726 5718 ct
2771 5664 2849 5719 sic
2884 5666 3101 5736 quidem
3145 5663 3523 5720 restituendum
3572 5668 3675 5711 esse

554 5794 629 5866 (5)
650 5797 996 5856 Sanctiﬁcata
1017 5803 1069 5858 in
1086 5804 1290 5873 Spiritu
1308 5815 1494 5862 sancto
1507 5804 1634 5862 dicit
1652 5821 1772 5875 qua:
1789 5815 1916 5862 sunt
1935 5805 2128 5863 idonea
2150 5805 2213 5863 ad
2232 5805 2589 5877 recipiendam
2610 5806 3119 5875 sanctiﬁcationem,
3139 5815 3195 5863 ut
3209 5804 3481 5863 rationalia
3493 5798 3672 5857 omnia.
