3950 6326
221 399 356 456 ΗΠ

1482 410 1668 466 ΚΑΤΑ
1696 412 1924 468 ΜΕΡοΣ
1955 413 2197 501 ΠΙΣΉΣ.

3307 415 3446 473 1118

216 515 468 589 ρημένης
507 516 762 582 πίστεως,
807 517 1154 585 ἐκϐάλλοντες
1185 516 1289 591 τὴν
1320 520 1545 577 ἄπιστον
1586 523 1780 577 ἀντιλο-

1891 525 2187 581 dicentium
2217 524 2520 595 perfidiam.
2556 524 2700 581 Deus
2725 527 2870 582 enim
2896 526 3135 582 humana
3167 540 3331 583 carne
3354 529 3444 584 in-

216 608 379 674 γίαν·
424 604 559 670 Θεὸς
590 606 699 675 γὰρ
730 607 1031 679 σαρκωθεὶς
1059 608 1370 683 ἀνθρωπίνῃ
1412 611 1596 682 σαρκὶ,
1622 609 1786 663 καθα-

216 698 323 770 ράν
350 697 483 769 ’ἔχει
510 700 606 769 τὴν
641 699 774 754 ἰδίαν
808 700 1107 770 ἐνέργειαν,
1143 700 1266 763 νοῦς
1298 702 1559 773 ἀήττητος
1585 701 1659 756 ῶν
1685 702 1786 755 τῶν

208 787 467 864 ψυχικῶν
480 791 569 843 καὶ
587 789 860 862 σαρκικῶν
874 792 1016 862 παθη
1025 792 1224 861 μάτων·
1241 794 1335 846 καὶ
1348 793 1493 861 ἄγων
1504 792 1600 864 τὴν
1615 794 1786 864 σάρκα

212 884 315 937 καὶ
340 882 442 946 τὰς
472 884 736 954 σαρκικάς
763 884 1002 951 κινήσεις
1031 883 1224 947 θεῖκῶς
1264 901 1324 937 τε
1357 885 1448 937 καὶ
1477 886 1787 956 ἀναμαρτή-

213 991 356 1038 τως·
385 976 481 1028 καὶ
513 975 573 1026 οὐ
602 973 761 1046 μόνον
790 975 1095 1045 ἀκράτητος
1126 975 1356 1045 θανάτῳ,
1380 975 1513 1029 άλλά
1535 976 1626 1029 καὶ
1648 976 1783 1029 λύων

210 1064 479 1120 θάνατον·
517 1067 610 1119 καὶ
635 1066 750 1119 ἐστι
780 1066 910 1129 Θεὸς
938 1066 1188 1137 ἀληθινὸς
1216 1070 1244 1121 ὁ
1268 1067 1506 1138 ἄσαρκος
1538 1069 1596 1122 ὲν
1624 1069 1783 1137 σαρκὶ

213 1158 578 1228 φανερωθεὶς,
600 1157 805 1222 τέλειος
832 1162 898 1229 τῇ
935 1158 1161 1230 ἀληθινῇ
1195 1159 1289 1213 καὶ
1322 1158 1441 1230 Θείᾳ
1469 1158 1779 1231 τελειότητι,

209 1252 279 1303 οὐ
311 1250 409 1304 δύο
440 1249 729 1321 πρόσωπα,
758 1249 875 1303 οὐδὲ
904 1249 1013 1322 γὰρ
1052 1250 1290 1321 τέσσαρα
1332 1254 1651 1321 προσκυνεῖν
1693 1250 1780 1304 λέ-

210 1358 414 1413 γομεν,
460 1341 594 1394 Θεὸν
648 1343 742 1395 καὶ
798 1342 923 1394 Υίὸν
981 1340 1137 1406 Θεοῦ,
1190 1343 1283 1395 καὶ
1339 1343 1641 1413 ἄνθρωπον,
1693 1343 1782 1396 καὶ

212 1434 451 1505 Πνεῦμα
490 1435 662 1504 ἆγιον.
696 1433 787 1486 Διὸ
828 1433 921 1487 καὶ
957 1433 1420 1506 ἀναθεματίζομεν
1445 1436 1572 1498 τοὺς
1616 1433 1783 1498 οὕτως

210 1524 569 1588 ἀσεϐοῦντας,
602 1526 726 1585 τοὺς
750 1523 1033 1596 ἄνθρωπον
1064 1526 1121 1578 ὲν
1149 1527 1214 1596 τῇ
1248 1524 1369 1596 θεία
1397 1524 1670 1595 δοξολογίᾳ
1706 1542 1784 1579 τι-

211 1610 447 1676 θέντας·
480 1614 642 1683 ἡμεῖς
683 1612 793 1683 γὰρ
823 1612 1000 1682 φαμὲν
1027 1612 1305 1685 ἄνθρωπον
1340 1615 1664 1684 γεγενῆσθαι
1697 1615 1782 1670 τὸν

204 1710 311 1764 τοῦ
372 1710 506 1765 Θεοῦ
555 1710 725 1779 Λόγον
783 1711 918 1782 πρὸς
974 1712 1245 1783 σωτηρίαν
1292 1712 1446 1783 ήμῶν
1471 1752 1487 1777 ,
1544 1714 1629 1766 ’ίνα
1688 1715 1782 1785 τὴν

1886 624 2141 672 carnatus
2172 631 2364 686 puram
2395 616 2558 670 habet
2578 616 2852 686 propriam
2887 617 3279 687 operationem,
3305 633 3432 674 cum

1887 707 1959 762 sit
2000 722 2153 762 mens
2195 708 2544 777 passionibus
2583 708 2778 761 animae
2813 715 2868 762 et
2910 710 3092 763 carnis
3134 708 3355 775 invicta,
3383 718 3443 765 et

1886 812 2105 853 carnem
2155 814 2219 854 ac
2274 800 2455 854 carnis
2501 808 2687 853 motus
2733 798 2916 853 divine
2956 815 3020 855 ae
3068 799 3185 854 sine
3222 809 3446 870 peccato

1884 890 2194 945 moderans.
2224 890 2327 957 Qui
2361 907 2470 946 non
2514 890 2691 945 solum
2724 905 2756 944 a
2796 898 2972 946 morte
3001 893 3170 946 teneri
3204 908 3312 947 non
3346 907 3446 963 po-

1884 980 2009 1048 tuit,
2045 982 2139 1037 sed
2170 982 2335 1036 etiam
2365 990 2592 1035 mortem
2624 980 2855 1046 delevit;
2886 990 2940 1036 et
2972 990 3054 1036 est
3082 980 3225 1037 Deus
3263 998 3443 1047 verus,

1885 1072 1979 1141 qui
2011 1073 2192 1127 carnis
2216 1087 2437 1143 expers,
2466 1072 2519 1127 in
2544 1088 2708 1128 carne
2730 1073 3003 1142 apparuit,
3030 1071 3298 1141 perfectus
3317 1088 3445 1128 vera

1884 1176 1938 1218 et
1988 1165 2170 1219 divina
2227 1166 2580 1235 perfectione.
2629 1164 2747 1219 Non
2786 1166 2906 1219 duae
2958 1156 3224 1233 personae,
3270 1179 3447 1235 neque

1883 1254 2008 1310 dua:
2049 1267 2277 1318 naturae,
2319 1273 2417 1312 nec
2462 1258 2606 1311 enim
2653 1267 2889 1326 quatuor
2921 1258 3138 1312 adorari
3185 1258 3442 1324 dicimus,

1884 1347 2078 1412 Deum,
2130 1359 2185 1404 et
2227 1349 2426 1403 Filium
2479 1349 2596 1415 Dei,
2648 1358 2703 1404 et
2751 1350 3049 1417 hominem,
3078 1358 3132 1404 et
3182 1349 3445 1419 Spiritum

1884 1450 2155 1495 sanctum.
2197 1440 2400 1496 lrlcireo
2424 1455 2519 1495 eos
2547 1441 3097 1507 anathematizamus,
3121 1442 3213 1509 qui
3240 1441 3322 1497 sic
3351 1442 3448 1497 im-

1880 1532 1955 1601 pii
1989 1543 2136 1597 sunt,
2173 1534 2268 1603 qui
2314 1533 2589 1587 hominem
2644 1531 2700 1586 in
2755 1533 2938 1588 divina
2990 1534 3299 1588 laudatione
3348 1549 3449 1603 po-

1881 1632 2039 1677 nunt.
2062 1622 2173 1679 Nos
2204 1625 2349 1679 enim
2393 1625 2628 1680 dicimus
2660 1622 2898 1678 Verbum
2936 1622 3031 1678 Dei
3069 1623 3269 1679 factum
3324 1639 3448 1680 esse

1882 1714 2159 1769 hominem
2204 1715 2269 1768 ad
2316 1725 2559 1770 nostram
2620 1716 2872 1780 salutem,
2927 1724 2987 1769 ut
3034 1714 3448 1770 similitudinem

204 1803 477 1873 ὁμοίωσιν
508 1804 600 1858 τοῦ
644 1804 965 1877 ἐπουρανίου
1015 1803 1286 1875 λάϐωμεν,
1316 1805 1410 1858 καὶ
1455 1806 1779 1877 θεοποιηθῶ-

1885 1804 2124 1861 cmlestis
2174 1806 2473 1875 capiamus,
2502 1814 2556 1861 et
2588 1806 2910 1862 deificemur
2931 1806 2999 1860 ad
3030 1805 3447 1860 similitudinem

214 1912 322 1965 μεν
353 1896 490 1967 πρὸς
516 1875 806 1968 ὁμοιότητα
835 1896 927 1950 τοῦ
976 1897 1117 1950 κατά
1164 1898 1324 1965 φύσιν
1369 1897 1619 1969 ἀληθινοῦ
1654 1875 1778 1953 Υἱοῦ

1885 1897 1991 1951 veri
2017 1898 2316 1952 secundum
2364 1908 2612 1951 naturam
2654 1895 2774 1950 Filii
2808 1895 2925 1960 Dei,
2979 1896 3278 1951 secundum
3318 1911 3448 1956 vero

202 1986 311 2040 τοῦ
351 1986 512 2051 Θεοῦ,
542 1988 683 2042 κατά
724 1989 903 2060 σάρκα
952 1988 1007 2042 δὲ
1057 1987 1187 2043 Υἱοῦ
1233 1988 1542 2062 ἀνθρώπου,
1579 1993 1780 2063 Κυρίου

1885 2004 2101 2046 carnem
2141 1988 2266 2044 Filii
2316 1988 2579 2056 hominis,
2615 1987 2830 2042 Domini
2864 1989 3035 2043 nostri
3063 1987 3191 2044 Jesu
3218 1988 3443 2042 Christi.

122 2129 136 2143 ,
204 2078 377 2150 ἡμῶν
414 2079 589 2151 Ἰησοῦ
620 2079 878 2152 Χριστοῦ.

287 2170 621 2243 Πιστεύομεν
648 2173 823 2226 τοίνυν
857 2176 938 2236 είς
965 2174 1060 2228 ἕνα
1079 2175 1230 2239 Θεὸν,
1254 2175 1532 2231 τουτέστιν
1554 2176 1633 2238 εἰς
1657 2176 1782 2247 μίαν

208 2262 411 2336 ἀρχὴν,
434 2263 527 2316 τὸν
559 2262 690 2317 Θεὸν
729 2264 823 2317 τοῦ
846 2264 1028 2336 Νόμου
1070 2266 1163 2320 καὶ
1194 2266 1286 2321 τοῦ
1321 2266 1673 2335 Εὐαγγελίου,
1706 2267 1784 2320 δί-

206 2372 372 2408 καιον
396 2355 491 2407 καὶ
520 2353 750 2423 ἀγαθόν·
791 2356 883 2410 καὶ
914 2359 994 2420 είς
1036 2357 1133 2412 ἕνα
1165 2357 1365 2429 Κύριον
1408 2357 1611 2429 Ἰησοῦν
1648 2359 1780 2431 Χρι-

209 2447 365 2511 στὸν,
389 2445 521 2499 Θεὸν
546 2447 815 2519 ἀληθινὸν,
841 2448 1120 2504 τουτέστιν
1144 2449 1329 2504 εἰκόνα
1354 2449 1606 2521 ἀληθινοῦ
1626 2449 1778 2513 Θεοῦ,

206 2538 547 2610 δημιουργὸν
595 2545 809 2593 πάντων
856 2536 1066 2610 ὁρατῶν
1110 2555 1171 2591 τε
1217 2540 1312 2593 καὶ
1352 2538 1621 2609 ἀοράτων,
1654 2539 1779 2594 Υίὸν

210 2629 358 2683 Θεοῦ
408 2628 501 2682 καὶ
549 2628 797 2701 γέννημα
845 2631 1125 2700 μονογενὲς
1150 2670 1165 2695 ,
1224 2631 1321 2685 καὶ
1374 2630 1541 2685 ἀΐδιον
1592 2631 1779 2700 Λόγον,

208 2720 396 2786 ζῶντα
410 2722 501 2775 καὶ
518 2722 615 2790 ὑφε
624 2721 798 2775 στῶτα
808 2723 903 2776 καὶ
916 2724 1000 2775 ὲνε
1007 2723 1153 2794 ργὸν,
1167 2724 1253 2777 ἀεὶ⁸
1267 2724 1490 2777 συνόντα
1502 2722 1577 2794 τῷ
1588 2719 1778 2795 Πατρί-

205 2816 310 2867 καὶ
344 2814 426 2877 είς
447 2813 504 2866 ἒν
525 2815 677 2881 ἆγιον
702 2813 953 2885 Πνεῦμα·
1005 2815 1098 2869 καὶ
1129 2816 1209 2879 είς
1242 2816 1543 2886 παρουσίαν
1580 2813 1783 2880 ἔνδοξον

208 2904 309 2957 τοῦ
326 2904 458 2957 Υἱοῦ
491 2905 584 2957 τοῦ
600 2904 734 2958 Θεοῦ
768 2906 950 2977 σάρκα
985 2905 1237 2970 λαϐόντος
1256 2906 1354 2977 τὴν
1388 2910 1450 2960 ὲκ
1485 2905 1779 2977 Παρθένου,

202 2996 309 3049 τοῦ
344 2995 459 3049 ἀνθ’
492 2995 648 3067 ἡμῶν
679 2996 1067 3068 ὑπομείναντος
1109 2996 1256 3068 πάθη
1287 3000 1381 3053 καὶ
1413 2998 1658 3063 θάνατον,
1693 2999 1785 3053 καὶ

210 3087 461 3151 ἐλθόντος
486 3090 565 3151 είς
593 3089 885 3143 ἀνάστασιν
909 3091 974 3160 τῇ
1005 3089 1164 3163 τρίτῃ
1190 3091 1389 3162 ἡμέρᾳ,
1440 3091 1534 3145 καὶ
1584 3090 1782 3160 ἀναλη-

1950 2170 2238 2227 Credimus
2265 2169 2431 2239 igitur
2461 2169 2516 2223 in
2546 2185 2713 2224 unum
2748 2168 2940 2237 Deum,
2967 2168 3019 2225 id
3055 2177 3157 2235 est,
3193 2169 3246 2223 in
3274 2185 3446 2225 unum

1880 2263 2233 2334 principium,
2283 2259 2452 2315 Deum
2511 2260 2670 2332 Legis
2712 2272 2767 2315 et
2814 2259 3113 2331 Evangelii,
3154 2260 3361 2330 justum
3392 2270 3449 2316 et

1880 2355 2203 2419 bonum;et
2261 2353 2315 2406 in
2365 2367 2535 2405 unum
2574 2350 2865 2404 Dominum
2918 2348 3103 2404 Jesum
3163 2351 3447 2406 Christum

1882 2446 2051 2501 Deum
2088 2460 2302 2511 verum,
2341 2444 2395 2498 id
2444 2451 2547 2508 est,
2579 2443 2867 2513 imaginem
2906 2458 3086 2496 veram
3117 2442 3290 2498 solius
3326 2445 3442 2499 veri

1882 2536 2015 2603 Dei;
2049 2544 2346 2590 creatorem
2388 2533 2632 2587 omnium
2662 2532 2954 2587 visibilium
2980 2540 3032 2586 et
3060 2533 3437 2599 invisibilinm,

1883 2629 2081 2684 Filium
2117 2627 2234 2693 Dei,
2266 2636 2320 2683 et
2346 2626 2515 2682 fetum
2547 2626 2906 2696 unigenitum,
2944 2632 2999 2678 et
3017 2634 3277 2680 aeternum
3316 2624 3447 2681 Ver-

1882 2724 2012 2779 bum
2044 2724 2256 2786 vivens,
2313 2729 2367 2776 et
2402 2736 2497 2789 per
2544 2734 2603 2775 se
2655 2719 2923 2773 exsistens
2969 2728 3134 2787 atque
3190 2733 3445 2788 operans,

1886 2832 2102 2887 semper
2142 2830 2266 2869 cum
2326 2812 2483 2867 Patre
2522 2828 2784 2877 manens;
2811 2822 2863 2866 et
2897 2812 2953 2866 in
2982 2827 3151 2865 unum
3196 2822 3446 2867 sanctum

1887 2907 2183 2978 Spiritum;
2213 2916 2268 2961 et
2296 2906 2351 2960 in
2379 2905 2669 2960 adventum
2719 2904 3019 2976 gloriosum
3050 2903 3171 2957 Filii
3204 2903 3322 2969 Dei,
3350 2904 3447 2974 qui

1885 3016 2106 3057 carnem
2156 2998 2364 3067 accepit
2386 3012 2452 3051 ex
2486 2995 2728 3066 Virgine,
2756 3005 2811 3052 et
2842 3012 2942 3066 pro
2967 2996 3128 3051 nobis
3156 2997 3446 3066 passiones

1884 3103 1937 3149 et
1962 3101 2191 3147 mortem
2215 3090 2497 3155 sustinuit,
2529 3098 2583 3143 et
2613 3089 2770 3143 tertia
2818 3088 2906 3143 die
2932 3089 3248 3152 resurrexit,
3278 3100 3331 3144 et
3354 3104 3446 3144 as-

208 3179 419 3249 φθέντα
461 3182 540 3244 είς
575 3181 862 3252 οὐρανούς·
898 3183 991 3236 καὶ
1022 3184 1101 3247 εἰς
1130 3182 1227 3254 τὴν
1257 3183 1551 3253 μέλλουσαν
1580 3183 1780 3249 ἔνδοξον

1889 3195 2140 3255 sumptus
2160 3194 2242 3239 est
2263 3184 2319 3237 in
2352 3182 2552 3249 caelos;
2573 3192 2627 3236 et
2652 3180 2705 3234 in
2725 3180 2967 3234 futurum
3009 3180 3298 3235 adventum
3332 3180 3449 3251 glo-

204 3272 379 3326 αὐτοῦ
421 3274 716 3344 παρουσίαν
742 3291 757 3306 ·
806 3275 900 3329 καὶ
939 3276 1019 3339 είς
1064 3276 1191 3346 μίαν
1235 3276 1395 3344 ἁγίαν
1435 3277 1775 3348 Ἐκκλησίαν,

205 3365 410 3434 ἄφεσιν
450 3365 754 3437 ἁμαρτιῶν,
782 3368 981 3438 σαρκὸς
1017 3369 1333 3434 ἀνάστασιν,
1358 3368 1501 3443 ζωὴν
1543 3369 1776 3425 αἰώνιον.

296 3456 698 3529 Ὀμολογοῦμεν
723 3459 1009 3530 ὀμοούσιον
1043 3457 1183 3515 εἷναι
1217 3461 1293 3533 τῷ
1319 3463 1494 3535 Πατρὶ
1519 3464 1609 3517 τὸν
1654 3464 1781 3518 Υίὸν

210 3552 309 3605 καὶ
349 3551 410 3604 τὸ
456 3551 710 3623 Πνεῦμα·
747 3554 840 3606 καὶ
886 3555 1013 3624 μίαν
1043 3554 1141 3626 τὴν
1180 3556 1365 3610 οὐσίαν
1390 3557 1490 3627 τῆς
1533 3555 1777 3626 Τριάδος,

206 3643 490 3699 τουτέστιν
526 3644 648 3715 μίαν
677 3645 905 3717 θεότητα
937 3648 1197 3716 φυσικῶς,
1216 3649 1508 3719 ἀγεννήτου
1535 3648 1780 3720 μένοντος

206 3744 306 3798 τοῦ
342 3744 575 3817 Πατρὸς,
605 3744 956 3815 γεννηθέντος
978 3746 1034 3799 δὲ
1053 3745 1145 3799 τοῦ
1169 3745 1300 3799 Υίοῦ
1330 3748 1395 3800 ὲκ
1415 3747 1626 3819 Πατρὸς
1648 3748 1779 3820 ἀλη-

208 3836 335 3907 θινῇ
359 3837 605 3907 γεννήσει
626 3837 688 3889 οὐ
716 3837 929 3907 ποιήσει
954 3840 1019 3908 τῇ
1043 3838 1108 3891 ὲκ
1143 3836 1445 3908 βουλήσεως
1461 3855 1475 3869 ·
1504 3838 1596 3892 τοῦ
1620 3840 1782 3894 Πνεὺ-

210 3944 386 3999 ματος
414 3929 477 3981 ὲκ
501 3929 601 4001 τῆς
630 3928 819 3993 οὐσίας
856 3926 950 3981 τοῦ
976 3930 1187 4002 Πατρὸς
1214 3930 1282 3983 δι’
1308 3930 1439 3984 Υἱοῦ
1472 3930 1656 3994 ἀῖδίως
1685 3932 1779 3984 ὲκ-

205 4026 575 4098 πεμφθέντος,
601 4027 918 4096 άγιαστικοῦ
959 4028 1058 4100 τῆς
1101 4028 1227 4099 ὅλης
1271 4029 1516 4093 κτίσεως.
1564 4029 1781 4099 Ὁμολο-

204 4129 309 4200 τοῦ
317 4147 416 4201 μεν
438 4129 496 4183 δὲ
520 4129 614 4183 καὶ
639 4129 987 4201 σαρκωθέντα
999 4130 1088 4185 τὸν
1104 4130 1272 4199 Λόγον
1293 4131 1386 4184 καὶ
1409 4130 1779 4203 φανερωθέντα

203 4223 267 4277 ἐν
297 4225 532 4295 σαρκικῇ
561 4224 770 4294 κινήσει
802 4224 868 4294 τῇ
895 4223 958 4275 ὲκ
984 4222 1280 4295 Παρθένου,
1307 4224 1405 4276 οὐκ
1429 4225 1486 4278 ὲν
1514 4222 1779 4295 ἀνθρώπῳ

203 4317 601 4389 ἒνεργήσαντα.
633 4317 773 4381 Τοὺς
810 4315 867 4370 δὲ
897 4315 1284 4381 κοινωνοῦντας
1312 4318 1425 4380 τοῖς
1466 4316 1779 4370 ἐκϐάλλουσι

204 4415 271 4469 τὸ
297 4416 578 4487 ὁμοούσιον
612 4415 691 4481 ὡς
723 4414 1000 4489 ἀλλότριον
1042 4416 1150 4471 τῶν
1190 4415 1440 4488 Γραφῶν,
1484 4416 1576 4470 καὶ
1615 4417 1670 4469 τὶ
1718 4417 1780 4468 ὲκ

208 4516 316 4588 τῆς
342 4516 574 4588 Τριάδος
604 4516 820 4570 κτιστὸν
845 4515 1061 4582 λέγουσι
1096 4517 1189 4570 καὶ
1213 4516 1501 4587 χωρίζουσι
1528 4517 1628 4588 τῆς
1654 4518 1780 4588 μιᾶς

203 4619 444 4689 φυσικῆς
483 4618 752 4692 θεότητος,
785 4619 1099 4691 ἀλλοτρίους
1138 4618 1438 4691 ἡγούμεθα,
1477 4620 1572 4673 καὶ
1607 4620 1779 4674 οὐδενὶ

202 4712 317 4767 τῶν
353 4714 607 4767 τοιούτων
637 4712 996 4783 κοινωνοῦμεν
1014 4729 1027 4742 ·
1056 4707 1135 4775 εἷς
1160 4712 1289 4776 Θεὸς
1313 4715 1340 4766 ό
1363 4714 1572 4785 Πατὴρ,
1605 4715 1637 4786 ἡ
1665 4713 1779 4766 θεό-

206 4822 313 4877 της
343 4807 378 4877 ἠ
418 4805 555 4876 μόνη
578 4822 591 4835 ·
620 4805 751 4869 Θεὸς
780 4805 835 4857 δὲ
862 4807 952 4858 καὶ
980 4806 1008 4857 ὀ
1041 4806 1188 4870 Υἱὸς,
1224 4803 1383 4859 εἰκὼν
1406 4806 1503 4875 τῆς
1528 4807 1653 4875 μιᾶς
1685 4804 1778 4858 καὶ

209 4905 383 4978 μόνης
409 4905 661 4976 θεότητος
685 4903 759 4958 ῶν
786 4903 1008 4980 ἀληθὴς,
1043 4904 1181 4957 κατά
1210 4904 1459 4975 γέννησιν
1495 4904 1586 4957 καὶ
1619 4903 1777 4973 φύσιν

208 5003 278 5071 ἢν
302 5000 368 5051 ὲκ
399 4997 493 5051 τοῦ
522 4997 733 5069 Πατρὸς
760 4996 870 5067 ἔχει
890 5013 903 5026 ·
934 4995 1135 5069 Κύριος
1162 4991 1241 5061 εἷς
1266 4998 1295 5049 ό
1323 4996 1453 5059 Υἱός
1471 5014 1485 5027 ·
1520 4997 1777 5061 ὡσαύτως

201 5103 262 5158 δὲ
295 5102 392 5156 καὶ
421 5100 480 5154 τὸ
518 5100 742 5171 Πνεῦμα
782 5098 880 5170 τὴν
912 5097 1004 5152 τοῦ
1040 5098 1168 5152 Υἱοῦ
1218 5099 1516 5171 κυριότητα
1553 5098 1777 5170 διαπέμ-

203 5212 309 5249 mu
356 5195 436 5258 εἰς
483 5194 582 5263 τὴν
622 5191 986 5263 ἀγιαζομένην
1038 5190 1244 5245 κτίσιν·
1295 5191 1423 5255 Υἱὸς
1468 5192 1777 5262 ἐπεδήμησε

203 5289 420 5358 κόσμῳ,
460 5285 636 5359 σάρκα
680 5289 746 5340 ἐκ
788 5286 1066 5359 Παρθένου
1107 5284 1305 5352 λαϐὼν,
1350 5287 1413 5355 ἣν
1464 5283 1776 5355 ἐπλήρωσεν

205 5386 366 5457 ἀγίου
406 5383 718 5456 Πνεῦματος
768 5386 857 5447 είς.
885 5385 978 5438 τὸν
1011 5382 1225 5437 πάντων
1271 5381 1429 5452 ἡμῶν
1472 5380 1773 5450 ἁγιασμόν·

205 5488 425 5559 θανάτῳ
467 5486 524 5540 δὲ
572 5485 844 5557 παραδοὺς
876 5484 975 5556 τὴν
1022 5485 1218 5556 σάρκα,
1247 5482 1337 5537 τὸν
1369 5483 1593 5537 θάνατον
1626 5481 1780 5535 ἔλυσε

203 5581 297 5635 διά
321 5580 424 5650 τῆς
453 5579 798 5641 ἀναστάσεως
842 5579 923 5641 είς
953 5577 1052 5649 τὴν
1100 5577 1314 5631 πάντων
1356 5575 1509 5647 ἡμῶν
1552 5575 1782 5629 ἀνάστα-

208 5688 330 5726 σιν·
375 5670 603 5742 ἀνῆλθεν
629 5670 687 5725 δὲ
726 5671 806 5734 είς
833 5670 1061 5741 οὐρανὸν
1100 5670 1249 5741 ὑψῶν
1283 5670 1376 5724 καὶ
1417 5668 1652 5735 δοξάζων
1688 5673 1781 5726 ἁν-

208 5761 464 5837 θρὼπους
504 5765 561 5817 ἐν
588 5761 795 5833 ἑαυτῷ·
826 5762 1043 5834 ἔρχεται
1081 5762 1139 5819 δὲ
1170 5763 1230 5818 τὸ
1262 5761 1511 5835 δεύτερον
1537 5763 1778 5819 ἀποκαθ-

209 5858 378 5912 ιστῶν
402 5858 532 5930 ἡμῖν
558 5856 656 5929 τὴν
678 5855 891 5912 αἰώνιον
919 5854 1079 5928 ζωήν.

1884 3279 2125 3343 riosum;
2152 3275 2273 3330 etin
2296 3290 2460 3329 unam
2477 3281 2718 3328 sanctam
2736 3271 3051 3338 Ecclesiam,
3072 3272 3450 3327 remissionem

1885 3377 2255 3440 peccatorum,
2285 3365 2466 3421 carnis
2484 3364 2960 3428 resurrectionem,
2978 3365 3143 3419 vitam
3167 3373 3445 3419 aeternam.

1954 3460 2287 3515 Contitemur
2330 3456 2850 3513 consubstantialem
2881 3470 3003 3510 esse
3036 3455 3181 3509 Patri
3211 3454 3435 3520 Filium,

1884 3562 1940 3610 et
1973 3551 2236 3622 Spiritum
2271 3557 2541 3610 sanctum,
2576 3557 2631 3600 et
2665 3563 2828 3601 unam
2867 3546 3225 3602 substantiam
3259 3545 3445 3600 Trini-

1884 3646 2034 3710 tatis,
2059 3645 2110 3699 id
2143 3652 2247 3712 est,
2278 3657 2442 3697 unam
2474 3640 2813 3695 divinitatem
2845 3639 3186 3704 naturaliter,
3221 3654 3450 3692 manen-

1886 3747 1941 3793 te
1967 3736 2128 3792 Patre
2154 3734 2416 3804 ingenito,
2447 3732 2629 3803 genito
2656 3743 2838 3786 autem
2878 3729 3015 3785 Filio
3042 3746 3109 3785 ex
3133 3728 3293 3784 Patre
3318 3746 3449 3786 vera

1885 3829 2253 3900 generatione,
2291 3840 2400 3879 non
2442 3824 2680 3878 factione
2712 3838 2780 3878 ex
2807 3822 3120 3888 voluntate;
3154 3830 3207 3875 et
3241 3821 3467 3891 Spiritu,

1885 3929 2077 3977 sancto
2125 3935 2193 3974 ex
2246 3915 2548 3974 substantia
2604 3914 2780 3969 Patris
2837 3928 2931 3982 per
2986 3912 3184 3967 Filium
3245 3922 3449 3966 aeterne

1884 4016 2109 4081 emisso,
2142 4013 2371 4068 habente
2400 4012 2654 4066 virtutem
2680 4006 3052 4077 sanctiﬁcandi
3088 4015 3258 4060 totam
3294 4020 3447 4060 crea-

1887 4116 2085 4162 turam.
2114 4104 2449 4161 Coniitemnr
2500 4102 2664 4158 etiam
2722 4101 3064 4155 incarnatum
3104 4097 3363 4166 Verbum,
3394 4109 3449 4154 et

1885 4197 2292 4253 manifestatum
2342 4196 2397 4248 in
2449 4191 2763 4262 operatione
2801 4238 2806 4243 .
2842 4190 3026 4245 carnis
3098 4204 3168 4244 ex
3229 4187 3449 4260 Virgine

1886 4296 2200 4358 assumpta,
2234 4300 2343 4339 non
2375 4283 2430 4337 in
2475 4280 2694 4336 homine
2719 4287 3021 4348 operatum.
3054 4278 3161 4335 Eos
3194 4294 3321 4334 vero
3349 4279 3445 4349 qui

1886 4381 2295 4437 communicant
2318 4393 2441 4433 cum
2473 4377 2561 4441 iis,
2598 4373 2691 4444 qui
2717 4372 2968 4442 rejiciunt
2997 4372 3301 4443 ὁμοοόσιον,
3327 4381 3449 4426 tan—

1884 4490 2047 4545 quam
2092 4474 2327 4527 alienum
2374 4485 2404 4525 a
2446 4466 2764 4536 Scripturis,
2798 4476 2851 4518 et
2888 4465 2981 4533 qui
3030 4466 3217 4519 dicunt
3242 4463 3448 4535 aliquid

1889 4583 1956 4620 ex
1984 4565 2250 4619 Trinitate
2280 4570 2523 4618 creatum
2559 4574 2700 4623 esse,
2721 4567 2773 4611 et
2809 4557 2876 4610 ab
2906 4573 3013 4610 una
3044 4557 3275 4611 naturali
3305 4556 3448 4612 divi-

1811 4680 1854 4736 D
1885 4660 2053 4713 nitate
2085 4663 2358 4744 separant,
2386 4654 2594 4707 alienos
2633 4648 3034 4716 existimamus,
3057 4658 3111 4705 et
3140 4666 3263 4704 cum
3295 4649 3449 4705 nullo

1884 4766 1951 4804 ex
1985 4749 2106 4803 istis
2126 4740 2562 4803 communionem
2591 4744 2872 4799 habemus.
2906 4743 3059 4799 Unus
3086 4742 3227 4797 Dens
3269 4740 3447 4808 Pater,

1884 4858 1994 4896 una
2036 4841 2313 4896 divinitas.
2360 4838 2503 4895 Deus
2546 4839 2709 4893 etiam
2741 4837 2909 4892 Filius
2936 4839 3112 4906 imago
3134 4850 3257 4888 vera
3285 4834 3449 4889 unius

1883 4942 1938 4988 et
1963 4933 2135 4987 solius
2171 4932 2468 4985 divinitatis
2499 4931 2796 4986 secundum
2835 4930 3231 4999 generationem
3269 4937 3324 4980 et
3352 4943 3451 4979 na-

1883 5033 2059 5078 turam
2087 5039 2250 5094 quam
2294 5024 2454 5078 habet
2484 5039 2514 5078 a
2543 5022 2734 5088 Patre;
2772 5020 3035 5075 Dominus
3064 5036 3207 5074 unus
3242 5018 3445 5082 Filius;

1885 5117 2137 5172 similiter
2191 5125 2372 5169 autem
2425 5125 2481 5170 et
2537 5114 2772 5184 Spiritus
2804 5122 3044 5177 sanctus,
3084 5111 3178 5181 qui
3208 5111 3450 5163 domina-

1886 5211 2085 5264 tionem
2117 5208 2239 5262 Filii
2263 5208 2315 5261 in
2345 5219 2649 5263 creaturam
2680 5207 3070 5261 sanctilieatam
3104 5203 3443 5258 transmittit.

1890 5301 2066 5355 Filius
2103 5301 2250 5354 venit
2281 5301 2334 5352 in
2377 5300 2638 5353 mundum
2690 5308 2971 5365 assumpta
3020 5310 3184 5350 carne
3228 5309 3293 5347 ex
3329 5292 3448 5345 Vir—

1884 5394 2028 5464 gine,
2051 5408 2215 5461 quam
2241 5392 2477 5461 implevit
2513 5389 2713 5460 Spiritu
2744 5389 2932 5443 sancto
2959 5387 3025 5442 ad
3055 5394 3294 5439 nostram
3323 5398 3447 5436 om-

1885 5489 2040 5540 nium
2079 5484 2595 5541 sanctilicationem.
2634 5483 2769 5538 Cum
2811 5492 2991 5537 autem
3026 5492 3242 5535 carnem
3285 5474 3445 5529 morti

1878 5579 2207 5643 tradidisset,
2225 5586 2453 5631 mortem
2471 5577 2663 5631 delevit
2676 5575 3007 5647 resurgendo
3023 5580 3239 5643 propter
3261 5585 3445 5625 resur-

1877 5670 2172 5725 rectionem
2193 5676 2431 5722 nostram
2456 5685 2472 5735 ;
2494 5666 2734 5723 ascendit
2750 5678 2929 5722 autem
2950 5664 3017 5719 ad
3040 5662 3262 5727 caelum,
3292 5661 3444 5716 exat.

1887 5774 2013 5818 tans
2040 5771 2093 5816 et
2126 5761 2435 5834 gloriﬁcans
2460 5759 2708 5816 homines
2739 5758 2791 5814 in
2818 5758 3028 5828 seipse;
3054 5756 3235 5811 veniet
3263 5764 3441 5811 autem

1891 5860 2083 5914 iterum
2107 5856 2172 5913 ad
2198 5851 2607 5913 instaurandum
2636 5850 2791 5908 nobis
2812 5850 2976 5906 vitam
3010 5859 3290 5906 aternam.
