3908 7030
725 355 859 419 1119
1348 354 1406 411 S.
1444 353 1773 413 GREGORII
1811 354 2167 416 THAUMAT.
2206 354 2355 412 OPP.

791 472 943 533 Unus
970 472 1142 533 Filius
1185 482 1312 532 ante
1365 476 1819 545 incarnationem,
1853 489 1908 537 et
1947 488 2073 551 post
2094 478 2279 535 incar—
2304 483 2354 541 Δ

713 568 1031 635 nationem;
1058 567 1199 623 idem
1226 567 1391 624 homo
1424 577 1479 625 et
1500 569 1666 635 Deus,
1698 581 1991 640 utrumque
2019 579 2283 641 tanquam

714 676 920 728 unum;
955 670 1010 716 et
1030 676 1141 722 non
1171 661 1277 716 alia
1308 662 1530 732 quidem
1574 678 1808 734 persona
1839 663 1983 720 Deus
2021 662 2281 732 Verbum,

715 752 824 808 alia
879 767 1011 809 vero
1043 753 1209 809 homo
1232 751 1428 820 Jesus;
1472 755 1566 813 sed
1625 755 1767 810 idem
1820 755 1918 826 qui
1960 756 2117 827 prius
2166 766 2286 813 erat

714 844 912 912 Filius,
944 845 1132 901 unitus
1158 855 1242 908 est
1282 847 1436 902 carni
1465 863 1533 903 ex
1564 846 1756 915 Maria,
1786 850 2131 905 constituens
2176 851 2286 907 sci-

714 927 874 1010 psum
902 936 1205 1007 perfectum
1231 947 1286 994 et
1316 948 1587 1005 sanctum,
1619 955 1684 996 ac
1716 940 1835 996 sine
1862 950 2087 1020 peccato
2109 942 2286 998 homi-

712 1042 864 1093 nem,
896 1037 953 1084 et
993 1027 1387 1109 administrans
1426 1030 1563 1102 opus
1594 1018 2085 1090 incarnationis'ad
2123 1050 2286 1091 reno-

717 1120 992 1176 vationem
1051 1122 1344 1177 salutarem
1401 1123 1759 1179 humanitatis
1789 1133 1842 1181 et
1867 1126 2035 1181 totius
2069 1129 2281 1183 mundi.

714 1208 860 1266 Deus
892 1210 1051 1266 Pater
1080 1212 1318 1282 perfecta
1350 1228 1585 1287 persona
1614 1214 1914 1285 perfectum
1948 1218 2110 1274 habet
2150 1217 2286 1275 Ver-

713 1303 844 1358 bum
890 1318 958 1360 ex
1013 1306 1193 1376 seipso
1243 1322 1370 1363 vere
1421 1307 1685 1378 genitum.
1715 1307 1832 1364 Non
1863 1320 2122 1381 tanquam
2147 1311 2284 1368 Ver-

711 1395 842 1449 bum
867 1396 1060 1453 vocale
1107 1398 1254 1468 quod
1302 1399 1615 1469 loquimur;
1648 1416 1823 1472 neque
1858 1411 1919 1458 ut
1982 1404 2155 1460 ﬁlium
2199 1421 2287 1461 se-

710 1490 954 1553 cundum
1002 1492 1376 1563 adoptionem,
1401 1496 1543 1550 sicut
1571 1497 1747 1567 angeli
1797 1505 1852 1552 et
1908 1498 2161 1555 homines
2188 1515 2285 1555 vo-

710 1590 907 1639 cantur
952 1584 1053 1639 ﬁlii
1082 1583 1209 1653 Dei;
1234 1587 1327 1641 sed
1360 1595 1421 1642 ut
1445 1586 1641 1643 Filium
1691 1596 1889 1645 natura
1932 1589 2127 1647 Deum.
2155 1589 2289 1649 Per-

710 1672 915 1729 fectum
938 1691 1070 1731 vero
1097 1678 1261 1745 etiam
1297 1678 1463 1734 habet
1507 1677 1771 1750 Spiritum
1800 1691 2050 1739 sanctum
2078 1699 2146 1739 ex
2174 1683 2288 1740 Deo

710 1780 809 1835 per
838 1765 1035 1824 Filium
1064 1768 1118 1824 in
1148 1770 1440 1841 adoptatos
1473 1771 1613 1829 ﬁlios
1646 1773 1905 1837 effusum.
1934 1774 2205 1831 viventem
2233 1786 2288 1831 et
2316 1828 2371 1884 Br

710 1858 1073 1884 ..:-.:n..-_.-__
1158 1872 1399 1884 ---,-._-__-
1468 1873 1512 1884 ,Α
1567 1882 1649 1884 __,,
1673 1866 1833 1884 _.-n_a
1860 1874 1984 1884 -._A_
2060 1881 2135 1884 -_,
2204 1883 2209 1884 ,
2268 1868 2283 1880 ο

710 1858 1101 1930 viviﬁcantem,
1156 1872 1404 1922 sanctum
1460 1873 1515 1921 et
1562 1866 1995 1927 sanctiﬁcantem
2050 1881 2147 1924 eos
2189 1868 2285 1938 qui

711 1965 837 2007 eum
865 1953 1222 2025 participant;
1257 1973 1367 2012 non
1401 1964 1661 2029 tanquam
1702 1959 2057 2029 spirationem
2083 1960 2153 2016 ab
2184 1961 2306 2017 ho»

710 2044 861 2101 mine
904 2046 1165 2104 emissam
1224 2064 1335 2104 non
1393 2067 1489 2121 per
1543 2067 1603 2107 se
1651 2052 2064 2120 subsistentem,
2094 2054 2189 2111 sed
2217 2069 2287 2113 ex

710 2134 824 2195 Deo
851 2140 1146 2196 viventem.
1180 2139 1338 2198 Unde
1372 2141 1615 2200 Trinitas
1651 2152 1737 2200 est
1767 2144 2085 2212 adorabilis,
2118 2145 2286 2217 glori-

711 2231 941 2288 ﬁcabilis
966 2240 1023 2289 et
1053 2233 1343 2303 honorata,
1371 2250 1436 2292 ac
1465 2236 1821 2299 venerabilis.
1856 2235 2019 2293 Patre
2061 2238 2284 2309 quidem

715 2324 991 2381 intellecto
1024 2326 1081 2380 in
1114 2324 1274 2391 Filio,
1304 2327 1448 2383 sicut
1493 2327 1667 2384 Filius
1711 2344 1780 2384 ex
1826 2328 1946 2399 ipso
1968 2336 2089 2398 est;
2146 2329 2287 2387 Filio

711 2428 842 2471 vero
878 2416 1178 2487 glorilicato
1207 2419 1263 2474 in
1303 2417 1484 2486 Patre,
1528 2419 1673 2475 sicut
1696 2430 1781 2476 est
1813 2435 1881 2477 ex
1908 2418 2090 2487 Patre,
2119 2423 2292 2479 mani-.-

710 2503 914 2561 iestato
941 2507 997 2562 in
1025 2505 1231 2578 Spiritu
1256 2521 1447 2566 sancto
1474 2511 1850 2570 sanetiﬁcatis.

785 2597 942 2665 Quod
966 2608 1147 2656 autem
1184 2603 1513 2659 venerabilis
1546 2613 1631 2659 est
1672 2615 1860 2661 sancta
1891 2606 2131 2664 Trinitas
2176 2624 2287 2664 non

714 2699 966 2760 separata
1000 2708 1101 2750 nec
1128 2694 1384 2759 alienata,
1414 2696 1575 2752 docet
1604 2712 1707 2753 nos
1741 2696 1944 2756 Paulus
1967 2701 2021 2755 in
2050 2699 2290 2772 Epistola

711 2778 783 2836 ad
829 2777 1145 2837 Corinthios
1193 2784 1455 2851 secunda.
1501 2783 1594 2842 Sic
1622 2786 1770 2842 enim
1807 2788 1926 2842 ait:
1963 2787 2147 2845 Gloria
2174 2790 2289 2845 Do-

715 2873 847 2927 mini
880 2874 1049 2928 nostri
1079 2873 1209 2929 Iesu
1239 2873 1462 2940 Christi,
1492 2885 1542 2930 et
1570 2876 1807 2933 cltaritas
1830 2878 1948 2946 Dei,
1976 2888 2025 2934 et
2052 2897 2284 2939 commu-

712 2965 911 3019 nicatio
942 2965 1112 3020 sancti
1146 2963 1519 3035 Spiritus'cum
1542 2969 1782 3022 omnibus
1813 2968 1956 3024 vobis
1983 2971 2050 3025 ⁸⁸.
2077 2969 2144 3025 Et
2173 2986 2292 3026 rur-

713 3070 813 3112 sus
852 3055 910 3111 in
951 3054 1143 3111 eadem
1177 3054 1416 3125 Epistola
1446 3075 1461 3111 :
1494 3055 1600 3122 Qui
1647 3069 1824 3113 autem
1876 3061 2154 3131 conﬁrmat
2193 3079 2289 3118 nos

618 3159 632 3176 ‘
711 3150 980 3206 uobiscum
1008 3152 1066 3206 in
1095 3150 1329 3218 Christo,
1374 3152 1465 3223 qui
1504 3160 1555 3206 et
1599 3154 1755 3209 unxit
1781 3170 1877 3209 nos
1914 3152 2076 3220 Deus,
2116 3158 2207 3227 qui
2238 3168 2361 3240 etc

712 3243 940 3314 signauit
967 3258 1084 3308 nos,
1106 3252 1157 3297 et
1187 3243 1332 3298 dedit
1360 3244 1549 3315 pignus
1574 3242 1809 3315 Spiritus
1832 3245 1885 3299 in
1918 3246 2164 3301 cordibus
2189 3263 2287 3301 no-

715 3334 926 3390 stris“.
957 3334 1150 3391 Adhuc
1174 3343 1355 3390 autem
1391 3335 1594 3392 clarius
1623 3336 1677 3391 in
1708 3336 1899 3391 eadem
1933 3334 2177 3407 Epistula
2208 3338 2295 3396 sic

716 3426 946 3483 scribit:
975 3424 1111 3483 Cum
1138 3426 1332 3499 legitur
1385 3427 1615 3498 Moyses,
1665 3428 1895 3491 uelamen
1941 3430 2172 3500 positum
2209 3439 2295 3487 est

714 3532 873 3587 super
894 3533 985 3572 cor
1008 3533 1223 3585 eorum;
1254 3534 1377 3573 cum
1404 3528 1580 3574 autem
1609 3521 1844 3582 conversi
1865 3521 2064 3589 fuerint
2088 3521 2159 3576 ad
2184 3519 2291 3576 Do-

715 3610 939 3676 minum,
967 3611 1238 3682 auferetur
1267 3612 1520 3666 velamen.
1553 3611 1811 3668 Dominus
1828 3622 2004 3668 autem
2036 3612 2273 3683 Spiritus

713 3712 813 3761 est.
859 3702 959 3760 Ubi
1002 3715 1179 3759 autem
1221 3703 1454 3774 Spiritus
1501 3704 1735 3772 Domini,
1779 3705 1853 3765 ibi
1892 3706 2129 3762 libertas.
2177 3704 2292 3760 Nos

714 3809 835 3851 vero
879 3809 1056 3850 omnes
1110 3794 1341 3850 revelata
1390 3795 1529 3863 facie
1567 3794 1795 3869 gloriam
1847 3797 2064 3852 Domini
2110 3812 2286 3867 specu-

715 3886 907 3953 lantes,
929 3888 989 3941 in
1014 3886 1250 3942 eamdem
1270 3888 1555 3958 imaginem
1584 3889 2033 3956 transformamur
2062 3908 2095 3945 a
2119 3890 2293 3961 gloria

714 3989 770 4043 tu
798 3979 1044 4051 gloriam,
1070 3989 1317 4052 tanquam
1352 4000 1383 4035 a
1419 3979 1634 4036 Domini
1666 3982 1872 4052 Spiritu
1899 3985 1968 4038 “.

2392 352 2570 415 PARS
2601 351 2903 409 ALTERA.
2937 380 3009 392 —
3042 345 3260 406 DUBIA.
3610 354 3672 410 ιιι

2447 470 2538 540 Εἷς
2575 474 2705 539 Υἱὸς
2727 472 2823 529 καὶ
2873 470 2980 542 πρὸ
3023 469 3123 540 τῆς
3154 464 3412 539 σαρκώσεως
3443 465 3504 520 καὶ
3534 470 3617 539 μετὰ
3638 474 3672 526 ἡ

2388 567 2655 640 σᾲρκωσιν
2671 582 2686 597 ο
2719 565 2749 618 ὁ
2771 562 2929 627 αὐτὸς
2955 560 3237 634 ἄνθρωπος
3267 559 3339 611 καὶ
3353 557 3461 623 Θεὸς,
3480 560 3672 631 ἑκάτερονά

2385 662 2444 715 ἓν
2461 678 2475 692 ’
2497 660 2590 714 καὶ
2610 660 2708 729 οὐχ
2732 658 2916 729 ἕτερον
2948 656 3048 727 μὲν
3079 653 3341 724 πρόσωπον
3361 652 3382 703 ὁ
3399 650 3489 714 Θεὸς
3501 652 3620 720 Λόγος,
3636 656 3671 709 ὶτ

2388 769 2480 826 ρον
2500 752 2556 806 δὲ
2577 751 2857 823 ἄνθρωπος
2899 746 3103 819 Ἰησοῦς
3120 786 3137 810 ,
3162 743 3273 798 ἀλλ’
3296 741 3414 805 αὐτὸς
3443 743 3465 794 ὁ
3494 747 3672 819 spolium

2386 845 2512 909 Υἱὸς
2541 842 2761 906 ὲνωθεὶς
2794 842 2958 911 σαρκὶ
2991 842 3057 892 ὲκ
3083 836 3295 908 Μαρίας
3323 832 3508 904 κατέστη,
3523 834 3672 891 tiliam:

2387 939 2534 1007 ἅγιον
2581 935 2674 990 xal
2712 934 3093 1007 ἀναμάρτητον
3139 928 3386 999 ἄνθρωπον
3412 926 3587 991 συνιστὰς
3603 930 3672 984 tam

2386 1030 2481 1085 καὶ
2506 1027 2801 1099 οἱκονομιῖιν
2837 1028 2918 1090 εἰς
2944 1022 3239 1091 ἀνανέωσιν
3266 1018 3572 1090 ἀνθρωπὼητος
3596 1024 3654 1075 καὶ

2389 1142 2520 1196 σμου
2551 1124 2751 1188 παντὸς
2782 1123 3046 1194 σωτήριον
3070 1136 3084 1150 ⁸
3109 1118 3241 1182 Θεὸς
3271 1119 3296 1170 ὁ
3316 1116 3477 1187 Πατὴρ,
3492 1116 3672 1173 distulit

2388 1217 2689 1287 πρέσωπον,
2724 1214 2925 1268 τέλειον
2955 1212 3068 1283 ἔχει
3098 1210 3188 1264 τὸν
3212 1208 3361 1277 Λόγον
3377 1206 3423 1273 ἐξ
3446 1207 3564 1262 αὐτοῦ
3586 1226 3672 1277 γεγε

2391 1308 2543 1378 μένον
2574 1306 2809 1378 ἀληθῶς,
2839 1306 2938 1377 οὐχ
2968 1305 3044 1369 ὡς
3074 1303 3230 1374 λόγον
3271 1301 3551 1373 λαλούμενον,
3576 1302 3658 1356 οὐδὲ

2388 1400 2655 1455 υἱοθεσίαν
2694 1398 2835 1463 υἱὸν,
2882 1398 2958 1462 ὡς
3000 1396 3218 1467 ἄγγελοι
3248 1396 3333 1449 καὶ
3357 1393 3567 1463 ἄνθρωποι
3588 1395 3658 1447 υἱοὶ

2387 1490 2689 1555 καλοῦνται,
2721 1489 2856 1543 ἀλλὰ
2884 1488 3012 1542 Υίὸν
3049 1486 3207 1557 φύσει
3239 1484 3355 1538 Θεόν
3373 1499 3385 1513 ο
3413 1482 3567 1536 τέλειον

2387 1580 2478 1635 καὶ
2507 1579 2570 1633 τὸ
2596 1578 2821 1651 Πνεῦμα
2837 1579 2900 1632 τὸ
2926 1578 3080 1647 ἅγιον
3114 1578 3179 1629 ὲκ
3218 1573 3342 1629 Θεοῦ
3383 1573 3438 1627 δι’
3476 1572 3576 1626 Υἱοῦ
3603 1590 3672 1643 χορ

2392 1690 2548 1744 μενον
2570 1674 2648 1736 εἰς
2690 1672 2818 1734 τοὺς
2860 1667 3325 1740 υἱοθετουμένους,
3361 1662 3451 1730 ζῶν
3485 1662 3559 1716 καὶ
3592 1662 3672 1727 ζων

2389 1765 2538 1835 ἅγιον
2567 1762 2881 1833 ἁγιαστικὸν
2926 1760 3036 1815 τῶν
3087 1755 3554 1832 μεταλαμϐανόντων
3574 1756 3672 1808 αὐτοί

2387 1858 2463 1922 ὼς
2485 1858 2576 1912 ὑπ’
2607 1856 2895 1928 ἀνθρώπου
2920 1854 3087 1926 πνοὴν
3110 1850 3502 1924 ἐμπνευσθεὼαν
3521 1849 3672 1902 avum:

2385 1950 2497 2004 ἀλλ’
2523 1952 2587 2004 ὲκ
2614 1949 2749 2003 Θεοῦ
2781 1946 2989 2014 ζῶσαν·
3037 1946 3104 2000 δι’
3131 1947 3263 2018 ὅπερ
3298 1946 3330 2017 ἡ
3365 1942 3512 2015 me;
3543 1960 3672 2014 προσ-κ

2385 2038 2611 2113 δοξαστὴ
2633 2039 2725 2093 καὶ
2757 2039 2914 2110 τιμία
2937 2037 3030 2091 καὶ
3056 2036 3341 2106 σεὸἀσμιος
3360 2053 3373 2065 ο
3397 2033 3575 2104 nam;
3590 2034 3660 2103 μὲν

2386 2130 2673 2202 νοουμένου
2705 2128 2892 2183 καθότι
2925 2127 3054 2193 Υἱὸς
3097 2124 3158 2192 ἐξ
3183 2122 3342 2179 αὑτοῦ
3364 2168 3378 2189 ,
3404 2120 3520 2176 Tini}
3554 2121 3600 2175 δὲ
3634 2124 3672 2175 ἐν

2386 2222 2738 2294 δοξαζομένου
2771 2222 2893 2276 καθ’
2923 2221 2952 2275 ὂ
2982 2220 3126 2274 ἐστὶν
3166 2222 3230 2274 ὲκ
3259 2217 3456 2289 nam;
3477 2257 3492 2282 ,
3524 2232 3672 2287 φανερι

2389 2319 2447 2371 ὲν
2473 2315 2748 2387 Πνεύματι
2781 2315 2921 2385 ἁγίῳ
2945 2316 3057 2378 τοῖς
3079 2310 3458 2383 ἁγιαζομένοις.

2461 2603 2584 2657 ’Ότι
2607 2600 2665 2663 δὲ
2695 2598 2989 2671 σεδάσμιύς
3018 2600 3166 2652 ἐστιν
3190 2599 3224 2669 ἡ
3259 2594 3389 2665 ἁγία
3421 2591 3576 2666 Τηριὰς
3610 2591 3671 2664 μὴ

2394 2697 2547 2767 μένη,
2580 2692 2714 2764 μηδὲ
2736 2688 3179 2763 ἀλλοτριουμένη,
3202 2686 3358 2741 τοῦτο
3374 2685 3603 2740 διδάσκει
3627 2686 3672 2755 in

2389 2787 2478 2852 λος
2513 2787 2572 2840 ὲν
2598 2787 2663 2857 τῇ
2689 2784 2826 2856 πρὸς
2859 2780 3180 2855 Κορινθίους
3214 2777 3494 2850 Ἐπιστολῇ
3530 2778 3672 2848 dauci;

2389 2878 2559 2942 οὕτως
2575 2895 2589 2909 ·
2623 2878 2686 2934 Ἠ
2697 2875 2868 2947 χάρις
2897 2874 3003 2928 τοῦ
3030 2873 3254 2942 Κυρίου
3274 2869 3444 2942 ἡμῶν
3463 2869 3644 2939 Ἰησοῦ
3666 2870 3672 2923 ἶ

2390 2970 2488 3026 καὶ
2515 2972 2555 3039 ἡ
2586 2967 2784 3041 ἀγάπη
2818 2965 2925 3021 τοῦ
2952 2965 3098 3021 Θεοῦ
3117 3006 3137 3032 ι
3164 2965 3261 3019 καὶ
3290 2965 3330 3034 ἠ
3357 2963 3628 3018 κοινωνία
3648 2979 3672 3016 τ

2390 3062 2732 3131 ῌνεύματος
2749 3058 2901 3130 μετὰ
2932 3054 3173 3112 πάντων
3187 3053 3373 3127 ὑμῶν.
3410 3055 3522 3109 Kal
3545 3054 3672 3109 πάλι*

2402 3152 2723 3223 Ἐπιστολῆς
2758 3151 2910 3223 δηλοῖ
2938 3150 3110 3219 λέγων
3124 3166 3137 3181 ·
3175 3149 3229 3202 '0
3252 3148 3323 3202 δὲ
3347 3146 3613 3213 ,ϐεϐαιῶν
3644 3149 3672 3215 ἢ

2390 3244 2532 3316 ὑμῖν
2552 3246 2640 3311 εὶς
2666 3241 2925 3312 Χριστὸν
2953 3240 3053 3294 καὶ
3088 3239 3308 3309 χρίσας
3338 3238 3492 3305 Θεὸς
3518 3237 3619 3293 καὶ
3638 3254 3672 3295 σ

2385 3354 2568 3409 μενος
2598 3334 2757 3406 ἡμᾶς
2792 3333 2893 3389 καὶ
2915 3333 3060 3399 δοὺς
3087 3331 3195 3387 τὸν
3214 3332 3540 3402 ἀρῤαόῶνα
3567 3332 3670 3387 τοῦ

2389 3448 2491 3498 τος
2528 3430 2598 3483 ἐν
2623 3427 2754 3495 ταῖς
2780 3426 3051 3496 καρδίαις
3074 3424 3263 3496 ἡμῶν.
3294 3426 3425 3479 Ἔτι
3467 3425 3529 3480 δὲ
3563 3443 3671 3496 σαφ

2388 3524 2454 3593 τῇ
2485 3520 2624 3592 αὐτῇ
2671 3517 2958 3589 Ἐπιστολῇ
2985 3515 3187 3590 γράφει
3212 3514 3394 3580 οὕτως
3412 3532 3429 3547 ο
3475 3516 3672 3571 Ἡνίκο

2388 3612 2733 3685 γινώσκεται
2759 3608 3021 3679 Μωῡσῆς
3050 3651 3063 3677 ,
3102 3607 3393 3678 κάλυμμα
3440 3608 3546 3663 ἐπὶ
3592 3607 3672 3675 τὴο

2388 3703 2586 3763 αὐτῶν
2606 3703 2788 3759 κεῖται
2807 3720 2820 3734 ·
2840 3700 3090 3772 ἡνίκαδ
3110 3699 3191 3757 ἂν
3209 3700 3572 3771 ἐπιστρέψῃ
3589 3715 3671 3769 πρ

2388 3796 2762 3867 περιαιρεῖται
2789 3796 2858 3850 τὸ
2881 3794 3163 3875 κάλυμμα
3182 3811 3195 3825 ·
3229 3796 3263 3849 ὁ
3283 3792 3359 3847 δὲ
3384 3794 3623 3862 Κύριος
3640 3810 3672 3845 τ

2387 3889 2540 3944 ὅπου
2574 3888 2642 3942 δὲ
2661 3886 2728 3942 τὸ
2756 3887 3012 3956 πνεῦμα,
3033 3885 3162 3940 ἐκεῖ
3174 3885 3512 3953 ἐλευθερία
3531 3902 3547 3915 ⁸
3570 3887 3672 3955 fuit

2386 3997 2485 4045 τες
2502 3976 3046 4047 ἀνακεκαλυμμένῳ
3072 3973 3379 4045 προσώπῳ
3408 3973 3542 4043 τὴν
3573 3974 3672 4029 δ’όέ

716 4075 1254 4147 κατοπτριζόμενοι,
1313 4076 1430 4146 τὴν
1464 4078 1661 4148 αὐτὴν
1698 4080 1900 4134 εἰκόνα
1939 4078 2464 4150 μεταμορφούμεθα
2516 4073 2635 4131 ἀπὸ
2687 4072 2871 4142 δόξης
2900 4076 2988 4139 εὶς
3025 4072 3244 4141 δόξαν,
3288 4072 3589 4143 καθάπερ
3629 4073 3672 4127 ἀ

715 4168 1078 4238 Πνεύματος.

787 4259 854 4315 Et
886 4277 1079 4319 rursus
1102 4263 1180 4319 ait
1208 4262 1412 4320 Paulus
1438 4283 1453 4322 :
1492 4264 1563 4321 Ut
1593 4267 1939 4322 absorbeatur
1967 4272 2106 4339 quod
2139 4285 2293 4323 mor-'

719 4351 825 4407 tale
863 4364 961 4422 est,
1003 4372 1034 4408 a
1062 4355 1189 4411 vita.
1220 4354 1324 4421 Qui
1352 4366 1528 4410 autem
1554 4358 1707 4428 efﬁcit
1743 4375 1835 4414 nos
1865 4361 1920 4412 in
1946 4361 2053 4413 'Itoc
2089 4361 2283 4429 ipsum,

716 4443 857 4498 Deus
876 4483 891 4509 ,
912 4445 1163 4516 quidedit
1191 4447 1331 4502 vobis
1363 4448 1550 4517 pignus
1600 4446 1835 4518 Spiritus
1851 4449 1917 4502 ”.
1947 4448 2014 4503 Et
2042 4449 2236 4505 iterum
2266 4469 2281 4506 :

718 4534 1153 4594 Commendantes
1202 4541 1544 4609 nosmetipsos
1586 4549 1838 4611 tanquam
1888 4542 2117 4595 ministri
2163 4541 2283 4608 Dei,

714 4629 769 4681 in
808 4629 977 4684 multa
1000 4632 1280 4701 patientia,
1307 4633 1363 4687 in
1388 4630 1838 4699 tribulationibus,
1871 4634 1924 4688 in
1953 4635 2285 4690 necessitati-

717 4721 834 4794 bus,
854 4723 910 4789 in
926 4724 1185 4795 angustiis
1199 4726 1268 4791 ",
1286 4735 1339 4780 et
1359 4741 1482 4796 quae
1499 4739 1821 4797 sequuntur.
1842 4726 2043 4783 Deinde
2059 4727 2289 4798 subjun-

716 4817 813 4886 git,
847 4816 1034 4873 dicens
1060 4837 1076 4873 :
1110 4817 1176 4875 In
1200 4820 1483 4886 suavitate,
1510 4822 1565 4875 in
1602 4820 1808 4893 Spiritu
1838 4831 2044 4887 sancto,
2080 4822 2136 4876 in
2164 4825 2288 4877 cha—

715 4911 877 4963 ritate
903 4925 1007 4964 non
1038 4910 1189 4980 ﬁcta,
1220 4913 1275 4965 in
1321 4910 1486 4967 Verbo
1512 4914 1768 4979 veritatis,
1805 4914 1861 4967 in
1889 4914 2077 4968 virtute
2101 4913 2195 4968 Dei
2216 4913 2285 4971 ".

717 4999 855 5063 Ecce
892 5001 982 5056 hic
1020 5003 1184 5057 etiam
1216 5004 1518 5077 designavit
1556 5016 1781 5062 sanctus
1814 5005 2015 5061 Paulus
2049 5003 2287 5060 Trinita-

715 5101 846 5158 tem,
882 5095 1174 5151 nominans
1204 5095 1398 5164 Deum,
1425 5111 1480 5154 et
1511 5096 1766 5161 Verbum,
1787 5108 1842 5153 et
1866 5096 2128 5168 Spiritum
2160 5113 2287 5154 san-

715 5191 885 5239 ctum.
921 5183 986 5238 Et
1015 5182 1211 5238 iterum
1247 5185 1359 5238 ait:
1394 5189 1476 5239 An
1506 5187 1717 5243 nescitis
1745 5189 1994 5258 quoniam
2036 5187 2286 5256 templum

718 5270 980 5339 Deiectis,
1006 5284 1058 5329 et
1080 5272 1313 5345 Spiritus
1335 5275 1432 5330 Dei
1460 5277 1665 5332 habitat
1692 5279 1747 5332 in
1766 5276 1908 5333 vobis
1923 5280 1950 5333 1’
1970 5276 2030 5333 Si
2051 5280 2166 5351 quis
2188 5295 2286 5333 au-

716 5378 817 5420 tem
848 5365 1099 5436 templum
1146 5364 1247 5421 Dei
1282 5367 1574 5436 violaverit,
1619 5370 1881 5439 disperdat
1929 5369 2083 5423 illum
2112 5368 2274 5426 Deus.

2464 4263 2577 4318 Kal
2608 4261 2769 4316 πάλιν
2791 4260 2936 4332 λέγει
2960 4260 3202 4325 Παῦλος·
3241 4262 3381 4316 Ἵνα
3413 4274 3672 4315 natam

2391 4358 2497 4413 τὸν
2524 4355 2640 4413 ὑπὸ
2661 4355 2773 4424 τῆς
2797 4353 2945 4424 ζωῆς
2963 4371 2977 4385 ·
3006 4357 3039 4408 ὀ
3062 4353 3130 4407 δὲ
3157 4353 3671 4426 κατεργασάμεν

2389 4444 2533 4501 αὐτὸ
2559 4446 2733 4501 τοῦτο
2759 4444 2923 4512 Θεὸς,
2949 4448 2982 4500 ό
3012 4444 3156 4511 δοὺς
3177 4444 3327 4515 ὑμῖν
3371 4445 3501 4498 τὸν
3548 4446 3672 4513 ὰρῤ

2387 4542 2751 4611 Πνεύματος,
2777 4539 2889 4594 Kal
2926 4538 3085 4594 πάλιν
3106 4539 3309 4611 φησιν’
3346 4538 3671 4593 Συνιστὰ

2386 4635 2526 4702 τοὺς
2554 4635 2632 4701 ὡς
2657 4632 2805 4689 Θεοῦ
2836 4632 3099 4687 διάκονοι
3121 4630 3427 4702 ὑπομονῇ
3452 4636 3672 4700 30.1.14

2384 4745 2508 4797 σιν,
2539 4729 2609 4783 ἐν
2634 4728 3081 4804 στείνοχιιυρίαιςἸ
3108 4726 3202 4780 καὶ
3231 4725 3317 4791 τὰ,
3355 4725 3540 4797 ἑξῆς.
3614 4722 3672 4779 Ε

2387 4818 2593 4887 λέγων·
2644 4820 2741 4874 Ἐν
2784 4820 3175 4891 χρηστότητι,
3225 4818 3301 4872 ἐν
3359 4818 3671 4887 Πνεύμαη

2386 4909 2586 4981 ἀγάπῃ
2613 4910 3006 4979 ἀνυποκρίτῳ,
3034 4908 3104 4963 ἐν
3121 4909 3297 4979 Λόγῳ
3318 4909 3672 4977 ἀληθείας

2393 5003 2560 5058 Θεοῦ.
2579 5003 2708 5057 Ἰδοὺ
2734 5002 2843 5075 γὰρ
2864 5003 2958 5057 καὶ⁹
2979 5000 3209 5057 ἐνταῦθα
3236 5000 3484 5073 ὥρισεν
3510 5002 3548 5054 ὁ
3581 5000 3672 5069 ἆγ

2392 5097 2595 5170 Τριάδα
2624 5096 2896 5167 ὀνομάσας
2925 5095 3057 5148 Θεὸν
3083 5096 3177 5151 καὶ
3206 5094 3411 5167 Λόγον
3460 5092 3583 5146 καὶ
3622 5094 3672 5146 Ι]

2390 5189 2501 5241 Καὶ
2528 5187 2691 5241 πάλιν
2722 5187 2901 5257 λέγει’
2941 5189 3062 5241 Οὐκ
3099 5185 3307 5241 οἴδατε
3347 5184 3468 5239 ὅτι
3500 5184 3672 5251 ναὸς

2388 5276 2488 5331 καὶ
2519 5277 2583 5332 τὸ
2611 5276 2856 5347 Πνεῦμα
2881 5276 2986 5331 τοῦ
3020 5275 3167 5331 Θεοῦ
3190 5274 3369 5329 οἰκεῖ
3399 5274 3495 5328 ὲν
3540 5274 3672 5343 ῠμὶ

2386 5370 2538 5425 ναὸν
2553 5369 2658 5424 τοῦ
2697 5369 2845 5425 Θεοῦ
2872 5369 3114 5439 φθείρει,
3136 5367 3367 5438 φθερεῖ
3404 5366 3672 5421 τοῦτον

715 5452 1010 5528 [Templum
1052 5457 1190 5512 enim
1217 5456 1317 5512 Dei
1345 5468 1589 5513 sanctum
1612 5469 1691 5517 est
1710 5500 1725 5523 ,
1756 5462 1893 5532 quod
1924 5466 2048 5517 estis
2072 5479 2159 5518 vos
2181 5462 2258 5534 ἐξ

2128 5481 2159 5518 νε
2181 5461 2274 5536 ⁹⁸.]
2382 5462 2558 5516 πάλιν·
2579 5462 2751 5518 Ἀλλὰ
2786 5463 3226 5527 ἀπελούσασθε,
3252 5460 3433 5516 ἀλλ’
3452 5459 3671 5514 ἐδικα

716 5545 780 5609 Et
804 5546 998 5605 iterum
1029 5568 1046 5606 :
1077 5549 1183 5606 Sed
1222 5548 1392 5605 abluti
1424 5552 1573 5617 estis,
1622 5552 1712 5617 sed
1765 5555 2087 5624 sanctificati
2127 5555 2275 5621 estis,

787 5741 833 5772 ”
862 5737 1196 5801 "Consul,
1239 5740 1325 5795 15.
1421 5740 1471 5772 ’⁸
1518 5738 1560 5794 ll
1606 5738 1734 5796 Cor.
1785 5757 1825 5801 ι.
1879 5740 1971 5798 2i.
2015 5735 2104 5795 22.
2212 5742 2258 5775 "*
2302 5740 2344 5794 ll

719 5808 901 5887 l'ulg.,
938 5813 1072 5869 sicut
1110 5811 1205 5867 Dei
1236 5812 1524 5869 ministros.
1631 5812 1676 5844 "
1729 5812 1863 5868 Ibid.
1913 5815 1966 5879 6,
2004 5804 2053 5859 7.

2383 5555 2623 5624 ὀνόματι
2653 5556 2874 5625 Κυρίου
2905 5554 3074 5626 ήμῶν
3104 5553 3310 5624 Ἰησοῦ
3328 5593 3351 5621 ,
3375 5553 3513 5608 καὶ
3549 5552 3672 5606 ἐγτ

2389 5741 2515 5797 Cor.
2556 5758 2635 5805 ιιι,
2666 5742 2853 5798 15-18.
2930 5744 2974 5777 ³⁸
3002 5740 3043 5797 ll
3068 5740 3194 5799 Cor.
3248 5757 3310 5811 ν,
3360 5743 3440 5811 6,
3482 5743 3560 5799 5.

2156 5811 2201 5846 ⁸⁸
2235 5816 2255 5877 l
2283 5812 2410 5876 Cor.
2439 5829 2523 5879 ut,
2560 5812 2645 5876 ιϐ,
2686 5812 2767 5870 l7.
