1954 3515
74 113 152 140 “25

546 115 784 144 FRAGMENTUM
805 112 976 144 SERMONIS
994 114 1038 142 DE
1056 114 1252 143 TRINITATE.

1635 115 1705 143 “35

71 173 153 200 niiiia
179 181 243 200 vero
269 178 333 201 sunt
354 174 439 201 Adam
452 195 459 205 ,
484 175 620 201 Abraham
635 195 642 207 ,
656 174 731 202 Isaac
744 195 751 207 ,
765 173 867 208 Jacob;
882 176 905 205 Α
921 177 974 200 tem
987 178 1109 208 superat,
1121 172 1322 208 intelligamus?
1336 172 1415 200 Certe
1429 172 1452 200 si
1466 171 1568 199 homini
1582 174 1704 207 pervium

72 219 135 246 hac
150 240 159 252 ,
177 220 287 255 inquam
301 241 308 252 ,
324 222 434 247 nomina
456 225 528 248 sunt.
560 221 611 248 Sed
628 221 726 248 (liviire.
744 221 869 247 Personae

71 269 142 291 sunt.
160 265 270 299 quidem
283 266 408 298 rioiriiiia;
427 266 535 292 nomina
548 269 636 293 tanien
651 271 714 293 sunt
728 265 867 299 Personae;

72 310 210 337 Personae
227 311 335 337 demum
352 310 505 345 signiﬁcant
531 310 556 337 id
580 311 652 345 quod
674 314 716 337 est
736 314 762 337 et
779 310 868 337 subsi-

72 356 139 388 stit,
161 364 224 391 qua).
236 361 276 383 est
289 356 405 383 essentia
427 355 483 383 Dei.
517 354 618 382 Nomen
638 363 746 390 quoque
763 360 869 382 natura:

72 403 220 437 sigiizlicat
241 402 445 429 subsisteiitiain
460 421 467 433 ,
493 402 574 429 veluti
600 401 622 428 si
638 401 761 428 dicamus
777 401 867 427 horni-

71 455 153 474 nein.
186 447 295 475 Cuncta:
310 447 454 481 (Perseum)
473 455 525 474 una
550 453 645 474 natura
664 452 737 479 sntit,
756 455 808 473 una
825 455 868 474 es-

72 494 180 525 sentia,
208 501 260 520 una
275 494 411 523 voluntas,
432 493 655 528 appellanturque
672 492 792 519 Trinitas
806 500 869 519 san-

71 544 130 570 cta,
157 547 220 572 qua:
237 543 299 565 sunt
316 538 425 564 nomina
448 538 632 570 subsistentia,
658 546 710 564 tiiia
727 542 823 564 natura
840 537 867 564 in

72 585 169 611 tribus
186 584 324 615 Persoriis,
340 592 371 610 ac
385 591 470 618 genus
485 592 578 610 uniiin.
592 583 653 610 Filii
667 591 731 610 vero
745 582 865 610 Persona

72 631 155 657 unita
171 636 225 663 est,
243 638 339 664 nempe
352 638 435 657 unum
452 637 485 656 ex
500 630 617 661 duobus,
635 630 660 656 id
675 634 716 656 est
726 629 867 656 divinitate

72 677 162 704 simul
182 681 208 704 et
220 676 398 706 humanitate,
424 683 484 710 qua
501 675 561 702 dua:
579 682 662 701 unum
687 674 865 701 constituunt.

71 721 176 757 Neque
189 727 278 749 tamen
295 722 357 748 hinc
369 721 496 748 divinitas
510 721 594 748 ullum
606 720 704 755 accipit
716 720 879 759 iriereinen-‘

72 773 154 800 tum,
178 770 224 795 sed
240 767 358 794 Trinitas
383 772 474 794 manet
496 771 576 801 prout
589 772 657 793 erat.
682 765 720 793 Ne
741 766 867 793 Personis

72 815 205 849 qurdeiri,
223 823 269 841 srti
285 814 450 845 nominibus,
468 821 567 840 novitiri
585 812 686 847 aliquid
700 812 807 843 accidit,
820 812 866 838 sed

72 869 112 888 ea:
125 866 240 888 aeterna:
256 866 328 892 sunt,
340 865 366 887 et
380 861 438 886 sine
450 864 580 893 tempore.
598 858 682 885 Neirio
695 864 783 885 larneri
797 858 868 892 ipsas

72 913 138 934 ante
159 915 326 941 cogiios‘cere
344 907 427 933 valuit
448 914 529 940 quain
548 905 631 931 Filius
646 912 710 931 caro
724 904 810 931 factus
821 911 868 931 eas

74 954 153 980 niani
163 953 268 979 frstavit
283 953 394 979 (ιιι-μηδι
414 951 503 982 Pater,
513 951 678 985 nimiifestari'
690 958 782 976 tioriien
794 955 867 976 tuum

74 1000 249 1030 hominibus,-
269 999 387 1032 ιλιι-Μία
401 1006 439 1024 me
451 1003 478 1024 lu
494 1006 603 1032 quoque,
617 1002 644 1023 ut
661 1001 816 1031 cognoscant
829 1004 868 1022 me

77 1046 185 1072 Filium
215 1051 286 1070 trium
303 1046 334 1070 ³⁷.
369 1044 395 1070 lii
420 1049 510 1070 monte
532 1048 621 1070 auterii
641 1043 720 1069 Pater
743 1042 869 1070 clamavit

76 1093 176 1119 diceris
195 1102 202 1120 ε
221 1093 270 1118 llic
291 1097 327 1118 cal
347 1091 433 1118 Filius
458 1099 528 1118 meus
555 1091 666 1117 dilectus
683 1090 714 1116 ³⁸.
742 1089 869 1123 [denique

78 1148 163 1173 super
189 1138 334 1164 Jtll'tiulll'lll
361 1137 489 1172 Spiritum
522 1141 644 1163 sanctum
675 1143 754 1162 suum
783 1135 867 1162 irrisit.

79 1187 172 1220 Atque
191 1185 227 1212 ita
242 1185 321 1211 nobis
343 1185 557 1211 demonstratum
577 1183 626 1209 fuit.
639 1203 646 1214 ,
665 1182 825 1208 Trinitatem
841 1181 868 1208 in

79 1232 138 1266 pari
157 1232 265 1258 honore
278 1239 337 1258 esse
352 1230 554 1265 seiripiteriiaiii.
568 1229 652 1256 Porro
668 1228 726 1255 Filii
745 1236 777 1256 ex
791 1228 869 1255 Patre

80 1278 225 1313 generatio
247 1276 529 1311 incomprehensibilis
547 1280 589 1302 est
607 1280 687 1310 atque
705 1274 868 1307 iueﬂ‘abilis;

79 1329 104 1350 et
129 1325 199 1358 quia
224 1323 352 1357 spiritalis
369 1327 427 1354 est,
445 1322 576 1349 scrutinio
600 1321 628 1348 [it
654 1320 801 1355 impervia;
826 1327 869 1347 res

80 1370 154 1395 enim
176 1369 307 1404 spiritalis
330 1377 417 1403 neque
432 1368 542 1402 intelligi
560 1372 647 1402 potest
660 1375 674 1394 ει
693 1375 722 1394 re
735 1366 869 1401 corporali

82 1422 114 1439 ιιι·
127 1422 175 1447 ⁸ιιε
204 1414 330 1448 vestigari
349 1423 355 1440 τ
371 1414 449 1448 longe
471 1413 544 1440 enim
569 1413 593 1439 id
615 1414 690 1439 abest
704 1412 737 1438 ab
751 1412 870 1438 humana

82 1466 183 1487 natura
209 1459 264 1486 Nos
276 1460 384 1494 quidem
401 1459 523 1486 homines
535 1459 734 1494 generationem
749 1462 869 1485 nostram

81 1506 287 1540 Cogiiosriiiius.
306 1505 376 1532 sicut
391 1505 505 1532 aliarum
521 1512 629 1540 quoque
646 1512 754 1537 reruni;
771 1512 814 1530 res
829 1508 868 1531 ta-
882 1511 902 1540 ο

82 1559 145 1577 me"
167 1551 295 1584 spiritalis
311 1558 392 1584 supra
410 1553 555 1577 humanam
566 1550 745 1577 conditionem
758 1554 809 1582 est,
822 1556 869 1575 rie-

82 1605 135 1631 qiin
155 1597 210 1623 ullo
226 1597 304 1624 modo
318 1597 353 1623 ab
369 1597 508 1623 hominum
534 1595 670 1623 mentibus
685 1600 773 1630 potest
790 1595 869 1622 intel-

83 1643 142 1674 ligi.
177 1642 313 1677 Spiritalis
337 1643 487 1669 substantia
504 1642 591 1677 perire
605 1642 697 1677 nequit
712 1649 799 1676 neque
813 1642 869 1669 dis-

84 1688 173 1720 solvi;
190 1693 282 1715 nostra
296 1692 397 1720 autern,
414 1692 505 1722 utpote
522 1688 609 1715 facilis
625 1688 774 1720 intellectu,
798 1688 868 1722 perit

84 1739 167 1768 atque
192 1734 358 1761 dissolvitur.
382 1733 435 1766 Qui
451 1734 523 1760 enim
547 1734 604 1760 ﬁeri
625 1738 727 1768 potest,
744 1738 773 1760 ut
788 1734 868 1761 homo

85 1778 130 1811 qui
149 1784 195 1803 sex
209 1777 338 1804 lateribus
363 1777 595 1810 circumcluditur,
612 1778 726 1810 oriente,
744 1778 869 1805 occiden-

86 1828 127 1856 te,
146 1824 228 1850 borea
239 1844 246 1854 ,
263 1828 371 1856 austro,
389 1824 486 1858 abysso
497 1845 503 1856 ,
527 1829 554 1851 et
567 1824 652 1855 uelo.
667 1832 722 1851 rem
737 1824 870 1858 intelligat

85 1877 145 1903 quae
159 1876 241 1903 supra
257 1869 340 1896 caelos
357 1873 414 1901 cst,
433 1868 502 1895 infra
528 1869 639 1904 abyssos
650 1889 656 1901 ,
673 1869 742 1895 ultra
758 1869 869 1895 boream

85 1919 109 1941 et
127 1920 254 1942 austrum
275 1915 460 1949 protenditur,
478 1922 591 1948 qua-que
609 1914 683 1940 omni
707 1914 765 1940 loco
781 1914 867 1945 adest,

85 1966 109 1987 et
127 1968 237 1987 omnem
261 1959 376 1994 complet
392 1958 573 1986 vaciiita'eni?
596 1958 672 1991 Quod
686 1966 707 1985 si
724 1966 773 1986 nos
790 1958 870 1992 spiri-

86 2009 168 2035 taleiii
186 2007 363 2034 substantiam
379 2011 494 2033 scrutari
510 2005 678 2037 valereniiis,
696 2004 755 2039 ejus
776 2005 870 2038 uliqiie

85 2055 244 2082 excellentia
262 2053 406 2087 deperiret.
421 2051 631 2079 Corisidereiiius
643 2059 704 2086 qua:
717 2053 742 2078 in
757 2060 870 2086 corpore

86 2108 182 2129 nostro
195 2102 270 2131 liiint,
283 2109 314 2127 ac
328 2108 408 2134 porro
424 2100 563 2127 videamus
576 2105 666 2126 utrum
679 2099 757 2125 nobis
769 2106 870 2133 cogno-

86 2157 163 2175 scere
181 2147 258 2174 liceat
275 2147 414 2180 quomodo
431 2154 463 2173 ex
477 2146 558 2173 corde
572 2146 718 2180 gignantur
731 2145 871 2179 cogitatio-

920 224 994 246 esset
1009 220 1166 254 mysterium
1184 219 1246 251 hoc,
1264 226 1436 253 nequaquam
1452 219 1532 245 divus
1544 219 1705 246 allii-masset

920 264 1038 291 Joannes
1054 274 1059 291 :
1077 264 1161 290 Deum
1178 272 1252 291 nemo
1275 264 1340 291 vidit
1358 272 1473 298 unquam
1486 264 1519 290 ³³.
1549 262 1634 296 Quem
1651 272 1703 299 igt-

920 314 965 336 tur
980 317 1060 336 ncino
1077 317 1197 344 unquam
1218 310 1301 342 vidit,
1327 310 1350 336 is
1372 309 1480 336 cuinam
1503 309 1601 336 similis
1623 317 1703 344 repu-

921 356 1019 382 tandus
1034 361 1085 387 ost,
1096 360 1126 382 ut
1137 356 1198 382 inde
1210 355 1409 390 generationem
1422 355 1481 389 ejus
1490 357 1705 390 cognoscamus?

920 400 953 427 Et
969 409 1019 428 rios
1032 402 1142 435 quidem
1166 402 1225 428 sine
1248 401 1422 436 ambiguitate
1435 401 1625 435 cognoscimus
1643 402 1705 429 ani-

919 455 992 474 mam
1016 452 1136 474 nostrain
1162 447 1188 474 in
1207 447 1285 474 nobis
1309 447 1434 474 habitare
1451 448 1558 482 corpori
1582 449 1705 482 urritam;

920 493 966 519 sed
984 497 1073 520 tatnen
1087 493 1148 528 quis
1164 495 1282 519 animam
1300 500 1377 519 suam
1395 501 1514 527 unquam
1532 493 1616 520 i‘idit?
1643 495 1706 529 quis

919 538 979 572 ejus
991 546 1053 566 cum
1069 546 1183 573 corpore
1198 539 1420 573 conjunctionem
1440 539 1576 573 dispicere
1599 541 1707 574 potuit?

919 583 946 611 ld
965 592 1048 611 unum
1066 592 1163 619 nempe
1179 585 1389 619 cognoscimus,
1414 585 1532 611 aiiiiiiarn
1558 585 1628 612 intra
1656 594 1706 614 nos

918 637 978 657 esse
993 630 1101 664 corpori
1115 630 1280 665 copulatam.
1313 630 1359 658 Sic
1371 638 1435 665 ergo
1447 630 1588 665 arguimus
1602 635 1629 658 et
1645 639 1707 659 cre-

918 676 1008 703 dimus
1019 675 1138 703 Verbum
1154 684 1169 702 a
1181 675 1261 703 Patre
1276 684 1337 704 esse
1351 681 1521 712 generatum,
1535 677 1600 711 quin
1615 678 1652 704 rei
1666 684 1708 705 ta-

921 729 983 748 men
1006 722 1140 748 rationem
1157 722 1323 756 exploratam
1348 722 1495 750 habeamus
1512 722 1553 749 vel
1575 723 1704 750 sciamus.

919 767 1010 803 Ipsum
1026 773 1067 795 est
1079 773 1141 795 ante
1156 775 1264 796 omnem
1278 772 1443 800 creaturam,
1462 768 1657 802 sempiternum
1673 770 1707 796 de

920 815 1097 849 sempiterno,
1122 822 1170 841 ceu
1186 815 1287 841 fontem
1300 822 1315 841 a
1331 814 1417 848 fonte,
1435 819 1461 841 et
1475 815 1566 842 lumen
1579 815 1612 842 de
1624 816 1707 842 lumi-

920 867 962 886 ne.
992 859 1122 894 Equidem
1139 860 1301 887 vocabulum
1326 859 1429 886 verbum
1450 860 1482 886 ad
1503 860 1548 887 illa
1563 860 1613 887 tria
1627 862 1707 895 perti-

919 910 965 932 net
984 906 1129 932 verborum
1146 913 1219 939 gent‘
1231 913 1244 932 a
1265 913 1325 939 qua:
1346 905 1373 931 in
1396 906 1544 940 Scriptiiris
1563 906 1707 934 nominan-

921 955 976 983 tur,
1005 959 1092 985 iieque
1113 951 1303 978 substantialia
1321 956 1394 982 sunt,
1415 959 1511 985 nempe
1526 951 1565 983 (τὸ
1579 952 1637 978 κατ’
1664 953 1707 978 ἔν-

918 996 1014 1031 νοιαν),
1034 999 1210 1032 προφορικὺν,
1221 1002 1302 1032 atque
1311 997 1449 1032 ἀρθρικόν.
1461 997 1508 1031 (Τὸ
1522 998 1581 1023 κατ’
1591 998 1704 1032 ἔννοιαν)

919 1047 992 1068 certe
1014 1049 1068 1068 non
1092 1046 1134 1068 est
1155 1042 1344 1069 sulistaritiale.
1365 1042 1533 1078 Προφορικὸν
1550 1049 1639 1070 autem
1664 1049 1707 1071 est

920 1086 965 1114 illa
981 1095 1031 1114 vox
1048 1095 1129 1121 quam
1143 1095 1157 1114 a
1173 1088 1226 1115 Deo
1239 1088 1354 1115 audiunt
1368 1089 1513 1123 prophetae,
1526 1097 1572 1116 seu
1588 1090 1705 1124 prophe-

920 1133 991 1161 ticus
1007 1134 1064 1169 ipse
1076 1142 1185 1166 sermo;
1207 1142 1238 1161 ac
1253 1143 1286 1162 ne
1303 1136 1469 1170 hic‘quidcm
1485 1140 1526 1162 est
1538 1136 1706 1163 substantia--

919 1178 963 1206 lis.
992 1179 1112 1214 Denique
1128 1180 1272 1216 ἀρῢρικὸν,
1292 1185 1334 1208 est
1348 1189 1438 1208 sermo
1453 1182 1590 1209 hiiinanus
1604 1182 1629 1208 in
1644 1190 1706 1209 aere.

920 1224 1088 1257 eilormatus,
1113 1226 1204 1253 verbis
1228 1231 1368 1260 constans,
1390 1227 1436 1261 qui
1460 1227 1561 1261 pariter
1576 1227 1646 1254 haud
1664 1232 1707 1254 est

920 1269 1108 1297 substantialis
1120 1270 1169 1305 (8).
1182 1270 1374 1298 Verumtamen
1389 1271 1436 1298 Dei
1448 1271 1566 1299 Verbum
1580 1273 1706 1300 substan-

920 1315 984 1342 tiale
1008 1320 1067 1348 est,
1089 1316 1196 1343 excelsa
1213 1316 1356 1351 validaque
1381 1322 1476 1343 natura
1493 1318 1652 1352 praeditum,
1680 1323 1707 1345 et

921 1368 982 1388 curn
1003 1362 1060 1396 ipso
1073 1367 1202 1389 aeternum
1218 1367 1278 1394 est,
1303 1367 1383 1397 atque
1404 1363 1438 1389 ab
1458 1363 1552 1390 eodem
1569 1363 1707 1397 insepara-

922 1406 986 1439 bile,
999 1415 1086 1442 rieqiie
1099 1408 1260 1442 periturum,
1276 1408 1322 1434 sed
1335 1408 1498 1442 sempiterna
1512 1408 1707 1442 conjunctione

922 1460 1094 1480 mansurum.
1125 1453 1243 1480 Verbum
1262 1453 1314 1480 hoc
1329 1453 1427 1480 ctelum
1441 1453 1542 1480 creavit
1555 1458 1581 1481 ct
1595 1459 1705 1485 terram,

922 1504 948 1526 et
962 1500 988 1526 iii
1004 1499 1062 1534 ipso
1076 1499 1145 1526 facta
1160 1504 1224 1526 sunt
1237 1499 1341 1526 omnia.
1369 1499 1414 1526 list
1428 1499 1478 1526 hoc
1495 1500 1637 1527 brachium
1656 1501 1708 1527 ιιι·-

922 1550 1019 1579 [usque
1034 1545 1099 1576 Dei,
1124 1553 1137 1571 a
1154 1544 1233 1571 Patre
1250 1549 1359 1579 propter
1373 1543 1564 1571 iridivisibilrin
1582 1549 1706 1571 naturain

921 1598 1059 1625 nunquam
1084 1590 1276 1624 separandum,
1301 1594 1328 1616 et
1351 1597 1413 1617 cum
1430 1590 1488 1624 ipso
1511 1589 1590 1617 Patre
1610 1598 1707 1617 carens

920 1636 1065 1671 principio.
1092 1635 1148 1662 Hoc
1171 1642 1293 1663 nostram
1319 1635 1352 1663 de
1364 1635 1448 1662 Maria
1464 1634 1574 1670 Virgine
1590 1637 1708 1670 sumpsit

921 1683 1116 1715 substantiam;
1133 1687 1160 1709 et
1175 1686 1310 1717 quatenus
1323 1682 1432 1716 quidem
1449 1681 1570 1716 spiiitale
1586 1687 1637 1714 est,
1653 1681 1705 1707 Pa-

921 1729 955 1755 tri
977 1732 1017 1756 est
1029 1727 1229 1755 iridivisibiliter
1248 1728 1368 1762 aequale;
1384 1718 1518 1762 quatenus
1531 1735 1595 1754 vero
1609 1735 1705 1762 corpo-

921 1782 1019 1805 reum,
1047 1774 1125 1801 nobis
1156 1774 1256 1808 pariter
1283 1773 1387 1807 aequale
1414 1777 1455 1799 est
1478 1773 1704 1807 inseparabiliter.

921 1819 1080 1854 Rursusque
1104 1824 1237 1854 quatenus
1254 1818 1375 1853 spiritale
1387 1823 1445 1850 est,
1471 1819 1621 1853 tequiparat
1646 1827 1709 1845 sau-

921 1871 995 1893 clurri
1011 1866 1142 1901 Spiritum
1162 1865 1380 1900 inseparabiliter
1394 1869 1420 1891 et
1439 1865 1498 1891 sine
1513 1865 1637 1891 termino.
1655 1864 1710 1890 Ne~

921 1919 974 1946 que
987 1911 1047 1937 duae
1059 1914 1152 1942 erant,
1179 1910 1225 1936 sed
1244 1909 1323 1936 unica
1338 1908 1480 1936 Trinitatis
1493 1916 1594 1936 sanctae
1609 1915 1707 1937 natura

921 1962 984 1984 ante
1003 1956 1063 1983 Filii
1082 1957 1161 1983 Verbi
1179 1956 1409 1989 incarnationem;
1438 1960 1520 1990 atque
1536 1957 1613 1983 unica
1629 1965 1707 1983 riiaii-

922 2003 958 2030 sit
972 2008 1067 2030 nattira
1083 2001 1224 2029 Trinitatis
1237 2002 1318 2029 etiam
1336 2006 1396 2036 post
1409 2000 1468 2028 Filii
1480 2002 1649 2029 incariiatiori
1662 2011 1706 2029 -ιιι,

923 2049 1020 2084 Siquis
1030 2057 1093 2075 vero
1108 2049 1257 2076 accessisse
1273 2048 1469 2075 incrementum
1485 2048 1608 2075 Triiiitati
1623 2049 1708 2075 credit

922 2101 1032 2131 propter
1046 2100 1216 2130 assumptum
1231 2103 1246 2122 a
1265 2094 1355 2120 Verbo
1370 2094 1577 2126 humanitatem,
1595 2095 1616 2120 is
1631 2103 1645 2120 a
1659 2102 1708 2121 iio-

924 2143 966 2170 bis
981 2142 1086 2169 alienus
1106 2146 1157 2173 est,
1173 2145 1198 2168 et
1211 2141 1246 2167 ali
1268 2140 1395 2167 Ecclesia:
1411 2140 1549 2167 catholica:
1559 2144 1585 2167 et
1597 2144 1706 2174 aposto-

86 2204 146 2228 iies,
165 2196 246 2222 verba
263 2195 295 2221 de
312 2194 419 2228 lingua,
432 2198 458 2220 et
471 2192 579 2220 siiiiilia.
608 2191 667 2218 Jarii
683 2191 704 2217 si
719 2191 774 2217 hinc
786 2212 793 2222 ,
805 2198 870 2224 quae
888 2179 908 2205 θ
923 2189 981 2216 lica:
993 2187 1153 2215 ministerio.
1188 2186 1250 2214 "rec
1261 2191 1302 2213 est
1314 2187 1380 2213 tides
1395 2186 1509 2221 integra,
1525 2190 1629 2217 sancta,
1645 2193 1709 2219 apo«

87 2243 111 2269 iii
130 2242 210 2269 nobls
227 2241 305 2272 (iniit,
322 2240 433 2266 miiiiine
449 2238 632 2273 agnoscimus,
648 2239 694 2271 qui
708 2237 765 2264 lieri
783 2241 871 2271 potest

86 2293 116 2315 tit
130 2288 246 2315 iiicreati
254 2287 394 2315 Creatoris
408 2285 580 2321 mysterium,
591 2284 663 2318 quod
675 2290 784 2310 omnem
797 2289 871 2309 men-

122 2378 144 2392 ³⁷
161 2376 240 2404 Joan.
265 2384 330 2403 xvii.
386 2375 408 2391 ³⁸
428 2373 522 2401 Matth.
542 2381 588 2404 iii,
604 2372 654 2405 t7;
673 2372 738 2399 Luc.
757 2380 782 2398 ix
795 2391 802 2402 ,
825 2371 869 2398 55.

923 2236 1018 2264 stolica
1029 2235 1075 2262 Dei
1088 2234 1185 2262 sancti.
1198 2233 1271 2261 Laus
1283 2233 1409 2260 Trinitati
1424 2237 1523 2260 sanctae
1534 2233 1561 2260 in
1574 2237 1707 2259 aeternum

923 2290 970 2318 per
985 2281 1146 2309 sazculorum
1161 2280 1276 2308 saecula!
1296 2279 1393 2307 Amen.

926 2370 947 2386 "
967 2370 1045 2397 Joan.
1065 2378 1084 2403 r,
1104 2369 1147 2396 18.

121 2454 160 2490 (8)
182 2454 218 2482 De
232 2455 274 2482 liis
287 2454 384 2489 legesis
400 2453 508 2481 Graecos
522 2452 615 2480 Patres
628 2451 698 2486 apud
714 2450 863 2481 Pctavium,
885 2448 923 2475 De
941 2447 1026 2481 Trin.,
1040 2448 1087 2475 lib.
1103 2455 1141 2475 vr.

48 3190 51 3218 ἶ
557 3201 581 3223 ,ο
603 3191 801 3219 β
844 3191 856 3204 Α
867 3189 872 3198 ¹
1096 3182 1124 3224 ³]
1252 3192 1316 3222 π-’Ἷ-
1328 3208 1348 3214 -μ
1360 3180 1402 3218 ,ξ’ξί
1874 3177 1904 3202 ᾗ

1108 3248 1120 3280 ιλ]
1308 3278 1310 3280 .

1072 3326 1076 3340 J
1284 3325 1285 3330 η

1070 3350 1072 3376 ι
1220 3336 1283 3386 πιεῖῗὶ
1336 3372 1348 3380 ,.
1360 3368 1400 3384 ηπ.

730 3410 732 3416 .
752 3386 880 3416 ““’”-”““·.
1072 3388 1080 3414 1ι
1293 3380 1336 3414 1““

718 3428 720 3474 ῃ
896 3442 910 3476 ..ιι
1090 3464 1092 3476 Ι
1212 3432 1268 3512 ἃ
1275 3463 1277 3472 <
1282 3453 1292 3480 ι’

722 3488 736 3510 Ί·-
912 3488 918 3512 l-
1269 3484 1288 3512 5“
1528 3498 1532 3512 ;
