3950 6326
508 301 644 362 uer
1217 301 1276 358 s.
1315 281 1642 357 GREGORil
1675 276 2032 357 THAUMAT.
2079 297 2230 356 ore.
2267 295 2452 353 PARS
2485 295 2783 352 ALTERA.
2823 325 2893 336 —
2930 294 3158 353 poma.
3613 294 3755 352 uas

506 536 3737 566 Mm

1078 699 1423 834 ΤΟΥ
1568 695 2086 837 ΑΓΙΟΥ
2233 692 3198 828 ΓΡΗΓΟΡΙΟΥ

1350 943 1648 1061 ΤΟΥ
1706 941 2914 1060 ΘΑΥΜΑΤΟΥΡΓΟΥ

1137 1162 1702 1257 ΚΕΦΑΛΑΙΑ
1797 1168 2056 1254 ΠΕΡΙ
2150 1166 2624 1254 ΠΙΣΤΕΩΣ
2683 1153 3128 1252 ΔΩΔΕΚΑ

992 1352 1087 1407 Ἐν
1134 1347 1224 1419 οἷς
1264 1350 1365 1406 καὶ
1407 1347 1885 1421 ἁναθεματισμὸς
1929 1352 2116 1403 κεῖται
2155 1346 2256 1402 καὶ
2289 1345 2574 1417 ἑρμηνεία
2604 1344 2841 1412 ἑκάστῳ
2883 1343 3295 1401 ὑποτέτακται.

769 1693 927 1850 s.
1076 1667 2008 1848 GREGORII
2133 1677 3514 1845 THAUMATURGI

1795 1983 1994 2110 DE
2105 1977 2467 2108 FIDE

1383 2235 2092 2361 CAPITULA
2165 2223 2905 2357 DUODECIM

1024 2469 1104 2529 1η
1137 2464 1360 2550 quibus
1393 2475 1449 2528 et
1477 2464 2024 2528 anathematismus
2045 2463 2314 2542 ponitur
2343 2470 2399 2524 et
2445 2461 2786 2546 explicatio
2813 2461 3238 2544 subiungitur.

1159 2635 1345 2700 (Opera
1369 2631 1618 2692 Gretseri,
1643 2642 1682 2683 t.
1704 2631 1808 2692 XV,
1831 2645 1879 2694 ι).
1907 2629 2014 2679 451.
2040 2629 2324 2682 Βοιιεὶιοιιω
2348 2630 2484 2692 ΠΗ,
2507 2630 2694 2695 ln-lbl.,

1549 2633 1618 2692 eri,
1643 2642 1682 2683 t.
1704 2631 1808 2692 XV,
1831 2645 1879 2694 ι).
1907 2629 2014 2679 451.
2040 2629 2324 2682 Βοιιεὶιοιιω
2348 2630 2484 2692 ΠΗ,
2507 2630 2694 2695 in-ibh,
2719 2646 2783 2682 ex
2806 2631 2974 2683 codice
2995 2630 3109 2693 ms.)

1188 2937 1344 2993 CAP.
1381 2937 1420 2990 l.
2116 2945 2162 2993 Α

2116 2945 2162 2993 Α
2837 2937 2992 2990 ΚΕΦ.
3032 2939 3110 2991 Α’.

1188 2945 1344 2993 CAP.
1381 2945 1420 2990 Ι.
2116 2945 2149 3000 Α

589 3030 797 3107 Siquis
819 3033 1016 3089 dixerit
1043 3046 1243 3101 corpus
1266 3030 1470 3085 Christi
1509 3043 1630 3084 esse
1674 3029 1997 3094 increatum,
2031 3039 2086 3084 et

2838 2945 2992 2990 ΚΕΦ.
3032 2945 3111 2991 Ᾱ’.

2258 3026 2327 3083 Εἴ
2363 3041 2448 3092 τις
2490 3026 2638 3098 λέγει
2669 3029 2921 3084 άκτιστον
2951 3030 3012 3082 τὸ
3057 3029 3212 3101 σῶμα
3242 3028 3336 3084 τοῦ
3371 3032 3638 3105 Χριστοῦ,
3671 3027 3763 3091 καὶ

517 3142 627 3186 non
660 3129 947 3186 confessus
978 3124 1143 3181 fuerit
1175 3125 1353 3194 ipsum
1389 3123 1690 3177 increatum
1723 3121 1818 3176 Dei
1847 3119 2077 3177 Verbum

2203 3120 2265 3192 ιὴ
2296 3121 2549 3192 ὁμολογεῖ
2575 3121 2737 3174 αὐτὸν
2767 3122 2857 3174 τὸν
2881 3121 3132 3175 ᾶκτιστον
3171 3121 3264 3176 τοῦ
3288 3122 3426 3177 Θεοῦ
3455 3125 3642 3200 [Θεὸν]
3668 3129 3763 3181 Δὸ-

515 3236 583 3274 ex
632 3226 816 3273 creata
865 3215 1208 3270 humanitate
1267 3213 1650 3279 incarnatum,
1702 3212 2075 3282 hominemun

2204 3229 2282 3281 (ον
2307 3215 2371 3266 ὲκ
2395 3213 2493 3283 τῆς
2532 3213 2755 3284 κτιστῆς
2791 3213 3204 3286 ἀνθρωπότητος
3225 3215 3325 3286 τὴν
3364 3216 3650 3288 σάρκωσιν
3669 3220 3764 3273 καὶ

517 3313 719 3368 factum
740 3325 892 3375 esse,
923 3309 1066 3364 sicut
1091 3309 1356 3377 scriptum
1386 3316 1500 3370 est,
1531 3306 1820 3362 anathema
1840 3314 1978 3363 esto.

2199 3310 2285 3379 τὴν
2321 3305 2728 3378 ὲνανθρὼπησιν
2765 3307 3193 3378 ἐπιδειξάμενον,
3223 3307 3406 3374 καθὼς
3434 3311 3759 3383 γέγραπται.

2187 3399 2436 3470 ἀνάθεμα
2468 3399 2608 3452 ἔστω
2632 3398 3175 3472 [ἀναθεματιςέσθω].

1139 3491 1462 3561 Explicatio.

2818 3493 3145 3562 Ἐρμηνεία.

585 3585 702 3653 Qua
739 3586 954 3640 ratione
987 3585 1094 3641 dici
1139 3593 1317 3656 potest
1345 3599 1546 3653 corpus
1577 3583 1918 3638 increatum?
1949 3579 2086 3638 Nam

2260 3584 2386 3647 Πῶς
2427 3584 2474 3637 δ’
2509 3583 2574 3638 ἂν
2605 3582 2760 3656 [γὰρ]
2808 3583 3017 3654 λέγοιτο
3057 3587 3307 3640 ἄκτιστον
3347 3588 3408 3640 τὸ
3455 3587 3655 3660 empta;
3695 3589 3759 3643 Τὸ

513 3678 660 3749 quod
688 3678 988 3732 increatum
1013 3686 1127 3742 est,
1164 3675 1216 3730 id
1245 3676 1409 3731 etiam
1447 3675 1720 3745 passionis
1741 3689 1937 3744 expers
1964 3682 2073 3739 est,

2199 3675 2298 3748 γὰρ
2335 3677 2609 3738 ἄκτιστον,
2651 3677 2879 3741 ἀπαθὲς,
2913 3679 3172 3751 ἄτρωτον,
3219 3679 3599 3753 ἁψηλάφητον.
3639 3683 3759 3753 Χρι-

517 3785 691 3840 neque
727 3769 1039 3834 vulnerari,
1077 3783 1254 3838 neque
1277 3769 1422 3839 tangi
1474 3777 1672 3838 potest.
1730 3767 1800 3822 At
1833 3768 2077 3823 Christus

2198 3769 2314 3831 στὸς
2343 3767 2400 3820 δὲ
2434 3771 2499 3822 ὲκ
2539 3769 2751 3840 νεκρῶν
2788 3770 3044 3835 ἀναστὰς,
3079 3771 3247 3825 τύπον
3288 3773 3458 3842 ἥλων,
3497 3776 3596 3828 καὶ
3625 3775 3758 3841 νύξιν

515 3877 806 3932 resurgens
851 3875 917 3916 ex
957 3861 1226 3925 mortuis,
1276 3862 1603 3918 monstravit
1641 3860 1928 3930 discipulis
1973 3861 2075 3916 suis

2201 3860 2388 3933 λόγχης
2441 3861 2535 3914 καὶ
2579 3862 2888 3933 ψηλάφησιν
2943 3861 3192 3935 σώματος
3239 3863 3508 3939 [σώματι]
3564 3865 3761 3922 ἐπεδεί-

513 3953 741 4024 vestigia
777 3953 1087 4020 clavorum,
1112 3953 1313 4007 vulnus
1343 3968 1372 4006 a
1399 3953 1588 4008 lancea
1629 3951 1929 4017 inllictum,
1961 3966 2073 4006 cor-

2197 3969 2351 4005 κνυτο
2390 3956 2502 4016 τοῖς
2535 3955 2824 4025 μαθηταῖς,
2865 3957 3041 4010 καίτοι
3078 3957 3187 4012 τῶν
3231 3957 3410 4029 θυρῶν
3443 3961 3757 4032 κεκλεισμέ·

515 4059 724 4113 pusque
754 4058 913 4097 suum
949 4043 1276 4112 palpandum
1311 4044 1573 4114 praebuit,
1596 4059 1910 4115 quanquam
1935 4042 2075 4096 clau-

2196 4060 2294 4095 νων
2328 4043 2602 4109 εἰσελθὼν,
2634 4045 2746 4098 ἀλλ’
2789 4045 2874 4099 ἵνα
2912 4045 3063 4120 δείξῃ
3107 4049 3199 4102 καὶ
3228 4049 3325 4120 τῆς
3371 4049 3634 4121 θεότητος
3670 4054 3756 4122 τὴν

513 4136 592 4190 sis
616 4136 800 4204 januis
847 4135 1167 4205 ingressus,
1215 4145 1276 4190 ut
1319 4138 1632 4192 ostenderet
1680 4147 1734 4192 et
1782 4136 2073 4191 divinitatis

2195 4132 2490 4202 ἐνέργειαν,
2536 4136 2628 4187 καὶ
2672 4134 2766 4188 τοῦ
2825 4135 3075 4207 σώματος
3117 4138 3216 4210 τὴν
3271 4141 3557 4213 ἀλήθειαν.
3610 4143 3755 4212 (Καί-

514 4229 886 4299 operationem
915 4237 968 4281 et
1000 4227 1247 4297 corporis
1272 4229 1576 4283 veritatem.
1637 4223 1913 4290 (Tametsi
1945 4227 2074 4283 Deus

2191 4238 2270 4275 τοι
2307 4224 2379 4294 (9)
2410 4223 2542 4288 Θεὸς
2569 4224 2664 4290 ὢν,
2699 4225 2986 4298 ἄνθρωπος
3015 4229 3335 4302 ὲγνωρίζετο
3371 4235 3641 4302 φυσικῶς,
3671 4234 3751 4287 καὶ

515 4329 632 4373 crat
660 4359 677 4383 ,
710 4335 836 4375 vere
867 4329 1049 4374 tamen
1070 4321 1470 4390 agnoscebatur
1502 4323 1706 4388 homo;
1750 4331 1806 4376 et
1830 4337 1954 4377 cum
1983 4322 2075 4376 ho-

2189 4313 2473 4386 ἄνθρωπος
2504 4317 2761 4389 ὑπάρχων
2793 4320 3026 4392 ἀληθῶς,
3067 4322 3200 4386 Θεὸς
3226 4326 3337 4388 τοῖς
3379 4325 3567 4396 ἔργοις
3609 4326 3749 4396 ἐφαί-

517 4427 608 4464 ιιιο
639 4425 763 4466 vere
794 4420 939 4467 esset
965 4452 982 4479 ,
1017 4411 1160 4468 Deus
1182 4428 1246 4467 ex
1272 4413 1407 4483 ipsis
1436 4415 1551 4468 suis
1572 4412 1876 4467 actionibus
1917 4428 2086 4484 appa-
2193 4425 2331 4460 νετο.

516 4503 713 4574 rebat.)

1162 4593 1313 4650 CAP.
1351 4593 1418 4649 ΙΙ.

2843 4599 2998 4651 ΚΕΦ.
3035 4599 3108 4653 B’.

591 4685 647 4740 Si
673 4687 796 4755 quis
825 4685 1024 4741 dixerit
1058 4703 1277 4743 carnem
1323 4686 1524 4742 Christi
1564 4703 1685 4742 esse
1725 4688 2087 4742 consubstam

2263 4683 2331 4736 Ei
2350 4701 2432 4747 τις
2457 4681 2604 4753 λέγει
2631 4685 2806 4758 σάρκα
2837 4687 2930 4740 τοῦ
2957 4688 3190 4758 Χριστοῦ
3213 4687 3500 4760 ὀμοοὺσιον
3530 4687 3627 4759 τῆς
3647 4688 3740 4741 θεό-

517 4778 702 4831 tialem
735 4779 1026 4844 divinitati,
1059 4789 1113 4834 et
1139 4795 1246 4833 non
1291 4779 1577 4836 confessus
1603 4779 1771 4836 fuerit
1803 4779 2077 4836 Christum

2191 4792 2371 4848 τητος,
2402 4778 2493 4831 καὶ
2535 4777 2608 4850 μὴ
2641 4779 2890 4849 ὁμολογεῖ
2920 4782 3081 4836 αὑτὸν
3108 4782 3166 4836 ὲν
3199 4785 3378 4854 μορφῇ
3412 4783 3546 4838 Θεοιῖι⁹
3583 4783 3736 4851 ὑπάρ-

520 4869 573 4920 in
635 4867 808 4922 forma
861 4868 956 4923 Dei
1003 4868 1171 4924 Deum
1216 4881 1476 4925 teternum
1515 4885 1657 4934 esse,
1697 4879 2080 4941 assumptaque

2191 4886 2354 4940 χοντα
2385 4865 2515 4923 Θεὸν
2555 4871 2896 4942 προαιὼνιον,
2939 4877 3034 4929 καὶ
3083 4872 3268 4930 ἑαυτὸν
3309 4876 3618 4931 κενώσαντα
3657 4875 3733 4927 καὶ

520 4959 661 5013 servi
697 4956 872 5011 forma
897 4974 956 5013 se
981 4959 1311 5015 exinaniisse
1331 5001 1345 5024 ,
1379 4961 1669 5016 anathema
1700 4971 1840 5016 esto.

2191 4961 2421 5015 λαϐόντα
2452 4961 2634 5016 δούλου
2669 4963 2901 5035 μορφὴν,
2925 4965 3104 5029 καθὼς
3149 4963 3479 5039 γέγραπται,
3513 4966 3733 5035 ἀνάθεμα

1147 5051 1469 5122 Explicatio.
2191 5052 2331 5105 ἔστω
2369 5051 2707 5125 [ἀναθεματιέ

2191 5052 2331 5105 ἔστω
2369 5051 2912 5127 [ἀναθεματιζέσθω).
3349 5045 3355 5053 ’

589 5139 869 5206 Quomodo
895 5155 1024 5196 caro
1057 5142 1111 5196 in
1146 5152 1387 5214 tempore
1418 5145 1632 5200 condita
1663 5145 1906 5216 ejusdem
1953 5145 2086 5201 sub—
2816 5147 3140 5218 Ἐρμηνεία.

521 5233 735 5287 Stantia!
749 5232 856 5287 dici
884 5242 1060 5302 potest
1091 5250 1214 5288 cum
1243 5235 1570 5306 sempiterna
1593 5237 1910 5292 divinitate?
1934 5237 2081 5292 Con-

2261 5237 2384 5302 Πῶς
2410 5237 2464 5292 δὲ
2495 5239 2530 5310 ἡ
2573 5239 2710 5310 μετὰ
2743 5237 2933 5313 χρόνον
2968 5242 3106 5314 σάρξ
3147 5239 3428 5314 ὁμοοῦσιος
3455 5245 3520 5298 ἂν
3546 5243 3728 5310 λέγοιτο

520 5325 880 5380 sulnstantiale
914 5325 1059 5380 enim
1091 5328 1413 5398 appellatur,
1449 5329 1595 5398 quod
1631 5329 1751 5386 sine
1776 5332 2080 5385 variationu

2190 5327 2286 5402 τῆς
2327 5333 2554 5403 ἀχρόνου
2597 5331 2879 5406 θεότητος;
2935 5335 3246 5406 ’(ὶμοοὺσιον
3285 5338 3394 5410 γὰρ
3439 5334 3637 5406 λέγεται
3671 5331 3726 5386 τὸ

519 5427 572 5473 et
601 5419 977 5474 vicissitudine
1006 5417 1146 5474 idem
1175 5429 1259 5474 est
1301 5430 1494 5476 natura
1521 5429 1575 5476 et
1605 5424 1928 5479 aeternitate.

2185 5419 2381 5478 ταυτὸν
2411 5427 2476 5496 τῇ
2508 5421 2666 5494 φύσει
2695 5427 2789 5481 καὶ
2819 5429 2884 5498 τῇ
2917 5428 3176 5500 ἀῖδιότητι
3201 5431 3629 5502 ἀπαραλλάκτως.

1143 5510 1296 5570 CAP.
1332 5509 1421 5568 Ill.

2843 5519 2999 5572 ΚΕΦ.
3035 5521 3109 5574 Γ’.

592 5595 649 5650 Si
691 5598 814 5668 quis
860 5597 1059 5655 dixerit
1084 5597 1410 5671 Christum,
1460 5602 1636 5660 instar
1677 5604 1951 5676 propheta:
1985 5621 2084 5662 cus

2259 5603 2328 5662 Εἴ
2348 5625 2433 5674 τις
2456 5608 2602 5681 λέγει
2626 5610 2907 5683 ἄνθρωπον
2925 5611 3125 5668 τέλειον
3145 5614 3484 5688 ἀνειληφέναι
3503 5614 3588 5668 τὸν
3607 5612 3718 5681 Χρι-

591 5738 669 5808 (9)
703 5737 819 5795 Non
863 5723 1182 5800 erant-hate
1225 5745 1278 5800 in
1339 5747 1630 5817 exemplari
1680 5757 1991 5818 pervetusto
2023 5760 2076 5807 et
2123 5751 2433 5809 emendato.
