3950 6326
274 276 415 333 “29

1463 278 1552 332 DE
1588 278 1741 334 FIDE
1772 279 2113 336 CAPITULA
2150 279 2264 334 XII.

3358 279 3492 334 H30

272 400 418 464 στὸν,
446 398 523 462 ὡς
549 396 645 451 ἕνα
672 395 780 450 τῶν
806 397 1117 469 προφητῶν,
1152 399 1245 451 καὶ
1283 396 1357 468 μὴ
1391 397 1640 469 ὁμολογεῖ
1681 399 1830 454 αὐτὸν

1939 400 2169 470 iuspiam
2190 440 2206 466 ,
2236 396 2531 468 perfectum
2559 397 2833 453 hominem
2861 398 3224 468 assumpsisse
3246 436 3262 463 ,
3301 406 3356 454 et
3380 413 3493 453 non

268 496 339 565 τῇ
377 488 650 564 σαρκώσει
679 493 747 563 τῇ
775 492 839 544 ἐκ
880 490 1142 554 παθόντος
1169 490 1278 562 [ἵσ.
1310 492 1375 543 ὲκ
1415 490 1716 563 Παρθένου]
1739 507 1831 559 γε-

269 599 403 654 γενη
412 582 569 653 μένον
602 578 931 653 [γενόμενον]
955 579 1233 651 ἄνθρωπον
1259 580 1350 633 τὸν
1383 581 1438 634 ὲν
1480 579 1722 652 Βηθλεὲμ
1748 598 1834 634 τε·

270 675 491 748 χθέντα,
515 674 609 728 καὶ
645 677 701 728 ὲν
725 673 973 744 Ναζαρὲτ
1002 668 1394 744 ἀνατραφέντα,
1429 671 1525 726 καὶ
1556 671 1831 744 προκοπὴν

188 796 195 804 -
271 766 490 838 ἡλικίας
516 763 936 833 ἐπιδειξάμενον,
968 764 1062 818 καὶ
1103 750 1309 835 χρόνών
1349 761 1642 832 ἀρίθμησιν
1671 778 1832 832 ποιη-

273 859 511 929 σάμενον
554 854 1021 929 [ἐπιδειξάμενον],
1066 856 1122 908 ὲν
1165 853 1401 927 Ἰορδάνῃ
1452 852 1831 925 βαπτισθέντα,

272 952 371 1006 καὶ
398 949 503 1004 ὑπὸ
530 948 623 1003 τοῦ
659 949 873 1020 Πατρὸς
907 944 1349 1020 μαρτυρηθέντα’
1384 942 1573 1012 Οὗτός
1600 945 1770 999 ἐστιν
1799 947 1833 999 ό

281 1044 418 1110 mg
439 1059 559 1112 μου
595 1043 628 1095 ὀ
664 1040 989 1110 ἀγαπητὸς,
1017 1037 1198 1104 καθὼς
1227 1039 1555 1109 γέγραπται,
1588 1037 1834 1107 ἀνάθεμα

271 1132 416 1187 ἔστω
444 1127 995 1204 [ἀναθεματιζέσθω].’

901 1222 1226 1290 Ἑρμηνείιι.

343 1316 472 1377 Πῶς
504 1313 549 1366 δ’
577 1313 641 1368 ἂν
679 1312 887 1381 λέγοιτο
924 1311 1204 1383 ἄνθρωπον
1249 1311 1451 1365 τέλειον
1493 1310 1831 1381 ἀνειληφέναι

268 1415 366 1465 τὸν
402 1407 631 1480 Χριστὸν
657 1403 905 1477 [Κύριον]
937 1405 1011 1467 ὡς
1042 1404 1137 1457 ἕνα
1176 1402 1284 1457 τῶν
1328 1401 1641 1474 προφητῶν,
1669 1399 1829 1455 αὐτοῦ

267 1501 369 1556 τοῦ
419 1499 620 1571 Κυρίου
672 1494 957 1567 ἀνθρώπου
1005 1495 1293 1566 γενομένου
1340 1497 1404 1565 τῇ
1448 1494 1512 1547 ἐκ
1558 1492 1829 1564 Παρθένου

270 1592 575 1666 σαρκώσει;
603 1591 693 1644 Διὸ
727 1589 1053 1661 γέγραπται,
1076 1588 1156 1640 ὅτι
1184 1590 1217 1641 ό
1259 1585 1488 1655 πρῶτος
1525 1585 1830 1655 ἄνθρωπος

266 1689 341 1742 ἐκ
363 1685 477 1757 τῆς
504 1684 723 1755 χοϊκός.
763 1680 976 1752 Ἐπειδὴ
1002 1681 1057 1734 δὲ
1078 1682 1106 1734 6
1131 1682 1195 1732 ὲκ
1218 1680 1319 1750 γῆς
1346 1677 1599 1741 πλασθεὶς
1622 1680 1700 1742 εἰς
1726 1676 1829 1747 γῆν

1932 487 2215 544 confessus
2235 486 2399 542 fuerit
2423 502 2545 541 eum
2572 527 2587 553 ,
2632 496 2907 558 assumpta
2932 503 3097 544 carne
3128 503 3192 544 ex
3224 486 3444 559 Virgine
3469 529 3486 554 ,

1933 576 2207 633 hominem
2234 576 2436 632 factum
2462 617 2478 642 ,
2518 576 2572 630 in
2597 575 2909 633 Bethlehem
2938 586 3124 634 natum
3153 619 3169 645 ,
3225 578 3279 632 in
3314 576 3491 635 Naza-

1931 667 2048 722 reth
2070 667 2356 724 educatum
2378 709 2392 733 ,
2423 675 2577 722 aetate
2601 667 2926 736 profecisse.
2951 671 3316 741 temporisque
3341 689 3487 729 com-

1931 759 2074 828 pleto
2099 775 2262 815 cursu
2290 760 2344 814 in
2366 758 2598 815 Jordane
2619 760 2947 829 baptizatum
2980 748 3100 818 esse
3128 804 3143 827 ,
3191 773 3245 818 et
3271 780 3302 818 a
3326 760 3485 819 Patre

1932 850 2299 906 testimonium
2326 851 2429 905 hoc
2458 851 2771 921 accepisse:
2805 852 2908 906 llic
2926 864 3003 907 est
3037 852 3210 909 Filius
3238 871 3378 911 meus
3398 858 3486 910 di~

1931 940 2092 997 lectus
2111 980 2128 1007 ,
2159 942 2330 1012 ipsum
2358 942 2534 996 audite
2564 942 2612 975 δ’
2632 983 2647 1008 ,
2679 944 2966 999 anathema
2988 944 3079 999 sit.

2552 1216 2872 1286 Explicatio.

2000 1307 2116 1375 Qua
2165 1309 2371 1363 ratione
2425 1309 2596 1363 asseri
2639 1316 2817 1377 potest
2858 1306 3136 1397 Christum
3185 1307 3485 1378 perfectum

1931 1396 2204 1452 hominem
2256 1397 2659 1467 assumpsisse,
2712 1394 2873 1466 quasi
2924 1394 3239 1468 prophetam
3294 1416 3487 1469 quem-

1930 1489 2114 1558 piam,
2150 1505 2273 1544 cum
2320 1489 2434 1559 ipse
2476 1489 2737 1544 Dominus
2767 1491 2930 1543 homo
2975 1488 3151 1545 factus
3184 1490 3289 1557 sit,
3324 1508 3488 1547 carne

1929 1597 1996 1635 ex
2034 1582 2249 1651 Virgine
2281 1582 2381 1636 sibi
2414 1590 2695 1651 assumpta
2723 1582 2746 1634 ?
2789 1579 3079 1651 Propterea
3112 1584 3371 1653 scriptum
3404 1595 3491 1640 est

1929 1668 2072 1738 quod
2121 1669 2323 1738 primus
2369 1670 2521 1724 homo
2565 1670 2637 1725 sit
2682 1670 2745 1724 de
2779 1679 2917 1724 terra
2963 1682 3194 1727 terrenus
3238 1676 3304 1728 “.
3334 1672 3492 1730 Post-

268 1752 629 1850 ἁπελήλυθεν,
659 1776 688 1828 6
726 1773 973 1845 δεύτερος
1001 1771 1281 1844 ἄνθρωπος
1318 1770 1603 1840 γενόμενος
1638 1772 1718 1834 εἰς
1744 1770 1830 1822 οὑ-

1939 1773 2092 1828 quam
2121 1775 2246 1815 vero
2273 1759 2321 1816 is
2344 1799 2359 1824 ,
2390 1761 2482 1851 qui
2507 1777 2574 1816 ex
2601 1771 2743 1816 terra
2775 1761 3041 1816 formatus
3070 1773 3186 1819 erat
3212 1805 3226 1829 ,
3280 1766 3333 1819 in
3379 1775 3490 1822 ter-

274 1871 474 1945 ρανοὺς
499 1867 810 1940 ἀνελήλυθε.
839 1868 946 1921 Καὶ
974 1866 1186 1935 λέγεται
1219 1867 1251 1919 ό
1277 1862 1505 1931 πρῶτος
1544 1860 1713 1931 Ἀδὰμ
1738 1862 1831 1915 καὶ

267 1969 305 2020 ὁ
354 1964 613 2031 ἔσχατος
664 1957 852 2029 Ἀδάμ.
896 1957 1004 2012 Καὶ
1044 1958 1231 2025 ὥσπερ
1270 1953 1633 2025 ὡμολόγηται,
1677 1952 1758 2005 ὅτι
1802 1953 1832 2006 6

266 2056 523 2126 δεύτερος
563 2054 628 2106 ὲκ
657 2051 751 2105 τοῦ
778 2049 989 2123 πρώτου
1020 2049 1080 2102 τὸ
1106 2048 1246 2103 κατὰ
1284 2048 1478 2118 σάρκα,
1505 2045 1585 2098 διὸ
1608 2045 1700 2099 καὶ
1740 2043 1833 2097 ἄν·

268 2149 511 2219 θρωπος,
541 2144 634 2198 καὶ
663 2143 788 2205 Υἰδς
819 2140 1099 2212 ἀνθρώπου
1122 2139 1354 2211 Χριστός
1376 2156 1388 2168 ·
1420 2136 1589 2200 οὕτως
1623 2151 1832 2208 μεμαρ·

265 2240 507 2311 ἐὕρηται
545 2238 628 2291 ὅτι
661 2237 690 2288 6
731 2234 981 2305 δεύτερος
1026 2231 1120 2286 τοῦ
1167 2229 1381 2301 πρώτου
1428 2227 1635 2299 ωτὴρ,
1668 2227 1733 2281 δι’
1773 2226 1831 2281 ὃν

269 2332 636 2405 κατελήλυθεν
665 2328 723 2396 ἐξ
751 2325 999 2398 οὐρανοῦ.
1042 2323 1257 2395 Ἐπειδὴ
1294 2322 1351 2375 δὲ
1378 2319 1436 2388 ἐξ
1475 2317 1700 2393 οὐρανοῦ
1729 2334 1830 2371 κα-

268 2424 446 2488 ταϐὰς
476 2424 505 2476 6
535 2422 706 2490 Λόγος
732 2419 825 2475 καὶ
859 2416 1140 2486 ἄνθρωπος
1164 2412 1450 2482 γενόμενος
1476 2411 1555 2472 εἰς
1586 2407 1711 2470 τοὺς
1738 2407 1830 2459 οὑ-

270 2517 473 2591 ρανοὺς
509 2511 817 2585 ἀνελήλυθε,
852 2506 939 2563 διὰ
968 2505 1122 2562 τοῦτο
1151 2503 1361 2574 λέγεται
1389 2502 1481 2557 καὶ
1513 2499 1574 2567 ἐξ
1603 2496 1830 2571 οὐρανοῦ

265 2611 299 2662 6
330 2608 580 2679 δεύτερος
622 2603 809 2674 Ἀδάμ.

919 2764 1078 2818 ΚΕΦ.
1111 2764 1184 2815 Δ’.

346 2857 424 2921 Εἴ
446 2880 529 2926 τις
563 2861 712 2930 λέγει
735 2861 801 2913 ὲκ
831 2856 1139 2929 σπέρματος
1168 2852 1357 2923 ἀνδρὸς
1391 2847 1715 2919 γεγενῆσθαι
1740 2845 1832 2900 τὸν

267 2955 508 3030 Χριστὸν
546 2955 608 3006 ὲκ
642 2947 940 3022 Παρθένου,
971 2947 1047 3010 ὡς
1088 2945 1285 3006 πάντες
1320 2942 1371 2995 οἰ
1408 2940 1702 3010 ἄνθρωποι,
1738 2938 1831 2990 καὶ

270 3050 354 3123 μὴ
383 3046 633 3119 ὁμολογεῖ
659 3043 820 3099 αὐτὸν
858 3042 923 3095 ὲκ
947 3038 1260 3109 Πνεύματος
1289 3033 1465 3103 ἁγίου,
1497 3032 1591 3085 καὶ
1616 3034 1679 3084 ἐκ
1699 3030 1833 3123 ⁸Μοι-

271 3120 401 3214 pia;
427 3139 526 3210 τῆς
557 3136 717 3206 ἁγίας
752 3132 1025 3205 Παρθένου
1061 3127 1409 3202 σαρκωθέντα
1440 3126 1533 3179 καὶ
1564 3120 1830 3192 ένανθρω-

268 3235 524 3305 πήσαντα
569 3231 634 3282 ὲκ
680 3226 991 3299 σπέρματος
1038 3220 1232 3284 Δαόἰδ,
1276 3216 1457 3280 καθὼς
1502 3215 1826 3285 γέγραπται,

269 3324 522 3394 ἀνάθεμα
543 3321 681 3375 ἔστω
712 3310 1253 3391 [άναθεματιζέσθω].

892 3401 1222 3476 Ἐρμηνεία.

343 3506 468 3572 Πῶς
507 3505 614 3577 γὰρ
642 3502 709 3576 [δ’
736 3499 825 3573 ἂν]
865 3498 1013 3566 λέγοι
1052 3513 1157 3560 τις,
1200 3496 1265 3548 ὲκ
1296 3492 1606 3563 σπέρματος
1642 3486 1831 3558 ἀνδρὸς

268 3598 598 3672 γεγενῆσθαι
626 3596 717 3650 τὸν
743 3591 973 3665 Χριστὸν
999 3591 1064 3643 ὲκ
1096 3586 1391 3659 Παρθένου,
1431 3582 1522 3635 τοῦ
1551 3581 1702 3650 ἁγίου
1730 3580 1831 3632 Εὐ-

268 3690 529 3763 αγγελίου
555 3687 649 3742 καὶ
676 3684 770 3739 τοῦ
798 3682 1023 3753 ἀγγέλου
1050 3675 1538 3748 εὐαγγελισαμένου
1571 3672 1666 3744 τὴν
1708 3673 1829 3726 Μα-

273 3788 435 3862 ριὰμ,
484 3782 583 3854 τῆς
638 3780 913 3853 Παρθένου
962 3774 1273 3849 εἰρηκυίας
1329 3770 1459 3837 Πῶς
1512 3768 1682 3824 ἔσται
1725 3783 1831 3862 μοι

268 3859 472 3940 τοῦτο,
493 3875 620 3930 ἐπεὶ
646 3872 834 3941 ἄνδρα
854 3872 925 3925 οὺ
948 3867 1214 3939 γινώσκω
1235 3882 1255 3930 ;
1274 3864 1366 3918 Διὸ
1386 3863 1534 3931 λέγει
1551 3877 1566 3894 '
1591 3859 1832 3928 Πνεῦμα

271 3972 450 4041 ἅγιον
490 3966 875 4022 ἐπελεύσεται
899 3960 1000 4015 ὲπί
1024 3958 1120 4023 σὲ,
1150 3957 1247 4012 καὶ
1278 3956 1527 4025 δύναμις
1551 3953 1831 4022 Ὑψίστου

268 4059 610 4117 ἐπισκιάσει
648 4073 747 4112 σοι
764 4073 778 4087 ·
823 4053 912 4108 διὸ
958 4052 1057 4106 καί
1102 4049 1169 4104 τὸ
1200 4046 1569 4120 γεννώμενον
1609 4045 1678 4099 ἐκ
1717 4043 1832 4098 σοῦ

269 4155 465 4224 ἄτιον,
496 4149 859 4220 κληθήσεται
899 4145 1177 4215 Ὑψίστου
1210 4141 1358 4207 Υἱός.
1382 4139 1492 4194 Καὶ
1521 4137 1598 4209 τῷ
1640 4136 1832 4209 Ἰωσὴφ

267 4247 423 4316 λέγει
443 4261 459 4276 ’
495 4243 591 4313 Μὴ
623 4238 887 4313 φοϐηθῇς
914 4236 1275 4307 παραλαϐεῖν
1309 4236 1545 4303 Μαριὰμ
1574 4231 1690 4300 τὴν
1727 4248 1831 4300 γυ-

270 4337 455 4395 ναῖκά
489 4353 637 4392 σουο
674 4334 737 4390 τὸ
779 4333 890 4405 γὰρ
927 4334 996 4387 ἐν
1036 4328 1189 4399 αὺτῇ
1218 4326 1506 4399 γεννηθὲν
1535 4327 1606 4381 ὲκ
1648 4324 1833 4379 Πνεύ-

1931 1865 2046 1905 ram
2102 1852 2355 1919 revertit;
2409 1853 2682 1909 secundus
2724 1854 2888 1909 homo
2931 1853 3143 1922 factus,
3205 1856 3258 1911 in
3315 1857 3487 1913 caelos

1932 1940 2196 1996 ascendit.
2243 1940 2313 1995 Et
2354 1941 2551 2015 dicitur
2577 1944 2779 2013 primus
2814 1944 3019 2010 Adam,
3078 1954 3133 2000 ct
3176 1947 3487 2002 novissimus

1930 2032 2100 2085 Adam
2124 2031 2190 2086 “.
2252 2031 2318 2085 Et
2361 2035 2819 2103 quemadmodum
2864 2034 2920 2089 in
2954 2034 3203 2091 confesso
3248 2044 3331 2091 est
3358 2080 3373 2103 ,
3420 2051 3488 2091 ex

1930 2123 2106 2192 primo
2126 2139 2246 2179 esse
2270 2127 2567 2180 secundum
2590 2165 2604 2190 ,
2650 2129 2793 2196 quod
2817 2128 2882 2183 ad
2913 2143 3131 2183 carnem
3165 2128 3393 2195 attinet,
3423 2145 3487 2183 ea

1931 2214 2074 2268 enim
2103 2213 2170 2269 de
2196 2229 2360 2270 causa
2396 2216 2712 2271 nominatur
2735 2217 2990 2275 Christus
3030 2220 3193 2275 homo
3234 2229 3288 2274 et
3315 2218 3488 2277 Filius

1933 2303 2200 2371 hominis;
2250 2306 2330 2361 sic
2368 2306 2587 2375 planum
2623 2317 2991 2379 testatumqne
3019 2320 3102 2364 est
3126 2349 3142 2372 ,
3188 2310 3486 2365 secundum

1931 2408 2054 2449 esse
2103 2393 2435 2453 Salvatorem
2479 2399 2678 2469 primi,
2726 2409 2945 2471 propter
3007 2417 3165 2471 quem
3212 2400 3374 2457 etiam
3420 2403 3487 2459 de

1932 2487 2071 2542 cmlo
2101 2489 2395 2545 descendit.
2423 2491 2559 2569 Quia
2584 2508 2713 2548 vero
2736 2493 2971 2549 Verbum
2996 2495 3063 2550 de
3090 2496 3230 2551 coelo
3259 2496 3486 2552 descen-

1931 2577 2064 2633 dens
2088 2586 2143 2633 et
2167 2580 2459 2636 humanam
2486 2592 2734 2638 naturam
2767 2585 2997 2639 induens
3018 2587 3069 2639 in
3095 2587 3262 2642 CtBlOS
3287 2601 3481 2643 ascen-

1931 2669 2042 2734 dit,
2078 2670 2201 2726 ideo
2235 2673 2502 2731 secundus
2533 2674 2704 2730 Adam
2731 2692 2794 2730 ex
2829 2677 2968 2737 cmlo
2993 2692 3114 2734 esse
3141 2678 3360 2735 dicitur.

2557 2765 2708 2821 CAP.
2766 2766 2853 2821 IV.

2004 2853 2062 2908 Si
2087 2855 2211 2925 quis
2240 2855 2438 2911 dixerit
2472 2871 2540 2910 ex
2568 2857 2670 2911 viri
2705 2861 2914 2914 semine
2957 2869 3140 2915 natum
3175 2875 3297 2916 esse
3323 2860 3487 2919 Chri-

1932 2956 2074 3002 stum
2101 2949 2169 3004 de
2200 2947 2419 3019 Virgine
2439 2987 2455 3014 ,
2488 2949 2554 3003 ad
2582 2965 2707 3005 eum
2738 2952 2958 3007 modum
2989 2970 3099 3023 quo
3125 2954 3305 3009 caeteri
3334 2970 3486 3009 mor-

1933 3038 2119 3094 talium
2150 3049 2447 3095 nascuntur
2470 3078 2485 3104 ,
2524 3050 2579 3095 et
2605 3056 2712 3097 non
2739 3043 3021 3100 confessus
3050 3043 3213 3103 fuerit
3242 3047 3392 3101 illum
3420 3063 3489 3104 ex

1932 3142 2118 3187 sancto
2151 3130 2356 3203 Spiritu
2399 3144 2454 3188 et
2479 3149 2545 3189 ex
2575 3132 2742 3189 Maria
2788 3137 3130 3193 sanctissima
3158 3137 3380 3211 Virgine
3405 3142 3489 3196 in-

1931 3230 2211 3279 carnatum
2238 3264 2254 3291 ,
2298 3224 2676 3295 hominemque
2698 3224 2899 3282 factum
2930 3243 2997 3284 ex
3032 3228 3237 3285 semine
3276 3229 3443 3287 David
3467 3273 3489 3303 ,

1931 3317 2073 3371 sicut
2107 3316 2368 3386 scriptum
2400 3326 2514 3383 est,
2542 3319 2831 3373 anathema
2854 3330 2990 3376 esto.

2545 3408 2869 3478 Explicatio.

2001 3497 2287 3565 Quomodo
2324 3501 2446 3570 quis
2475 3511 2682 3555 asserat
2711 3501 2985 3557 Christum
3026 3519 3090 3559 ex
3137 3506 3344 3562 semine
3384 3506 3489 3564 viri

1935 3599 2119 3645 natum
2155 3605 2272 3645 esse
2297 3591 2364 3646 de
2395 3592 2649 3664 Virgine,
2683 3608 2807 3648 cum
2841 3606 3247 3652 sacrosanctum
3313 3596 3490 3654 Evan-

1934 3684 2129 3753 gelium
2158 3692 2214 3738 et
2264 3684 2378 3754 ipse
2417 3686 2639 3755 angelus
2669 3694 2929 3741 testentur
2966 3685 3190 3744 Mariam
3216 3690 3421 3747 dixisse
3462 3709 3478 3747 :

1934 3772 2209 3840 Quomodo
2238 3776 2329 3846 ﬁet
2356 3776 2496 3831 istud
2522 3817 2537 3842 ,
2571 3778 2819 3846 quoniam
2855 3778 3023 3832 virum
3051 3795 3157 3833 non
3199 3782 3493 3851 cognosco?

1933 3868 2221 3939 Propterea
2242 3869 2374 3924 dicit
2401 3887 2416 3922 :
2448 3867 2683 3940 Spiritus
2709 3882 2922 3924 sanctus
2945 3874 3264 3939 superueniet
3303 3874 3359 3927 in
3397 3884 3446 3928 te
3470 3913 3488 3940 ,

1933 3970 1982 4017 et
2010 3962 2176 4015 uirtus
2208 3961 2473 4016 Altissimi
2500 3960 2828 4016 obumbrabit
2864 3961 2979 4018 tibi.
3023 3962 3249 4036 Ideoque
3280 3968 3489 4037 etquod

1933 4061 2179 4108 nascetur
2226 4068 2291 4108 ea:
2341 4063 2390 4107 te
2439 4061 2719 4122 sanctum,
2759 4053 3029 4109 vocabitur
3073 4054 3250 4111 Filius
3298 4056 3393 4112 Dei
3421 4058 3488 4113 “.

1936 4144 2139 4218 [Prius
2171 4145 2313 4200 enim
2347 4145 2557 4200 dixerat
2599 4156 2785 4202 sancta
2837 4146 3034 4217 Virgo:
3080 4148 3353 4214 Quomodo
3398 4150 3488 4220 ﬁet

1934 4236 2076 4291 istud
2097 4257 2122 4300 ·,
2166 4239 2416 4306 quoniam
2441 4238 2611 4291 virum
2637 4254 2737 4290 non
2760 4254 3012 4307 cognosco
3056 4238 3256 4312 (10)?]
3310 4239 3376 4295 Et
3399 4239 3493 4297 Jo-

1935 4329 2102 4400 sepho
2124 4328 2289 4383 dicit:
2324 4327 2452 4381 Noli
2474 4328 2654 4381 timere
2686 4329 2920 4398 accipere
2941 4331 3192 4398 Mariam,
3222 4332 3490 4403 conjugem

268 4432 461 4503 ματός
491 4429 658 4483 ἐστιν
698 4427 890 4497 ἁγίου.
940 4425 1172 4490 Τέξεται
1214 4421 1283 4474 δὲ
1321 4420 1475 4484 υἱὸν,
1516 4416 1615 4472 καὶ
1660 4415 1830 4471 καλέ-

1939 4434 2080 4476 tuam
2105 4435 2124 4473 :
2163 4420 2300 4491 quod
2326 4420 2464 4473 enim
2492 4420 2547 4475 in
2578 4437 2638 4474 ea
2661 4429 2845 4475 natum
2875 4430 2952 4475 est
2982 4460 2997 4486 ,
3045 4421 3110 4476 de
3133 4421 3338 4491 Spiritu
3367 4439 3492 4476 san-

271 4539 462 4582 σουσι
490 4521 784 4590 conrepta
827 4516 1012 4573 αὐτοῦ
1055 4513 1313 4585 Ἰησοῦνο
1336 4511 1516 4577 αὐτὸς
1561 4509 1670 4580 τὰρ
1711 4506 1827 4562 σώ-

273 4620 359 4683 ζει
384 4617 492 4673 τὸν
520 4615 674 4671 λαὸν
699 4610 883 4668 αὐτοῦ
903 4609 1018 4667 ἀπὸ
1045 4607 1165 4663 τῶν
1190 4602 1482 4675 ἁμαρτιῶν
1517 4601 1720 4657 αὐτοῦ.

920 4792 1078 4846 ΚΕΦ.
1109 4792 1185 4844 E'.

348 4896 417 4950 Εῑ
438 4911 519 4958 τις
540 4893 722 4961 λέγει’
753 4887 942 4950 Ἀλλος
970 4888 1000 4939 6
1023 4885 1129 4957 πρὸ
1154 4883 1362 4939 αἰώνων
1394 4882 1520 4946 Υἰὺς
1550 4879 1643 4934 τοῦ
1670 4879 1827 4944 Θεοῦ,

274 4987 375 5044 καὶ
423 4984 577 5047 ἄλλος
619 4982 649 5035 6
688 4979 775 5034 ἐπ’
815 4976 1076 5047 ἐσχάτων,
1124 4976 1215 5028 καὶ
1259 4973 1333 5045 μὴ
1373 4972 1622 5045 ὁμολογεῖ
1667 4970 1829 5025 αὑτὸν

274 5080 369 5135 τὸν
400 5077 505 5148 πρὸ
540 5075 746 5129 αἰώνων
775 5072 867 5125 τὸν
908 5070 1067 5124 αὐτὸν
1103 5069 1188 5122 ἐπ’
1219 5066 1477 5137 ἐσχάτων,
1519 5063 1700 5128 καθὼς
1736 5062 1827 5132 γέ-

277 5184 538 5243 γραπται,
565 5166 807 5235 ἀνάθεμα
832 5161 971 5216 ἔστω
995 5154 1535 5233 [ἀναθεματιζέσθω].

897 5342 1215 5413 Ἑρμηνεάι.

346 5441 473 5507 Πῶς
497 5441 542 5494 δ’
572 5440 639 5495 ἂν
675 5438 884 5508 λέγοιτο
923 5435 1080 5499 ἄλλος
1119 5435 1148 5487 6
1180 5432 1286 5505 πρὸ
1324 5431 1534 5488 αἰώνων
1570 5430 1664 5485 τοῦ
1694 5430 1828 5485 Θεοῦ

348 5581 396 5614 ι·
433 5579 619 5635 Matth.
648 5576 840 5646 111,57.
915 5573 1160 5631 “lCor.
1191 5572 1400 5645 mn.
1474 5571 1520 5604 ιι
1544 5570 1679 5627 Ibid.
1710 5540 1799 5627 is.

350 5736 467 5807 (10)
496 5733 621 5790 Haec
647 5733 913 5801 interpres
941 5730 1164 5786 addidit.

555 5832 825 5893 ΡΑἰίιοι..
857 5828 974 5890 Gn.
1007 5827 1088 5888 Χ.

1909 5568 1955 5602 ⁸⁸
1975 5566 2104 5624 an.
2142 5583 2182 5633 t,
2210 5567 2299 5637 54,
2345 5567 2434 5625 55.

1935 4527 2016 4573 cto
2042 4524 2138 4572 est.
2170 4514 2354 4570 Pariet
2378 4525 2552 4570 autem
2572 4516 2774 4585 ﬁlium,
2804 4523 2855 4568 et
2882 4514 3137 4568 vocabunt
3163 4530 3347 4569 nomen
3377 4514 3489 4583 ejus

1935 4607 2118 4664 Jcsum
2150 4623 2169 4672 ;
2229 4607 2339 4676 ipse
2377 4607 2516 4660 enim
2555 4604 2755 4659 salvum
2791 4605 2948 4674 faciet
2987 4603 3238 4674 populum
3266 4622 3422 4660 suum
3457 4623 3491 4660 a

1935 4699 2159 4769 peccatis
2177 4698 2289 4768 ejus
2323 4697 2388 4752 ⁸⁵.

2583 4787 2734 4844 CAP.
2774 4787 2838 4843 V.
3458 4840 3459 4843 η

2011 4884 2069 4938 Si
2093 4882 2216 4953 quis
2244 4881 2480 4936 dixerit:
2514 4881 2667 4937 Alius
2705 4892 2788 4938 est
2836 4879 3005 4936 Filius
3050 4880 3146 4937 Dei
3179 4893 3411 4940 aeternus
3440 4893 3493 4939 et

1936 4986 2063 5032 ante
2092 4975 2321 5041 saecula;
2372 4983 2427 5029 et
2468 4974 2645 5039 alius,
2685 4974 2780 5045 qui
2811 4974 3123 5032 novissimis
3154 4977 3491 5046 temporibus

1936 5069 2228 5141 apparuit;
2279 5074 2334 5123 et
2378 5082 2485 5121 non
2521 5066 2817 5123 confessus
2836 5066 3002 5123 fuerit
3053 5083 3224 5125 unum
3250 5077 3305 5124 et
3336 5083 3492 5129 eum-

1939 5162 2059 5216 dem
2086 5174 2206 5215 esse
2234 5158 2384 5213 illum
2416 5165 2679 5214 aeternum
2704 5199 2721 5227 ,
2765 5160 2861 5229 qui
2893 5160 3207 5217 novissimis
3244 5162 3492 5232 tempori-

1938 5252 2040 5307 bus
2060 5251 2338 5321 apparuit,
2391 5249 2533 5305 sicut
2580 5250 2840 5319 scriptum
2866 5260 2947 5308 est
2974 5292 2989 5316 ,
3038 5252 3485 5313 anathemaesto.

2556 5338 2879 5408 Explicatio.

2007 5432 2290 5500 Quomodo
2332 5432 2677 5490 aﬂirmaverit
2725 5434 2848 5505 quis
2873 5475 2888 5504 ,
2938 5449 3049 5490 non
3088 5449 3209 5490 esse
3240 5435 3487 5490 eumdem

2537 5568 2583 5601 “
2609 5566 2797 5625 Matth.
2849 5584 2900 5634 ι,
2947 5567 3039 5635 20,
3065 5565 3154 5623 21.

3101 5786 3176 5878 ao
