3950 6326
493 289 623 346 1151

1141 288 1200 344 S.
1241 287 1566 345 GREGORII
1606 285 1962 345 TIIAUMAT.
2005 288 2152 342 OPP.
2188 288 2367 345 PARS
2405 285 2701 344 ALTERA.
2737 318 2808 327 -—
2843 284 3067 343 DUBIA.

3572 287 3698 344 “52

493 405 590 462 Dei
621 404 817 460 Filium
839 447 853 472 ,
883 404 973 474 qui
1008 403 1075 459 ab
1100 417 1302 459 aeterno
1332 401 1432 460 fuit
1457 445 1470 468 ,
1509 415 1563 460 et
1582 407 1892 461 novissimis
1915 416 2019 459 tem

2153 406 2295 468 Υἱὸς,
2335 406 2427 458 καὶ
2467 404 2624 468 ἄλλος
2662 406 2690 458 6
2729 405 2818 457 ἐπ’
2855 401 3111 472 ἐσχάτων,
3155 402 3320 456 αὐτοῦ
3367 401 3460 455 τοῦ
3501 404 3698 476 Κυρίου

489 499 716 569 poribus
749 498 1036 568 apparuit,
1068 513 1190 552 cum
1224 499 1337 568 ipse
1369 497 1627 552 Dominus
1653 499 1798 552 dicat
1827 517 1840 552 :
1887 499 2046 550 Ante-

2149 495 2394 564 λέγοντος
2413 515 2426 526 ·
2469 496 2618 565 Πρὶν
2657 495 2900 564 Ἀϐραὰμ
2935 494 3230 565 γενέσθαι,
3257 493 3370 564 ἐγώ
3406 497 3521 564 ειμι
3546 512 3560 525 '
3589 496 3694 562 καὶ,

489 607 648 661 quam
673 590 939 644 Abraham
970 591 1116 659 ﬁeret
1137 632 1152 655 ,
1181 608 1271 660 ego
1300 607 1414 642 sum
1447 589 1525 655 ";
1556 599 1626 654 et,
1663 591 1790 659 quia
1831 605 1860 644 a
1891 589 2020 643 Patri

2147 587 2226 640 ὅτι
2256 588 2319 640 ἐκ
2346 587 2440 640 τοῦ
2472 589 2683 660 Πατρὸς
2713 587 2956 657 ἐξῆλθον,
2992 587 3083 638 καὶ
3125 586 3264 656 ἥκω,
3297 586 3391 639 κιύ⁵
3425 587 3585 642 πάλιν
3609 606 3698 642 ποο

489 683 652 748 exivi,
689 690 742 738 et
778 683 954 746 venio,
973 691 1026 737 ct
1046 683 1239 737 iterum
1267 683 1406 736 vado
1429 683 1497 737 ad
1513 681 1723 736 Patrem
1755 697 1932 737 rueum
1956 683 2001 714 ⁸⁵

2148 679 2373 750 ρεύομαι
2413 680 2547 750 πρὸς
2577 681 2667 733 τὸν
2697 680 2913 751 Πατέρα
2947 694 3080 748 μου,

1129 772 1280 827 CAP.
1317 771 1401 825 Vl.

562 863 619 919 Si
645 865 768 935 quis
800 864 994 920 dixerit
1015 881 1029 917 :
1054 863 1206 918 Alius
1231 873 1315 918 est
1339 865 1431 933 qui
1461 877 1655 934 passus
1680 873 1793 932 est,
1822 873 1878 919 et
1904 865 2044 920 alius

489 956 582 1025 qui
613 971 808 1025 passus
850 971 956 1010 non
986 963 1103 1017 est;
1152 965 1205 1009 et
1235 971 1344 1009 non
1391 957 1675 1012 confessus
1711 956 1874 1013 fuerit
1902 957 2040 1013 idem

490 1046 825 1116 impassibile
849 1055 904 1102 et
933 1047 1268 1102 immutabile
1294 1047 1386 1102 Dei
1421 1046 1654 1103 Verbum
1689 1050 2038 1119 propriasua

489 1154 650 1194 carne
692 1154 912 1208 passum
938 1155 1060 1194 esse
1082 1181 1096 1206 ,
1132 1140 1274 1195 sicut
1304 1140 1565 1210 scriptum
1594 1150 1714 1205 est,
1749 1142 2039 1200 anathema

487 1240 624 1285 esto.

1100 1322 1416 1394 Explicatio.

555 1413 669 1480 Qua
700 1414 907 1469 ratione
924 1414 1067 1469 dicat
1091 1415 1216 1486 quis
1233 1455 1247 1480 ,
1276 1416 1438 1470 alium
1461 1431 1582 1472 esse
1607 1418 1698 1488 qui
1715 1433 1906 1487 passus
1932 1424 2036 1484 est,

484 1515 537 1560 et
558 1507 720 1560 alium
745 1505 838 1574 qui
862 1521 1054 1576 passus
1074 1522 1177 1561 non
1197 1515 1308 1573 est,
1333 1508 1449 1577 ipso
1463 1507 1688 1564 Domino
1707 1509 2034 1565 aﬂirmante:

488 1597 702 1668 Oportet
725 1597 926 1652 Filium
957 1599 1181 1654 hominis
1206 1599 1372 1653 multa
1399 1601 1529 1670 pati,
1552 1611 1599 1654 et
1629 1602 1795 1655 occidi
1821 1641 1836 1667 ,
1876 1613 1924 1656 et
1953 1605 2037 1656 die

2783 770 2934 822 ΚΕΦ.
2967 771 3053 835 εῖν.

2214 863 2281 916 Εἴ
2317 881 2397 927 τις
2449 863 2627 932 λέγει’
2665 863 2854 926 Ἀλλος
2898 865 2928 915 6
2966 861 3177 926 παθὼν,
3216 865 3308 916 καὶ
3349 864 3508 928 ἄλλος
3554 865 3581 918 ὁ
3625 867 3693 937 μὴ

2145 953 2350 1018 παθὼν,
2389 956 2482 1008 καὶ
2520 954 2592 1026 μὴ
2628 955 2876 1026 ὁμολογεῖ
2902 956 3059 1011 αὑτὸν
3095 957 3184 1010 τὸν
3214 956 3394 1028 ἀπαθῆ
3431 956 3566 1008 Θεὸν
3598 958 3693 1009 Λό-

2141 1064 2235 1117 γον
2262 1048 2354 1100 καὶ
2374 1047 2637 1119 ἄτρεπτον
2661 1049 2822 1120 σαρκὶ
2849 1048 2954 1119 ἰδίᾳ
2987 1048 3224 1102 παθόντα
3253 1048 3557 1117 ἀτρέπτως,
3581 1048 3675 1101 καθ

2140 1137 2214 1202 ὼς
2238 1138 2560 1209 γέγραπται,
2592 1139 2840 1210 ἀνάθεμα
2873 1139 3011 1192 ἔστω
3046 1137 3588 1211 [ἀναθεματιξέσθω].

2757 1323 3082 1392 Ἐρμηνεία.

2208 1414 2330 1479 Πῶς
2352 1415 2408 1468 δὲ
2437 1414 2503 1468 ἂν
2540 1414 2746 1484 λέγοιτο
2769 1415 2924 1478 ἄλλος
2951 1417 2979 1468 6
3017 1413 3224 1479 παθὼν,
3259 1416 3350 1468 καὶ
3377 1415 3534 1476 ἄλλος
3561 1416 3589 1466 6
3620 1415 3691 1484 μὴ

2138 1506 2342 1571 παθὼν,
2374 1505 2537 1560 αὑτοῦ
2575 1506 2668 1559 τοῦ
2707 1506 2912 1577 Κυρίου
2961 1505 3208 1574 λέγοντος
3230 1521 3244 1535 ·
3293 1504 3393 1558 Δεῖ
3423 1506 3530 1558 τὸν
3562 1505 3694 1557 Υἱὸν

2135 1599 2241 1654 τοῦ
2273 1600 2584 1667 ἀνθρώπου
2612 1597 2810 1652 πολλὰ
2843 1599 3069 1662 παθεῖν,
3099 1599 3196 1652 καὶ
3227 1596 3691 1666 ἀποκτανθῆναι,

483 1691 640 1746 tertia
690 1709 724 1744 a
767 1692 986 1746 mortuis
1019 1707 1285 1761 resurgere
1314 1692 1390 1758 ";
1418 1701 1509 1747 et:
1545 1693 1767 1759 Quando
1791 1693 2020 1747 videbitis

2139 1691 2238 1745 καὶ
2277 1689 2350 1760 τῇ
2383 1691 2546 1759 τρίτῃ
2585 1690 2771 1759 ἡμέρᾳ
2804 1690 3137 1759 ἀναστῆναι
3177 1691 3246 1744 ἐκ
3275 1693 3533 1758 νεκρῶν·
3564 1691 3688 1743 καί·

481 1774 684 1839 Filium
709 1785 931 1838 hominis
967 1785 1224 1838 sedentem
1269 1786 1321 1838 in
1357 1785 1558 1840 dextra.
1595 1785 1770 1839 Patris
1797 1787 1885 1853 u';
1929 1795 1984 1840 et
2016 1807 2020 1841 :

2141 1755 2655 1850 Ὅτανητὸἦτεητὸν⁸
2861 1783 2967 1836 τοῦ
3003 1755 3315 1851 ἀνθρώπου
3358 1755 3690 1852 πιαθήμενον

482 1871 705 1942 Quando
731 1877 895 1931 ueniet
916 1875 1088 1930 Filius
1109 1876 1332 1930 hominis
1358 1880 1413 1930 in
1451 1877 1621 1947 gloria
1650 1877 1829 1932 Patris
1845 1879 1926 1934 sui
1951 1870 2030 1923 ⁸θῖ

1103 2054 1254 2114 CAP.
1299 2058 1408 2113 VII.

551 2149 608 2206 Si
641 2151 765 2222 quis
793 2151 988 2206 dixerit
1023 2151 1297 2206 Christum
1333 2160 1603 2206 servatum
1632 2165 1752 2208 esse
1777 2194 1791 2218 ,
1836 2162 1889 2207 et
1921 2169 2027 2208 non

477 2241 761 2298 confessus
797 2240 957 2296 fuerit
1004 2241 1175 2311 ipsum
1207 2257 1324 2298 csse
1353 2241 1692 2315 Servatorem
1736 2245 1942 2310 mundi,
1977 2253 2032 2299 et

475 2333 652 2389 lucem
681 2333 889 2398 mundi,
917 2331 1058 2387 sicut
1083 2333 1339 2402 scriptum
1375 2343 1458 2389 est
1478 2335 1546 2400 ⁵ο,
1575 2335 1863 2390 anathema
1883 2345 2021 2390 esto.

1097 2422 1418 2492 Explicatio.

544 2512 828 2582 Quomodo
859 2525 1065 2570 asserat
1085 2516 1208 2585 quis
1235 2515 1509 2570 Christum
1551 2530 1673 2571 esse
1707 2525 1979 2572 servatum
2010 2559 2025 2583 ,

474 2608 592 2678 ipso
632 2604 864 2662 Domino
925 2606 1136 2662 dicente
1168 2625 1181 2661 :
1229 2605 1339 2677 Ego
1372 2623 1486 2660 sum
1529 2609 1638 2660 vita
1663 2608 1741 2672 ἰς
1777 2616 1830 2663 et
1860 2627 1871 2662 :
1911 2607 2022 2679 Ego

471 2700 585 2754 veni
610 2741 624 2767 ,
670 2700 729 2754 ut
765 2700 927 2753 vitam
965 2699 1188 2753 habeant
1220 2697 1302 2766 ³¹;
1349 2707 1400 2753 et
1430 2718 1442 2752 :
1485 2697 1590 2762 Qui
1629 2699 1685 2752 in
1714 2715 1794 2753 me
1817 2701 1980 2753 credit
2009 2738 2024 2761 _.

471 2799 690 2844 mortem
719 2804 820 2843 non
849 2789 1039 2843 uidebit
1073 2803 1092 2840 :
1137 2788 1226 2841 sed
1264 2787 1451 2841 uidebit
1479 2788 1641 2842 vitam
1674 2797 1924 2842 cateruam
1954 2784 2031 2836 8'?

1082 2960 1229 3018 CAP.
1273 2959 1402 3018 VIII.

537 3062 597 3118 Si
630 3062 754 3132 quis
811 3059 1008 3114 dixerit
1062 3057 1338 3112 Christum
1391 3056 1686 3127 perfectum
1740 3061 2016 3116 hominem

464 3170 588 3211 esse
611 3152 824 3208 divisim
855 3159 909 3204 et
937 3149 1104 3204 Deum
1134 3148 1364 3203 Verbum
1389 3149 1629 3216 divisim,
1658 3162 1712 3207 et
1741 3168 1846 3206 non
1874 3168 2011 3208 con-

465 3246 645 3302 fessus
675 3243 839 3297 fuerit
896 3255 1062 3307 unum
1103 3249 1157 3296 et
1199 3241 1448 3296 eumdem
1492 3240 1784 3299 Dominum
1831 3243 2015 3301 Jesum

463 3337 763 3399 Christum,
790 3333 932 3389 sicut
953 3332 1214 3403 scriptum
1253 3341 1356 3398 est,
1389 3334 1685 3390 anathema
1709 3337 1800 3392 sit.

1092 3421 1407 3491 Explicatio.

532 3513 816 3581 Quomodo
849 3512 972 3582 quis
1001 3513 1145 3567 dicat
1183 3513 1459 3569 Christum
1490 3516 1705 3573 divisim
1744 3534 1866 3576 esse
1893 3536 2017 3592 per-

464 3606 664 3660 fectum
697 3604 997 3669 hominem,
1022 3615 1075 3658 et
1097 3604 1309 3659 divisim
1342 3604 1575 3661 Verbum
1607 3609 1869 3677 divinum,
1890 3628 2014 3668 cum

462 3701 578 3768 ipse
621 3697 882 3753 Dominus
929 3696 1070 3751 dicat
1113 3711 1128 3748 :
1167 3694 1306 3761 Quid
1352 3715 1430 3753 me
1473 3702 1714 3770 quaeritis
1755 3705 2011 3772 occidere,

459 3789 738 3855 hominem,
769 3788 859 3858 qui
899 3788 1166 3842 veritatem
1206 3790 1347 3844 vobis
1395 3791 1531 3858 dixi,
1572 3809 1730 3862 quam
1768 3796 1946 3850 audivi
1982 3814 2014 3851 a

459 3879 622 3936 Patre
649 3894 761 3934 meo
783 3879 868 3932 ⁸δῖ
894 3879 1008 3933 Non
1033 3880 1180 3934 enim
1208 3881 1479 3935 hominem
1520 3897 1620 3952 pro
1650 3884 1807 3939 nobis
1843 3873 2014 3952 dedit:

457 3973 554 4028 sed
589 3971 828 4041 seipsum
863 3987 960 4040 pro
1006 3972 1164 4026 nobis
1200 3972 1365 4028 dedit.
1405 3971 1550 4028 Deus
1576 3973 1812 4031 Verbum
1847 3977 2012 4033 homo

459 4063 657 4118 factus.
690 4059 827 4116 Hinc
861 4071 915 4116 et
951 4061 1081 4116 dicit
1112 4081 1124 4116 :
1159 4059 1354 4116 Solvite
1404 4065 1650 4133 templum
1693 4066 1808 4131 hoc,
1856 4076 1906 4122 et
1954 4069 2010 4123 in

458 4153 628 4208 tribus
657 4152 839 4206 diebus
869 4152 1106 4206 excitabo
1154 4152 1308 4206 illud.
1337 4152 1457 4223 Ipse
1497 4165 1670 4209 autem
1713 4157 1918 4212 dicebat
1948 4160 2012 4215 de

458 4243 647 4315 templo
678 4245 910 4313 corporis
942 4245 1026 4296 sui
1048 4245 1114 4297 ⁸⁸.

1090 4423 1241 4478 CAP.
1282 4424 1370 4479 IX.

527 4515 586 4570 Si
617 4517 743 4586 quis
775 4516 974 4571 dixerit
1000 4514 1280 4570 Christum
1308 4517 1594 4572 mutationi
1622 4526 1675 4572 et
1703 4519 2011 4575 alterationi

455 4608 750 4662 obnoxium
787 4623 928 4672 esse,
964 4617 1148 4662 etnon
1183 4607 1466 4664 confessus
1505 4609 1661 4664 fuerit
1701 4611 1877 4680 ipsum
1903 4613 2014 4682 spi-

451 4698 558 4752 ritu
582 4697 798 4766 quidem
827 4699 1144 4753 mutationis
1164 4709 1460 4769 expertem,
1495 4717 1660 4756 carne
1687 4712 1866 4756 autem
1888 4719 2012 4759 cor-

451 4789 761 4858 ruptibilem
792 4789 1302 4863 [incorruptibilem]
1353 4808 1496 4858 esse,
1542 4795 1826 4850 anathema
1873 4806 2009 4852 esto.

1072 4884 1391 4954 Explicatio.

519 4973 636 5041 Qua
687 4973 900 5029 ratione
935 4986 1144 5030 asserat
1173 4978 1296 5046 quis
1328 4979 1382 5031 in
1422 4977 1700 5033 Christum
1750 4981 2005 5036 mutatio-

451 5081 574 5121 nem
603 5074 695 5120 aut
715 5065 1067 5120 variationem
1100 5069 1312 5134 cadere,
1341 5070 1462 5140 ipso
1489 5069 1720 5126 Domino
1751 5072 2000 5130 dicente:

447 5156 561 5227 Ego
582 5171 719 5224 sum,
747 5163 796 5209 et
830 5171 933 5208 non
961 5167 1136 5211 mutor
1154 5158 1241 5212 ⁵⁸2
1281 5158 1348 5213 Ει
1373 5176 1562 5215 rursus
1587 5178 1601 5214 :
1623 5159 1803 5227 Neque
1822 5164 2004 5217 anima

445 5246 560 5313 ejus
589 5245 773 5299 relicta
804 5253 881 5298 est
908 5245 964 5298 in
1002 5247 1228 5312 inferno,
1258 5265 1420 5318 neque
1443 5267 1566 5304 caro
1585 5252 1698 5320 ejus
1730 5253 1862 5307 vidit
1886 5271 2001 5309 cor-

445 5339 739 5407 ruptionem
754 5339 836 5392 'i?

2134 1876 2205 1930 ἐν
2241 1873 2408 1940 δεξιᾷ
2455 1873 2559 1928 τοῦ
2606 1876 2865 1942 Πατρός·
2913 1874 3038 1926 καὶ·
3076 1875 3250 1930 Ὅταν
3291 1874 3437 1942 ἔλθῃ
3483 1877 3515 1928 ὁ
3561 1872 3694 1935 nec

2133 1966 2240 2020 τοῦ
2265 1963 2574 2033 ἀνθρώπου
2600 1965 2670 2018 ἑν
2701 1964 2774 2032 τῇ
2804 1965 2949 2032 δόξῃ
2980 1963 3083 2018 τοῦ
3119 1965 3348 2034 Πατρός
3367 1965 3552 2018 αὑτοῦ
3573 1981 3594 2031 ;

2780 2057 2937 2109 ΚΕΦ.
2967 2057 3041 2111 Ζ’.

2200 2150 2269 2203 Et
2293 2167 2377 2212 τις
2417 2134 2568 2217 λέγει
2601 2147 2902 2218 σωζόμενον
2932 2149 3020 2202 τὸν
3058 2150 3310 2222 Χριστὸν,
3337 2152 3432 2203 καὶ
3462 2151 3534 2223 μὴ
3567 2153 3694 2222 ὁμο-

2132 2242 2277 2310 λογεῖ
2315 2241 2475 2296 αὑτὸν
2523 2241 2745 2313 Σωτῆρα
2783 2239 2875 2293 τοῦ
2920 2241 3123 2311 κόσμου
3172 2243 3263 2296 καὶ
3307 2242 3420 2312 φῶς
3465 2243 3558 2296 τοῦ
3605 2243 3694 2296 κό-

2132 2353 2286 2407 σμου,
2315 2332 2492 2396 καθὼς
2533 2332 2854 2404 γέγραπται,
2886 2332 3374 2403 ἀναθεματιζέσθω.

2749 2425 3079 2494 Ἐρμηνεία.

2198 2515 2321 2580 Πῶς
2346 2517 2390 2570 δ’
2412 2515 2476 2570 ἂν
2505 2516 2651 2585 λέγοι
2681 2533 2762 2580 τις
2799 2515 3096 2587 σωζόμενον
3135 2516 3224 2570 τὸν
3250 2516 3502 2588 Χριστὸν.
3528 2519 3692 2572 αὑτοῦ

2127 2606 2218 2661 τοῦ
2249 2608 2453 2678 Κυρίου
2488 2606 2736 2676 λέγοντος
2756 2623 2770 2638 ο
2812 2606 2950 2678 Ἐγώ
2973 2609 3089 2676 ειμι
3112 2608 3151 2676 ἠ
3179 2606 3290 2674 ζωή
3313 2625 3326 2638 ·
3362 2608 3490 2662 καίο
3530 2611 3694 2678 Ἑλή·

2125 2700 2280 2752 λυθα
2310 2698 2411 2751 ἵνα
2437 2697 2588 2765 ζωὴν
2610 2697 2792 2766 ἔχωσι
2815 2714 2828 2727 ⁸
2863 2697 2985 2750 καῖ’
3029 2699 3082 2750 Ὁ
3118 2699 3413 2754 πιστεύων
3452 2703 3539 2766 εις
3568 2701 3688 2770 ἐμὲ,

2126 2789 2382 2843 θάνατον
2426 2790 2490 2842 οὐ
2513 2787 2600 2858 μὴ
2644 2788 2948 2858 θεωρήσει,
2977 2789 3113 2843 ἀλλ’
3142 2789 3351 2858 ὄψεται
3387 2790 3504 2860 τὴν
3541 2790 3700 2861 ζωὴν

2124 2878 2239 2948 τὴν
2260 2875 2528 2940 αιώνιον;

2760 2971 2914 3024 ΚΕΦ.
2958 2971 3039 3025 Η’.

2192 3063 2261 3119 Εἴ
2287 3082 2370 3128 τις
2392 3061 2539 3133 λέγει
2574 3063 2772 3118 τέλειον
2799 3064 3081 3137 ἄνθρωπον
3107 3065 3195 3120 τὸν
3227 3064 3463 3138 Χριστὸν
3491 3068 3690 3140 διαιρε-

2123 3157 2250 3222 τῶς,
2287 3158 2380 3211 καὶ
2409 3156 2539 3210 Θεὸν
2565 3158 2658 3209 τὸν
2691 3156 2860 3226 Λόγον
2892 3156 3190 3228 διαιρετῶς,
3215 3158 3307 3213 καὶ
3340 3159 3416 3231 μὴ
3443 3162 3689 3231 ὁμολογεί

2123 3249 2218 3303 ἕνα
2245 3245 2445 3319 Κύριον
2486 3247 2689 3318 Ἰησοῦν
2722 3249 2974 3319 Χριστὸν,
3007 3250 3184 3315 καθὼς
3207 3251 3536 3322 γέγραπται,
3564 3254 3688 3307 ἀνά-

2123 3341 2264 3412 θεμα
2284 3339 2425 3394 ἔστω
2456 3339 2999 3412 [ἀναθεματιζέσθω].

2755 3428 3079 3500 Ἑρμηνεία.

2189 3524 2313 3589 Πῶς
2337 3524 2382 3577 δ’
2407 3523 2473 3578 ἂν
2506 3524 2650 3593 λέγοι
2678 3543 2761 3590 τις
2788 3526 3070 3598 ἄνθρωπον
3093 3526 3295 3581 τέλειον
3320 3529 3413 3582 τὸν
3453 3528 3683 3601 Χριστὸν

2118 3615 2419 3688 διαιρετῶς,
2448 3615 2540 3668 καὶ
2565 3615 2696 3669 Θεὸν
2735 3615 2824 3668 τὸν
2857 3616 3026 3686 Λόγον
3051 3617 3351 3687 διαιρετῶς,
3391 3617 3560 3671 αὐτοῦ
3594 3618 3680 3672 τοῦ

2119 3708 2320 3779 Κυρίου
2351 3707 2614 3776 λέγοντος·
2649 3708 2708 3761 Τί
2725 3725 2802 3778 με
2828 3707 3040 3776 ζητεῖτε
3063 3709 3424 3775 ἀποκτεῖναι,
3463 3711 3680 3780 ἀπορω-

2119 3815 2253 3863 πον,
2285 3798 2352 3864 ὃς
2373 3797 2488 3866 τὴν
2517 3798 2803 3868 ἀλήθειαν
2827 3800 2970 3870 ὑμῖν
2991 3800 3313 3870 λελάληκα,
3345 3802 3427 3869 ἢν
3450 3803 3684 3872 ἤκουσα

2117 3888 2276 3960 παρὰ
2303 3891 2407 3945 τοῦ
2430 3890 2656 3958 Πατρός
2676 3907 2696 3955 ;
2723 3891 2795 3945 Οὐ
2834 3892 2940 3962 γὰρ
2975 3891 3254 3963 ἄνθρωπον
3296 3891 3528 3946 δέδωκεν
3549 3893 3683 3964 ὑπὲρ

2118 3983 2292 4055 ήμῶν,
2320 3983 2433 4037 ἀλλ’
2457 3983 2644 4038 ἑαυτὸν
2682 3983 2992 4054 παρέδωκεν
3016 3985 3155 4056 ὑπὲρ
3185 3984 3339 4054 ἡμῶν
3363 3986 3392 4037 6
3411 3985 3547 4048 Θεὸς
3581 3986 3679 4038 Δός

2118 4090 2211 4143 γος
2237 4074 2518 4145 ἄνθρωπος
2535 4074 2818 4146 γενόμενος
2848 4076 2913 4128 δι’
2940 4077 3102 4147 ἡμᾶς.
3133 4075 3224 4128 Διὸ
3246 4076 3413 4144 λέγει·
3447 4079 3682 4132 Λύσατε

2117 4163 2223 4217 τὸν
2253 4164 2403 4218 ναὸν
2452 4165 2683 4229 τοῦτον,
2729 4165 2826 4218 καὶ
2869 4166 2939 4218 ἐν
2978 4167 3175 4234 τρισὶν
3216 4165 3466 4234 ἡμέραις
3502 4166 3680 4236 ἐγερῶ

2117 4256 2322 4309 αὐτόν.
2355 4256 2546 4320 Αὐτὸς
2569 4255 2637 4308 δὲ
2669 4256 2838 4325 ἔλεγε
2862 4258 2994 4325 περὶ
3031 4256 3136 4311 τοῦ
3165 4257 3315 4311 ναοῦ
3346 4257 3454 4311 τοῦ
3487 4259 3677 4326 σώμα-

2117 4362 2217 4411 τος
2244 4344 2452 4400 αὑτοῦ.

2757 4439 2911 4492 ΚΕΦ.
2954 4438 3029 4491 Θθ.

2181 4526 2249 4579 Ei
2272 4545 2354 4592 τις
2382 4527 2528 4597 λέγει
2557 4529 2785 4600 στρεπτὸν
2813 4530 2846 4600 ἢ
2871 4529 3154 4585 ἀλλοιωτὸν
3182 4532 3270 4585 τὸν
3295 4533 3551 4604 Χριστὸν,
3585 4533 3669 4586 καὶ

2113 4621 2187 4692 μὴ
2214 4621 2463 4692 ὁμολογεῖ
2498 4622 2659 4676 αὑτὸν
2696 4624 2960 4696 ἄτρεπτον
2989 4624 3067 4694 τῷ
3112 4626 3398 4697 πνεύματι,
3443 4627 3666 4699 φθαρτὸν

2112 4709 2427 4788 [ἄφθαρτον]
2453 4717 2519 4786 τῇ
2546 4716 2727 4786 σαρκὶ,
2755 4716 3248 4787 ἀναθεματιζέσθω.

2735 4899 3063 4968 Ἐρμηνεία.

2179 4988 2302 5052 Πῶς
2329 4987 2373 5041 δ’
2401 4989 2466 5043 ἂν
2492 4989 2635 5058 λέγοι
2669 5006 2754 5054 τις
2786 4990 3016 5061 τρετπὸν
3050 4991 3082 5061 ἢ
3115 4990 3400 5044 ἀλλοιωτὸν
3428 4991 3515 5044 τὸν
3539 4990 3662 5063 Χρι-

2110 5078 2253 5141 στὸν,
2297 5079 2462 5133 αὑτοῦ
2499 5079 2591 5134 τοῦ
2635 5080 2836 5152 Κυρίου
2881 5079 3144 5150 λέγοντοςο
3200 5081 3338 5151 Ἐγώ
3374 5084 3487 5151 εἰμι
3507 5121 3522 5145 ,
3571 5077 3659 5132 καὶ

2108 5173 2219 5225 οὐκ
2245 5172 2608 5241 ἡλλοίωμαι;
2649 5173 2760 5227 Καὶ
2802 5174 2978 5228 πάλιν·
3011 5173 3162 5227 Οὐδὲ
3195 5175 3234 5242 ὴ
3272 5173 3443 5244 ψυχὴ
3485 5169 3656 5226 αὐτοῦ

2109 5265 2528 5336 ἐγκατελείφθη
2579 5270 2664 5334 εὶς
2705 5266 2852 5334 ᾅδου
2885 5265 2993 5339 [ἄλ.
3027 5265 3224 5338 ᾷδην],
3255 5266 3396 5321 οὐδὲ
3436 5269 3474 5336 ὴ
3511 5262 3654 5331 σὰρξ

2109 5357 2294 5411 αὐτοῦ
2323 5352 2442 5411 εἶδε
2467 5357 2812 5428 διαφθοράν;

512 5504 558 5536 ⁸⁵
584 5504 882 5588 ξοειιῃιι,
923 5505 1012 5562 58.
1071 5470 1323 5588 .“uloau.
1381 5525 1527 5588 xm,_
1547 5527 1654 5566 xvr.
1731 5512 1775 5547 δ’
1819 5511 2009 5570 Matth.
2044 5534 2152 5583 xvr,
2176 5519 2266 5574 2L
2342 5521 2386 5552 ⁵⁸
2412 5517 2597 5576 Matth.
2627 5538 2776 5584 xxvr.
2801 5522 2889 5585 64;
2917 5521 3083 5578 Marc.
3110 5539 3222 5588 xw,
3246 5523 3333 5578 62.
3409 5523 3454 5555 δ’
3470 5522 3645 5577 Matth.

443 5589 553 5658 Evr,
583 5575 673 5629 27.
758 5577 804 5606 ⁸⁰
837 5577 940 5658 [εει.
988 5593 1072 5658 rx“;
1107 5577 1310 5658 'Matth.
1366 5595 1450 5648 Iv;
1478 5579 1653 5658 _{oan.
1677 5599 1876 5658 _},_ur,
1921 5602 2017 5643 vm

2139 5575 2150 5654 ξ
2183 5606 2275 5644 xu.
2352 5591 2397 5623 ’ί
2423 5575 2578 5646 JOan.
2618 5575 3082 5658 κμέδξὴξιινξθξ
3113 5575 3222 5626 (δ”
3253 5575 3408 5649 ἰδέη.
3463 5575 3644 5657 {,"io.

441 5642 488 5675 ”
511 5641 663 5700 Joan.
689 5661 806 5710 vm,
844 5647 932 5703 51.

1027 5648 1074 5680 “
1098 5647 1257 5705 Joan.
1305 5666 1421 5718 vui,
1463 5650 1551 5706 40.

441 5714 556 5770 Act.
623 5731 683 5786 ιι,
722 5716 809 5772 51.

1675 5655 1718 5686 ⁸⁸
1764 5653 1921 5711 Joan.
1967 5653 2037 5726 ιι,
2065 5653 2150 5729 19,
2196 5659 2285 5715 21.

2387 5662 2433 5694 ⁸⁸
2477 5662 2701 5719 hlalach.
2759 5679 2839 5730 ιιι,
2876 5664 2929 5719 6.
3069 5665 3113 5697 ⁸⁷
3185 5663 3383 5720 Psalm.
3431 5681 3539 5733 xv,
3585 5663 3647 5728 8;
