3950 6326
292 282 315 337 Ι
329 281 434 339 153

994 401 1095 456 ΕΦ.
1138 404 1170 456 ι’
1181 443 1192 454 .

1034 404 1095 455 Φ.
1157 409 1192 454 '.

360 493 430 548 Εἴ
464 510 548 559 τις
593 491 776 563 λέγει,
830 401 1322 568 μέρῗςΕάνθρώπου
1380 492 1724 566 ἀνειληφέναι
1768 494 1857 546 τὸν

282 586 543 660 Χριστὸν,
575 586 669 640 καὶ⁵
701 586 775 659 μὴ
800 586 1047 658 ὁμολογεῖ
1066 588 1225 641 αὐτὸν
1246 585 1363 642 καθ’
1390 586 1677 659 ὁμοιότητα
1706 586 1860 657 ἡμῶν

284 678 434 733 κατά
462 678 657 744 πάντα,
686 678 855 751 χωρὶς
882 677 1175 751 ἁμαρτίας,
1203 676 1701 748 ἀναθεματιξέσθω.

916 860 1240 931 Ἐρμηνεία.

363 948 489 1015 Πῶς
516 949 559 1003 δ’
589 949 654 1005 ἂν
672 948 820 1020 λέγοι
848 968 950 1015 τις,
987 952 1149 1024 μέρος
1181 950 1465 1024 ἀνθρώπου
1513 953 1860 1025 ἀνειληφέναι

284 1042 384 1096 τὸν
405 1042 657 1116 Χριστὸν,
687 1042 850 1097 αὑτοῦ
884 1041 981 1096 τοῦ
1021 1044 1227 1116 Κυρίου
1281 1041 1547 1112 λέγοντος·
1600 1043 1717 1111 Τὴν
1742 1047 1861 1112 ψυ-

288 1133 415 1203 χρήν
434 1152 554 1204 μου
578 1136 798 1205 τίθημι,
822 1136 921 1189 ἵνα
949 1134 1135 1191 πάλιν
1159 1133 1322 1191 λάϐω
1333 1137 1548 1206 αὐτὴν,
1574 1138 1713 1212 ὑπὲρ
1755 1138 1862 1193 τῶν

292 1225 589 1297 προϐάτων
614 1238 631 1257 ⁸
652 1228 762 1281 καί·
803 1225 874 1282 Ἠ
885 1226 1041 1296 σάρξ
1056 1246 1179 1299 μου
1203 1228 1438 1298 ἀληθής
1461 1230 1592 1284 ἐστι
1607 1231 1862 1299 βρῶσις,

287 1312 487 1366 καὶτὸ
513 1308 656 1383 αἷμα
695 1312 926 1381 ἀληθής
956 1314 1088 1368 ἐστι
1130 1316 1311 1382 πόσις
1340 1325 1354 1340 ·
1388 1316 1499 1370 καί·
1535 1316 1596 1370 '0
1631 1316 1866 1387 τρώγων

282 1423 409 1474 μου
440 1404 553 1475 τὴν
578 1402 792 1475 σάρκα,
812 1406 909 1460 καὶ
927 1407 1117 1461 πίνων
1135 1425 1255 1479 μου
1280 1407 1345 1463 τὸ
1372 1406 1534 1480 αἷμα,
1557 1412 1682 1481 ἕχει
1710 1409 1865 1479 ζωὴν

286 1497 535 1552 αἰώνιον
556 1514 576 1562 ;

938 1571 1093 1625 ΚΕΦ.
1136 1573 1235 1625 IA'.

364 1660 437 1716 Εῐ
466 1677 551 1726 τις
598 1661 746 1732 λέγει
776 1660 981 1731 ἄψυχον
1017 1663 1051 1734 ἢ
1099 1662 1322 1734 ἀνόητον
1348 1664 1410 1718 τὸ
1444 1665 1602 1736 σῶμα
1633 1664 1727 1719 τοῦ
1756 1667 1866 1719 Κυ-

1496 282 1589 339 ὒΕ
1623 278 1777 337 FIDE
1814 277 2160 336 CAPITULA
2198 279 2315 338 χιι.

1882 407 1935 462 Δ

3393 288 3535 347 1154

2613 400 2768 457 CAP.
2807 399 2879 458 Χ.

2036 488 2091 544 Si
2114 490 2239 561 quis
2270 489 2769 547 dixeritChristum
2804 499 3011 562 partem
3036 495 3409 551 tantummodo
3442 497 3533 552 ho-

1962 580 2128 639 minis
2158 584 2542 653 assumpsisse,
2564 593 2752 640 etnon
2783 583 3067 640 confessus
3097 584 3262 642 fuerit
3297 588 3449 643 illum
3474 590 3530 644 in

1961 674 2216 731 omnibus
2255 677 2618 733 assimilatum
2647 677 2807 733 nobis
2854 692 2998 743 esse,
3029 689 3257 751 excepto
3286 692 3529 753 peccato,

1962 768 2251 823 anathema
2280 778 2418 824 esto.

2580 855 2908 927 Explicatio.

2030 948 2319 1016 Quomodo
2346 950 2492 1005 dicat
2536 949 2660 1017 quis
2688 947 2964 1005 Christum
3006 960 3212 1020 partem
3267 952 3534 1009 duntaxat

1966 1042 2204 1099 hominis
2247 1042 2634 1113 assumpsisse,
2669 1041 2789 1111 ipso
2816 1041 3050 1097 Domino
3090 1045 3305 1100 dicente
3335 1063 3349 1101 :
3382 1046 3532 1101 Pono

1964 1131 2199 1185 animam
2235 1148 2405 1186 meam
2437 1133 2558 1203 (pro
2586 1133 2779 1187 ovibus
2820 1133 2978 1201 meis)
3012 1143 3067 1187 ut
3112 1134 3297 1189 iterum
3325 1152 3534 1190 sumam

1963 1242 2080 1278 eam
2103 1225 2187 1291 ’3;
2227 1236 2279 1280 et
2304 1244 2317 1279 :
2354 1223 2491 1280 Caro
2512 1242 2626 1280 mea
2651 1242 2765 1280 uere
2786 1236 2863 1280 est
2891 1226 3054 1291 cibus,
3082 1237 3131 1281 et
3155 1230 3368 1297 sanguis
3388 1246 3535 1284 meus

1966 1333 2081 1387 uere
2102 1328 2176 1371 est
2204 1326 2357 1387 potus
2375 1317 2440 1383 ⁵⁹;
2473 1326 2528 1371 et
2554 1332 2566 1368 :
2600 1314 2704 1382 Qui
2734 1318 3022 1371 mandarat
3052 1335 3261 1373 carnem
3289 1337 3457 1375 meam
3486 1332 3535 1376 et

1966 1384 2094 1460 bibit
2131 1408 2437 1479 sanguinem
2464 1425 2656 1475 meum,
2689 1408 2842 1463 habet
2867 1410 3031 1463 vitam
3066 1421 3318 1465 mternam
3339 1412 3429 1467 “t

2652 1569 2759 1625 AP.
2788 1570 2884 1625 XI.

2652 1569 2759 1625 AP.
2788 1570 2884 1625 XI.

2039 1660 2097 1717 Si
2136 1661 2261 1732 quis
2302 1661 2502 1717 dixerit
2540 1569 2741 1734 cofpns
2778 1661 2981 1717 Christi
3023 1677 3147 1718 esse
3198 1662 3459 1729 inanime,
3481 1671 3539 1720 et

290 1755 435 1827 ρίου,
456 1755 548 1808 καὶ
575 1754 649 1827 μὴ
678 1755 928 1826 ὁμολογεῖ
948 1755 1104 1809 αὐτὸν
1129 1755 1332 1811 τέλειον
1353 1756 1497 1811 κατά
1523 1756 1750 1830 [πάντα]
1771 1758 1865 1813 ἀν-

1981 1753 2086 1809 ιίηε
2116 1761 2315 1820 mente,
2350 1762 2403 1808 et
2429 1768 2537 1809 non
2574 1753 2861 1810 confessus
2893 1752 3060 1808 fuerit
3091 1753 3243 1808 illum
3280 1769 3452 1809 unum
3474 1764 3532 1811 et

289 1846 512 1919 θρωπον
540 1845 634 1900 ἕνα
661 1848 755 1901 καὶ
782 1847 874 1901 τὸν
893 1847 1073 1913 αὐτὸν,
1096 1846 1591 1920 ἀναθεματιζέσθω.

918 2027 1246 2098 Ἑρμηνεὰι.

367 2119 492 2186 Πῶς
517 2118 573 2175 δὲ
606 2118 672 2174 ἂν
697 2118 844 2188 λέγοι
880 2134 963 2183 τις
989 2119 1192 2191 ἄψυχον
1220 2120 1312 2174 καὶ
1345 2120 1568 2190 ἀνόητον
1603 2120 1665 2173 τὸ
1709 2120 1867 2193 σῶμα

285 2213 390 2270 τοῦ
415 2213 619 2285 Κυρίου
641 2206 964 2292 [Χριστοΰ];
1004 2213 1231 2287 Ταραχὴ
1264 2213 1391 2285 γὰρ,
1432 2214 1526 2267 καὶ
1563 2213 1728 2285 λύπη,
1774 2216 1868 2267 καὶ

286 2309 580 2382 ἁδημονία,
607 2306 728 2361 οὔτε
755 2306 965 2378 σαρκὸς
994 2305 1220 2377 ἀψύχου,
1250 2304 1373 2359 οὔτε
1404 2305 1579 2378 ψυχῆς
1616 2307 1865 2379 ἀνοήτου,

288 2399 418 2455 οὔτε
452 2398 696 2471 θεότητος
719 2397 1012 2469 ἀτρέπτου,
1035 2397 1155 2451 οὐδὲ
1185 2397 1454 2469 δοκήσεως
1480 2397 1718 2465 ἔνδειξις,
1744 2398 1867 2453 οὔτε

290 2492 642 2565 ἀνθρωπίνης
667 2488 950 2553 ἀσθενείας
980 2490 1215 2560 ἥττημαο
1247 2489 1383 2544 ἀλλά
1417 2490 1527 2543 τῶν
1561 2490 1681 2543 καθ’
1722 2492 1869 2562 ἡμᾶς

290 2586 484 2641 παθῶν
505 2586 599 2659 τὴν
629 2584 880 2650 ἐπίδειξιν
900 2585 956 2637 ὲν
974 2582 1148 2655 ἑαυτῷ
1176 2585 1407 2638 ἐποιεῖτο
1425 2587 1453 2639 ὁ
1477 2585 1666 2655 Λόγος,
1700 2602 1868 2640 κατα-

287 2679 582 2751 δεξάμενος
603 2679 664 2732 τὸ
696 2676 1012 2748 παθητικὸν,
1049 2675 1233 2742 καθὼς
1275 2678 1601 2749 γέγραπται,
1639 2678 1721 2732 ὅτι
1763 2680 1869 2733 αὐ-

290 2771 401 2839 τὸς
427 2771 534 2839 τὰς
557 2771 873 2836 ἀσθενείας
899 2767 1065 2840 ήμῶν
1087 2770 1359 2835 ἀνέλαϐε,
1387 2770 1484 2824 καὶ
1512 2769 1619 2837 τὰς
1641 2772 1869 2838 νόσους

288 2857 615 2913 ἐϐάστασε.
649 2858 872 2930 Ταραχὴ
896 2856 1027 2929 γὰρ,
1055 2859 1150 2912 καὶ
1169 2856 1335 2930 λύπη,
1365 2859 1460 2914 καὶ¹
1478 2859 1741 2931 ἀδημονία
1766 2861 1868 2930 ψυ-

292 2949 401 3022 Χῆς
430 2951 732 3021 νοσήματα’
773 2950 940 3015 κόπος
970 2951 1049 3016 δὲ,
1089 2952 1183 3006 καὶ
1224 2951 1388 3017 ὕπνος
1414 2954 1505 3007 καὶ
1530 2954 1727 3024 τρῶσις
1761 2955 1866 3007 σώ-

296 3061 489 3117 ματος,
525 3045 723 3118 σαρκὸς
743 3045 1108 3119 ἀσθενήματα.

939 3319 1095 3378 ΚΕΦ.
1139 3322 1239 3378 IB'.

370 3410 538 3476 Εῐτις
568 3409 736 3481 λέγει,
784 3411 1003 3483 δοκήσει
1044 3411 1457 3485 πεφανερῶσθαι
1496 3411 1587 3467 τὸν
1636 3414 1867 3486 Χριστὸν

287 3503 373 3574 τῷ
399 3504 607 3575 κόσμῳ,
629 3505 722 3558 καὶ
751 3504 826 3576 μὴ
846 3504 1096 3576 ὁμολογεῖ
1128 3506 1289 3560 αὐτὸν
1326 3508 1383 3559 έν
1413 3510 1576 3577 σαρκὶ
1622 3506 1870 3579 ἐληλυθέ-

289 3609 405 3657 ναι,
439 3592 937 3665 ἀναθεματιζέσθω.

932 3686 1257 3757 Ἐρμηνεία.

370 3779 495 3844 Πῶς
531 3779 589 3834 δὲ
628 3779 693 3834 ἂν
734 3777 881 3848 λέγοι
912 3795 1016 3844 τις,
1048 3778 1267 3851 δοκήσει
1301 3778 1715 3852 πεφανερῶσθαι
1740 3784 1871 3856 Χρι-

294 3873 425 3927 στὸν
454 3872 533 3943 τῷ
580 3873 767 3943 κόσμῳ
798 3872 888 3926 τὸν
913 3871 1241 3945 ὲνθΒηθλεὲμ
1268 3873 1545 3944 τεχθέντα,
1565 3875 1669 3931 ,καὶ
1708 3892 1868 3946 περι-

291 3969 437 4038 τομῇ
467 3964 666 4037 σαρκὸς
695 3964 1119 4036 προσαγόμενον,
1160 3968 1254 4019 καὶ
1283 3966 1388 4020 ὑπὸ
1415 3966 1640 4039 Συμεὼν
1680 3967 1870 4039 βαστα-

292 4056 516 4131 χθέντα,
543 4057 637 4110 καὶ
657 4055 963 4127 δωδεκαετῆ
991 4059 1387 4128 ἀνατραφέντα,
1428 4061 1520 4114 καὶ
1550 4064 1661 4126 τοῖς
1689 4060 1871 4129 γονεῦ-

295 4165 386 4202 σιν
412 4146 769 4218 ὑποταγέντα,
794 4148 888 4202 καὶ
915 4149 973 4201 ὲν
1004 4148 1240 4223 Ἰορδάνῃ
1270 4149 1649 4221 βαπτισθέντα,
1683 4153 1777 4207 καὶ
1813 4156 1869 4207 ὲν

296 4238 520 4313 σταυρῷ
538 4240 970 4313 προσηλωθέντα,
991 4240 1085 4293 καὶ⁸
1108 4242 1173 4294 ὲκ
1192 4240 1399 4314 νεκρῶν
1427 4244 1731 4298 ἀναστάντα
1750 4262 1764 4309 ;

367 4330 460 4383 Διὸ
485 4328 586 4384 κᾶν
603 4329 826 4401 λέγηται
853 4327 973 4402 [καὶ.
992 4329 1252 4403 λέγεται]’
1268 4332 1586 4403 Ἑταράχθη
1599 4334 1677 4400 τῷ
1695 4335 1871 4389 πνεύ-

1966 1844 2217 1899 eumdem
2234 1850 2537 1901 secundum
2556 1845 2740 1901 omnia
2766 1844 3064 1916 perlectum
3085 1846 3363 1902 hominem
3387 1862 3534 1914 esse,

1967 1937 2254 1992 anathema
2280 1945 2418 1993 esto.

2585 2028 2919 2100 Emplieatia.

2037 2119 2322 2187 Quomodo
2349 2131 2561 2177 asserat
2598 2123 2723 2192 quis
2750 2139 2948 2194 corpus
2975 2122 3178 2179 Christi
3211 2123 3409 2179 anima:
3440 2130 3537 2180 aut

1968 2213 2271 2269 intellectus
2299 2229 2495 2285 expers
2517 2216 2672 2270 esse?
2705 2214 2965 2270 Turbalio
3004 2216 3169 2283 enim,
3205 2225 3258 2272 et
3288 2216 3535 2283 tristitia,

1966 2318 2021 2363 et
2052 2324 2274 2373 mmror,
2306 2324 2480 2379 neque
2510 2309 2833 2364 suntcarnis
2851 2310 3032 2364 anima
3067 2310 3327 2377 carentis,
3358 2326 3534 2383 neque

1968 2403 2163 2456 animae
2195 2394 2481 2457 intellectu
2502 2402 2793 2467 destitutae,
2827 2418 3002 2472 neque
3047 2403 3404 2459 immutabilis
3450 2404 3535 2459 di-

1969 2492 2232 2556 rinitatis,
2263 2506 2438 2560 neque
2462 2491 2603 2561 ejus,
2631 2492 2776 2561 quod
2820 2501 3031 2547 tantum
3074 2494 3283 2548 videtur
3309 2509 3454 2562 esse,
3482 2502 3537 2550 et

1968 2599 2076 2637 non
2116 2591 2235 2650 est,
2288 2582 2570 2646 indicium,
2623 2597 2799 2654 neque
2850 2583 3102 2638 humana:
3154 2584 3537 2641 imbecillitatis

1967 2674 2239 2741 defectus;
2269 2674 2360 2729 sed
2394 2674 2709 2745 passionum
2728 2683 2783 2728 et
2809 2673 3187 2745 aagritudinum
3224 2686 3535 2733 nostrarum

1968 2767 2238 2835 specimen
2272 2767 2326 2820 in
2350 2781 2410 2822 se
2444 2767 2563 2837 ipso
2592 2763 2828 2821 Verbum
2864 2766 3026 2822 edere
3053 2768 3263 2835 voluit;
3288 2770 3535 2840 passibili

1967 2868 2160 2913 natura
2191 2859 2245 2913 in
2273 2874 2331 2915 se
2367 2867 2639 2929 suscepta,
2669 2860 2810 2916 sicut
2831 2860 3093 2930 scriptum
3126 2870 3213 2916 est
3242 2879 3255 2915 :
3287 2860 3535 2933 Languo-

1969 2966 2049 3003 res
2068 2961 2273 3004 nostros
2294 2953 2403 3021 ipse
2419 2950 2562 3016 tulit,
2579 2963 2626 3005 et
2644 2951 2850 3007 dolores
2869 2961 3077 3007 nostros
3099 2953 3207 3023 ipse
3222 2954 3449 3023 portarit
3467 2955 3534 3010 “.

1970 3040 2232 3098 Turbalio
2268 3044 2434 3109 enim,
2482 3055 2537 3098 et
2583 3045 2824 3112 tristitia,
2866 3053 2922 3101 et
2956 3059 3148 3118 angor,
3193 3054 3324 3101 sunt
3368 3046 3537 3101 animi

1969 3134 2347 3205 aegritudines;
2379 3135 2534 3191 labor
2563 3146 2766 3205 autem,
2800 3147 2854 3193 et
2880 3153 3129 3202 somnus,
3156 3146 3212 3193 et
3235 3136 3539 3195 vulneratio

1969 3226 2212 3297 corporis
2241 3235 2369 3282 sunt
2399 3227 2740 3285 inﬁrmitates
2768 3229 2969 3285 carnis.

2596 3318 2750 3374 CAP.
2791 3310 2904 3374 ΧΠ.

2042 3408 2101 3465 Si
2119 3411 2243 3481 quis
2268 3411 2466 3467 dixerit
2484 3411 2600 3466 sola
2622 3412 2881 3481 opinione
2908 3421 2961 3467 et
2990 3415 3239 3493 putatitie
3255 3414 3537 3471 Christum

1968 3500 2025 3555 in
2068 3501 2274 3557 mundo
2319 3503 2656 3573 apparuisse,
2687 3510 2743 3556 et
2786 3518 2894 3556 non
2948 3503 3234 3561 confessus
3277 3503 3443 3561 fuerit
3482 3505 3541 3560 in

1971 3609 2137 3650 carne
2160 3596 2398 3662 venisse,
2427 3596 2715 3651 anathema
2743 3605 2879 3651 esto.

2589 3686 2917 3757 Explicatio.

2041 3779 2327 3847 Quomodo
2362 3779 2651 3836 aliirmabit
2678 3781 2823 3852 quis,
2856 3782 3106 3851 putatitie
3159 3786 3539 3841 tantummodo

1968 3872 2246 3930 Christum
2271 3874 2326 3928 in
2345 3874 2547 3929 mundo
2564 3874 2901 3944 apparuisse,
2918 3884 3103 3930 natum
3124 3875 3178 3930 in
3202 3876 3538 3944 Bethlehem,

1970 3964 2353 4020 circumcisum
2392 3976 2447 4019 et
2479 3980 2510 4019 a
2543 3964 2797 4029 Simeone
2856 3966 3003 4022 ulnis
3044 3975 3332 4038 gestatum,
3367 3985 3543 4039 usque

1971 4055 2040 4111 ad
2093 4054 2476 4111 duodecimum
2533 4072 2736 4111 annum
2780 4073 2810 4111 a
2856 4059 3174 4127 parentibus
3224 4060 3539 4128 educatum,

1973 4148 2276 4218 iisdemque
2344 4150 2718 4222 morigerum,
2780 4151 2833 4205 in
2890 4150 3127 4208 Iordane
3182 4153 3541 4226 baptizatum,

1973 4240 2122 4294 cruci
2150 4240 2399 4309 aliixum,
2434 4256 2498 4297 ex
2532 4243 2764 4298 mortuis
2793 4243 3131 4299 excitatum?

2042 4330 2333 4402 Propterea
2362 4334 2581 4404 quando
2604 4334 2804 4390 dicitur
2827 4355 2840 4388 :
2865 4333 3130 4390 Turbatus
3146 4346 3222 4392 est
3246 4339 3437 4401 spiritu
3455 4339 3502 4371 “
3522 4357 3537 4394 :

290 4439 456 4494 ματι,
480 4421 749 4491 ἐλυπήθη
782 4418 855 4490 τῇ
884 4420 1075 4492 ψυχῇ,
1115 4421 1334 4491 ἐτρώθη
1366 4421 1448 4489 τῷ
1487 4423 1731 4494 σώματι,
1772 4427 1867 4493 τὰς

1981 4421 2238 4476 Tristatus
2290 4432 2366 4477 est
2418 4426 2705 4491 anima“;
2747 4441 2960 4491 corpore
2999 4427 3304 4483 vulneratus
3349 4437 3426 4483 est
3460 4428 3542 4495 “,

296 4515 443 4571 κατά
476 4515 576 4588 τὴν
622 4513 893 4586 ἡμετέραν
928 4513 1182 4568 σύστασιν
1226 4515 1333 4569 τῶν
1369 4514 1556 4570 παθῶν
1600 4533 1869 4589 προσηγο-

301 4608 426 4681 ρίας
449 4607 650 4678 ἵστησι,
673 4606 766 4658 καὶ
791 4605 878 4658 ἵνα
905 4604 1073 4678 δείξῃ,
1107 4607 1187 4659 ὅτι
1209 4606 1490 4678 ἄνθρωπος
1530 4608 1787 4679 ἐγεννήθη
1811 4608 1867 4660 ὲν

299 4699 379 4771 τῷ
400 4699 608 4770 κόσμῳ,
634 4696 727 4750 καὶ
759 4694 878 4762 τοῖς
907 4696 1233 4763 ἀνθρώποις
1261 4698 1721 4768 συνανεστράερη
1745 4698 1867 4753 καθ’

296 4788 801 4863 ὁμοιότητααωρὶς
845 4788 1133 4860 ἁμαρτίας.
1179 4790 1468 4863 Ἐγεννήθη
1514 4794 1621 4863 γὰρ
1668 4795 1725 4846 ἐν
1764 4793 1868 4862 Βη-

299 4883 489 4954 θλεὲμ,
517 4882 852 4954 θεοπρεπῶς,
886 4881 1026 4935 κατὰ
1048 4882 1243 4953 σάρκα,
1268 4882 1512 4951 ἀγγέλων
1533 4885 1869 4958 ἐπουρανίων

296 4973 685 5042 ἑπεγνωκότων
705 4971 796 5027 τὸν
824 4972 987 5027 αὐτὸν
1026 4972 1319 5043 Δεσπότην,
1361 4973 1451 5026 καὶ
1493 4960 1871 5045 ἀνυμνούντων

293 5064 389 5121 τὸν
430 5066 491 5118 ὲν
529 5066 701 5138 φάτνῃ
755 5064 1212 5137 σπαργανωθέντα
1263 5064 1416 5130 Θεὸν,
1460 5067 1551 5120 καὶ
1587 5066 1866 5135 λεγόντων

297 5157 456 5223 Δόξα
474 5157 542 5211 ὲν
569 5158 851 5226 ὑψίστοις
880 5156 1124 5223 Θεῷ,καί
1150 5157 1246 5210 ἐπὶ
1278 5155 1388 5229 τῆς
1408 5157 1640 5226 εἰρήνη,
1665 5157 1736 5211 ἐν
1765 5159 1870 5212 ἀν-

296 5247 550 5317 θρώποις
576 5247 835 5302 εὐδοκία.
884 5248 971 5300 Ἐν
994 5246 1245 5320 Ναζαρὲτ
1270 5249 1543 5322 ἀνετράφη
1560 5266 1572 5279 ·
1600 5248 1873 5319 θεοφανῶς

296 5341 357 5392 ὲν
416 5340 564 5411 μέσῳ
606 5338 939 5395 διδασκάλων
990 5340 1372 5411 καθεζόμενος,
1418 5343 1511 5395 καὶ
1552 5342 1871 5414 ἐκπλήττων

293 5431 490 5495 αὐτοὺς
542 5433 608 5503 τῇ
648 5431 807 5505 σοφίᾳ
848 5433 999 5505 παρά
1030 5433 1219 5505 καιρὸν
1248 5433 1462 5504 ἡλικίας
1501 5435 1599 5506 τῆς
1640 5436 1780 5489 κατὰ
1809 5436 1868 5488 τὸ

296 5522 478 5592 σῶμα,
526 5522 602 5588 ὡς
647 5523 1033 5596 ἀπαριθμεῖται
1072 5527 1102 5578 ὁ
1148 5525 1502 5594 εὐαγγελικὺς
1542 5525 1717 5596 λόγος.
1779 5529 1865 5582 Ἐν

370 5677 602 5738 "Joan.
657 5698 712 5745 ι,
756 5681 843 5737 17.
919 5683 964 5716 ⁸’
1023 5682 1181 5738 Joan.
1229 5698 1305 5749 vr,
1334 5684 1423 5740 56.
1530 5687 1574 5719 “
1607 5687 1759 5750 lhid.,
1799 5686 1870 5745 55

296 5749 351 5803 ᾳ
373 5728 741 5821 “aulh'nv'l’
773 5752 862 5809 38‘
939 5753 985 5786 ﬂ
1017 5755 1122 5811 Ῑ⁸²ι
1158 5728 1365 5823 ιιιιυνὸἷ
1402 5757 1446 5791 ⁸⁸
1472 5728 1867 5828 Βοτυέίῖἰίιῖυ

2036 5728 2466 5828 «incutiat.

1976 4524 2177 4570 nostra:
2223 4515 2632 4574 constitutionis
2677 4517 2990 4574 affectiones
3037 4519 3196 4576 nobis
3242 4521 3314 4576 ob
3352 4521 3541 4577 oculos
3634 4580 3637 4587 _

1975 4607 2210 4677 ponit,ut
2230 4610 2480 4664 ostendat
2528 4610 2674 4680 quod
2713 4611 2878 4665 homo
2913 4613 2966 4665 in
3013 4614 3219 4669 mundo
3252 4622 3412 4671 natus
3448 4615 3540 4681 sit,

1973 4708 2020 4751 et
2049 4713 2167 4752 cum
2203 4698 2497 4753 hominibus
2526 4711 2861 4756 conversatus
2884 4702 2927 4734 ⁸⁸
2953 4703 3267 4775 sit,absque
3294 4719 3540 4774 peccato.

1973 4787 2141 4846 Natus
2169 4791 2312 4846 enim
2338 4792 2491 4847 estin
2521 4790 2831 4848 Betlilehem
2856 4794 3155 4850 secundum
3182 4810 3400 4853 carnem
3433 4797 3545 4853 Deo

1973 4882 2379 4948 convenienter,
2423 4883 2737 4940 cmlestibus
2792 4885 3000 4955 angelis
3047 4884 3339 4943 Dominum
3382 4905 3542 4945 suum

1976 4973 2417 5045 agnoscentibus,
2449 4976 2888 5049 hymnorumque
2916 4987 3080 5033 cantu
3115 4987 3170 5035 et
3196 4981 3425 5037 melodia
3451 4997 3543 5037 ce-

1973 5066 2311 5123 lebrantibus
2338 5068 2503 5123 Deum
2549 5067 2738 5126 fasciis
2763 5070 2817 5124 in
2860 5071 3088 5142 praesepi
3122 5071 3449 5138 involutum,
3488 5082 3539 5129 ct

1973 5156 2318 5212 dicentibus:
2347 5157 2533 5213 Gloria
2574 5162 2630 5216 in
2656 5161 2876 5217 excelsis
2916 5162 3049 5229 Dea,
3077 5173 3125 5218 et
3163 5166 3218 5218 in
3263 5173 3401 5219 terra
3434 5182 3541 5234 pax

1974 5248 2269 5303 hominibus
2301 5249 2448 5305 bonae
2474 5252 2759 5308 voluntatis
2784 5254 2848 5308 “.
2885 5254 2942 5309 ιη
2967 5252 3236 5311 Nazareth
3268 5258 3539 5315 enutritus

1974 5353 2077 5400 est.
2101 5344 2158 5399 In
2185 5348 2363 5403 medio
2396 5349 2683 5405 doctorum
2717 5349 2811 5407 Dei
2843 5352 3016 5409 instar
3042 5354 3199 5421 sedit,
3224 5367 3430 5424 eosque
3453 5368 3531 5410 ω-

1974 5438 2177 5509 pientia
2201 5454 2299 5495 sua
2328 5440 2704 5511 obstupefecit,
2726 5455 2919 5515 praeter
2945 5446 3189 5500 ordinem
3215 5448 3542 5517 modumque

1970 5530 2167 5598 aetatis,
2198 5532 2246 5587 si
2272 5546 2470 5603 corpus
2499 5542 2729 5604 spectes,
2762 5546 2818 5592 ut
2846 5554 2909 5594 ex
2941 5536 3231 5609 Evangelia
3265 5536 3453 5608 liquet.
3482 5536 3539 5591 in

2001 5684 2316 5765 ot_q§a,L,,.,
2339 5690 2395 5765 λιἶ
2422 5757 2435 5765 Α
2495 5689 2540 5723 ⁸⁸
2575 5687 2733 5750 Joan.
2767 5706 2848 5761 ιι,
2872 5692 2976 5763 33;
3006 5707 3105 5762 xu,
3142 5691 3251 5763 επ
3290 5709 3415 5765 χιιι,
3445 5694 3541 5751 2i.
