3950 6326
430 312 437 319 ’
538 353 675 411 uss

1169 346 1227 401 S.
1267 341 1592 400 GREGORII
1628 339 1986 396 THAUMAT.
2029 336 2179 391 OPP.
2217 334 2402 391 PARS
2454 333 2753 390 ALTERA.
2794 365 2865 375 —
2901 333 3130 392 DUBIA.

3572 335 3668 397 1156

535 474 771 529 Jordaue
796 470 1097 540 baptizatus
1125 466 1291 528 est",
1323 478 1431 517 non
1464 471 1522 515 ut
1550 459 1752 529 aliquid
1785 457 2090 513 sanctiﬁca-

2206 455 2436 528 Ἰορδάνῃ
2476 452 2795 525 ἐϐαπτίσθη,
2821 453 2921 506 οὐκ
2958 448 3231 522 ἀγιασμοῦ
3263 449 3525 522 προσλήψει
3551 468 3673 525 προσ.

535 565 702 621 tionis
731 561 1058 634 perciperet;
1091 556 1182 613 sed
1228 566 1285 608 ut
1323 551 1804 609 sanetilicatiouem
1832 549 1952 603 aliis
1990 548 2085 601 im-

535 657 777 730 pertiret.
820 656 879 707 lu
905 650 1195 708 solitudine
1224 656 1461 703 tentatus
1498 654 1580 699 est
1603 643 1670 706 εδ,
1709 657 1815 696 non
1848 656 2100 696 succum-

534 748 671 805 bens
699 742 1004 806 teutationi,
1042 740 1134 795 sed
1188 745 1406 793 nostras
1442 734 1768 789 tentationes
1818 732 2099 786 tentatoris

534 837 920 913 provocatione
954 849 1063 904 pra:
1091 847 1148 887 sc
1184 828 1388 893 ferens,
1438 837 1498 881 ut
1531 825 1783 881 omnibus
1809 824 2098 879 vanitatem

535 941 591 987 et
614 930 1037 985 imbecillitatem
1068 922 1363 979 adversarii
1403 918 1749 991 patefaceret.

608 1025 901 1094 Propterea
930 1026 1113 1074 monet
1138 1033 1152 1070 :
1192 1014 1471 1084 Conﬁditc,
1504 1029 1596 1084 ego
1630 1012 1728 1068 vici
1756 1009 2010 1064 mundum
2029 1009 2095 1060 ".

538 1115 725 1185 Neque
767 1112 1008 1167 divinum
1058 1104 1523 1178 propugnaculum
1575 1102 1792 1173 objecit,
1842 1101 1937 1156 sed
1976 1115 2099 1155 car-

539 1220 663 1261 nem
732 1202 1010 1274 propriam
1080 1196 1359 1269 passioni,
1429 1194 1590 1248 morti
1646 1200 1700 1248 et
1767 1188 2099 1261 eorruptioni

537 1296 883 1354 deviucenda:
927 1292 1213 1364 opposuit,
1258 1298 1317 1343 ut
1356 1303 1451 1360 per
1487 1303 1651 1357 quam
1700 1299 1920 1339 carnem
1973 1297 2099 1352 pec~

538 1399 721 1447 catum
769 1390 1069 1443 intraverat
1124 1385 1177 1437 in
1232 1380 1520 1446 mundum,
1576 1388 1629 1433 et
1684 1392 1776 1447 per
1816 1371 2098 1446 peccatum

538 1483 769 1547 mors",
797 1478 1082 1549 imperium
1112 1476 1165 1529 in
1192 1489 1381 1529 omnes
1414 1485 1707 1534 exercens;
1732 1483 1824 1539 per
1852 1466 2098 1523 eamdem

539 1589 757 1629 carnem
805 1568 1101 1627 secundum
1166 1563 1580 1621 similitudinem
1648 1561 2103 1617 condemnaretur

536 1670 821 1734 peccatum
888 1661 943 1714 in
998 1672 1182 1721 carne;
1243 1655 1557 1726 peccatique
1597 1653 1823 1708 antistes
1867 1656 2103 1705 tentatur

541 1759 633 1814 ille
681 1761 1051 1826 superaretur,
1098 1765 1247 1805 mors
1293 1748 1679 1804 dissolveretur
1726 1742 1954 1813 imperio
2000 1754 2101 1796 suo

540 1850 780 1919 deiecta,
829 1855 883 1899 et
929 1850 1287 1898 evacuaretur
1329 1838 1607 1908 corruptio
1647 1837 1701 1891 in
1750 1833 1994 1904 corporis
2020 1845 2104 1886 se-

540 1938 816 2012 pultura“
840 1978 854 2003 ,
884 1934 1242 2006 primitiaeque
1266 1929 1684 1986 resurrectionis
1714 1928 1891 1996 palam
1919 1933 2103 1979 osten-

542 2032 821 2092 derentur,
876 2038 928 2080 et
968 2024 1179 2079 initium
1225 2021 1451 2093 justitia:
1496 2035 1593 2089 per
1630 2018 1787 2074 tidem
1824 2015 1877 2068 in
1904 2012 2105 2067 mundo

542 2122 904 2178 etlloresceret
926 2161 940 2183 ,
977 2130 1319 2187 regnumque
1358 2112 1619 2168 caelorum
1667 2106 1978 2163 hominibus
2010 2120 2107 2159 an-

543 2213 909 2277 nuntiaretur,
968 2218 1021 2263 et
1087 2206 1181 2261 Dei
1239 2220 1362 2261 cum
1424 2201 1738 2258 hominibus
1796 2196 2106 2254 communio

542 2305 793 2360 iniretur.

615 2397 698 2452 0b
721 2397 862 2450 hanc
894 2393 1121 2464 gratiam
1153 2390 1515 2461 gloriﬁcemus
1571 2386 1815 2453 Patrem,
1838 2387 1929 2457 qui
1963 2386 2109 2443 dedit

545 2490 746 2545 Filium
802 2495 961 2543 Suum
1032 2482 1368 2554 unigenitum
1431 2496 1530 2551 pro
1578 2480 1765 2535 mundi
1808 2480 1937 2533 vita.
1983 2478 2109 2534 Glo-

546 2585 824 2639 riﬁeemus
865 2580 1127 2652 Spiritum
1153 2585 1434 2639 sanctum,
1472 2582 1784 2643 operantem
1834 2573 1888 2626 in
1930 2571 2107 2633 nobis,

546 2691 755 2746 nosque
800 2671 1195 2734 viviﬁcantem;
1240 2667 1332 2736 qui
1378 2665 1534 2720 nobis
1582 2665 1721 2719 dona
1756 2662 1824 2715 ad
1867 2676 2112 2715 commu-

545 2768 763 2822 nionem
796 2779 920 2820 cum
946 2761 1057 2816 Deo
1085 2755 1510 2814 contrahendam
1539 2753 1847 2813 necessaria
1900 2751 2108 2806 submi-

547 2859 779 2922 nistrat;
848 2869 1024 2923 neque
1071 2846 1397 2918 Evangelica
1450 2845 1672 2900 oracula
1719 2841 1951 2898 curiosis
1999 2840 2110 2896 dis-

546 2946 931 3021 putationibus
950 2940 1356 3002 esaminemus,
1391 2934 1747 2989 interminatis
1795 2929 2111 3001 quaestioni-

548 3043 654 3097 bus
671 3040 1067 3104 verborumque
1092 3030 1287 3101 pugnis
1323 3027 1377 3081 in
1407 3026 1647 3080 medium
1691 3022 1866 3077 allatis
1895 3023 2108 3092 planam

2199 550 2483 621 αγόμενος,
2523 548 2635 602 ἀλλ’
2668 542 2940 616 ἁγιασμοῦ
2974 543 3205 615 μετοχὴν
3262 542 3584 614 χαριζόμενος.
3614 547 3675 600 Ἐν

2198 645 2263 713 τῇ
2315 643 2503 714 ἐρήμῳ
2553 638 2883 711 ὲπειράσθη,
2931 637 2991 690 οὐ
3040 634 3327 707 πειρασμῷ
3367 635 3677 707 ὑποκείμενος,

2200 733 2334 787 ἀλλὰ
2359 735 2485 798 τοὺς
2518 733 2814 805 ἡμετέρους
2847 729 3185 803 πειρασμούς
3231 729 3297 798 τῇ
3338 726 3585 798 προκλήσει
3614 730 3679 782 τοῦ

2201 826 2543 898 πειράζοντος
2591 823 3049 896 προϐαλλόμενος,
3091 821 3177 874 ἵνα
3218 818 3364 892 δείξῃ
3413 820 3594 889 μάταιον
3619 821 3680 874 τὸν

2202 916 2546 986 πειράζοντα.

2274 1008 2363 1060 Διὸ
2393 1006 2558 1074 λέγει·
2597 1002 2898 1074 Θαρσεῖτε,
2924 1000 3038 1070 ἐγὼ
3067 998 3349 1067 νενίκηκα
3381 997 3475 1052 τὸν
3497 999 3683 1068 κόσμον,

2201 1101 2260 1153 οὐ
2296 1099 2480 1170 θεῖκὴν
2501 1097 2674 1168 πάλην
2694 1095 3147 1168 προϐαλλόμενος,
3163 1091 3295 1146 ἀλλὰ
3310 1089 3402 1161 τὴν
3422 1090 3539 1143 ἰδίαν
3563 1092 3687 1161 σάρκα

2203 1193 2511 1264 νικητήριον
2554 1189 2757 1252 πάθους
2800 1187 2895 1241 καὶ
2924 1185 3154 1240 θανάτου
3198 1183 3291 1238 καὶ
3328 1181 3513 1255 φθορᾶς
3540 1183 3686 1234 ὲπιδειυ

2203 1284 2483 1355 κνύμενος,
2513 1282 2598 1334 ἵνα
2636 1281 2701 1334 δι’
2743 1274 2809 1353 ἧς
2847 1277 3043 1349 σαρκὸς
3072 1279 3105 1348 ὴ
3145 1274 3384 1347 ἁμαρτία
3415 1273 3618 1345 εἰσῆλθεν
3638 1276 3690 1337 είς

2201 1379 2292 1432 τὸν
2326 1376 2550 1447 κόσμον,
2588 1376 2681 1429 καὶ
2715 1373 2803 1428 διὰ
2842 1373 2941 1444 τῆς
2965 1370 3234 1443 ἁμαρτίας
3260 1371 3288 1421 6
3327 1367 3531 1432 θάνατος
3562 1367 3689 1420 ἐϐασί·

2201 1468 2357 1520 λευσε
2394 1466 2608 1519 πάντων
2635 1463 2956 1536 ἀνθρώπων,
2990 1460 3078 1514 διὰ
3106 1460 3206 1530 τῆς
3228 1459 3395 1528 αὐτῆς
3420 1457 3589 1529 σαρκὸς
3609 1457 3691 1510 καθ’

2200 1560 2490 1630 ὁμοιότητα
2531 1556 2831 1628 κατακριθῇ
2870 1558 2903 1626 ή
2944 1554 3189 1626 ἁμαρτία
3232 1554 3290 1605 ἐν
3332 1554 3396 1621 τῇ
3436 1549 3590 1620 σαρκὶ,
3629 1547 3690 1599 καὶ

2203 1652 2396 1724 νικηθῇ
2422 1654 2450 1704 6
2476 1652 2574 1723 τῆς
2603 1649 2874 1722 ἁμαρτίας
2902 1648 3093 1720 ἔφορος
3132 1648 3160 1699 6
3195 1645 3479 1714 πειράζων,
3523 1644 3599 1695 καὶ
3628 1660 3693 1694 κα-

2202 1743 2400 1815 ταλυθῇ
2428 1746 2456 1797 6
2490 1742 2715 1806 θάνατος
2745 1739 2839 1794 τοῦ
2878 1740 2951 1811 μὴ
2982 1737 3282 1811 βασιλεύειν
3320 1735 3411 1789 καὶ
3444 1733 3692 1804 καταργηθῇ

2136 1797 2179 1852 Β
2206 1797 2459 1905 φγθορὲιιὲν
2489 1835 2553 1905 τῇ
2592 1797 2994 1902 τοῦνσώματος.
3024 1832 3166 1899 ταφῇ
3389 1829 3443 1879 ὲν

2209 1922 2499 1995 σώματος],
2550 1924 2644 1977 καὶ
2687 1920 2908 1992 ἀπαρχὴ
2950 1919 3295 1981 ἀναστάσεως
3340 1916 3609 1985 ἁναδειχθῇ,
3636 1916 3695 1966 καὶ

2206 2016 2346 2087 ἀρχὴ
2372 2015 2709 2085 δικαιοσύνης
2736 2016 2793 2066 ὲν
2820 2011 2897 2083 τῷ
2930 2012 3118 2083 κόσμῳ
3143 2009 3512 2079 πολιτεύσηται
3541 2007 3609 2060 διὰ
3632 2007 3694 2076 τῆς

2209 2108 2461 2173 πίστεως,
2508 2108 2601 2161 καὶ
2651 2104 2897 2177 βασιλεία
2933 2103 3171 2174 οὐρανῶν
3209 2099 3506 2173 ἀνθρώποις
3535 2100 3697 2167 εὐαγγε-

2208 2200 2384 2272 λισθῇ,
2419 2198 2512 2253 καὶ¹
2535 2198 2667 2252 Θεοῦ
2690 2196 2822 2269 πρὸς
2842 2193 3158 2266 ἀνθρώπους
3176 2193 3404 2264 γένηται
3431 2191 3651 2245 κοινωνία.

2292 2383 2418 2437 Ἐπὶ
2449 2382 2616 2453 ταύτῃ
2652 2384 2717 2454 τῇ
2755 2381 2935 2452 χάριτι
2975 2378 3284 2449 δοξάζωμεν
3315 2377 3407 2431 τὸν
3436 2373 3620 2444 Πατέρα
3640 2368 3698 2423 τὸν

2208 2478 2473 2531 δεδωκότα
2498 2477 2590 2530 τὸν
2624 2475 2748 2528 Υίὸν
2782 2472 2945 2527 αὐτοῦ
2982 2472 3070 2525 τὸν
3107 2469 3374 2544 μονογενῆ
3396 2468 3525 2538 ὑπὲρ
3544 2466 3621 2534 τῆς
3638 2462 3698 2514 τώ

2210 2571 2412 2639 κόσμου
2433 2567 2594 2638 ζωῆς.
2620 2564 2937 2637 Δοξάσωμεν
2955 2565 3013 2617 τὸ
3032 2563 3252 2634 Πνεῦμα
3266 2561 3333 2614 τὸ
3360 2562 3521 2628 ἅγιον,
3540 2557 3589 2610 τὸ
3607 2558 3702 2625 ἐνερ-

2210 2662 2359 2733 γοῦν,
2394 2662 2454 2715 τὸ
2492 2661 2783 2727 ζωοποιοῦν
2818 2661 2985 2731 ημᾶς,
3017 2657 3078 2709 τὸ
3105 2655 3346 2728 παρέχον
3373 2655 3439 2707 τὰ
3467 2652 3703 2724 χαρίσματι

2212 2755 2348 2827 πρὸς
2385 2753 2518 2807 Θεοῦ
2567 2752 2867 2816 κοινωνίαν,
2907 2750 3003 2804 καὶ
3044 2747 3117 2820 μὴ
3158 2744 3618 2819 περιεργαζὼμεθα
3644 2740 3701 2795 τῦν

2212 2844 2562 2914 εὐαγγελικὸν
2588 2843 2740 2912 λόγον
2767 2839 2943 2907 λέξεσι
2976 2832 3313 2910 περιξήροις,
3339 2835 3634 2907 ἀπεράντους
3647 2830 3703 2900 ζη-

2211 2940 2392 3008 τήσεις
2416 2938 2510 2991 καὶ
2543 2935 2872 3008 λογομαχίας
2896 2933 3363 3008 περισπείροντες,
3405 2928 3495 2982 καὶ
3519 2924 3701 2979 τδνλεῖσί

2212 3030 2303 3083 καὶ
2330 3026 2614 3081 εὐθύτατον
2655 3025 2808 3094 λόγον
2853 3024 2951 3094 τῆς
2994 3023 3225 3086 πίστεως
3275 3013 3700 3092 τραχῦνοντεςΙά-ὶ·

549 3144 603 3189 et
657 3129 962 3202 expeditam
998 3124 1121 3179 tidei
1142 3119 1538 3176 institutionem
1563 3124 1985 3185 exasperautcs;
2018 3114 2108 3169 sed

2209 3117 2578 3191 τραχοῦντες],
2611 3116 2747 3198 ἀλλὰ
2786 3114 2980 3186 μᾶλλον
3016 3111 3377 3185 ἐργαζώμεθα
3404 3110 3460 3164 τὸ
3488 3109 3616 3181 ἔργον
3638 3104 3699 3173 ﬂii

552 3223 725 3293 magis
779 3222 832 3276 in
883 3218 935 3273 id
986 3214 1395 3274 incumbamus,
1436 3217 1496 3264 ut
1556 3205 1932 3263 lideioilicium
1978 3220 2115 3276 prae—

552 3326 787 3380 stemus,
824 3324 1013 3383 pacem
1048 3320 1328 3370 amemus,
1361 3300 1707 3358 concordiam
1737 3298 2111 3368 praeferamus,

551 3406 814 3462 unitatem
864 3398 1270 3463 custodiamus,
1316 3394 1634 3451 charitatem
1706 3392 1983 3453 colamus,
2019 3404 2115 3458 per

556 3511 721 3569 quam
750 3497 994 3565 placatur
1019 3490 1183 3545 Deus.

624 3587 691 3643 Et
717 3581 1172 3657 quemadmodum
1200 3588 1445 3633 nostrum
1478 3592 1586 3632 nou
1602 3584 1686 3629 est
1707 3573 1843 3629 scire
1881 3580 2113 3641 tempora

555 3692 648 3737 aut
680 3688 966 3741 momenta,
1005 3689 1121 3744 quae
1149 3670 1310 3725 Pater
1336 3670 1510 3740 posuit
1542 3669 1599 3720 in
1631 3684 1730 3720 sua
1756 3672 2011 3733 potestate
2031 3664 2109 3728 τίς

552 3770 775 3828 credere
793 3774 973 3821 autem
1010 3769 1253 3832 oportet,
1287 3759 1450 3813 ﬁnem
1476 3755 1596 3811 fore
1623 3754 1787 3825 hujus
1822 3753 2106 3822 temporis,

552 3872 607 3919 et
636 3860 804 3916 futuri
856 3856 1036 3912 saeculi
1078 3851 1508 3915 inchoationem,
1532 3856 1586 3902 et
1602 3847 1792 3919 judicii
1823 3843 2110 3900 revelatio—

552 3968 700 4019 nem,
737 3959 791 4006 et
816 3945 938 4003 Filii
980 3944 1075 3999 Dei
1116 3942 1428 4004 adventum,
1468 3947 1523 3994 et
1547 3953 1770 4008 Operum
1800 3936 2111 3992 retributio-

552 4058 703 4108 nem,
734 4049 788 4096 et
820 4037 969 4108 regni
996 4035 1261 4090 caelorum
1309 4030 1709 4095 beereditatem;
1752 4029 1832 4083 sic
1863 4039 2108 4084 nostrum

552 4150 664 4189 non
694 4139 780 4186 est
800 4129 975 4194 scire,
1003 4123 1278 4195 quomodo
1310 4120 1480 4175 Filius
1507 4118 1602 4174 Dei
1632 4118 1806 4174 factus
1827 4120 1899 4175 sit
1922 4120 2105 4175 homo.

552 4225 690 4280 Nam
712 4219 1029 4296 mysterium
1059 4216 1162 4270 hoc
1187 4227 1445 4282 magnum
1475 4220 1577 4273 est,
1607 4218 1664 4264 ut
1715 4208 1995 4280 Scriptura
2033 4218 2109 4264 te-

553 4326 728 4375 statur
752 4316 799 4347 ”
834 4331 852 4369 :
884 4310 1278 4366 Geuerationem
1298 4305 1409 4375 ejus
1434 4304 1550 4375 quis
1580 4302 1845 4357 enarrabit
1863 4303 1952 4357 7‘?
1980 4320 2107 4374 quo-

553 4409 701 4463 niam
738 4404 1003 4460 toltetura
1041 4410 1180 4454 terra
1224 4398 1332 4452 vita
1375 4395 1487 4464 ejus
1510 4395 1574 4448 ⁷⁸.
1631 4393 1736 4449 Sed
1783 4394 2108 4450 credendum

2214 3211 2465 3277 πίστεως,
2487 3209 2585 3281 τὴν
2602 3209 2822 3280 εἰρήνην
2843 3206 3235 3277 ἀγαπήσωμεν,
3263 3205 3365 3275 τὴν
3388 3203 3607 3275 ὁμόνοιαν
3628 3200 3701 3250 ἐα-

2210 3299 2538 3372 δειξώμεθα,
2597 3297 2692 3370 τὴν
2751 3298 2974 3368 ἑνότητα
3005 3294 3379 3366 φυλάξωμεν,
3428 3294 3519 3366 τὴν
3550 3290 3701 3358 ἀγάπηδ

2210 3393 2633 3463 γεωργήσωμεν,
2664 3389 2731 3441 δι’
2762 3384 2830 3458 ἦς
2868 3388 3247 3459 εὐαρεστεῖται
3271 3386 3428 3450 Θεός.

2283 3573 2491 3641 ’Ὠσπερ
2527 3572 2622 3642 οὐχ
2656 3570 2810 3643 ήμῶν
2843 3573 2957 3624 ἐστι
2987 3569 3050 3623 τὸ
3080 3570 3282 3638 γνῶναι
3308 3571 3553 3639 χρόνους
3576 3567 3703 3635 ﬁne

2201 3663 2371 3732 ροὺς,
2411 3663 2516 3728 οὓς
2545 3666 2578 3716 ό
2603 3662 2804 3731 Πατὴρ
2841 3663 3004 3716 ἔθετο
3035 3661 3105 3715 ἐν
3131 3661 3199 3732 τῇ
3245 3661 3371 3729 ἰδίᾳ
3409 3658 3630 3725 ἐξουσίᾳ·
3653 3670 3704 3705 πι-

2210 3756 2430 3810 στεῦσαι
2451 3756 2506 3809 δὲ
2534 3756 2635 3820 δεῖ,
2669 3756 2750 3809 ὅτι
2778 3756 2968 3827 χρόνου
3002 3754 3152 3807 ἔσται
3181 3753 3357 3820 τέλος,
3385 3754 3475 3807 καὶ

2209 3847 2400 3911 αίῶνος
2441 3847 2590 3900 ἔσται
2654 3847 2976 3918 φανέρωσις,
3016 3845 3110 3899 καὶ
3155 3844 3393 3915 κρίσεως
3427 3837 3703 3906 ἀποκάλυψις,

2209 3941 2301 3993 καὶ
2323 3939 2416 3993 τοῦ
2441 3939 2572 3993 Υίοῦ
2598 3938 2731 3992 Θεοῦ
2759 3937 3047 4009 παρουσία,
3088 3936 3182 3989 καὶ
3209 3937 3391 4007 ἔργων
3414 3931 3706 3989 ἀνταπόδοσιῆ

2190 4031 2304 4099 ,καὶ
2335 4030 2578 4102 οὐρανῶν
2611 4029 2883 4100 βασιλείας
2911 4027 3260 4100 κληρονομία·
3297 4026 3467 4089 οὕτως
3488 4025 3575 4093 οὐχ
3600 4016 3705 4090 iuth

2208 4120 2408 4190 γνῶναι
2435 4120 2495 4173 τὸ
2530 4119 2648 4185 πῶς
2682 4121 2710 4173 6
2743 4120 2869 4183 Υἱὸς
2911 4119 3004 4172 τοῦ
3037 4118 3169 4172 Θεοῦ
3210 4118 3437 4186 γέγονεν
3476 4112 3706 4182 dxteram“

2207 4214 2268 4267 τὸ
2293 4213 2401 4287 γὰρ
2430 4214 2722 4285 μυστήριον
2744 4212 2901 4265 τοῦτο
2922 4211 3064 4282 μέγα
3091 4211 3228 4275 ἐστὶ,
3255 4208 3441 4271 καθὼς
3459 4206 3705 4275 γέγραπται,

2210 4309 2444 4379 ὅτι,Τὴν
2463 4305 2674 4375 γενεὰν
2701 4303 2886 4358 αὐτοῦ
2918 4304 3009 4370 τίς
3038 4301 3391 4372 διηγήσεται
3402 4317 3422 4364 ;
3452 4294 3707 4361 ὅτιαῐρεται

2209 4398 2328 4456 ἀπὸ
2355 4397 2467 4466 τῆς
2488 4396 2601 4466 γῆς
2628 4397 2667 4465 ἡ
2700 4394 2810 4463 ζωὴ
2832 4393 3035 4450 αὑτοῦ.
3071 4392 3231 4446 Ἀλλὰ
3260 4390 3538 4446 πιστεῦσαι
3561 4386 3635 4445 δεῖ,
3657 4381 3707 4432 ὅτι

555 4509 640 4554 est
686 4496 883 4551 Filium
927 4493 1021 4549 Dei
1056 4491 1261 4546 factum
1313 4502 1437 4544 esse
1481 4486 1756 4542 hominem
1807 4487 2108 4541 secundum

2215 4494 2242 4546 6
2272 4490 2397 4553 Υἱὸς
2424 4487 2516 4541 τοῦ
2545 4486 2679 4541 Θεοῦ
2703 4485 2915 4554 ἐγένετο
2944 4483 3223 4556 ἄνθρωπος
3252 4486 3399 4537 κατὰ
3414 4482 3506 4545 τὰς
3534 4471 3705 4548 Γραᾷᾶςι

522 4660 525 4665 γ
559 4589 907 4660 Scripturas;
940 4594 996 4641 et
1027 4586 1081 4639 in
1117 4593 1260 4638 terra
1309 4580 1519 4646 visum,
1568 4588 1772 4635 etcum
1801 4577 2115 4634 hominibus

558 4691 938 4738 conversatum
963 4692 1082 4734 esse
1103 4716 1117 4740 ,
1144 4685 1203 4729 ut
1241 4689 1410 4729 sacra:
1434 4672 1649 4731 Litterae
1672 4670 1898 4738 docent;
1926 4684 2137 4724 secun-.

557 4775 690 4831 dum
721 4771 1129 4826 similitudinem
1147 4809 1161 4833 ,
1188 4767 1395 4835 absque
1422 4774 1646 4835 peccato
1665 4804 1681 4831 ,
1724 4778 1930 4834 proque
1959 4760 2116 4816 nobis

558 4874 837 4925 mortuum
885 4877 1043 4929 esse,
1079 4872 1134 4917 et
1169 4860 1530 4914 resurrcxisse
1559 4872 1627 4911 ex
1672 4855 1936 4921 mortuis,
1979 4855 2120 4910 sicut

560 4958 825 5027 scriptum
839 4955 980 5010 est"
1001 4971 1017 5019 ;
1035 4965 1088 5008 et
1108 4954 1161 5007 in
1187 4953 1353 5008 coelos
1382 4958 1721 5018 assumptum
1739 4964 1878 5015 esse,
1904 4947 2118 5003 sedere-

560 5064 668 5119 que
705 5048 761 5102 in
782 5045 1006 5102 dextera
1031 5043 1290 5107 Patris",
1315 5043 1440 5096 inde
1461 5048 1751 5096 venturum
1775 5038 2023 5109 judicare
2038 5036 2119 5090 vi-

559 5157 660 5196 vos
687 5149 742 5195 et
764 5146 1026 5204 mortuos,
1059 5145 1118 5190 ut
1141 5135 1419 5205 Scriptura
1450 5130 1707 5198 tradit";
1740 5147 1807 5185 nc
1827 5170 1841 5191 ,
1878 5130 2007 5185 dum
2035 5128 2119 5182 in-

560 5241 643 5287 ter
700 5246 798 5286 nos
829 5227 1010 5284 verbis
1041 5226 1420 5295 digladiamur,
1467 5222 1841 5292 hlasphement
1898 5220 2119 5291 quidam

562 5323 865 5378 doctrinam
914 5319 1132 5384 ﬁdei";
1179 5318 1497 5387 eveniatque
1548 5313 1679 5368 illud
1715 5332 1728 5366 :
1765 5312 1991 5382 PrOpter
2024 5329 2121 5367 vus

564 5412 958 5483 blasphematur
980 5425 1165 5465 nomen
1192 5424 1363 5461 meum
1394 5423 1591 5475 semper
1621 5407 1674 5458 in
1710 5404 1950 5474 gentibus
1979 5404 2046 5456 ⁸ο.

2217 4582 2311 4635 καὶ
2338 4582 2418 4634 ὃτι
2461 4578 2554 4631 ἐπὶ
2596 4577 2694 4647 τῆς
2737 4576 2841 4646 γῆς
2870 4576 3045 4645 ὤφθη,
3071 4573 3297 4637 καὶτοῖς
3337 4566 3613 4643 ἀνθρώποις
3632 4578 3706 4614 cm

2219 4671 2530 4743 ανεστράφη
2572 4670 2710 4725 κατὰ
2737 4669 2835 4734 τὰς
2863 4667 3107 4739 Γραφὰς,
3131 4665 3255 4718 καθ’
3294 4664 3582 4735 ὁμοιότητα,
3595 4651 3705 4727 χωρὶς

2219 4764 2509 4836 ἁμαρτίας,
2544 4762 2639 4816 καὶ
2661 4764 2742 4815 ὅτι
2763 4760 3027 4815 ἀπέθανεν
3061 4757 3200 4828 ὑπὲρ
3236 4757 3418 4828 ἡμῶν,
3462 4752 3546 4807 καὶ
3574 4746 3705 4836 im

2220 4834 2285 4911 ὲκ
2313 4834 2541 4927 νεκρῶν,
2581 4854 2760 4919 καθὼς
2807 4853 3129 4927 γέγραπται,
3170 4851 3269 4904 καὶ
3299 4852 3383 4904 ὅτι
3416 4847 3490 4912 εἰς
3518 4834 3704 4912 οὐρανοὺς

2221 4947 2492 5019 ἀνελήφθη
2515 4945 2871 5019 [ἀνελήλυθε],
2896 4944 2989 4999 καὶ
3013 4942 3263 4997 ἐκάθισεν
3289 4944 3348 4995 ἐν
3382 4939 3520 5007 δεξιᾷ
3542 4930 3615 4986 τυῦ
3637 4927 3705 5019 με·

2223 5014 2537 5112 τρὸςξδθεν-
2565 5014 2695 5109 ἥξει-
2729 5014 2905 5109 κρῖναι
2944 5033 3153 5100 ζῶντας
3194 5034 3292 5087 καὶ
3330 5030 3556 5102 νεκροὺς,

2224 5107 2547 5203 γέγραπται,
2669 5107 2797 5182 ποτε
2819 5126 2973 5199 ἡμῶν
2997 5123 3443 5196 λογομαχούντων
3471 5117 3585 5188 πρὸς
3602 5107 3706 5203 im}:

2224 5193 2346 5286 λούς
2377 5193 2800 5293 βλασφημησωσί
2823 5193 2966 5281 τινες
2988 5193 3078 5270 τὸν
3104 5193 3215 5287 τῆς-
3229 5193 3465 5276 πίστεως
3484 5193 3703 5293 16w»?-

2222 5287 2419 5388 ἐπέλθῃ
2464 5287 2852 5385 τὺνεῂίρημένονο
2884 5312 2959 5363 Δι’
2988 5310 3133 5381 ὑμᾶς
3168 5306 3235 5360 τὸ
3274 5302 3457 5375 ὄνομά
3502 5316 3598 5370 μου
3629 5287 3699 5361 [5-

2223 5409 2329 5464 τοῦ
2348 5406 2518 5479 Θεοῦ]
2533 5405 2856 5470 διαπαντὸς
2870 5400 3316 5471 βλασφημεῖται
3338 5399 3408 5453 ἐν
3423 5394 3531 5460 τοῖς
3547 5390 3700 5444 ἔθνεσι·

638 5660 680 5690 ⁸⁷
714 5658 878 5712 Marc.
914 5675 952 5723 I,
997 5658 1051 5712 9.
1126 5656 1172 5688 ⁸⁸
1212 5655 1400 5713 Matth.
1446 5671 1518 5719 ιν,
1546 5654 1597 5707 1.
1674 5654 1718 5687 ⁸⁸
1741 5655 1896 5712 Joan.
1936 5670 2048 5721 1m,
2081 5656 2108 5709 5

2240 5654 2287 5686 7°
2336 5623 2494 5723 Rom.
2521 5669 2571 5707 ν.
2670 5652 2713 5683 ⁷¹
2736 5648 2911 5723 lCor._
2935 5667 3024 5723 xv,
3099 5647 3267 5723 "Act:
3294 5662 3334 5713 ι,
3449 5639 3542 5723 ﬂ"
3570 5631 3699 5723 IDE.

566 5742 650 5782 ιιι.
725 5709 771 5759 Ἀ
796 5709 1047 5793 [sa-ini,
1070 5727 1123 5784 8.
1195 5728 1242 5759 ⁷⁸
1269 5709 1397 5781 λεὶ.
1484 5709 1598 5791 vin,
1625 5725 1714 5779 3'5.
1751 5709 1755 5710 ν
1781 5709 1835 5757 vi“
1861 5709 2094 5781 Baruch.

2206 5739 2241 5790 ι.
2274 5724 2381 5793 38;
2440 5721 2602 5778 Hebr.
2639 5736 2713 5790 Iv,
2747 5722 2848 5790 15;
2874 5720 2912 5776 ll
2963 5720 3105 5776 Tim.
3139 5734 3198 5782 ιι,
3229 5716 3284 5773 8.
3320 5709 3328 5713 ⁷
3360 5715 3404 5747 ⁷⁷
3445 5709 3583 5765 Marc.
3619 5711 3695 5757 nl.

568 5800 656 5854 19.
732 5798 778 5829 ⁷⁸
802 5797 844 5850 ιι
880 5798 1017 5855 Tim.
1053 5814 1126 5867 tv,
1163 5799 1213 5851 1.
1264 5799 1335 5873 ’τ’
1384 5794 1569 5851 lTim.
1596 5812 1670 5863 vi,
1694 5797 1743 5851 1.
1794 5796 1867 5873 .-⁸⁸
1901 5797 2005 5852 lsa.
2035 5810 2130 5861 ιιι,
2158 5794 2189 5849 5
