  <div class='ocr_page' id='page_1' title='image "/cluster/home/n/w/nwhite01/storage/ocr_20150623/10/hvd.32044073501348/584.png"; bbox 0 0 3950 6326; ppageno 0'>
   <div class='ocr_carea' id='block_1_1' title="bbox 285 338 429 395">
    <p class='ocr_par' dir='ltr' id='par_1_1' title="bbox 285 338 429 395">
     <span class='ocr_line' id='line_1_1' title="bbox 285 338 429 395; baseline 0.021 -3"><span class='ocrx_word' id='word_1_1' title='bbox 285 338 429 395; x_wconf 77' lang='grc'><strong>1157</strong></span> 
     </span>
    </p>
   </div>
   <div class='ocr_carea' id='block_1_2' title="bbox 1471 332 2287 393">
    <p class='ocr_par' dir='ltr' id='par_1_2' title="bbox 1471 332 2287 393">
     <span class='ocr_line' id='line_1_2' title="bbox 1471 332 2287 393; baseline 0.001 -4"><span class='ocrx_word' id='word_1_2' title='bbox 1471 332 1886 393; x_wconf 79' lang='lat' dir='ltr'><strong>DISPUTATIO</strong></span> <span class='ocrx_word' id='word_1_3' title='bbox 1923 337 2011 393; x_wconf 85' lang='lat' dir='ltr'><strong>DE</strong></span> <span class='ocrx_word' id='word_1_4' title='bbox 2050 335 2287 391; x_wconf 78' lang='lat' dir='ltr'><strong>ANIMA.</strong></span> 
     </span>
    </p>
   </div>
   <div class='ocr_carea' id='block_1_3' title="bbox 3374 346 3510 402">
    <p class='ocr_par' dir='ltr' id='par_1_3' title="bbox 3374 346 3510 402">
     <span class='ocr_line' id='line_1_3' title="bbox 3374 346 3510 402; baseline 0.037 -5"><span class='ocrx_word' id='word_1_5' title='bbox 3374 346 3510 402; x_wconf 62' lang='lat' dir='ltr'><strong>H33</strong></span> 
     </span>
    </p>
   </div>
   <div class='ocr_carea' id='block_1_4' title="bbox 312 495 3489 534">
    <p class='ocr_par' dir='ltr' id='par_1_4' title="bbox 312 495 3489 534">
     <span class='ocr_line' id='line_1_4' title="bbox 312 495 3489 534; baseline -0.001 -3"><span class='ocrx_word' id='word_1_6' title='bbox 312 495 3489 534; x_wconf 31' lang='grc' dir='ltr'><em>Ν</em></span> 
     </span>
    </p>
   </div>
   <div class='ocr_carea' id='block_1_5' title="bbox 1034 638 2763 746">
    <p class='ocr_par' dir='ltr' id='par_1_5' title="bbox 1034 638 2763 746">
     <span class='ocr_line' id='line_1_5' title="bbox 1034 638 2763 746; baseline -0.002 -1"><span class='ocrx_word' id='word_1_7' title='bbox 1034 659 1259 746; x_wconf 91' lang='grc' dir='ltr'><strong>ΤΟΥ</strong></span> <span class='ocrx_word' id='word_1_8' title='bbox 1329 660 1474 746; x_wconf 92' lang='grc' dir='ltr'><strong>ΕΝ</strong></span> <span class='ocrx_word' id='word_1_9' title='bbox 1526 657 1888 746; x_wconf 88' lang='grc' dir='ltr'><strong>ΑΓΙΟΙΣ</strong></span> <span class='ocrx_word' id='word_1_10' title='bbox 1949 638 2378 745; x_wconf 78' lang='grc' dir='ltr'>ΠΑΤΡΟΣ</span> <span class='ocrx_word' id='word_1_11' title='bbox 2438 654 2763 745; x_wconf 87' lang='grc' dir='ltr'><strong>ΗΜΩΝ</strong></span> 
     </span>
    </p>
   </div>
   <div class='ocr_carea' id='block_1_6' title="bbox 1426 848 2389 984">
    <p class='ocr_par' dir='ltr' id='par_1_6' title="bbox 1426 848 2389 984">
     <span class='ocr_line' id='line_1_6' title="bbox 1426 848 2389 984; baseline -0.005 0"><span class='ocrx_word' id='word_1_12' title='bbox 1426 848 2389 984; x_wconf 91' lang='grc' dir='ltr'><strong>ΓΡΗΓΟΡΙΟΥ</strong></span> 
     </span>
    </p>
   </div>
   <div class='ocr_carea' id='block_1_7' title="bbox 594 1079 3195 1154">
    <p class='ocr_par' dir='ltr' id='par_1_7' title="bbox 594 1079 3195 1154">
     <span class='ocr_line' id='line_1_7' title="bbox 594 1079 3195 1154; baseline 0 -16"><span class='ocrx_word' id='word_1_13' title='bbox 594 1079 991 1138; x_wconf 78' lang='grc' dir='ltr'><strong>ΕΠΙΣΚΟΠΟΥ</strong></span> <span class='ocrx_word' id='word_1_14' title='bbox 1017 1080 1151 1135; x_wconf 82' lang='grc' dir='ltr'><strong>ΤΗΣ</strong></span> <span class='ocrx_word' id='word_1_15' title='bbox 1175 1080 1719 1135; x_wconf 72' lang='grc' dir='ltr'><strong>ΝΕΟΚΑῙΣΑΡΕῙΛΣ</strong></span> <span class='ocrx_word' id='word_1_16' title='bbox 1744 1080 2041 1147; x_wconf 84' lang='grc' dir='ltr'><strong>ΠΟΝΤΟΥ,</strong></span> <span class='ocrx_word' id='word_1_17' title='bbox 2070 1080 2430 1153; x_wconf 84' lang='grc' dir='ltr'><strong>ΕΠΩΝΥΜΙᾼ</strong></span> <span class='ocrx_word' id='word_1_18' title='bbox 2458 1082 2595 1138; x_wconf 79' lang='grc' dir='ltr'><strong>ΤΟΥ</strong></span> <span class='ocrx_word' id='word_1_19' title='bbox 2619 1083 3195 1154; x_wconf 77' lang='grc' dir='ltr'><strong>ΘΑΥΜΑΤΟΥΡΓΟΥ,</strong></span> 
     </span>
    </p>
   </div>
   <div class='ocr_carea' id='block_1_8' title="bbox 1078 1245 2529 1433">
    <p class='ocr_par' dir='ltr' id='par_1_8' title="bbox 1078 1245 2529 1433">
     <span class='ocr_line' id='line_1_8' title="bbox 1078 1245 2529 1433; baseline 0.001 -71"><span class='ocrx_word' id='word_1_20' title='bbox 1078 1386 1081 1397; x_wconf 18' lang='grc' dir='ltr'>ξ</span> <span class='ocrx_word' id='word_1_21' title='bbox 1288 1245 1696 1433; x_wconf 78' lang='grc' dir='ltr'>ΠΡΟΣ</span> <span class='ocrx_word' id='word_1_22' title='bbox 1749 1248 2529 1367; x_wconf 86' lang='lat' dir='ltr'><strong>TATIANON</strong></span> 
     </span>
    </p>
   </div>
   <div class='ocr_carea' id='block_1_9' title="bbox 907 1466 2848 1559">
    <p class='ocr_par' dir='ltr' id='par_1_9' title="bbox 907 1466 2848 1559">
     <span class='ocr_line' id='line_1_9' title="bbox 907 1466 2848 1559; baseline 0 -1"><span class='ocrx_word' id='word_1_23' title='bbox 907 1472 1162 1559; x_wconf 86' lang='grc' dir='ltr'><strong>ΠΕΡΙ</strong></span> <span class='ocrx_word' id='word_1_24' title='bbox 1208 1467 1600 1558; x_wconf 87' lang='grc' dir='ltr'><strong>ΨΥΧΗΣ</strong></span> <span class='ocrx_word' id='word_1_25' title='bbox 1654 1466 2013 1556; x_wconf 89' lang='grc' dir='ltr'><strong>ΛΟΓΟΣ</strong></span> <span class='ocrx_word' id='word_1_26' title='bbox 2063 1466 2848 1558; x_wconf 82' lang='grc' dir='ltr'><strong>ΚΕΦΑΛΑΙΩΔΗΣ</strong></span> 
     </span>
    </p>
   </div>
   <div class='ocr_carea' id='block_1_10' title="bbox 1172 1822 2590 1918">
    <p class='ocr_par' dir='ltr' id='par_1_10' title="bbox 1172 1822 2590 1918">
     <span class='ocr_line' id='line_1_10' title="bbox 1172 1822 2590 1918; baseline -0.004 -1"><span class='ocrx_word' id='word_1_27' title='bbox 1172 1827 1586 1918; x_wconf 85' lang='lat' dir='ltr'><strong>SANCTI</strong></span> <span class='ocrx_word' id='word_1_28' title='bbox 1665 1824 2085 1916; x_wconf 80' lang='lat' dir='ltr'><strong>PATRIS</strong></span> <span class='ocrx_word' id='word_1_29' title='bbox 2155 1822 2590 1917; x_wconf 81' lang='lat' dir='ltr'><strong>NOSTRI</strong></span> 
     </span>
    </p>
   </div>
   <div class='ocr_carea' id='block_1_11' title="bbox 1510 2014 2264 2167">
    <p class='ocr_par' dir='ltr' id='par_1_11' title="bbox 1510 2014 2264 2167">
     <span class='ocr_line' id='line_1_11' title="bbox 1510 2014 2264 2167; baseline -0.001 -3"><span class='ocrx_word' id='word_1_30' title='bbox 1510 2014 2264 2167; x_wconf 75' lang='lat' dir='ltr'><strong>GREGORII</strong></span> 
     </span>
    </p>
   </div>
   <div class='ocr_carea' id='block_1_12' title="bbox 775 2273 3019 2346">
    <p class='ocr_par' dir='ltr' id='par_1_12' title="bbox 775 2273 3019 2346">
     <span class='ocr_line' id='line_1_12' title="bbox 775 2273 3019 2346; baseline -0.001 -12"><span class='ocrx_word' id='word_1_31' title='bbox 775 2275 1080 2335; x_wconf 74' lang='lat' dir='ltr'><strong>EPISCOPI</strong></span> <span class='ocrx_word' id='word_1_32' title='bbox 1127 2274 1633 2333; x_wconf 62' lang='lat' dir='ltr'><strong>NEOCAESAREE</strong></span> <span class='ocrx_word' id='word_1_33' title='bbox 1681 2275 1921 2343; x_wconf 86' lang='lat' dir='ltr'><strong>PONTI,</strong></span> <span class='ocrx_word' id='word_1_34' title='bbox 1973 2273 2439 2333; x_wconf 81' lang='lat' dir='ltr'><strong>COGNOMENTO</strong></span> <span class='ocrx_word' id='word_1_35' title='bbox 2493 2275 3019 2346; x_wconf 82' lang='lat' dir='ltr'><strong>TllAUMATURGl,</strong></span> 
     </span>
    </p>
   </div>
   <div class='ocr_carea' id='block_1_13' title="bbox 1460 2446 2315 2538">
    <p class='ocr_par' dir='ltr' id='par_1_13' title="bbox 1460 2446 2315 2538">
     <span class='ocr_line' id='line_1_13' title="bbox 1460 2446 2315 2538; baseline -0.001 -2"><span class='ocrx_word' id='word_1_36' title='bbox 1460 2448 1608 2536; x_wconf 83' lang='lat' dir='ltr'><strong>AD</strong></span> <span class='ocrx_word' id='word_1_37' title='bbox 1682 2446 2315 2538; x_wconf 83' lang='lat' dir='ltr'><strong>TATIANUM</strong></span> 
     </span>
    </p>
   </div>
   <div class='ocr_carea' id='block_1_14' title="bbox 568 2657 3236 2791">
    <p class='ocr_par' dir='ltr' id='par_1_14' title="bbox 568 2657 3236 2791">
     <span class='ocr_line' id='line_1_14' title="bbox 568 2657 3236 2791; baseline -0.005 -3"><span class='ocrx_word' id='word_1_38' title='bbox 568 2672 746 2791; x_wconf 90' lang='lat' dir='ltr'><strong>DE</strong></span> <span class='ocrx_word' id='word_1_39' title='bbox 831 2665 1283 2783; x_wconf 88' lang='lat' dir='ltr'><strong>ANIMA</strong></span> <span class='ocrx_word' id='word_1_40' title='bbox 1357 2663 1625 2775; x_wconf 80' lang='lat' dir='ltr'><strong>PER</strong></span> <span class='ocrx_word' id='word_1_41' title='bbox 1707 2657 2234 2774; x_wconf 83' lang='lat' dir='ltr'><strong>CAPITA</strong></span> <span class='ocrx_word' id='word_1_42' title='bbox 2319 2657 3236 2775; x_wconf 88' lang='lat' dir='ltr'><strong>DISPUTATIO.</strong></span> 
     </span>
    </p>
   </div>
   <div class='ocr_carea' id='block_1_15' title="bbox 939 2879 2826 2952">
    <p class='ocr_par' dir='ltr' id='par_1_15' title="bbox 939 2879 2826 2952">
     <span class='ocr_line' id='line_1_15' title="bbox 939 2879 2826 2952; baseline -0.004 -13"><span class='ocrx_word' id='word_1_43' title='bbox 939 2889 1014 2952; x_wconf 81' lang='lat' dir='ltr'><strong>(S.</strong></span> <span class='ocrx_word' id='word_1_44' title='bbox 1045 2887 1194 2951; x_wconf 62' lang='lat' dir='ltr'><strong>Cres.</strong></span> <span class='ocrx_word' id='word_1_45' title='bbox 1213 2886 1375 2938; x_wconf 76' lang='lat' dir='ltr'><strong>Neoc.</strong></span> <span class='ocrx_word' id='word_1_46' title='bbox 1394 2884 1578 2947; x_wconf 82' lang='lat' dir='ltr'><strong>Opera,</strong></span> <span class='ocrx_word' id='word_1_47' title='bbox 1605 2882 1687 2933; x_wconf 89' lang='lat' dir='ltr'><strong>ed.</strong></span> <span class='ocrx_word' id='word_1_48' title='bbox 1718 2882 1832 2933; x_wconf 85' lang='lat' dir='ltr'><strong>Ger.</strong></span> <span class='ocrx_word' id='word_1_49' title='bbox 1855 2882 2039 2943; x_wconf 78' lang='lat' dir='ltr'><strong>Vossii,</strong></span> <span class='ocrx_word' id='word_1_50' title='bbox 2065 2879 2408 2942; x_wconf 74' lang='lat' dir='ltr'><strong>Paris.,1622,</strong></span> <span class='ocrx_word' id='word_1_51' title='bbox 2432 2882 2481 2931; x_wconf 85' lang='lat' dir='ltr'><strong>in</strong></span> <span class='ocrx_word' id='word_1_52' title='bbox 2507 2881 2614 2942; x_wconf 80' lang='lat' dir='ltr'><strong>ful.,</strong></span> <span class='ocrx_word' id='word_1_53' title='bbox 2646 2894 2698 2944; x_wconf 93' lang='lat' dir='ltr'><strong>p.</strong></span> <span class='ocrx_word' id='word_1_54' title='bbox 2722 2879 2826 2943; x_wconf 66' lang='lat' dir='ltr'><strong>l2.)</strong></span> 
     </span>
    </p>
   </div>
   <div class='ocr_carea' id='block_1_16' title="bbox 330 3175 1832 3268">
    <p class='ocr_par' dir='ltr' id='par_1_16' title="bbox 330 3180 1828 3268">
     <span class='ocr_line' id='line_1_16' title="bbox 330 3180 1828 3268; baseline -0.008 -17"><span class='ocrx_word' id='word_1_55' title='bbox 330 3196 446 3251; x_wconf 79' lang='grc' dir='ltr'>Τὸν</span> <span class='ocrx_word' id='word_1_56' title='bbox 469 3195 598 3268; x_wconf 69' lang='grc' dir='ltr'>περὶ</span> <span class='ocrx_word' id='word_1_57' title='bbox 622 3193 798 3266; x_wconf 75' lang='grc' dir='ltr'>ψυχῆς</span> <span class='ocrx_word' id='word_1_58' title='bbox 825 3209 905 3247; x_wconf 81' lang='grc' dir='ltr'><strong>σοι</strong></span> <span class='ocrx_word' id='word_1_59' title='bbox 942 3191 1098 3259; x_wconf 85' lang='grc' dir='ltr'>λόγον</span> <span class='ocrx_word' id='word_1_60' title='bbox 1129 3191 1418 3252; x_wconf 76' lang='grc' dir='ltr'>ἐκέλευσας</span> <span class='ocrx_word' id='word_1_61' title='bbox 1449 3190 1602 3259; x_wconf 78' lang='grc' dir='ltr'>ἡμῖν,</span> <span class='ocrx_word' id='word_1_62' title='bbox 1629 3180 1674 3241; x_wconf 80' lang='grc' dir='ltr'><strong>ὦ</strong></span> <span class='ocrx_word' id='word_1_63' title='bbox 1697 3186 1828 3240; x_wconf 90' lang='grc' dir='ltr'>θαυ-</span> 
     </span>
    </p>
   </div>
   <div class='ocr_carea' id='block_1_17' title="bbox 1933 3175 3502 3268">
    <p class='ocr_par' dir='ltr' id='par_1_17' title="bbox 1999 3175 3502 3250">
     <span class='ocr_line' id='line_1_17' title="bbox 1999 3175 3502 3250; baseline -0.001 -14"><span class='ocrx_word' id='word_1_64' title='bbox 1999 3178 2239 3243; x_wconf 86' lang='lat' dir='ltr'><strong>Jussisti,</strong></span> <span class='ocrx_word' id='word_1_65' title='bbox 2275 3176 2721 3250; x_wconf 78' lang='lat' dir='ltr'><strong>praestantissime</strong></span> <span class='ocrx_word' id='word_1_66' title='bbox 2750 3175 2996 3241; x_wconf 78' lang='lat' dir='ltr'><strong>Taliane,</strong></span> <span class='ocrx_word' id='word_1_67' title='bbox 3024 3182 3084 3231; x_wconf 90' lang='lat' dir='ltr'><strong>ut</strong></span> <span class='ocrx_word' id='word_1_68' title='bbox 3106 3190 3231 3232; x_wconf 88' lang='lat' dir='ltr'><strong>cum</strong></span> <span class='ocrx_word' id='word_1_69' title='bbox 3265 3176 3502 3235; x_wconf 75' lang='lat' dir='ltr'><strong>cilicaci-</strong></span> 
     </span>
    </p>
   </div>
   <div class='ocr_carea' id='block_1_18' title="bbox 261 3278 1828 3361">
    <p class='ocr_par' dir='ltr' id='par_1_18' title="bbox 261 3278 1828 3361">
     <span class='ocr_line' id='line_1_18' title="bbox 261 3278 1828 3361; baseline -0.008 -19"><span class='ocrx_word' id='word_1_70' title='bbox 261 3291 435 3361; x_wconf 78' lang='grc' dir='ltr'>μάσιε</span> <span class='ocrx_word' id='word_1_71' title='bbox 455 3285 705 3351; x_wconf 69' lang='grc' dir='ltr'>Τατιανὲ,</span> <span class='ocrx_word' id='word_1_72' title='bbox 760 3285 874 3357; x_wconf 86' lang='grc' dir='ltr'>μετ’</span> <span class='ocrx_word' id='word_1_73' title='bbox 921 3285 1252 3356; x_wconf 81' lang='grc' dir='ltr'>ὲνεργουσῶν</span> <span class='ocrx_word' id='word_1_74' title='bbox 1293 3279 1619 3347; x_wconf 81' lang='grc' dir='ltr'>ἀποδείξεων</span> <span class='ocrx_word' id='word_1_75' title='bbox 1642 3278 1828 3348; x_wconf 83' lang='grc' dir='ltr'>διαχα-</span> 
     </span>
    </p>
   </div>
   <div class='ocr_carea' id='block_1_19' title="bbox 258 3368 1829 3451">
    <p class='ocr_par' dir='ltr' id='par_1_19' title="bbox 258 3368 1829 3451">
     <span class='ocr_line' id='line_1_19' title="bbox 258 3368 1829 3451; baseline -0.006 -18"><span class='ocrx_word' id='word_1_76' title='bbox 258 3380 497 3451; x_wconf 79' lang='grc' dir='ltr'>ράξασιν</span> <span class='ocrx_word' id='word_1_77' title='bbox 542 3376 875 3432; x_wconf 83' lang='grc' dir='ltr'>ἀποστεῖλαι·</span> <span class='ocrx_word' id='word_1_78' title='bbox 930 3376 1026 3431; x_wconf 61' lang='grc' dir='ltr'><strong>καὶ⁵</strong></span> <span class='ocrx_word' id='word_1_79' title='bbox 1067 3374 1241 3429; x_wconf 79' lang='grc' dir='ltr'>ταῦτα</span> <span class='ocrx_word' id='word_1_80' title='bbox 1283 3373 1467 3443; x_wconf 72' lang='grc' dir='ltr'>ἠξίους</span> <span class='ocrx_word' id='word_1_81' title='bbox 1514 3374 1704 3436; x_wconf 83' lang='grc' dir='ltr'><strong>ποιεῖν,</strong></span> <span class='ocrx_word' id='word_1_82' title='bbox 1753 3368 1829 3442; x_wconf 82' lang='grc' dir='ltr'>μὴ</span> 
     </span>
    </p>
   </div>
   <div class='ocr_carea' id='block_1_20' title="bbox 254 3462 1831 3539">
    <p class='ocr_par' dir='ltr' id='par_1_20' title="bbox 254 3462 1831 3539">
     <span class='ocr_line' id='line_1_20' title="bbox 254 3462 1831 3539; baseline -0.006 -16"><span class='ocrx_word' id='word_1_83' title='bbox 254 3472 391 3534; x_wconf 81' lang='grc' dir='ltr'>ταῖς</span> <span class='ocrx_word' id='word_1_84' title='bbox 438 3467 548 3521; x_wconf 84' lang='grc' dir='ltr'><strong>τῶν</strong></span> <span class='ocrx_word' id='word_1_85' title='bbox 593 3465 823 3539; x_wconf 72' lang='grc' dir='ltr'>Γραφῶν</span> <span class='ocrx_word' id='word_1_86' title='bbox 874 3464 1199 3539; x_wconf 79' lang='grc' dir='ltr'><strong>μαρτυρίαις</strong></span> <span class='ocrx_word' id='word_1_87' title='bbox 1242 3462 1655 3535; x_wconf 81' lang='grc' dir='ltr'><strong>χρησαμένους·</strong></span> <span class='ocrx_word' id='word_1_88' title='bbox 1694 3463 1831 3533; x_wconf 87' lang='grc' dir='ltr'>ὅπερ</span> 
     </span>
    </p>
   </div>
   <div class='ocr_carea' id='block_1_21' title="bbox 256 3550 1831 3627">
    <p class='ocr_par' dir='ltr' id='par_1_21' title="bbox 256 3550 1831 3627">
     <span class='ocr_line' id='line_1_21' title="bbox 256 3550 1831 3627; baseline -0.006 -15"><span class='ocrx_word' id='word_1_89' title='bbox 256 3559 385 3613; x_wconf 76' lang='grc' dir='ltr'>ἐστι</span> <span class='ocrx_word' id='word_1_90' title='bbox 406 3574 466 3611; x_wconf 87' lang='grc' dir='ltr'><strong>τε</strong></span> <span class='ocrx_word' id='word_1_91' title='bbox 491 3558 585 3614; x_wconf 78' lang='grc' dir='ltr'>καὶ</span> <span class='ocrx_word' id='word_1_92' title='bbox 626 3560 737 3621; x_wconf 81' lang='grc' dir='ltr'>τοῖς</span> <span class='ocrx_word' id='word_1_93' title='bbox 782 3556 1020 3621; x_wconf 81' lang='grc' dir='ltr'>εὐσεὸῶς</span> <span class='ocrx_word' id='word_1_94' title='bbox 1065 3557 1278 3627; x_wconf 80' lang='grc' dir='ltr'>φρονεῖν</span> <span class='ocrx_word' id='word_1_95' title='bbox 1325 3552 1593 3606; x_wconf 76' lang='grc' dir='ltr'>ἐθέλουσιν</span> <span class='ocrx_word' id='word_1_96' title='bbox 1628 3550 1831 3621; x_wconf 79' lang='grc' dir='ltr'>ἀληθής</span> 
     </span>
    </p>
   </div>
   <div class='ocr_carea' id='block_1_22' title="bbox 255 3641 1827 3719">
    <p class='ocr_par' dir='ltr' id='par_1_22' title="bbox 255 3641 1827 3719">
     <span class='ocr_line' id='line_1_22' title="bbox 255 3641 1827 3719; baseline -0.005 -15"><span class='ocrx_word' id='word_1_97' title='bbox 255 3649 523 3719; x_wconf 69' lang='grc' dir='ltr'>τυγχάνει</span> <span class='ocrx_word' id='word_1_98' title='bbox 582 3647 896 3703; x_wconf 81' lang='grc' dir='ltr'>διδασκαλία</span> <span class='ocrx_word' id='word_1_99' title='bbox 942 3649 1145 3712; x_wconf 83' lang='grc' dir='ltr'>παντὸς</span> <span class='ocrx_word' id='word_1_100' title='bbox 1183 3646 1523 3719; x_wconf 80' lang='grc' dir='ltr'><strong>ἀνθρωπίνου</strong></span> <span class='ocrx_word' id='word_1_101' title='bbox 1568 3641 1827 3715; x_wconf 80' lang='grc' dir='ltr'><strong>λογισμοῦ</strong></span> 
     </span>
    </p>
   </div>
   <div class='ocr_carea' id='block_1_23' title="bbox 258 3736 1829 3814">
    <p class='ocr_par' dir='ltr' id='par_1_23' title="bbox 258 3736 1829 3814">
     <span class='ocr_line' id='line_1_23' title="bbox 258 3736 1829 3814; baseline -0.005 -16"><span class='ocrx_word' id='word_1_102' title='bbox 258 3741 785 3813; x_wconf 73' lang='grc' dir='ltr'>ἀποδεικτικωτέραο</span> <span class='ocrx_word' id='word_1_103' title='bbox 826 3740 961 3814; x_wconf 76' lang='grc' dir='ltr'>ἔφης</span> <span class='ocrx_word' id='word_1_104' title='bbox 1006 3740 1114 3813; x_wconf 86' lang='grc' dir='ltr'><strong>γὰρ</strong></span> <span class='ocrx_word' id='word_1_105' title='bbox 1163 3740 1238 3812; x_wconf 82' lang='grc' dir='ltr'>μὴ</span> <span class='ocrx_word' id='word_1_106' title='bbox 1303 3740 1439 3811; x_wconf 85' lang='grc' dir='ltr'>πρὸς</span> <span class='ocrx_word' id='word_1_107' title='bbox 1478 3739 1577 3813; x_wconf 82' lang='grc' dir='ltr'>τὴν</span> <span class='ocrx_word' id='word_1_108' title='bbox 1637 3736 1829 3793; x_wconf 79' lang='grc' dir='ltr'>ἑαυτοῦ</span> 
     </span>
    </p>
   </div>
   <div class='ocr_carea' id='block_1_24' title="bbox 261 3827 1828 3904">
    <p class='ocr_par' dir='ltr' id='par_1_24' title="bbox 261 3827 1828 3904">
     <span class='ocr_line' id='line_1_24' title="bbox 261 3827 1828 3904; baseline -0.001 -19"><span class='ocrx_word' id='word_1_109' title='bbox 261 3830 641 3904; x_wconf 77' lang='grc' dir='ltr'>πληροφορίαν</span> <span class='ocrx_word' id='word_1_110' title='bbox 690 3827 849 3886; x_wconf 82' lang='grc' dir='ltr'>τοῦτο</span> <span class='ocrx_word' id='word_1_111' title='bbox 911 3833 1207 3902; x_wconf 73' lang='grc' dir='ltr'><strong>ἐπιζητεῖν,</strong></span> <span class='ocrx_word' id='word_1_112' title='bbox 1265 3830 1692 3902; x_wconf 82' lang='grc' dir='ltr'>πεπαιδευμένος</span> <span class='ocrx_word' id='word_1_113' title='bbox 1728 3830 1828 3901; x_wconf 82' lang='grc' dir='ltr'><strong>ήδη</strong></span> 
     </span>
    </p>
   </div>
   <div class='ocr_carea' id='block_1_25' title="bbox 256 3922 1830 3996">
    <p class='ocr_par' dir='ltr' id='par_1_25' title="bbox 256 3922 1830 3996">
     <span class='ocr_line' id='line_1_25' title="bbox 256 3922 1830 3996; baseline -0.002 -19"><span class='ocrx_word' id='word_1_114' title='bbox 256 3926 389 3986; x_wconf 83' lang='grc' dir='ltr'>ταῖς</span> <span class='ocrx_word' id='word_1_115' title='bbox 411 3922 582 3986; x_wconf 83' lang='grc' dir='ltr'>θείαις</span> <span class='ocrx_word' id='word_1_116' title='bbox 609 3922 960 3996; x_wconf 80' lang='grc' dir='ltr'>προσανέχειν</span> <span class='ocrx_word' id='word_1_117' title='bbox 981 3923 1224 3995; x_wconf 83' lang='grc' dir='ltr'>Γραφαῖς</span> <span class='ocrx_word' id='word_1_118' title='bbox 1244 3923 1340 3976; x_wconf 74' lang='grc' dir='ltr'>καὶ</span> <span class='ocrx_word' id='word_1_119' title='bbox 1364 3922 1709 3993; x_wconf 83' lang='grc' dir='ltr'>παραδόσεσι,</span> <span class='ocrx_word' id='word_1_120' title='bbox 1736 3922 1830 3974; x_wconf 72' lang='grc' dir='ltr'>καὶ</span> 
     </span>
    </p>
   </div>
   <div class='ocr_carea' id='block_1_26' title="bbox 259 4015 1829 4090">
    <p class='ocr_par' dir='ltr' id='par_1_26' title="bbox 259 4015 1829 4090">
     <span class='ocr_line' id='line_1_26' title="bbox 259 4015 1829 4090; baseline -0.002 -20"><span class='ocrx_word' id='word_1_121' title='bbox 259 4018 339 4090; x_wconf 81' lang='grc' dir='ltr'>μὴ</span> <span class='ocrx_word' id='word_1_122' title='bbox 370 4019 632 4089; x_wconf 74' lang='grc' dir='ltr'>στροφαῖς</span> <span class='ocrx_word' id='word_1_123' title='bbox 675 4015 782 4070; x_wconf 84' lang='grc' dir='ltr'><strong>τῶν</strong></span> <span class='ocrx_word' id='word_1_124' title='bbox 822 4015 1172 4088; x_wconf 79' lang='grc' dir='ltr'>ἀνθρωπίνων</span> <span class='ocrx_word' id='word_1_125' title='bbox 1212 4016 1383 4085; x_wconf 84' lang='grc' dir='ltr'>λόγων</span> <span class='ocrx_word' id='word_1_126' title='bbox 1431 4015 1694 4070; x_wconf 80' lang='grc' dir='ltr'>δονεῖσθαι</span> <span class='ocrx_word' id='word_1_127' title='bbox 1731 4015 1829 4087; x_wconf 78' lang='grc' dir='ltr'>τὴν</span> 
     </span>
    </p>
   </div>
   <div class='ocr_carea' id='block_1_27' title="bbox 257 4106 1830 4181">
    <p class='ocr_par' dir='ltr' id='par_1_27' title="bbox 257 4106 1830 4181">
     <span class='ocr_line' id='line_1_27' title="bbox 257 4106 1830 4181; baseline -0.002 -18"><span class='ocrx_word' id='word_1_128' title='bbox 257 4110 524 4164; x_wconf 63' lang='grc' dir='ltr'>διάνοιαν</span> <span class='ocrx_word' id='word_1_129' title='bbox 591 4107 728 4163; x_wconf 87' lang='grc' dir='ltr'><strong>ἀλλά</strong></span> <span class='ocrx_word' id='word_1_130' title='bbox 764 4108 900 4180; x_wconf 84' lang='grc' dir='ltr'>πρὸς</span> <span class='ocrx_word' id='word_1_131' title='bbox 938 4109 1249 4180; x_wconf 76' lang='grc' dir='ltr'>ἀνατροπὴν</span> <span class='ocrx_word' id='word_1_132' title='bbox 1304 4109 1401 4179; x_wconf 83' lang='grc' dir='ltr'>τῆς</span> <span class='ocrx_word' id='word_1_133' title='bbox 1444 4108 1552 4161; x_wconf 83' lang='grc' dir='ltr'><strong>τῶν</strong></span> <span class='ocrx_word' id='word_1_134' title='bbox 1593 4106 1830 4181; x_wconf 79' lang='grc' dir='ltr'>ἑτεροδό-</span> 
     </span>
    </p>
   </div>
   <div class='ocr_carea' id='block_1_28' title="bbox 262 4199 1833 4275">
    <p class='ocr_par' dir='ltr' id='par_1_28' title="bbox 262 4199 1833 4275">
     <span class='ocr_line' id='line_1_28' title="bbox 262 4199 1833 4275; baseline -0.003 -19"><span class='ocrx_word' id='word_1_135' title='bbox 262 4202 375 4268; x_wconf 82' lang='grc' dir='ltr'>ξων</span> <span class='ocrx_word' id='word_1_136' title='bbox 396 4200 637 4275; x_wconf 82' lang='grc' dir='ltr'>γνώμης,</span> <span class='ocrx_word' id='word_1_137' title='bbox 682 4201 730 4254; x_wconf 82' lang='grc' dir='ltr'>οἳ</span> <span class='ocrx_word' id='word_1_138' title='bbox 756 4200 1034 4255; x_wconf 84' lang='grc' dir='ltr'>πείθεσθαι</span> <span class='ocrx_word' id='word_1_139' title='bbox 1056 4202 1174 4264; x_wconf 84' lang='grc' dir='ltr'>ταῖς</span> <span class='ocrx_word' id='word_1_140' title='bbox 1209 4200 1451 4271; x_wconf 85' lang='grc' dir='ltr'>Γραφαῖς</span> <span class='ocrx_word' id='word_1_141' title='bbox 1493 4201 1595 4252; x_wconf 81' lang='grc' dir='ltr'>οὐκ</span> <span class='ocrx_word' id='word_1_142' title='bbox 1620 4199 1833 4269; x_wconf 82' lang='grc' dir='ltr'>ἀνέχον-</span> 
     </span>
    </p>
   </div>
   <div class='ocr_carea' id='block_1_29' title="bbox 258 4289 1831 4365">
    <p class='ocr_par' dir='ltr' id='par_1_29' title="bbox 258 4289 1831 4365">
     <span class='ocr_line' id='line_1_29' title="bbox 258 4289 1831 4365; baseline -0.003 -18"><span class='ocrx_word' id='word_1_143' title='bbox 258 4310 380 4349; x_wconf 76' lang='grc' dir='ltr'>ταιο</span> <span class='ocrx_word' id='word_1_144' title='bbox 405 4293 668 4365; x_wconf 78' lang='grc' dir='ltr'>δεινότητι</span> <span class='ocrx_word' id='word_1_145' title='bbox 709 4293 766 4347; x_wconf 82' lang='grc' dir='ltr'>δέ</span> <span class='ocrx_word' id='word_1_146' title='bbox 808 4293 913 4347; x_wconf 82' lang='grc' dir='ltr'>τινι</span> <span class='ocrx_word' id='word_1_147' title='bbox 962 4292 1308 4363; x_wconf 80' lang='grc' dir='ltr'>περιτρέπειν</span> <span class='ocrx_word' id='word_1_148' title='bbox 1346 4292 1471 4355; x_wconf 80' lang='grc' dir='ltr'>τοὺς</span> <span class='ocrx_word' id='word_1_149' title='bbox 1514 4290 1702 4361; x_wconf 83' lang='grc' dir='ltr'>ἀήθεις</span> <span class='ocrx_word' id='word_1_150' title='bbox 1722 4289 1831 4343; x_wconf 84' lang='grc' dir='ltr'>τῶν</span> 
     </span>
    </p>
   </div>
   <div class='ocr_carea' id='block_1_30' title="bbox 258 4383 1829 4457">
    <p class='ocr_par' dir='ltr' id='par_1_30' title="bbox 258 4383 1829 4457">
     <span class='ocr_line' id='line_1_30' title="bbox 258 4383 1829 4457; baseline -0.001 -19"><span class='ocrx_word' id='word_1_151' title='bbox 258 4385 524 4439; x_wconf 79' lang='grc' dir='ltr'>τοιούτων</span> <span class='ocrx_word' id='word_1_152' title='bbox 549 4385 721 4456; x_wconf 86' lang='grc' dir='ltr'>λόγων</span> <span class='ocrx_word' id='word_1_153' title='bbox 767 4386 1078 4457; x_wconf 80' lang='grc' dir='ltr'>πειρῶνται.</span> <span class='ocrx_word' id='word_1_154' title='bbox 1122 4384 1214 4437; x_wconf 81' lang='grc' dir='ltr'>Διὸ</span> <span class='ocrx_word' id='word_1_155' title='bbox 1260 4385 1489 4456; x_wconf 75' lang='grc' dir='ltr'>ἑτοίμως</span> <span class='ocrx_word' id='word_1_156' title='bbox 1528 4383 1829 4438; x_wconf 75' lang='grc' dir='ltr'>ὑπακοῦσαι</span> 
     </span>
    </p>
   </div>
   <div class='ocr_carea' id='block_1_31' title="bbox 255 4476 1831 4553">
    <p class='ocr_par' dir='ltr' id='par_1_31' title="bbox 255 4476 1831 4553">
     <span class='ocr_line' id='line_1_31' title="bbox 255 4476 1831 4553; baseline -0.004 -19"><span class='ocrx_word' id='word_1_157' title='bbox 255 4481 402 4553; x_wconf 80' lang='grc' dir='ltr'>τῷδε</span> <span class='ocrx_word' id='word_1_158' title='bbox 456 4478 532 4551; x_wconf 84' lang='grc' dir='ltr'>σῷ</span> <span class='ocrx_word' id='word_1_159' title='bbox 552 4477 880 4551; x_wconf 81' lang='grc' dir='ltr'>ὲπιτάγματι</span> <span class='ocrx_word' id='word_1_160' title='bbox 906 4476 1273 4550; x_wconf 81' lang='grc' dir='ltr'>προήχθημεν,</span> <span class='ocrx_word' id='word_1_161' title='bbox 1303 4476 1467 4547; x_wconf 80' lang='grc' dir='ltr'>μηδὲν</span> <span class='ocrx_word' id='word_1_162' title='bbox 1514 4476 1831 4529; x_wconf 83' lang='grc' dir='ltr'>ὑποστειλά-</span> 
     </span>
    </p>
   </div>
   <div class='ocr_carea' id='block_1_32' title="bbox 263 4535 1902 4642">
    <p class='ocr_par' dir='ltr' id='par_1_32' title="bbox 263 4535 1902 4642">
     <span class='ocr_line' id='line_1_32' title="bbox 263 4535 1902 4642; baseline -0.002 -19"><span class='ocrx_word' id='word_1_163' title='bbox 263 4535 421 4642; x_wconf 54' lang='grc' dir='ltr'>μὲνοι</span> <span class='ocrx_word' id='word_1_164' title='bbox 467 4535 543 4633; x_wconf 53' lang='grc' dir='ltr'><strong>(ές</strong></span> <span class='ocrx_word' id='word_1_165' title='bbox 580 4535 794 4640; x_wconf 74' lang='grc' dir='ltr'>ἄπειροι</span> <span class='ocrx_word' id='word_1_166' title='bbox 834 4535 1191 4639; x_wconf 40' lang='lat' dir='ltr'><strong>emiseris-6&#39;s</strong></span> <span class='ocrx_word' id='word_1_167' title='bbox 1227 4535 1571 4637; x_wconf 64' lang='grc' dir='ltr'>κατασκευῆς</span> <span class='ocrx_word' id='word_1_168' title='bbox 1611 4564 1716 4619; x_wconf 84' lang='grc' dir='ltr'><strong>τῶν</strong></span> <span class='ocrx_word' id='word_1_169' title='bbox 1739 4565 1828 4620; x_wconf 83' lang='grc' dir='ltr'><strong>λό-</strong></span> <span class='ocrx_word' id='word_1_170' title='bbox 1864 4535 1902 4590; x_wconf 65' lang='grc' dir='ltr'><strong>η</strong></span> 
     </span>
    </p>
   </div>
   <div class='ocr_carea' id='block_1_33' title="bbox 260 4658 1836 4732">
    <p class='ocr_par' dir='ltr' id='par_1_33' title="bbox 260 4658 1836 4732">
     <span class='ocr_line' id='line_1_33' title="bbox 260 4658 1836 4732; baseline 0 -18"><span class='ocrx_word' id='word_1_171' title='bbox 260 4678 401 4730; x_wconf 87' lang='grc' dir='ltr'>γων,</span> <span class='ocrx_word' id='word_1_172' title='bbox 440 4660 574 4715; x_wconf 85' lang='grc' dir='ltr'><strong>ἀλλά</strong></span> <span class='ocrx_word' id='word_1_173' title='bbox 598 4662 662 4731; x_wconf 82' lang='grc' dir='ltr'>τῇ</span> <span class='ocrx_word' id='word_1_174' title='bbox 688 4661 755 4732; x_wconf 82' lang='grc' dir='ltr'>σῇ</span> <span class='ocrx_word' id='word_1_175' title='bbox 781 4660 909 4732; x_wconf 76' lang='grc' dir='ltr'>περὶ</span> <span class='ocrx_word' id='word_1_176' title='bbox 934 4660 1077 4730; x_wconf 78' lang='grc' dir='ltr'>ἡμᾶς</span> <span class='ocrx_word' id='word_1_177' title='bbox 1099 4659 1281 4731; x_wconf 77' lang='grc' dir='ltr'>εὐνοίᾳ</span> <span class='ocrx_word' id='word_1_178' title='bbox 1305 4658 1672 4732; x_wconf 73' lang='grc' dir='ltr'>θαρρήσαντες</span> <span class='ocrx_word' id='word_1_179' title='bbox 1696 4678 1706 4689; x_wconf 95' lang='grc'><strong>·</strong></span> <span class='ocrx_word' id='word_1_180' title='bbox 1738 4663 1836 4714; x_wconf 77' lang='grc' dir='ltr'><strong>καὶ</strong></span> 
     </span>
    </p>
   </div>
   <div class='ocr_carea' id='block_1_34' title="bbox 262 4747 1831 4825">
    <p class='ocr_par' dir='ltr' id='par_1_34' title="bbox 262 4747 1831 4825">
     <span class='ocr_line' id='line_1_34' title="bbox 262 4747 1831 4825; baseline -0.001 -18"><span class='ocrx_word' id='word_1_181' title='bbox 262 4753 377 4825; x_wconf 84' lang='grc' dir='ltr'><strong>γὰρ</strong></span> <span class='ocrx_word' id='word_1_182' title='bbox 405 4747 552 4817; x_wconf 76' lang='grc' dir='ltr'>οἶδας</span> <span class='ocrx_word' id='word_1_183' title='bbox 574 4752 610 4807; x_wconf 79' lang='grc' dir='ltr'>ἃ</span> <span class='ocrx_word' id='word_1_184' title='bbox 658 4752 758 4824; x_wconf 81' lang='grc' dir='ltr'>μὲν</span> <span class='ocrx_word' id='word_1_185' title='bbox 794 4750 971 4815; x_wconf 86' lang='grc' dir='ltr'>καλῶς</span> <span class='ocrx_word' id='word_1_186' title='bbox 1009 4750 1150 4822; x_wconf 75' lang='grc' dir='ltr'>ἔχειν</span> <span class='ocrx_word' id='word_1_187' title='bbox 1186 4750 1514 4822; x_wconf 78' lang='grc' dir='ltr'>δοκιμάζεις,</span> <span class='ocrx_word' id='word_1_188' title='bbox 1538 4751 1708 4805; x_wconf 78' lang='grc' dir='ltr'>ταῦτα</span> <span class='ocrx_word' id='word_1_189' title='bbox 1751 4754 1831 4815; x_wconf 85' lang='grc' dir='ltr'><strong>είς</strong></span> 
     </span>
    </p>
   </div>
   <div class='ocr_carea' id='block_1_35' title="bbox 262 4842 1829 4916">
    <p class='ocr_par' dir='ltr' id='par_1_35' title="bbox 262 4842 1829 4916">
     <span class='ocr_line' id='line_1_35' title="bbox 262 4842 1829 4916; baseline 0 -19"><span class='ocrx_word' id='word_1_190' title='bbox 262 4845 325 4897; x_wconf 80' lang='grc' dir='ltr'>τὸ</span> <span class='ocrx_word' id='word_1_191' title='bbox 374 4844 549 4898; x_wconf 82' lang='grc' dir='ltr'>κοινὸν</span> <span class='ocrx_word' id='word_1_192' title='bbox 600 4844 928 4916; x_wconf 70' lang='grc' dir='ltr'>προτιθέναυ</span> <span class='ocrx_word' id='word_1_193' title='bbox 988 4843 1059 4897; x_wconf 81' lang='grc' dir='ltr'>τὰ</span> <span class='ocrx_word' id='word_1_194' title='bbox 1103 4843 1159 4896; x_wconf 84' lang='grc' dir='ltr'><strong>δὲ</strong></span> <span class='ocrx_word' id='word_1_195' title='bbox 1216 4842 1432 4898; x_wconf 73' lang='grc' dir='ltr'>ἔλαττον</span> <span class='ocrx_word' id='word_1_196' title='bbox 1480 4843 1573 4896; x_wconf 80' lang='grc' dir='ltr'><strong>τοῦ</strong></span> <span class='ocrx_word' id='word_1_197' title='bbox 1618 4844 1829 4909; x_wconf 78' lang='grc' dir='ltr'>δέοντος</span> 
     </span>
    </p>
   </div>
   <div class='ocr_carea' id='block_1_36' title="bbox 263 4933 1827 5009">
    <p class='ocr_par' dir='ltr' id='par_1_36' title="bbox 263 4933 1827 5009">
     <span class='ocr_line' id='line_1_36' title="bbox 263 4933 1827 5009; baseline 0 -20"><span class='ocrx_word' id='word_1_198' title='bbox 263 4935 524 4991; x_wconf 79' lang='grc' dir='ltr'>δοκοῦντα</span> <span class='ocrx_word' id='word_1_199' title='bbox 548 4936 817 5009; x_wconf 75' lang='grc' dir='ltr'>εἰρῆσθαι,</span> <span class='ocrx_word' id='word_1_200' title='bbox 862 4933 1033 4990; x_wconf 79' lang='grc' dir='ltr'>ταῦτα</span> <span class='ocrx_word' id='word_1_201' title='bbox 1073 4936 1413 5009; x_wconf 79' lang='grc' dir='ltr'>παρέπεσθαι</span> <span class='ocrx_word' id='word_1_202' title='bbox 1440 4935 1533 4990; x_wconf 81' lang='grc' dir='ltr'><strong>καὶ</strong></span> <span class='ocrx_word' id='word_1_203' title='bbox 1580 4937 1827 5008; x_wconf 75' lang='grc' dir='ltr'>ἀποκρύ-</span> 
     </span>
    </p>
   </div>
   <div class='ocr_carea' id='block_1_37' title="bbox 265 5027 1831 5102">
    <p class='ocr_par' dir='ltr' id='par_1_37' title="bbox 265 5027 1831 5102">
     <span class='ocr_line' id='line_1_37' title="bbox 265 5027 1831 5102; baseline 0.001 -21"><span class='ocrx_word' id='word_1_204' title='bbox 265 5030 513 5084; x_wconf 85' lang='grc' dir='ltr'>πτεσθαι.</span> <span class='ocrx_word' id='word_1_205' title='bbox 566 5027 799 5100; x_wconf 79' lang='grc' dir='ltr'>ἑκάτερα</span> <span class='ocrx_word' id='word_1_206' title='bbox 843 5028 1024 5102; x_wconf 83' lang='grc' dir='ltr'>χάριτι</span> <span class='ocrx_word' id='word_1_207' title='bbox 1066 5032 1131 5101; x_wconf 79' lang='grc' dir='ltr'>τῇ</span> <span class='ocrx_word' id='word_1_208' title='bbox 1178 5029 1313 5101; x_wconf 81' lang='grc' dir='ltr'>πρὸς</span> <span class='ocrx_word' id='word_1_209' title='bbox 1352 5031 1499 5100; x_wconf 77' lang='grc' dir='ltr'>ἡμᾶς</span> <span class='ocrx_word' id='word_1_210' title='bbox 1542 5030 1634 5083; x_wconf 81' lang='grc' dir='ltr'>καὶ</span> <span class='ocrx_word' id='word_1_211' title='bbox 1681 5029 1831 5102; x_wconf 74' lang='grc' dir='ltr'>φιλίᾳ</span> 
     </span>
    </p>
   </div>
   <div class='ocr_carea' id='block_1_38' title="bbox 265 5116 1828 5193">
    <p class='ocr_par' dir='ltr' id='par_1_38' title="bbox 265 5116 1828 5193">
     <span class='ocr_line' id='line_1_38' title="bbox 265 5116 1828 5193; baseline 0 -19"><span class='ocrx_word' id='word_1_212' title='bbox 265 5119 459 5175; x_wconf 76' lang='grc' dir='ltr'>ποιῶν.</span> <span class='ocrx_word' id='word_1_213' title='bbox 488 5120 671 5175; x_wconf 79' lang='grc' dir='ltr'>Ταῦτα</span> <span class='ocrx_word' id='word_1_214' title='bbox 693 5116 786 5175; x_wconf 79' lang='grc' dir='ltr'><strong>οὖν</strong></span> <span class='ocrx_word' id='word_1_215' title='bbox 813 5120 987 5186; x_wconf 74' lang='grc' dir='ltr'>εἰδὼς,</span> <span class='ocrx_word' id='word_1_216' title='bbox 1035 5120 1172 5193; x_wconf 86' lang='grc' dir='ltr'><strong>μετά</strong></span> <span class='ocrx_word' id='word_1_217' title='bbox 1230 5122 1409 5193; x_wconf 83' lang='grc' dir='ltr'>πάσης</span> <span class='ocrx_word' id='word_1_218' title='bbox 1456 5122 1828 5193; x_wconf 76' lang='grc' dir='ltr'>πεποιθήσεως</span> 
     </span>
    </p>
   </div>
   <div class='ocr_carea' id='block_1_39' title="bbox 264 5212 1829 5286">
    <p class='ocr_par' dir='ltr' id='par_1_39' title="bbox 264 5212 1829 5286">
     <span class='ocr_line' id='line_1_39' title="bbox 264 5212 1829 5286; baseline -0.001 -19"><span class='ocrx_word' id='word_1_219' title='bbox 264 5212 531 5286; x_wconf 82' lang='grc' dir='ltr'>ὡρμήθην</span> <span class='ocrx_word' id='word_1_220' title='bbox 556 5213 653 5268; x_wconf 76' lang='grc' dir='ltr'><strong>ἐπὶ</strong></span> <span class='ocrx_word' id='word_1_221' title='bbox 688 5213 786 5286; x_wconf 80' lang='grc' dir='ltr'><strong>τήν</strong></span> <span class='ocrx_word' id='word_1_222' title='bbox 831 5213 1064 5268; x_wconf 74' lang='grc' dir='ltr'>ἔκθεσιν.</span> <span class='ocrx_word' id='word_1_223' title='bbox 1113 5215 1413 5286; x_wconf 77' lang='grc' dir='ltr'>Ποιήσομαι</span> <span class='ocrx_word' id='word_1_224' title='bbox 1447 5213 1613 5267; x_wconf 83' lang='grc' dir='ltr'>δὲτὸν</span> <span class='ocrx_word' id='word_1_225' title='bbox 1674 5212 1829 5281; x_wconf 81' lang='grc' dir='ltr'>λόγον</span> 
     </span>
    </p>
   </div>
   <div class='ocr_carea' id='block_1_40' title="bbox 266 5306 1828 5379">
    <p class='ocr_par' dir='ltr' id='par_1_40' title="bbox 266 5306 1828 5379">
     <span class='ocr_line' id='line_1_40' title="bbox 266 5306 1828 5379; baseline -0.001 -18"><span class='ocrx_word' id='word_1_226' title='bbox 266 5308 417 5375; x_wconf 75' lang='grc' dir='ltr'>τάξει</span> <span class='ocrx_word' id='word_1_227' title='bbox 444 5308 550 5361; x_wconf 82' lang='grc' dir='ltr'>τινὶ</span> <span class='ocrx_word' id='word_1_228' title='bbox 571 5308 664 5362; x_wconf 79' lang='grc' dir='ltr'>καὶ</span> <span class='ocrx_word' id='word_1_229' title='bbox 688 5306 976 5379; x_wconf 72' lang='grc' dir='ltr'>ἀκολουθίᾳ</span> <span class='ocrx_word' id='word_1_230' title='bbox 1012 5306 1371 5379; x_wconf 84' lang='grc' dir='ltr'>χρησάμενος,</span> <span class='ocrx_word' id='word_1_231' title='bbox 1415 5306 1590 5377; x_wconf 82' lang='grc' dir='ltr'>ἤνπερ</span> <span class='ocrx_word' id='word_1_232' title='bbox 1640 5306 1731 5359; x_wconf 75' lang='grc' dir='ltr'>καὶ</span> <span class='ocrx_word' id='word_1_233' title='bbox 1778 5306 1828 5359; x_wconf 76' lang='grc' dir='ltr'>οἱ</span> 
     </span>
    </p>
   </div>
   <div class='ocr_carea' id='block_1_41' title="bbox 268 5397 1830 5473">
    <p class='ocr_par' dir='ltr' id='par_1_41' title="bbox 268 5397 1830 5473">
     <span class='ocr_line' id='line_1_41' title="bbox 268 5397 1830 5473; baseline -0.001 -22"><span class='ocrx_word' id='word_1_234' title='bbox 268 5399 398 5473; x_wconf 68' lang='grc' dir='ltr'>περ).</span> <span class='ocrx_word' id='word_1_235' title='bbox 419 5399 588 5454; x_wconf 81' lang='grc' dir='ltr'>ταῦτα</span> <span class='ocrx_word' id='word_1_236' title='bbox 611 5400 772 5453; x_wconf 75' lang='grc' dir='ltr'>δεινοὶ</span> <span class='ocrx_word' id='word_1_237' title='bbox 792 5400 1194 5471; x_wconf 86' lang='grc' dir='ltr'>κατεχρήσαντο</span> <span class='ocrx_word' id='word_1_238' title='bbox 1220 5397 1355 5469; x_wconf 83' lang='grc' dir='ltr'>πρὸς</span> <span class='ocrx_word' id='word_1_239' title='bbox 1384 5398 1507 5461; x_wconf 80' lang='grc' dir='ltr'>τοὺς</span> <span class='ocrx_word' id='word_1_240' title='bbox 1541 5397 1732 5469; x_wconf 83' lang='grc' dir='ltr'>ὲπιστη</span> <span class='ocrx_word' id='word_1_241' title='bbox 1742 5399 1830 5468; x_wconf 87' lang='grc' dir='ltr'><strong>μό-</strong></span> 
     </span>
    </p>
   </div>
   <div class='ocr_carea' id='block_1_42' title="bbox 268 5490 991 5564">
    <p class='ocr_par' dir='ltr' id='par_1_42' title="bbox 268 5490 991 5564">
     <span class='ocr_line' id='line_1_42' title="bbox 268 5490 991 5564; baseline -0.003 -20"><span class='ocrx_word' id='word_1_242' title='bbox 268 5508 374 5556; x_wconf 87' lang='grc' dir='ltr'><strong>νως</strong></span> <span class='ocrx_word' id='word_1_243' title='bbox 411 5490 590 5564; x_wconf 77' lang='grc' dir='ltr'>ζητεῖν</span> <span class='ocrx_word' id='word_1_244' title='bbox 612 5508 666 5544; x_wconf 86' lang='grc' dir='ltr'><strong>τι</strong></span> <span class='ocrx_word' id='word_1_245' title='bbox 690 5490 991 5553; x_wconf 75' lang='grc' dir='ltr'>ἐθέλοντας.</span> 
     </span>
    </p>
   </div>
   <div class='ocr_carea' id='block_1_43' title="bbox 346 5758 1830 5841">
    <p class='ocr_par' dir='ltr' id='par_1_43' title="bbox 346 5758 1830 5841">
     <span class='ocr_line' id='line_1_43' title="bbox 346 5758 1830 5841; baseline 0.003 -26"><span class='ocrx_word' id='word_1_246' title='bbox 346 5762 560 5829; x_wconf 81' lang='grc' dir='ltr'>Πρῶτον</span> <span class='ocrx_word' id='word_1_247' title='bbox 583 5763 682 5837; x_wconf 80' lang='grc' dir='ltr'>μὲν</span> <span class='ocrx_word' id='word_1_248' title='bbox 723 5758 814 5818; x_wconf 78' lang='grc' dir='ltr'>οὗν</span> <span class='ocrx_word' id='word_1_249' title='bbox 855 5762 1104 5819; x_wconf 80' lang='grc' dir='ltr'>ἁπάντων</span> <span class='ocrx_word' id='word_1_250' title='bbox 1131 5761 1491 5835; x_wconf 75' lang='grc' dir='ltr'>ὑποθήσομαι,</span> <span class='ocrx_word' id='word_1_251' title='bbox 1519 5768 1622 5819; x_wconf 88' lang='grc' dir='ltr'>τίνι</span> <span class='ocrx_word' id='word_1_252' title='bbox 1647 5782 1830 5841; x_wconf 81' lang='grc' dir='ltr'>κριτη-</span> 
     </span>
    </p>
   </div>
   <div class='ocr_carea' id='block_1_44' title="bbox 1929 3268 3495 3343">
    <p class='ocr_par' dir='ltr' id='par_1_44' title="bbox 1929 3268 3495 3343">
     <span class='ocr_line' id='line_1_44' title="bbox 1929 3268 3495 3343; baseline -0.001 -15"><span class='ocrx_word' id='word_1_253' title='bbox 1929 3274 2031 3330; x_wconf 88' lang='lat' dir='ltr'><strong>bus</strong></span> <span class='ocrx_word' id='word_1_254' title='bbox 2074 3272 2413 3343; x_wconf 75' lang='lat' dir='ltr'><strong>argumentis</strong></span> <span class='ocrx_word' id='word_1_255' title='bbox 2446 3271 2564 3325; x_wconf 81' lang='lat' dir='ltr'><strong>sive</strong></span> <span class='ocrx_word' id='word_1_256' title='bbox 2593 3268 3155 3325; x_wconf 88' lang='lat' dir='ltr'><strong>demonstrationibus</strong></span> <span class='ocrx_word' id='word_1_257' title='bbox 3187 3284 3495 3327; x_wconf 77' lang='lat' dir='ltr'><strong>sermonem</strong></span> 
     </span>
    </p>
   </div>
   <div class='ocr_carea' id='block_1_45' title="bbox 1932 3361 3500 3435">
    <p class='ocr_par' dir='ltr' id='par_1_45' title="bbox 1932 3361 3500 3435">
     <span class='ocr_line' id='line_1_45' title="bbox 1932 3361 3500 3435; baseline 0 -17"><span class='ocrx_word' id='word_1_258' title='bbox 1932 3376 2096 3435; x_wconf 89' lang='lat' dir='ltr'><strong>atque</strong></span> <span class='ocrx_word' id='word_1_259' title='bbox 2118 3363 2538 3433; x_wconf 79' lang='lat' dir='ltr'><strong>disputationem</strong></span> <span class='ocrx_word' id='word_1_260' title='bbox 2568 3364 2633 3415; x_wconf 91' lang='lat' dir='ltr'><strong>de</strong></span> <span class='ocrx_word' id='word_1_261' title='bbox 2658 3361 2837 3415; x_wconf 90' lang='lat' dir='ltr'><strong>anima</strong></span> <span class='ocrx_word' id='word_1_262' title='bbox 2868 3362 2965 3417; x_wconf 87' lang='lat' dir='ltr'><strong>tibi</strong></span> <span class='ocrx_word' id='word_1_263' title='bbox 2986 3361 3351 3432; x_wconf 74' lang='lat' dir='ltr'><strong>conscriptam</strong></span> <span class='ocrx_word' id='word_1_264' title='bbox 3374 3363 3500 3418; x_wconf 91' lang='lat' dir='ltr'><strong>mit-</strong></span> 
     </span>
    </p>
   </div>
   <div class='ocr_carea' id='block_1_46' title="bbox 1930 3450 3501 3523">
    <p class='ocr_par' dir='ltr' id='par_1_46' title="bbox 1930 3450 3501 3523">
     <span class='ocr_line' id='line_1_46' title="bbox 1930 3450 3501 3523; baseline 0 -15"><span class='ocrx_word' id='word_1_265' title='bbox 1930 3467 2121 3519; x_wconf 90' lang='lat' dir='ltr'><strong>terem,</strong></span> <span class='ocrx_word' id='word_1_266' title='bbox 2179 3468 2351 3523; x_wconf 89' lang='lat' dir='ltr'><strong>eaque</strong></span> <span class='ocrx_word' id='word_1_267' title='bbox 2396 3453 2450 3505; x_wconf 94' lang='lat' dir='ltr'><strong>in</strong></span> <span class='ocrx_word' id='word_1_268' title='bbox 2484 3466 2543 3506; x_wconf 89' lang='lat' dir='ltr'><strong>re</strong></span> <span class='ocrx_word' id='word_1_269' title='bbox 2570 3452 2735 3505; x_wconf 84' lang='lat' dir='ltr'><strong>nullis</strong></span> <span class='ocrx_word' id='word_1_270' title='bbox 2769 3450 3171 3521; x_wconf 90' lang='lat' dir='ltr'><strong>Scripturarum</strong></span> <span class='ocrx_word' id='word_1_271' title='bbox 3218 3462 3398 3508; x_wconf 87' lang='lat' dir='ltr'><strong>uterer</strong></span> <span class='ocrx_word' id='word_1_272' title='bbox 3422 3461 3501 3508; x_wconf 89' lang='lat' dir='ltr'><strong>te-</strong></span> 
     </span>
    </p>
   </div>
   <div class='ocr_carea' id='block_1_47' title="bbox 1930 3544 3498 3615">
    <p class='ocr_par' dir='ltr' id='par_1_47' title="bbox 1930 3544 3498 3615">
     <span class='ocr_line' id='line_1_47' title="bbox 1930 3544 3498 3615; baseline -0.001 -13"><span class='ocrx_word' id='word_1_273' title='bbox 1930 3546 2231 3611; x_wconf 91' lang='lat' dir='ltr'><strong>stimoniis;</strong></span> <span class='ocrx_word' id='word_1_274' title='bbox 2286 3560 2407 3615; x_wconf 73' lang='lat' dir='ltr'><strong>qua:</strong></span> <span class='ocrx_word' id='word_1_275' title='bbox 2434 3545 2649 3614; x_wconf 84' lang='lat' dir='ltr'><strong>quidem</strong></span> <span class='ocrx_word' id='word_1_276' title='bbox 2678 3544 2905 3598; x_wconf 86' lang='lat' dir='ltr'><strong>docendi</strong></span> <span class='ocrx_word' id='word_1_277' title='bbox 2933 3544 3095 3611; x_wconf 93' lang='lat' dir='ltr'><strong>ratio,</strong></span> <span class='ocrx_word' id='word_1_278' title='bbox 3124 3545 3229 3601; x_wconf 89' lang='lat' dir='ltr'><strong>etsi</strong></span> <span class='ocrx_word' id='word_1_279' title='bbox 3257 3561 3380 3600; x_wconf 81' lang='lat' dir='ltr'><strong>vera</strong></span> <span class='ocrx_word' id='word_1_280' title='bbox 3406 3546 3498 3611; x_wconf 88' lang='lat' dir='ltr'><strong>sit,</strong></span> 
     </span>
    </p>
   </div>
   <div class='ocr_carea' id='block_1_48' title="bbox 1930 3638 3499 3709">
    <p class='ocr_par' dir='ltr' id='par_1_48' title="bbox 1930 3638 3499 3709">
     <span class='ocr_line' id='line_1_48' title="bbox 1930 3638 3499 3709; baseline -0.003 -13"><span class='ocrx_word' id='word_1_281' title='bbox 1930 3650 1984 3696; x_wconf 87' lang='lat' dir='ltr'><strong>et</strong></span> <span class='ocrx_word' id='word_1_282' title='bbox 2013 3640 2119 3696; x_wconf 89' lang='lat' dir='ltr'><strong>illis</strong></span> <span class='ocrx_word' id='word_1_283' title='bbox 2150 3639 2243 3709; x_wconf 91' lang='lat' dir='ltr'><strong>qui</strong></span> <span class='ocrx_word' id='word_1_284' title='bbox 2270 3640 2356 3709; x_wconf 93' lang='lat' dir='ltr'><strong>pie</strong></span> <span class='ocrx_word' id='word_1_285' title='bbox 2385 3638 2587 3692; x_wconf 85' lang='lat' dir='ltr'><strong>sentire</strong></span> <span class='ocrx_word' id='word_1_286' title='bbox 2612 3638 2799 3701; x_wconf 81' lang='lat' dir='ltr'><strong>velint,</strong></span> <span class='ocrx_word' id='word_1_287' title='bbox 2835 3638 3028 3708; x_wconf 83' lang='lat' dir='ltr'><strong>quavis</strong></span> <span class='ocrx_word' id='word_1_288' title='bbox 3061 3638 3299 3693; x_wconf 84' lang='lat' dir='ltr'><strong>humana</strong></span> <span class='ocrx_word' id='word_1_289' title='bbox 3328 3639 3499 3693; x_wconf 86' lang='lat' dir='ltr'><strong>ratio-</strong></span> 
     </span>
    </p>
   </div>
   <div class='ocr_carea' id='block_1_49' title="bbox 1932 3728 3496 3799">
    <p class='ocr_par' dir='ltr' id='par_1_49' title="bbox 1932 3728 3496 3799">
     <span class='ocr_line' id='line_1_49' title="bbox 1932 3728 3496 3799; baseline -0.002 -13"><span class='ocrx_word' id='word_1_290' title='bbox 1932 3731 2202 3787; x_wconf 88' lang='lat' dir='ltr'><strong>cinatione</strong></span> <span class='ocrx_word' id='word_1_291' title='bbox 2229 3730 2425 3785; x_wconf 80' lang='lat' dir='ltr'><strong>certior</strong></span> <span class='ocrx_word' id='word_1_292' title='bbox 2443 3737 2498 3784; x_wconf 92' lang='lat' dir='ltr'><strong>et</strong></span> <span class='ocrx_word' id='word_1_293' title='bbox 2521 3728 2587 3783; x_wconf 90' lang='lat' dir='ltr'><strong>ad</strong></span> <span class='ocrx_word' id='word_1_294' title='bbox 2612 3729 2951 3799; x_wconf 82' lang='lat' dir='ltr'><strong>probandum</strong></span> <span class='ocrx_word' id='word_1_295' title='bbox 2975 3728 3183 3798; x_wconf 82' lang='lat' dir='ltr'><strong>aptior;</strong></span> <span class='ocrx_word' id='word_1_296' title='bbox 3224 3730 3318 3784; x_wconf 86' lang='lat' dir='ltr'><strong>sed</strong></span> <span class='ocrx_word' id='word_1_297' title='bbox 3349 3730 3496 3784; x_wconf 91' lang='lat' dir='ltr'><strong>enim</strong></span> 
     </span>
    </p>
   </div>
   <div class='ocr_carea' id='block_1_50' title="bbox 1932 3820 3500 3889">
    <p class='ocr_par' dir='ltr' id='par_1_50' title="bbox 1932 3820 3500 3889">
     <span class='ocr_line' id='line_1_50' title="bbox 1932 3820 3500 3889; baseline -0.003 -12"><span class='ocrx_word' id='word_1_298' title='bbox 1932 3822 1982 3877; x_wconf 91' lang='lat' dir='ltr'><strong>id</strong></span> <span class='ocrx_word' id='word_1_299' title='bbox 2028 3837 2058 3876; x_wconf 92' lang='lat' dir='ltr'><strong>a</strong></span> <span class='ocrx_word' id='word_1_300' title='bbox 2100 3837 2189 3876; x_wconf 90' lang='lat' dir='ltr'><strong>me</strong></span> <span class='ocrx_word' id='word_1_301' title='bbox 2228 3822 2308 3877; x_wconf 92' lang='lat' dir='ltr'><strong>sic</strong></span> <span class='ocrx_word' id='word_1_302' title='bbox 2350 3820 2464 3875; x_wconf 88' lang='lat' dir='ltr'><strong>lieri</strong></span> <span class='ocrx_word' id='word_1_303' title='bbox 2507 3820 2696 3889; x_wconf 90' lang='lat' dir='ltr'><strong>cupis,</strong></span> <span class='ocrx_word' id='word_1_304' title='bbox 2742 3835 2849 3874; x_wconf 89' lang='lat' dir='ltr'><strong>non</strong></span> <span class='ocrx_word' id='word_1_305' title='bbox 2889 3831 2949 3874; x_wconf 90' lang='lat' dir='ltr'><strong>ut</strong></span> <span class='ocrx_word' id='word_1_306' title='bbox 2994 3820 3089 3874; x_wconf 86' lang='lat' dir='ltr'><strong>tibi</strong></span> <span class='ocrx_word' id='word_1_307' title='bbox 3124 3820 3240 3889; x_wconf 88' lang='lat' dir='ltr'><strong>ipse</strong></span> <span class='ocrx_word' id='word_1_308' title='bbox 3289 3820 3500 3876; x_wconf 75' lang='lat' dir='ltr'><strong>satisfa-</strong></span> 
     </span>
    </p>
   </div>
   <div class='ocr_carea' id='block_1_51' title="bbox 1932 3911 3497 3983">
    <p class='ocr_par' dir='ltr' id='par_1_51' title="bbox 1932 3911 3497 3983">
     <span class='ocr_line' id='line_1_51' title="bbox 1932 3911 3497 3983; baseline -0.001 -14"><span class='ocrx_word' id='word_1_309' title='bbox 1932 3916 2081 3978; x_wconf 89' lang='lat' dir='ltr'><strong>cias,</strong></span> <span class='ocrx_word' id='word_1_310' title='bbox 2136 3912 2334 3983; x_wconf 89' lang='lat' dir='ltr'><strong>quippe</strong></span> <span class='ocrx_word' id='word_1_311' title='bbox 2382 3912 2473 3982; x_wconf 89' lang='lat' dir='ltr'><strong>qui</strong></span> <span class='ocrx_word' id='word_1_312' title='bbox 2499 3912 2612 3981; x_wconf 87' lang='lat' dir='ltr'><strong>jam</strong></span> <span class='ocrx_word' id='word_1_313' title='bbox 2645 3913 2716 3965; x_wconf 87' lang='lat' dir='ltr'><strong>ita</strong></span> <span class='ocrx_word' id='word_1_314' title='bbox 2747 3911 2825 3966; x_wconf 87' lang='lat' dir='ltr'><strong>sis</strong></span> <span class='ocrx_word' id='word_1_315' title='bbox 2848 3912 3180 3979; x_wconf 89' lang='lat' dir='ltr'><strong>instructus,</strong></span> <span class='ocrx_word' id='word_1_316' title='bbox 3215 3922 3274 3966; x_wconf 88' lang='lat' dir='ltr'><strong>ut</strong></span> <span class='ocrx_word' id='word_1_317' title='bbox 3298 3913 3497 3968; x_wconf 88' lang='lat' dir='ltr'><strong>divinis</strong></span> 
     </span>
    </p>
   </div>
   <div class='ocr_carea' id='block_1_52' title="bbox 1931 4002 3496 4074">
    <p class='ocr_par' dir='ltr' id='par_1_52' title="bbox 1931 4002 3496 4074">
     <span class='ocr_line' id='line_1_52' title="bbox 1931 4002 3496 4074; baseline 0.001 -14"><span class='ocrx_word' id='word_1_318' title='bbox 1931 4014 1985 4061; x_wconf 92' lang='lat' dir='ltr'><strong>et</strong></span> <span class='ocrx_word' id='word_1_319' title='bbox 2009 4003 2223 4074; x_wconf 76' lang='lat' dir='ltr'><strong>Scripta</strong></span> <span class='ocrx_word' id='word_1_320' title='bbox 2237 4003 2312 4059; x_wconf 89' lang='lat' dir='ltr'><strong>ris</strong></span> <span class='ocrx_word' id='word_1_321' title='bbox 2336 4011 2389 4058; x_wconf 89' lang='lat' dir='ltr'><strong>et</strong></span> <span class='ocrx_word' id='word_1_322' title='bbox 2415 4003 2803 4057; x_wconf 82' lang='lat' dir='ltr'><strong>traditionibus</strong></span> <span class='ocrx_word' id='word_1_323' title='bbox 2829 4012 2990 4072; x_wconf 86' lang='lat' dir='ltr'><strong>atque</strong></span> <span class='ocrx_word' id='word_1_324' title='bbox 3014 4002 3496 4065; x_wconf 83' lang='lat' dir='ltr'><strong>constitutionibus</strong></span> 
     </span>
    </p>
   </div>
   <div class='ocr_carea' id='block_1_53' title="bbox 1932 4088 3494 4162">
    <p class='ocr_par' dir='ltr' id='par_1_53' title="bbox 1932 4088 3494 4162">
     <span class='ocr_line' id='line_1_53' title="bbox 1932 4088 3494 4162; baseline -0.003 -13"><span class='ocrx_word' id='word_1_325' title='bbox 1932 4095 2238 4159; x_wconf 64' lang='lat' dir='ltr'><strong>adliwreas,</strong></span> <span class='ocrx_word' id='word_1_326' title='bbox 2294 4106 2469 4162; x_wconf 89' lang='lat' dir='ltr'><strong>neque</strong></span> <span class='ocrx_word' id='word_1_327' title='bbox 2503 4091 2627 4145; x_wconf 91' lang='lat' dir='ltr'><strong>ullis</strong></span> <span class='ocrx_word' id='word_1_328' title='bbox 2659 4090 2914 4145; x_wconf 89' lang='lat' dir='ltr'><strong>humanis</strong></span> <span class='ocrx_word' id='word_1_329' title='bbox 2941 4088 3244 4145; x_wconf 87' lang='lat' dir='ltr'><strong>rationibus</strong></span> <span class='ocrx_word' id='word_1_330' title='bbox 3273 4088 3340 4145; x_wconf 90' lang='lat' dir='ltr'><strong>de</strong></span> <span class='ocrx_word' id='word_1_331' title='bbox 3368 4106 3494 4145; x_wconf 84' lang='lat' dir='ltr'><strong>sen-</strong></span> 
     </span>
    </p>
   </div>
   <div class='ocr_carea' id='block_1_54' title="bbox 1934 4184 3495 4248">
    <p class='ocr_par' dir='ltr' id='par_1_54' title="bbox 1934 4184 3495 4248">
     <span class='ocr_line' id='line_1_54' title="bbox 1934 4184 3495 4248; baseline -0.003 -6"><span class='ocrx_word' id='word_1_332' title='bbox 1934 4187 2097 4242; x_wconf 85' lang='lat' dir='ltr'><strong>tentia</strong></span> <span class='ocrx_word' id='word_1_333' title='bbox 2126 4185 2389 4240; x_wconf 82' lang='lat' dir='ltr'><strong>dimoveri</strong></span> <span class='ocrx_word' id='word_1_334' title='bbox 2422 4194 2474 4239; x_wconf 92' lang='lat' dir='ltr'><strong>te</strong></span> <span class='ocrx_word' id='word_1_335' title='bbox 2501 4184 2684 4248; x_wconf 89' lang='lat' dir='ltr'><strong>sinas;</strong></span> <span class='ocrx_word' id='word_1_336' title='bbox 2736 4185 2829 4239; x_wconf 92' lang='lat' dir='ltr'><strong>sed</strong></span> <span class='ocrx_word' id='word_1_337' title='bbox 2869 4184 2935 4238; x_wconf 91' lang='lat' dir='ltr'><strong>ad</strong></span> <span class='ocrx_word' id='word_1_338' title='bbox 2974 4197 3070 4239; x_wconf 89' lang='lat' dir='ltr'><strong>eos</strong></span> <span class='ocrx_word' id='word_1_339' title='bbox 3094 4184 3495 4239; x_wconf 79' lang='lat' dir='ltr'><strong>convincendos</strong></span> 
     </span>
    </p>
   </div>
   <div class='ocr_carea' id='block_1_55' title="bbox 1930 4276 3493 4352">
    <p class='ocr_par' dir='ltr' id='par_1_55' title="bbox 1930 4276 3493 4352">
     <span class='ocr_line' id='line_1_55' title="bbox 1930 4276 3493 4352; baseline -0.004 -16"><span class='ocrx_word' id='word_1_340' title='bbox 1930 4282 2023 4352; x_wconf 86' lang='lat' dir='ltr'><strong>qui</strong></span> <span class='ocrx_word' id='word_1_341' title='bbox 2060 4280 2213 4334; x_wconf 84' lang='lat' dir='ltr'><strong>aliter</strong></span> <span class='ocrx_word' id='word_1_342' title='bbox 2261 4279 2524 4342; x_wconf 89' lang='lat' dir='ltr'><strong>sentiunt,</strong></span> <span class='ocrx_word' id='word_1_343' title='bbox 2571 4286 2627 4333; x_wconf 85' lang='lat' dir='ltr'><strong>et</strong></span> <span class='ocrx_word' id='word_1_344' title='bbox 2654 4276 2947 4345; x_wconf 85' lang='lat' dir='ltr'><strong>Scripturis</strong></span> <span class='ocrx_word' id='word_1_345' title='bbox 2974 4276 3176 4332; x_wconf 81' lang='lat' dir='ltr'><strong>divinis</strong></span> <span class='ocrx_word' id='word_1_346' title='bbox 3200 4277 3358 4332; x_wconf 80' lang='lat' dir='ltr'><strong>tidem</strong></span> <span class='ocrx_word' id='word_1_347' title='bbox 3394 4278 3493 4331; x_wconf 88' lang='lat' dir='ltr'><strong>ba-</strong></span> 
     </span>
    </p>
   </div>
   <div class='ocr_carea' id='block_1_56' title="bbox 1930 4368 3494 4441">
    <p class='ocr_par' dir='ltr' id='par_1_56' title="bbox 1930 4368 3494 4441">
     <span class='ocr_line' id='line_1_56' title="bbox 1930 4368 3494 4441; baseline -0.003 -14"><span class='ocrx_word' id='word_1_348' title='bbox 1930 4372 2058 4427; x_wconf 87' lang='lat' dir='ltr'><strong>bere</strong></span> <span class='ocrx_word' id='word_1_349' title='bbox 2103 4372 2330 4436; x_wconf 87' lang='lat' dir='ltr'><strong>nolunt,</strong></span> <span class='ocrx_word' id='word_1_350' title='bbox 2383 4370 2617 4441; x_wconf 86' lang='lat' dir='ltr'><strong>quadam</strong></span> <span class='ocrx_word' id='word_1_351' title='bbox 2665 4377 2843 4424; x_wconf 89' lang='lat' dir='ltr'><strong>autem</strong></span> <span class='ocrx_word' id='word_1_352' title='bbox 2889 4368 3192 4425; x_wconf 85' lang='lat' dir='ltr'><strong>disserendi</strong></span> <span class='ocrx_word' id='word_1_353' title='bbox 3236 4368 3494 4424; x_wconf 76' lang='lat' dir='ltr'><strong>facultate</strong></span> 
     </span>
    </p>
   </div>
   <div class='ocr_carea' id='block_1_57' title="bbox 1930 4457 3493 4530">
    <p class='ocr_par' dir='ltr' id='par_1_57' title="bbox 1930 4457 3493 4530">
     <span class='ocr_line' id='line_1_57' title="bbox 1930 4457 3493 4530; baseline 0 -15"><span class='ocrx_word' id='word_1_354' title='bbox 1930 4461 2179 4517; x_wconf 82' lang='lat' dir='ltr'><strong>homines</strong></span> <span class='ocrx_word' id='word_1_355' title='bbox 2226 4458 2689 4530; x_wconf 89' lang='lat' dir='ltr'><strong>disputationibus</strong></span> <span class='ocrx_word' id='word_1_356' title='bbox 2746 4457 3015 4528; x_wconf 75' lang='lat' dir='ltr'><strong>ejusmodi</strong></span> <span class='ocrx_word' id='word_1_357' title='bbox 3068 4458 3211 4513; x_wconf 81' lang='lat' dir='ltr'><strong>haud</strong></span> <span class='ocrx_word' id='word_1_358' title='bbox 3245 4467 3493 4516; x_wconf 89' lang='lat' dir='ltr'><strong>assuetos</strong></span> 
     </span>
    </p>
   </div>
   <div class='ocr_carea' id='block_1_58' title="bbox 1932 4549 3495 4616">
    <p class='ocr_par' dir='ltr' id='par_1_58' title="bbox 1932 4549 3495 4616">
     <span class='ocr_line' id='line_1_58' title="bbox 1932 4549 3495 4616; baseline -0.001 -8"><span class='ocrx_word' id='word_1_359' title='bbox 1932 4553 2332 4608; x_wconf 88' lang='lat' dir='ltr'><strong>circumvenire</strong></span> <span class='ocrx_word' id='word_1_360' title='bbox 2364 4567 2427 4606; x_wconf 90' lang='lat' dir='ltr'><strong>ac</strong></span> <span class='ocrx_word' id='word_1_361' title='bbox 2461 4550 2650 4606; x_wconf 80' lang='lat' dir='ltr'><strong>fallere</strong></span> <span class='ocrx_word' id='word_1_362' title='bbox 2684 4550 2951 4606; x_wconf 92' lang='lat' dir='ltr'><strong>nituntur.</strong></span> <span class='ocrx_word' id='word_1_363' title='bbox 2991 4549 3202 4616; x_wconf 88' lang='lat' dir='ltr'><strong>Quibus</strong></span> <span class='ocrx_word' id='word_1_364' title='bbox 3228 4551 3495 4606; x_wconf 86' lang='lat' dir='ltr'><strong>adductus</strong></span> 
     </span>
    </p>
   </div>
   <div class='ocr_carea' id='block_1_59' title="bbox 1933 4641 3495 4711">
    <p class='ocr_par' dir='ltr' id='par_1_59' title="bbox 1933 4641 3495 4711">
     <span class='ocr_line' id='line_1_59' title="bbox 1933 4641 3495 4711; baseline -0.002 -11"><span class='ocrx_word' id='word_1_365' title='bbox 1933 4662 2054 4700; x_wconf 89' lang='lat' dir='ltr'><strong>sum</strong></span> <span class='ocrx_word' id='word_1_366' title='bbox 2088 4645 2416 4710; x_wconf 87' lang='lat' dir='ltr'><strong>rationibus,</strong></span> <span class='ocrx_word' id='word_1_367' title='bbox 2441 4653 2501 4699; x_wconf 93' lang='lat' dir='ltr'><strong>ut</strong></span> <span class='ocrx_word' id='word_1_368' title='bbox 2530 4658 2637 4697; x_wconf 91' lang='lat' dir='ltr'><strong>non</strong></span> <span class='ocrx_word' id='word_1_369' title='bbox 2658 4683 2673 4707; x_wconf 94' lang='lat'><strong>,</strong></span> <span class='ocrx_word' id='word_1_370' title='bbox 2708 4643 2854 4697; x_wconf 83' lang='lat' dir='ltr'><strong>velut</strong></span> <span class='ocrx_word' id='word_1_371' title='bbox 2877 4643 3057 4711; x_wconf 84' lang='lat' dir='ltr'><strong>aliqua</strong></span> <span class='ocrx_word' id='word_1_372' title='bbox 3081 4641 3371 4698; x_wconf 89' lang='lat' dir='ltr'><strong>deterritus</strong></span> <span class='ocrx_word' id='word_1_373' title='bbox 3395 4644 3495 4697; x_wconf 89' lang='lat' dir='ltr'><strong>im-</strong></span> 
     </span>
    </p>
   </div>
   <div class='ocr_carea' id='block_1_60' title="bbox 1932 4733 3494 4807">
    <p class='ocr_par' dir='ltr' id='par_1_60' title="bbox 1932 4733 3494 4807">
     <span class='ocr_line' id='line_1_60' title="bbox 1932 4733 3494 4807; baseline -0.001 -16"><span class='ocrx_word' id='word_1_374' title='bbox 1932 4736 2122 4807; x_wconf 88' lang='lat' dir='ltr'><strong>peritia</strong></span> <span class='ocrx_word' id='word_1_375' title='bbox 2143 4777 2159 4802; x_wconf 93' lang='lat'><strong>,</strong></span> <span class='ocrx_word' id='word_1_376' title='bbox 2196 4736 2336 4790; x_wconf 86' lang='lat' dir='ltr'><strong>hanc</strong></span> <span class='ocrx_word' id='word_1_377' title='bbox 2366 4733 2742 4789; x_wconf 87' lang='lat' dir='ltr'><strong>tractationem</strong></span> <span class='ocrx_word' id='word_1_378' title='bbox 2788 4734 3241 4806; x_wconf 77' lang='lat' dir='ltr'><strong>subterfugerim;</strong></span> <span class='ocrx_word' id='word_1_379' title='bbox 3276 4735 3371 4789; x_wconf 90' lang='lat' dir='ltr'><strong>sed</strong></span> <span class='ocrx_word' id='word_1_380' title='bbox 3402 4743 3494 4789; x_wconf 88' lang='lat' dir='ltr'><strong>tua</strong></span> 
     </span>
    </p>
   </div>
   <div class='ocr_carea' id='block_1_61' title="bbox 1932 4824 3492 4896">
    <p class='ocr_par' dir='ltr' id='par_1_61' title="bbox 1932 4824 3492 4896">
     <span class='ocr_line' id='line_1_61' title="bbox 1932 4824 3492 4896; baseline -0.003 -14"><span class='ocrx_word' id='word_1_381' title='bbox 1932 4828 1987 4882; x_wconf 89' lang='lat' dir='ltr'><strong>in</strong></span> <span class='ocrx_word' id='word_1_382' title='bbox 2017 4842 2103 4882; x_wconf 91' lang='lat' dir='ltr'><strong>me</strong></span> <span class='ocrx_word' id='word_1_383' title='bbox 2130 4826 2373 4882; x_wconf 80' lang='lat' dir='ltr'><strong>conlisus</strong></span> <span class='ocrx_word' id='word_1_384' title='bbox 2398 4824 2799 4889; x_wconf 82' lang='lat' dir='ltr'><strong>benevolentia,</strong></span> <span class='ocrx_word' id='word_1_385' title='bbox 2825 4834 2932 4880; x_wconf 68' lang='lat' dir='ltr'><strong>tuae</strong></span> <span class='ocrx_word' id='word_1_386' title='bbox 2955 4825 3259 4896; x_wconf 88' lang='lat' dir='ltr'><strong>promptius</strong></span> <span class='ocrx_word' id='word_1_387' title='bbox 3286 4841 3492 4880; x_wconf 80' lang='lat' dir='ltr'><strong>morem</strong></span> 
     </span>
    </p>
   </div>
   <div class='ocr_carea' id='block_1_62' title="bbox 1929 4917 3493 4989">
    <p class='ocr_par' dir='ltr' id='par_1_62' title="bbox 1929 4917 3493 4989">
     <span class='ocr_line' id='line_1_62' title="bbox 1929 4917 3493 4989; baseline -0.003 -15"><span class='ocrx_word' id='word_1_388' title='bbox 1929 4919 2187 4989; x_wconf 80' lang='lat' dir='ltr'><strong>gesserim</strong></span> <span class='ocrx_word' id='word_1_389' title='bbox 2209 4917 2444 4989; x_wconf 74' lang='lat' dir='ltr'><strong>iussioni</strong></span> <span class='ocrx_word' id='word_1_390' title='bbox 2479 4933 2543 4973; x_wconf 89' lang='lat' dir='ltr'><strong>ac</strong></span> <span class='ocrx_word' id='word_1_391' title='bbox 2567 4917 2865 4971; x_wconf 85' lang='lat' dir='ltr'><strong>voluntati:</strong></span> <span class='ocrx_word' id='word_1_392' title='bbox 2892 4918 3032 4973; x_wconf 88' lang='lat' dir='ltr'><strong>nosti</strong></span> <span class='ocrx_word' id='word_1_393' title='bbox 3054 4917 3250 4972; x_wconf 88' lang='lat' dir='ltr'><strong>ctenim</strong></span> <span class='ocrx_word' id='word_1_394' title='bbox 3279 4931 3376 4987; x_wconf 88' lang='lat' dir='ltr'><strong>pro</strong></span> <span class='ocrx_word' id='word_1_395' title='bbox 3404 4925 3493 4971; x_wconf 86' lang='lat' dir='ltr'><strong>tua</strong></span> 
     </span>
    </p>
   </div>
   <div class='ocr_carea' id='block_1_63' title="bbox 1931 5009 3496 5079">
    <p class='ocr_par' dir='ltr' id='par_1_63' title="bbox 1931 5009 3496 5079">
     <span class='ocr_line' id='line_1_63' title="bbox 1931 5009 3496 5079; baseline -0.002 -15"><span class='ocrx_word' id='word_1_396' title='bbox 1931 5012 1987 5065; x_wconf 89' lang='lat' dir='ltr'><strong>iu</strong></span> <span class='ocrx_word' id='word_1_397' title='bbox 2019 5026 2106 5065; x_wconf 89' lang='lat' dir='ltr'><strong>me</strong></span> <span class='ocrx_word' id='word_1_398' title='bbox 2136 5010 2468 5079; x_wconf 82' lang='lat' dir='ltr'><strong>benignitate</strong></span> <span class='ocrx_word' id='word_1_399' title='bbox 2491 5020 2652 5079; x_wconf 85' lang='lat' dir='ltr'><strong>atque</strong></span> <span class='ocrx_word' id='word_1_400' title='bbox 2677 5010 2936 5072; x_wconf 86' lang='lat' dir='ltr'><strong>amicitia,</strong></span> <span class='ocrx_word' id='word_1_401' title='bbox 2957 5024 3076 5079; x_wconf 69' lang='lat' dir='ltr'><strong>quae</strong></span> <span class='ocrx_word' id='word_1_402' title='bbox 3099 5009 3349 5079; x_wconf 70' lang='lat' dir='ltr'><strong>prmclara</strong></span> <span class='ocrx_word' id='word_1_403' title='bbox 3374 5023 3496 5062; x_wconf 91' lang='lat' dir='ltr'><strong>esse</strong></span> 
     </span>
    </p>
   </div>
   <div class='ocr_carea' id='block_1_64' title="bbox 1931 5101 3496 5171">
    <p class='ocr_par' dir='ltr' id='par_1_64' title="bbox 1931 5101 3496 5171">
     <span class='ocr_line' id='line_1_64' title="bbox 1931 5101 3496 5171; baseline -0.003 -14"><span class='ocrx_word' id='word_1_404' title='bbox 1931 5117 2152 5167; x_wconf 87' lang='lat' dir='ltr'><strong>censes,</strong></span> <span class='ocrx_word' id='word_1_405' title='bbox 2181 5117 2247 5157; x_wconf 91' lang='lat' dir='ltr'><strong>ea</strong></span> <span class='ocrx_word' id='word_1_406' title='bbox 2272 5101 2325 5155; x_wconf 90' lang='lat' dir='ltr'><strong>in</strong></span> <span class='ocrx_word' id='word_1_407' title='bbox 2356 5112 2708 5171; x_wconf 89' lang='lat' dir='ltr'><strong>conspectum</strong></span> <span class='ocrx_word' id='word_1_408' title='bbox 2743 5102 3022 5155; x_wconf 90' lang='lat' dir='ltr'><strong>hominum</strong></span> <span class='ocrx_word' id='word_1_409' title='bbox 3062 5101 3347 5168; x_wconf 79' lang='lat' dir='ltr'><strong>lucemque</strong></span> <span class='ocrx_word' id='word_1_410' title='bbox 3369 5113 3496 5167; x_wconf 88' lang='lat' dir='ltr'><strong>pro-</strong></span> 
     </span>
    </p>
   </div>
   <div class='ocr_carea' id='block_1_65' title="bbox 1931 5190 3491 5262">
    <p class='ocr_par' dir='ltr' id='par_1_65' title="bbox 1931 5190 3491 5262">
     <span class='ocr_line' id='line_1_65' title="bbox 1931 5190 3491 5262; baseline -0.003 -15"><span class='ocrx_word' id='word_1_411' title='bbox 1931 5193 2106 5259; x_wconf 82' lang='lat' dir='ltr'><strong>ferre;</strong></span> <span class='ocrx_word' id='word_1_412' title='bbox 2137 5207 2259 5262; x_wconf 65' lang='lat' dir='ltr'><strong>qua:</strong></span> <span class='ocrx_word' id='word_1_413' title='bbox 2286 5201 2465 5247; x_wconf 90' lang='lat' dir='ltr'><strong>autem</strong></span> <span class='ocrx_word' id='word_1_414' title='bbox 2495 5193 2676 5248; x_wconf 90' lang='lat' dir='ltr'><strong>minus</strong></span> <span class='ocrx_word' id='word_1_415' title='bbox 2700 5201 2847 5247; x_wconf 90' lang='lat' dir='ltr'><strong>recte</strong></span> <span class='ocrx_word' id='word_1_416' title='bbox 2872 5192 3015 5247; x_wconf 87' lang='lat' dir='ltr'><strong>dicta</strong></span> <span class='ocrx_word' id='word_1_417' title='bbox 3041 5206 3163 5246; x_wconf 89' lang='lat' dir='ltr'><strong>esse</strong></span> <span class='ocrx_word' id='word_1_418' title='bbox 3187 5190 3491 5254; x_wconf 79' lang='lat' dir='ltr'><strong>videantur,</strong></span> 
     </span>
    </p>
   </div>
   <div class='ocr_carea' id='block_1_66' title="bbox 1929 5281 3492 5354">
    <p class='ocr_par' dir='ltr' id='par_1_66' title="bbox 1929 5281 3492 5354">
     <span class='ocr_line' id='line_1_66' title="bbox 1929 5281 3492 5354; baseline -0.001 -16"><span class='ocrx_word' id='word_1_419' title='bbox 1929 5297 1992 5338; x_wconf 85' lang='lat' dir='ltr'><strong>ea</strong></span> <span class='ocrx_word' id='word_1_420' title='bbox 2015 5283 2361 5339; x_wconf 87' lang='lat' dir='ltr'><strong>dissimulare</strong></span> <span class='ocrx_word' id='word_1_421' title='bbox 2395 5294 2558 5354; x_wconf 84' lang='lat' dir='ltr'><strong>atque</strong></span> <span class='ocrx_word' id='word_1_422' title='bbox 2585 5293 2888 5354; x_wconf 82' lang='lat' dir='ltr'><strong>contegere.</strong></span> <span class='ocrx_word' id='word_1_423' title='bbox 2940 5282 3118 5350; x_wconf 86' lang='lat' dir='ltr'><strong>Quare</strong></span> <span class='ocrx_word' id='word_1_424' title='bbox 3148 5284 3260 5336; x_wconf 62' lang='lat' dir='ltr'><strong>haec</strong></span> <span class='ocrx_word' id='word_1_425' title='bbox 3293 5281 3492 5347; x_wconf 85' lang='lat' dir='ltr'><strong>sciens,</strong></span> 
     </span>
    </p>
   </div>
   <div class='ocr_carea' id='block_1_67' title="bbox 1933 5374 3496 5433">
    <p class='ocr_par' dir='ltr' id='par_1_67' title="bbox 1933 5374 3496 5433">
     <span class='ocr_line' id='line_1_67' title="bbox 1933 5374 3496 5433; baseline -0.001 -2"><span class='ocrx_word' id='word_1_426' title='bbox 1933 5375 2189 5432; x_wconf 87' lang='lat' dir='ltr'><strong>audacter</strong></span> <span class='ocrx_word' id='word_1_427' title='bbox 2216 5392 2301 5431; x_wconf 90' lang='lat' dir='ltr'><strong>me</strong></span> <span class='ocrx_word' id='word_1_428' title='bbox 2333 5378 2399 5432; x_wconf 80' lang='lat' dir='ltr'><strong>ad</strong></span> <span class='ocrx_word' id='word_1_429' title='bbox 2428 5378 2772 5433; x_wconf 87' lang='lat' dir='ltr'><strong>scribendum</strong></span> <span class='ocrx_word' id='word_1_430' title='bbox 2803 5378 3027 5432; x_wconf 90' lang='lat' dir='ltr'><strong>contuli.</strong></span> <span class='ocrx_word' id='word_1_431' title='bbox 3067 5376 3140 5430; x_wconf 85' lang='lat' dir='ltr'><strong>Ea</strong></span> <span class='ocrx_word' id='word_1_432' title='bbox 3167 5390 3293 5429; x_wconf 82' lang='lat' dir='ltr'><strong>vero</strong></span> <span class='ocrx_word' id='word_1_433' title='bbox 3321 5374 3496 5429; x_wconf 81' lang='lat' dir='ltr'><strong>disse—</strong></span> 
     </span>
    </p>
   </div>
   <div class='ocr_carea' id='block_1_68' title="bbox 1932 5464 3495 5539">
    <p class='ocr_par' dir='ltr' id='par_1_68' title="bbox 1932 5464 3495 5539">
     <span class='ocr_line' id='line_1_68' title="bbox 1932 5464 3495 5539; baseline -0.004 -16"><span class='ocrx_word' id='word_1_434' title='bbox 1932 5468 2084 5523; x_wconf 87' lang='lat' dir='ltr'><strong>rendi</strong></span> <span class='ocrx_word' id='word_1_435' title='bbox 2114 5468 2324 5523; x_wconf 88' lang='lat' dir='ltr'><strong>ratione</strong></span> <span class='ocrx_word' id='word_1_436' title='bbox 2355 5478 2407 5524; x_wconf 89' lang='lat' dir='ltr'><strong>et</strong></span> <span class='ocrx_word' id='word_1_437' title='bbox 2436 5468 2625 5524; x_wconf 90' lang='lat' dir='ltr'><strong>ordine</strong></span> <span class='ocrx_word' id='word_1_438' title='bbox 2651 5478 2792 5532; x_wconf 89' lang='lat' dir='ltr'><strong>utar,</strong></span> <span class='ocrx_word' id='word_1_439' title='bbox 2819 5484 2924 5539; x_wconf 86' lang='lat' dir='ltr'><strong>qua</strong></span> <span class='ocrx_word' id='word_1_440' title='bbox 2951 5478 3005 5524; x_wconf 89' lang='lat' dir='ltr'><strong>et</strong></span> <span class='ocrx_word' id='word_1_441' title='bbox 3034 5467 3131 5533; x_wconf 90' lang='lat' dir='ltr'><strong>illi,</strong></span> <span class='ocrx_word' id='word_1_442' title='bbox 3153 5466 3246 5536; x_wconf 88' lang='lat' dir='ltr'><strong>qui</strong></span> <span class='ocrx_word' id='word_1_443' title='bbox 3278 5480 3365 5519; x_wconf 90' lang='lat' dir='ltr'><strong>res</strong></span> <span class='ocrx_word' id='word_1_444' title='bbox 3394 5464 3495 5517; x_wconf 84' lang='lat' dir='ltr'><strong>hn-</strong></span> 
     </span>
    </p>
   </div>
   <div class='ocr_carea' id='block_1_69' title="bbox 1927 5556 3492 5630">
    <p class='ocr_par' dir='ltr' id='par_1_69' title="bbox 1927 5556 3492 5630">
     <span class='ocr_line' id='line_1_69' title="bbox 1927 5556 3492 5630; baseline -0.002 -15"><span class='ocrx_word' id='word_1_445' title='bbox 1927 5560 2167 5630; x_wconf 86' lang='lat' dir='ltr'><strong>jusmodi</strong></span> <span class='ocrx_word' id='word_1_446' title='bbox 2190 5560 2531 5630; x_wconf 79' lang='lat' dir='ltr'><strong>proﬁtentur,</strong></span> <span class='ocrx_word' id='word_1_447' title='bbox 2562 5560 2795 5617; x_wconf 80' lang='lat' dir='ltr'><strong>scienter</strong></span> <span class='ocrx_word' id='word_1_448' title='bbox 2821 5576 2884 5616; x_wconf 90' lang='lat' dir='ltr'><strong>ac</strong></span> <span class='ocrx_word' id='word_1_449' title='bbox 2903 5559 3071 5630; x_wconf 84' lang='lat' dir='ltr'><strong>perite</strong></span> <span class='ocrx_word' id='word_1_450' title='bbox 3097 5556 3492 5626; x_wconf 73' lang='lat' dir='ltr'><strong>investigando,</strong></span> 
     </span>
    </p>
   </div>
   <div class='ocr_carea' id='block_1_70' title="bbox 1931 5652 2237 5709">
    <p class='ocr_par' dir='ltr' id='par_1_70' title="bbox 1931 5652 2237 5709">
     <span class='ocr_line' id='line_1_70' title="bbox 1931 5652 2237 5709; baseline -0.007 -1"><span class='ocrx_word' id='word_1_451' title='bbox 1931 5653 2009 5708; x_wconf 86' lang='lat' dir='ltr'><strong>uti</strong></span> <span class='ocrx_word' id='word_1_452' title='bbox 2043 5652 2237 5709; x_wconf 90' lang='lat' dir='ltr'><strong>solent.</strong></span> 
     </span>
    </p>
   </div>
   <div class='ocr_carea' id='block_1_71' title="bbox 2006 5763 3495 5842">
    <p class='ocr_par' dir='ltr' id='par_1_71' title="bbox 2006 5763 3495 5842">
     <span class='ocr_line' id='line_1_71' title="bbox 2006 5763 3495 5842; baseline -0.002 -20"><span class='ocrx_word' id='word_1_453' title='bbox 2006 5769 2079 5825; x_wconf 87' lang='lat' dir='ltr'><strong>Ac</strong></span> <span class='ocrx_word' id='word_1_454' title='bbox 2107 5768 2343 5842; x_wconf 87' lang='lat' dir='ltr'><strong>primum</strong></span> <span class='ocrx_word' id='word_1_455' title='bbox 2373 5767 2588 5840; x_wconf 85' lang='lat' dir='ltr'><strong>quidcm</strong></span> <span class='ocrx_word' id='word_1_456' title='bbox 2624 5783 2953 5839; x_wconf 87' lang='lat' dir='ltr'><strong>proponam,</strong></span> <span class='ocrx_word' id='word_1_457' title='bbox 3001 5782 3110 5837; x_wconf 88' lang='lat' dir='ltr'><strong>quo</strong></span> <span class='ocrx_word' id='word_1_458' title='bbox 3136 5764 3342 5836; x_wconf 81' lang='lat' dir='ltr'><strong>jndicw</strong></span> <span class='ocrx_word' id='word_1_459' title='bbox 3378 5763 3495 5819; x_wconf 84' lang='lat' dir='ltr'><strong>ani-</strong></span> 
     </span>
    </p>
   </div>
  </div>
