3950 6326
545 360 682 419 1159

1174 362 1254 431 IS.
1295 358 1621 419 GREGORII
1660 357 2017 416 TIIAUMAT.
2055 357 2204 413 OPP.
2245 358 2422 415 PARS
2460 360 2752 419 ALTERA.
2794 396 2862 404 —
2901 365 3128 421 DUBIA.

3589 374 3698 429 illi)

544 493 633 532 ma
663 475 981 532 naturaliter
1006 476 1393 546 comprehendi
1426 484 1623 546 queat;
1655 474 1881 539 deinde,
1918 473 2116 543 quibus

2223 472 2318 543 ρίῳ
2345 473 2584 544 πέφυκεν
2621 477 2655 546 ή
2691 476 2836 548 ψυχὴ
2874 476 3386 549 καταλαμϐάνεσθαι·
3436 482 3615 549 ἔπιτα,
3649 489 3698 541 δι’

546 569 854 624 rationibus
885 583 1006 625 esse
1040 567 1388 633 ostendatur;
1416 578 1529 621 tum
1556 566 1828 636 deinceps,
1859 565 2115 620 substan-

547 662 694 717 tiane
746 662 818 716 sit
859 675 927 714 an
961 660 1247 726 accidens;
1299 659 1493 715 deinde
1521 667 1913 728 consequenter
1936 699 1952 725 ,
1989 667 2114 713 c‘or-

547 765 720 820 pusne
744 750 816 804 sit
851 765 919 804 an
955 749 1307 819 incorporea;
1353 757 1612 819 praeterea
1639 789 1653 813 ,
1715 748 2015 818 simplexne
2044 761 2114 803 an

543 841 884 911 composita;
920 848 1032 894 tum
1061 855 1272 903 rursus,
1319 839 1638 894 mortalisne
1664 853 1734 893 an
1757 838 2111 905 immortalis;

543 941 822 1004 postremo
855 941 1068 997 autem,
1099 931 1325 986 rationis
1358 932 1700 1001 particepsne
1753 931 1826 986 sit
1861 945 1930 985 an
1968 930 2115 988 illius

544 1041 763 1095 expers.

621 1113 746 1169 H.130
771 1114 915 1168 enim
943 1114 996 1168 in
1033 1113 1397 1183 disputatione
1427 1114 1494 1168 de
1517 1114 1695 1168 anima
1720 1156 1733 1177 ,
1786 1125 1845 1168 ut
1880 1113 2116 1169 maxime

545 1205 768 1274 propria
788 1245 803 1268 ,
840 1213 893 1259 et
925 1205 1031 1258 vim
1064 1215 1226 1274 atque
1271 1213 1519 1259 naturam
1566 1204 1685 1274 ejus
1716 1205 1908 1260 melius
1934 1205 2116 1275 expri-

549 1295 772 1361 mentia,
805 1295 1006 1365 inquiri
1034 1297 1230 1352 solent.
1282 1296 1360 1350 Ad
1387 1311 1449 1350 ea
1481 1310 1661 1364 porro,
1704 1295 1770 1350 de
1796 1295 1994 1366 quibus
2028 1295 2116 1350 hic

548 1387 928 1444 disserendum
984 1387 1125 1452 erit,
1177 1387 1452 1456 probanda
1495 1402 1559 1441 ac
1587 1387 1988 1452 conﬁrmanda,
2019 1401 2116 1456 pro

556 1478 1152 1542 demonstrationibus,
1201 1477 1516 1532 notionibus
1563 1477 1669 1531 illis
1703 1486 1916 1532 utemur
1963 1492 2116 1532 com—

549 1572 810 1628 munibus
837 1614 852 1638 ,
887 1586 983 1641 per
1013 1587 1150 1640 quas
1181 1570 1342 1624 rebus
1380 1584 1503 1638 qua:
1543 1569 1794 1624 manibus
1818 1576 2116 1623 tractantur

547 1678 813 1719 assensus
843 1662 1152 1732 comparari
1178 1662 1331 1716 solet.
1374 1660 1656 1717 Brevitatis
1687 1675 1814 1714 vero
1842 1659 2118 1714 utilitatis-

545 1772 658 1826 que
685 1772 874 1821 causa,
913 1756 980 1810 iis
1012 1755 1275 1810 duntaxat
1299 1769 1444 1808 nunc
1472 1752 1976 1809 ratiocinationibus
1999 1761 2116 1808 ute-

549 1866 696 1915 mur,
747 1865 868 1920 quae
895 1850 962 1903 ad
991 1849 1410 1904 demonstranda
1443 1847 1554 1913 illa,
1609 1861 1843 1917 quorum
1875 1846 1934 1901 tit
1962 1845 2112 1900 inve-

547 1942 800 2012 stigatio,
862 1941 1205 2010 potissimum
1249 1941 1456 2007 valent;
1508 1949 1569 1996 ut
1601 1937 1902 1994 manifestis
1926 1952 2112 2009 perce-

549 2043 756 2103 ptuque
795 2032 1134 2087 facilioribus
1179 2049 1360 2087 earum
1390 2032 1703 2087 nolionibus
1731 2040 1892 2101 atque
1918 2031 2116 2101 proba-

550 2125 790 2180 tionibus
833 2123 1102 2191 instructi,
1155 2125 1515 2194 promptiores
1556 2137 1910 2178 occurramus
1955 2137 2117 2191 repu-

547 2216 862 2288 gnantibus.
890 2215 1027 2271 Hinc
1054 2216 1224 2287 igitur
1256 2215 1525 2271 sermonis
1549 2215 1718 2270 nostri
1744 2223 1905 2284 atque
1926 2212 2116 2283 dispu-

547 2311 775 2366 tationis
800 2311 1030 2365 ducatur
1056 2309 1403 2380 principium.

796 2400 914 2468 Quo
937 2403 1146 2472 judicio
1177 2401 1645 2472 comprehendatur
1671 2400 1869 2454 anima.

623 2493 665 2547 1.
709 2492 816 2549 Res
843 2507 1202 2562 quacunque,
1239 2503 1332 2547 aut
1357 2507 1522 2548 sensu
1570 2498 1990 2561 cognoscuntur,
2025 2498 2119 2544 aut

550 2585 903 2656 intelligentia
926 2577 1478 2657 comprehenduntur.
1546 2582 1626 2637 Ex
1652 2581 1850 2652 quibus
1872 2581 2114 2651 quidem,

549 2695 675 2750 qua:
703 2680 806 2735 sub
833 2694 1053 2735 sensum
1086 2679 1284 2735 eadunt
1309 2720 1324 2744 ,
1355 2678 1472 2747 ipso
1519 2692 1683 2732 sensu
1727 2674 1859 2730 satis
1891 2675 2116 2729 demon-

549 2781 833 2840 strantur;
866 2788 992 2826 nam
1024 2772 1186 2826 simul
1205 2771 1472 2841 atqueille
1493 2770 1744 2825 admotus
1769 2769 1954 2836 fuerit,
1983 2769 2116 2824 sub-

542 2865 704 2936 jectae
739 2864 815 2920 rei
849 2865 1139 2934 imaginem
1171 2881 1234 2919 ac
1257 2863 1494 2934 speciem
1539 2863 1698 2918 nobis
1745 2871 2111 2932 repraesentat.

547 2956 684 3024 Qua:
710 2972 835 3012 vero
860 2957 1215 3026 intelligentia
1247 2954 1779 3025 comprehenduntur
1799 2996 1815 3021 ,
1867 2969 1973 3009 non
2000 2954 2115 3023 ipsa

545 3065 616 3104 ex
648 3064 727 3115 se,
758 3047 851 3103 sed
881 3063 946 3102 ex
972 3045 1212 3116 ipsarum
1241 3044 1549 3099 actionibus
1578 3053 1738 3114 atque
1765 3043 1971 3099 elfectis
1999 3059 2118 3113 per-

548 3141 848 3210 cipiuntur.
885 3137 1221 3207 Quapropter
1253 3152 1377 3191 cum
1409 3136 1590 3192 anima
1619 3153 1684 3192 ex
1715 3135 1894 3205 seipsa
1921 3149 2114 3205 cogno-
2138 3175 2181 3234 ϐ

547 3233 631 3286 sci
661 3239 922 3301 nequeat,
955 3244 1021 3284 ex
1050 3228 1220 3299 ipsius
1247 3228 1453 3284 ell‘ectis
1489 3229 1686 3284 merito
1719 3228 1974 3300 cognosci
2011 3242 2110 3297 po-

553 3325 700 3379 terit.

1125 3417 1205 3468 An
1246 3415 1316 3468 sit
1340 3414 1539 3468 anima.

622 3507 690 3561 ll.
730 3506 944 3576 Corpus
979 3516 1223 3561 nostrum
1251 3520 1376 3560 cum
1410 3514 1690 3570 movetur,
1730 3513 1822 3558 aut
1849 3503 2116 3558 extrinse-

549 3617 687 3667 cus,
735 3608 832 3654 aut
862 3598 1189 3652 intrinsecus
1224 3605 1492 3651 movetur.
1556 3592 1674 3648 Non
1721 3593 1926 3648 moveri
1984 3592 2114 3646 illud

546 3692 891 3749 extrinsecus
913 3731 929 3755 ,
962 3705 1028 3744 ex
1054 3705 1120 3744 eo
1150 3698 1332 3758 patet,
1368 3688 1512 3759 quod
1560 3701 1734 3758 neque
1765 3685 2112 3755 impulsione,

551 3800 729 3855 neque
758 3783 1026 3839 tractione
1056 3791 1323 3848 movetur,
1356 3781 1497 3836 sicut
1523 3795 1587 3834 ea
1615 3794 1738 3848 quae
1765 3784 1896 3831 sunt
1940 3775 2117 3829 inani-

550 3888 718 3933 mata.
749 3877 886 3932 Cum
915 3885 1093 3930 autem
1121 3882 1403 3929 moveatur
1430 3871 1780 3931 intrinsecus,
1803 3883 1911 3923 non
1937 3877 2115 3922 tamen

548 3969 873 4026 naturaliter
905 3979 1155 4022 movetur
1196 3975 1256 4020 ut
1297 3965 1457 4036 ignis.
1511 3961 1647 4017 Nam
1687 3961 1826 4032 ignis
1875 3959 2117 4030 quandiu

549 4070 674 4126 est,
730 4075 1009 4130 nunquam
1043 4070 1252 4112 motum
1297 4055 1643 4121 intermittit;
1698 4063 1754 4108 at
1782 4067 1980 4122 corpus
2025 4052 2116 4105 ubi

552 4162 831 4208 mortuum
884 4150 1065 4215 fuerit,
1120 4149 1326 4204 moveri
1373 4147 1594 4211 desinit,
1652 4147 1777 4200 licet
1819 4154 1999 4198 tamen
2048 4143 2119 4198 sit

552 4261 770 4316 corpus.
807 4242 988 4310 Quare
1023 4242 1068 4296 si
1104 4255 1279 4310 neque
1309 4241 1649 4294 extrinsecus
1682 4245 1950 4302 movetur,
1978 4237 2118 4290 sicut

551 4338 882 4402 inanimata;
918 4349 1096 4404 neque
1124 4332 1468 4396 naturaliter,
1502 4330 1648 4384 velut
1672 4329 1846 4399 ignis;
1884 4326 2116 4382 manife-

550 4439 694 4484 stum
738 4436 824 4482 est
860 4425 1066 4481 moveri
1107 4424 1176 4478 ab
1204 4423 1415 4488 anima,
1465 4436 1589 4490 quae
1617 4421 1780 4474 etiam
1820 4419 1983 4473 vitam
2014 4419 2117 4488 ipsi

2213 558 2288 620 ὧν
2317 565 2587 621 δείκνυται
2614 567 2951 640 ὑπάρχουσα·
2983 565 3082 623 εἷθ’
3103 570 3244 641 ἑξῆς,
3271 575 3318 626 εί
3338 573 3479 645 οὐσία
3495 580 3699 647 τυγχάνει

2213 651 2374 720 οὖσα,
2421 658 2455 727 ἢ
2513 659 2888 731 συμϐεϐηκόςσ
2949 657 3067 716 εἶτα
3108 661 3312 726 τούτοις
3349 665 3632 733 ἀκολούθως,
3665 674 3700 723 εἰ

2215 747 2372 820 σῶμά
2395 751 2560 815 ἐστιν,
2587 751 2620 821 ἢ
2647 752 2957 822 ἀσώματος-
3007 753 3230 818 ἔπειτα,
3279 758 3326 808 εί
3375 758 3574 830 ἁπ).ἧ,ἢ
3608 761 3702 813 σύν-

2213 837 2383 903 θετος
2415 836 2513 893 εἴτ’
2547 837 2720 906 αὖθις,
2769 844 2816 895 εί
2871 843 3059 916 θνητὴ,
3098 845 3131 916 ἦ
3160 845 3430 912 ἀθάνατος·
3456 849 3702 904 τελευταῖον

2211 930 2288 996 δέ,
2312 933 2360 985 εἰ
2382 931 2592 1003 λογικὴ,
2627 933 2661 1003 ἢ
2689 933 2898 1002 ἄλογος.

2283 1115 2462 1171 Ταῦτα
2487 1117 2594 1189 γάρ
2640 1115 2868 1188 μάλιστα
2902 1119 2960 1170 ἐν
3002 1117 3080 1187 τῷ
3125 1120 3252 1188 περὶ
3294 1118 3461 1189 ψυχῆς
3483 1115 3711 1190 ζητεῖσθαι

2213 1209 2367 1263 εἴωθε
2398 1208 2561 1279 λόγῳ,
2592 1208 2667 1272 ὡς
2694 1207 3005 1279 κυριώτατα
3042 1209 3134 1261 καὶ
3179 1209 3438 1279 δυνάμενα
3461 1211 3609 1280 αὐτῆς
3632 1213 3706 1283 τὴν

2217 1297 2449 1368 ἰδιότητα
2493 1298 2930 1368 χαρακτηρίζειν.
2996 1299 3325 1362 Ἀποδείξεσι
3389 1299 3442 1352 δὲ
3481 1302 3599 1372 ergo;
3631 1303 3705 1373 τὴν

2212 1391 2321 1444 τῶν
2357 1390 2859 1462 ἐξετασθησομένων
2907 1391 3217 1460 βεϐαίωσιν,
3262 1396 3377 1457 ταῖς
3398 1398 3578 1459 κοιναῖς
3598 1412 3705 1467 χρη-

2217 1483 2418 1554 σόμεθα
2442 1482 2687 1546 ἐννοίαις,
2713 1478 2800 1546 αἷς
2821 1483 2883 1537 τὺ
2895 1483 3203 1549 ἀξιόπιστον
3231 1482 3298 1536 τὰ
3325 1485 3379 1536 ἐν
3405 1485 3543 1556 χερσὶ
3567 1486 3706 1557 πράγ-

2217 1593 2362 1648 ματα
2389 1577 2680 1648 μαρτυρεῖν
2711 1574 2939 1643 πέφυκε.
2968 1576 3268 1647 Συντομίας
3305 1576 3360 1630 δέ
3381 1578 3523 1649 χάριν
3546 1579 3620 1631 καί
3639 1578 3708 1632 τοῦ

2214 1668 2507 1740 χρησίμων
2537 1667 2716 1738 μόνοις
2741 1667 2851 1728 τοῖς
2874 1666 3008 1738 πρὸς
3031 1667 3094 1721 τὸ
3128 1669 3421 1736 ἀναγκαῖον
3465 1668 3548 1721 τοῦ
3570 1669 3708 1739 ζητου.

2221 1759 2378 1831 μένου
2406 1758 2584 1828 ἔχουσι
2605 1759 2702 1829 τὴν
2735 1758 3024 1825 ἀπόδειξιν,
3048 1757 3118 1812 τὰ
3160 1757 3259 1812 νῦν
3300 1759 3588 1830 χρησόμεθα
3625 1759 3711 1815 συὶ-

2213 1850 2506 1921 λογισμοῖς’
2525 1851 2671 1915 ὅπως
2691 1851 2834 1922 σαφῆ
2853 1868 2911 1904 τε
2937 1852 3032 1904 καὶ
3053 1851 3428 1923 εύπαράδεκτα
3443 1851 3504 1904 τὰ
3516 1852 3708 1921 νοήματα

2212 1942 2492 2013 γενόμενα,
2521 1943 2841 2016 ἑτοιμότητα
2874 1961 2996 1997 τινα
3029 1944 3159 2014 ἡμῖν
3204 1943 3476 2016 ἐμποιήσῃ
3507 1942 3621 2013 πρὸς
3637 1943 3709 2011 τὴν

2213 2030 2320 2084 τῶν
2365 2030 2767 2102 ἀνθισταμένων
2825 2031 3144 2102 ἀπάντησιν.
3213 2028 3502 2103 Ἀρξόμεθα
3541 2025 3618 2084 οὖν
3641 2029 3709 2082 τοῦ

2212 2121 2367 2192 λόγου
2389 2122 2654 2178 ἐντεῦθεν.

2291 2405 2408 2459 Τίνι
2453 2404 2520 2457 τὸ
2553 2401 2996 2469 καταληπτικὸν
3025 2399 3327 2469 κριτήριον
3349 2398 3454 2466 τῆς
3473 2394 3660 2466 ψυχῆς.

2283 2495 2360 2548 Α’.
2407 2493 2593 2547 Πάντα
2636 2491 2704 2545 τά
2749 2491 2913 2558 ὄντα,
2957 2490 2990 2562 ἢ
3036 2489 3285 2560 αἰσθήσει
3344 2485 3646 2558 γνωρίζεται,
3684 2483 3708 2551 ἢ

2214 2588 2394 2659 νοήσει
2421 2583 2910 2657 καταλαμϐάνεται.
2935 2583 3042 2636 Καὶ
3065 2581 3125 2634 τὸ
3154 2582 3256 2652 μὲν
3303 2580 3535 2649 αἰσθήσει
3560 2573 3709 2630 ὑποτί-

2215 2697 2368 2742 πτον,
2394 2678 2582 2750 ἱκανὴν
2627 2678 2896 2743 ἀπόδειξιν
2936 2677 3048 2749 ἕχει
3090 2677 3189 2747 τὴν
3232 2673 3495 2744 αἴσθησιν·
3522 2671 3620 2741 ἅμα
3634 2669 3711 2738 γάρ

2214 2775 2280 2843 τῇ
2304 2771 2593 2844 προσϐολῇ,
2645 2771 2740 2824 καὶ
2779 2771 2875 2842 τὴν
2905 2769 3202 2840 φαντασίαν
3253 2768 3383 2838 ἡμῖν
3419 2765 3609 2836 ἐμποιεῖ
3643 2761 3710 2814 τοῦ

2213 2861 2589 2932 ὑποκειμένου.
2619 2861 2692 2915 Τὸ
2737 2861 2792 2915 δέ
2830 2862 3014 2932 νοήσει
3058 2858 3603 2929 καταλαμϐανόμενον,
3641 2853 3711 2905 οὐκ

2214 2953 2273 3019 ἐξ
2315 2954 2528 3018 ἐαυτοῦ,
2576 2953 2688 3007 ἀλλ’
2719 2955 2784 3007 ἐκ
2830 2952 2937 3006 τῶν
2982 2950 3274 3023 ἐνεργειῶν
3331 2949 3636 3022 γνωρίζεται.
3664 2943 3710 2998 Ἡ

2212 3039 2389 3092 τοίνυν
2411 3040 2555 3115 ψυχὴ
2603 3042 2880 3109 ἄγνωστος
2907 3035 3042 3095 οὖσα
3064 3039 3124 3104 ἐξ
3153 3040 3376 3112 ἑαυτῆς,
3406 3042 3468 3094 ἐκ
3505 3038 3597 3092 τῶν
3615 3037 3710 3090 απο-

2214 3129 2555 3206 τελεσμάτων
2589 3132 2810 3198 εἰκότως
2839 3131 3232 3204 γνωσθήσεται.

2701 3415 2771 3468 El
2815 3413 2986 3468 ἔστιν
3024 3413 3062 3480 ἡ
3095 3410 3289 3478 ψυχή.

2285 3505 2358 3558 Β’.
2390 3506 2461 3559 To
2508 3504 2666 3576 σῶμα
2717 3505 2873 3575 ἡμῶν
2907 3501 3242 3574 κινούμενον,
3268 3503 3303 3573 ἢ
3333 3498 3590 3570 ἔξωθεν,ῆ
3616 3495 3714 3551 ἐνδο-

2213 3599 2306 3652 θεν
2331 3599 2579 3652 κινεῖται.
2607 3596 2717 3650 Καὶ
2742 3597 2823 3650 ὅτι
2878 3595 2975 3667 μὲν
3010 3593 3204 3660 ἔξωθεν
3233 3595 3297 3648 ού
3347 3595 3577 3654 κινεῖται,
3601 3589 3711 3657 δῆλον

2215 3694 2281 3745 ἐκ
2311 3691 2404 3744 τοῦ
2439 3692 2572 3761 μήτε
2605 3688 2933 3761 ὠθούμενον,
2983 3687 3116 3759 μήτε
3159 3687 3450 3758 ἑλκόμενον
3485 3680 3710 3738 κινεῖσθαι.

2215 3785 2292 3846 ὼς
2315 3781 2382 3835 τὰ
2409 3782 2610 3852 ἄψυχα.
2659 3781 2768 3836 Καὶ
2819 3779 3028 3833 ἔνδοθεν
3051 3779 3106 3831 δέ
3137 3778 3300 3832 πάλιν
3332 3776 3634 3848 κινούμενον,
3671 3768 3711 3821 ού

2218 3870 2459 3940 φυσικῶς
2488 3872 2736 3933 κινεῖται,
2782 3869 2857 3932 ὡς
2876 3867 2936 3921 τὸ
2956 3866 3088 3938 πῦρ.
3141 3867 3349 3920 Ἐκεῖνο
3399 3865 3500 3938 γὰρ
3540 3863 3591 3916 οὐ
3617 3856 3712 3912 παύ-

2217 3979 2335 4016 εται
2379 3961 2472 4016 τοῦ
2519 3959 2802 4024 κινεῖσθαι,
2845 3960 2925 4022 εἰς
2971 3957 3093 4010 ’ὀσον
3147 3957 3266 4012 ἐστὶ
3321 3955 3449 4028 πῦρ·
3491 3955 3648 4021 ὥσπερ
3671 3946 3712 3998 τὺ

2217 4056 2378 4128 σῶμα
2405 4055 2594 4127 νεκρὸν
2625 4052 3006 4124 γεγενημένον,
3039 4051 3287 4120 ἀκινητεῖ
3333 4049 3485 4118 σῶμα
3514 4046 3582 4098 όν.
3609 4041 3712 4095 Οὐκ-

2217 4147 2311 4201 οῦν
2347 4149 2394 4200 εἰ
2449 4148 2584 4218 μήτε
2626 4144 2822 4212 ἔξωθεν
2862 4145 3111 4204 κινεῖται,
3167 4141 3241 4204 ὡς
3284 4141 3378 4194 xa‘t
3403 4139 3586 4208 ἄψυχα,
3615 4132 3712 4202 μήτε

2219 4239 2460 4310 φυσικῶς
2487 4239 2562 4302 ὡς
2588 4239 2646 4292 τὸ
2678 4237 2806 4308 πῦρ,
2849 4235 3005 4305 δῆλον
3058 4236 3137 4288 ὅτι
3175 4234 3282 4287 ὑπὸ
3327 4231 3497 4302 ψυχῆς
3540 4225 3711 4278 κινεῖται

2216 4334 2314 4404 τῆς
2340 4331 2432 4385 καὶ
2458 4331 2517 4384 τὸ
2557 4328 2655 4400 ζῇν
2681 4327 2828 4398 αύτῷ
2858 4328 3219 4399 παρεχούσης.
3253 4325 3318 4377 Εἰ
3368 4323 3535 4376 τοίνυν
3561 4317 3625 4385 τῷ
3649 4310 3717 4365 σώ-

2221 4442 2348 4497 ματι
2377 4421 2534 4494 ἡμῶν
2586 4423 2618 4491 ἡ
2672 4419 2817 4489 ψυχὴ
2868 4417 3138 4470 δείκνυται
3189 4415 3249 4468 τὸ
3293 4413 3390 4484 ζῇν
3445 4409 3712 4497 παρέχουσα.

550 4519 950 4575 subministrat.
1012 4517 1071 4572 Si
1119 4517 1284 4588 igitur
1331 4513 1546 4584 corpori
1601 4520 1791 4566 nostro
1837 4511 2002 4566 vitam
2050 4513 2116 4567 ab

2223 4496 2373 4570 ἔσται
2411 4514 2506 4567 καὶ
2558 4511 2677 4567 καθ’
2710 4511 2907 4583 ἑαυτὴν
2935 4513 2968 4579 ἡ
3018 4507 3164 4580 ψυχὴ
3216 4510 3280 4560 ἐκ
3334 4506 3440 4560 τῶν
3490 4496 3715 4574 ἐνεργειῶν

550 4612 730 4665 anima
754 4611 982 4681 prmberi
1007 4617 1249 4675 constet,
1277 4607 1457 4662 anima
1485 4606 1647 4661 etiam
1671 4620 1738 4660 ex
1765 4605 1882 4659 suis
1911 4605 2116 4660 eﬂ‘ectis

553 4704 925 4774 cognoscitur.

971 4795 1051 4848 An
1084 4797 1261 4848 anima
1286 4795 1356 4847 sit
1378 4791 1692 4846 substantia.

625 4887 710 4941 lll.
751 4886 908 4953 Quod
933 4902 1100 4956 porro
1136 4886 1317 4941 anima
1353 4885 1425 4941 sit
1455 4884 1758 4939 substantia
1779 4924 1794 4947 ,
1829 4883 1907 4936 sic
1933 4891 2116 4936 osten-

550 4981 696 5035 ditur
727 4998 741 5033 :
769 4979 950 5033 Primo
973 4979 1216 5048 quidem,
1239 4977 1494 5047 quoniam
1528 4975 1603 5028 illi
1632 4991 1849 5045 quoque
1878 4974 2114 5028 deﬁnitio

554 5067 875 5122 substantiae
905 5067 1029 5136 jure
1061 5067 1333 5130 convenit,
1367 5081 1488 5135 quae
1515 5066 1730 5135 quidem
1763 5076 1845 5119 est
1879 5064 2114 5132 ejusmo-

553 5161 607 5216 di
635 5179 650 5215 :
689 5158 1006 5214 Substantia
1035 5167 1119 5214 est
1151 5159 1237 5222 id,
1272 5158 1416 5228 quod
1447 5174 1571 5212 cum
1600 5173 1767 5212 unum
1795 5167 1847 5210 et
1875 5157 2016 5210 idem
2047 5156 2117 5210 sit

556 5267 806 5319 numero,
833 5250 1108 5306 contraria
1134 5250 1369 5305 vicissim
1395 5250 1640 5318 suscipit.
1672 5249 1828 5315 Quod
1859 5265 1984 5303 vero
2007 5248 2117 5301 ani-

555 5363 644 5402 ma
675 5362 706 5401 a
735 5356 932 5404 natura
962 5343 1180 5415 propria
1209 5359 1316 5398 non
1352 5343 1632 5408 recedens,
1657 5343 1928 5396 contraria
1956 5342 2117 5396 vicis-

555 5440 657 5495 sim
693 5438 976 5508 suscipiat,
1007 5435 1281 5497 omnibus,
1305 5432 1487 5500 credo,
1513 5444 1593 5487 est
1627 5436 1987 5505 perspicuum.
2023 5433 2118 5490 Ju-

557 5533 704 5588 stitia
736 5531 880 5586 enim
910 5539 964 5584 et
989 5527 1277 5598 iniustitia,
1306 5527 1569 5581 iortitudo
1598 5536 1652 5580 et
1678 5529 1956 5593 timiditas,
1984 5537 2116 5584 tem-

561 5623 802 5690 perantia
837 5632 889 5675 et
919 5620 1354 5690 intemperantia,
1387 5619 1439 5672 in
1471 5618 1586 5687 ipsa
1616 5618 1853 5673 vicissim
1884 5635 2117 5673 cernun-

559 5723 668 5778 tur,
697 5729 820 5768 cun:
855 5715 964 5768 sint
990 5712 1282 5766 contraria.
1349 5710 1708 5778 Quamobrem
1739 5727 1860 5765 cum
1899 5728 1961 5766 ca
1984 5714 2116 5766 sub-

556 5805 770 5863 stantia:
818 5803 1274 5875 sit.proprietas,
1329 5816 1382 5860 ut
1433 5804 1826 5864 contrariorum
1879 5804 2114 5860 vicissim

2221 4604 2613 4677 γνωριζομένη.

2605 4791 2674 4843 Et
2707 4788 2888 4841 οὐσία
2925 4787 3096 4839 ἐστὶν
3134 4786 3171 4852 ἡ
3200 4781 3391 4853 ψυχή.

2290 4884 2364 4937 Γ’.
2395 4884 2516 4936 Ὅτι
2552 4881 2649 4952 μὲν
2677 4880 2834 4933 ούσία
2864 4879 3008 4932 ἐστὶν
3048 4879 3081 4948 ἡ
3108 4877 3275 4947 ψυχὴ,
3303 4875 3556 4928 δείκνυται
3571 4868 3711 4952 οὕτως·

2222 4974 2445 5048 Πρῶτον
2483 4951 2600 5044 μὲν,
2657 4973 2738 5024 ὅτι
2767 4971 2868 5040 τῆς
2905 4969 3091 5030 οὐσίας
3139 4968 3280 5035 ὅρος,
3345 4963 3438 5018 καὶ
3483 4960 3559 5013 ἐπ’
3591 4951 3714 5048 aiﬁif

2223 5039 2290 5124 ἂν
2319 5039 2542 5130 εἰκότως
2564 5064 2797 5135 λεχθείη.
2828 5039 3007 5114 ίἜστι
3053 5060 3109 5113 δέ
3159 5051 3330 5122 οὗτος·
3364 5053 3522 5109 Οὐσία
3547 5047 3640 5102 ἐστὶ
3674 5039 3715 5091 τὺ

2221 5160 2438 5221 ταυτὸν,
2471 5159 2564 5211 καὶ
2615 5157 2674 5208 ἓν
2727 5153 2964 5226 ἀριθμῷ,
3010 5153 3118 5204 τῶν
3171 5148 3423 5204 ἐναντίων
3459 5135 3716 5235 παραμέρξς
3757 5171 3763 5182 .

2222 5249 2360 5307 εἷναι
2394 5249 2657 5304 δεκτικόν.
2713 5249 2835 5301 Ὀτι
2884 5246 2941 5299 δὲ
2968 5247 3001 5315 ὴ
3033 5242 3178 5314 ψυχὴ
3210 5241 3346 5311 αὕτη
3397 5238 3488 5308 τῆς
3519 5232 3629 5291 ιδίας
3649 5232 3715 5291 φῦ·

2223 5363 2360 5411 σεως
2404 5344 2477 5416 μὴ
2518 5343 2861 5412 ἐξισταμένη,
2905 5339 2973 5393 τὰ
3020 5336 3232 5391 ἐναντία
3276 5335 3481 5404 δέχεται
3523 5315 3714 5416 παρσςιξέ·

2225 5409 2522 5510 ρος,ῗπαντί
2555 5453 2656 5488 που
2705 5409 2880 5504 δῆλονο
2932 5430 3242 5500 δικαιοσύνη
3287 5427 3394 5498 γάρ
3435 5421 3519 5476 καὶ
3557 5409 3711 5510 ἀδικία,

2223 5501 2413 5600 άνδρία
2434 5545 2493 5582 τε
2531 5527 2624 5581 καὶ
2665 5501 2854 5590 δειλία,
2902 5523 3219 5594 σωφροσύνη
3251 5537 3309 5573 τε
3353 5519 3442 5572 καὶ
3488 5501 3711 5600 ἀκολασίαν

2223 5620 2280 5671 ἐν
2303 5595 2438 5689 αύτῇ
2481 5616 2806 5689 θεωροῦνται
2857 5614 3070 5668 ἐναντία
3092 5611 3235 5665 ὄντα.
3280 5610 3341 5662 El
3383 5605 3544 5659 τοίνυν
3565 5595 3712 5689 ἰδίωμα

2223 5710 2429 5773 ούσίας,
2467 5708 2527 5762 τὸ
2555 5709 2662 5762 τῶν
2706 5707 2960 5761 ἐναντίων
3001 5702 3137 5758 εἶναι
3181 5698 3480 5773 παραμέρος
3499 5681 3708 5746 δεκταδνι

2224 5803 2494 5856 δείκνυται
2529 5801 2581 5854 δέ
2616 5803 2646 5871 ἧ
2685 5799 2828 5870 ψυχὴ
2860 5797 3059 5852 τούτων
3105 5791 3444 5864 ἐπιδεχομένη
3483 5784 3559 5837 τὸν
3597 5778 3706 5847 δρθνο
