3950 6326
303 344 440 400 HM

1490 323 1900 385 DlSPUTATIO
1937 321 2024 377 DE
2058 318 2293 374 ANIMA.

3380 305 3516 361 H43

297 458 462 514 οὐσία
491 457 650 528 ἄραὴ
684 455 847 526 ψυχή.
888 454 1116 506 Ἔπειτα
1147 452 1241 504 καὶ
1271 449 1364 503 τοῦ
1399 449 1646 520 σώματος
1677 445 1857 508 οὐσίας

1969 437 2266 509 susceptrix
2287 435 2376 499 sit,
2400 433 2696 502 eademque
2727 428 2922 484 anima;
2941 425 3242 490 conveniat,
3267 423 3520 480 substan-

300 552 478 614 ὄντος,
528 549 620 601 καὶ
667 546 764 617 τὴν
819 545 996 616 ψυχὴν
1040 543 1225 596 οὐσίαν
1269 537 1408 594 εἶναι
1453 539 1662 608 ἀνάγκη
1686 557 1699 570 ο
1741 537 1860 590 οὐδὲ

302 636 552 714 γὰροοῖόν
580 657 658 704 τε,
684 639 748 690 τὸ
767 635 1190 706 ζωοποιούμενον
1205 633 1386 687 οὐσίαν
1420 630 1582 702 [ἄλλ.
1603 626 1860 699 ὲνούσιον]

304 732 466 786 εἶναι’
496 733 556 785 τὸ
591 731 647 783 δὲ
690 726 1004 793 ζωοποιοῦν,
1045 723 1180 779 εἶναι
1220 725 1487 777 ἀνοὺσιον.
1535 723 1597 774 Εἰ
1633 722 1704 792 μή
1756 736 1859 783 τις,

302 825 403 878 καὶ
429 823 490 877 τὸ
519 822 593 894 μὴ
621 820 701 886 ὃν,
733 819 825 873 τοῦ
867 818 1018 882 ὄντος
1071 816 1238 870 αἴτιον
1279 816 1499 885 φήσειεν
1523 810 1675 866 εἶναι·
1701 810 1735 880 ἢ
1762 810 1864 864 πά-

303 915 411 980 λιν,
436 914 495 967 τὸ
523 914 579 966 ὲν
611 906 655 980 ᾧ
679 911 776 983 τὴν
809 911 1040 982 ὓπαρξιν
1071 909 1212 981 ἔχον,
1253 907 1346 961 καὶ
1375 899 1436 960 οὗ
1465 906 1592 960 ἄνευ
1625 900 1761 957 εἶναι
1790 901 1862 973 μὴ

304 1004 600 1076 δυνάμενον
633 1002 753 1075 [ἄλ.
803 1001 898 1055 καὶ
929 1003 957 1054 ὁ
998 1001 1124 1054 ἄνευ
1174 998 1268 1054 τοῦ
1323 993 1459 1051 εἶναι
1514 995 1585 1068 μὴ
1635 995 1864 1064 δυνάμε-

306 1095 442 1167 νον],
466 1097 636 1150 αἴτιον
687 1095 896 1148 ἐκείνου
949 1088 1087 1146 εἶναι
1134 1091 1227 1146 τοῦ
1260 1093 1317 1152 ἐν
1356 1082 1400 1157 ᾧ
1433 1092 1574 1153 ἐστι,
1595 1085 1780 1158 μανείς
1809 1103 1860 1138 τι

303 1186 468 1240 εἴποι.

724 1368 794 1420 Ei
828 1366 1138 1436 ἀσώματος
1174 1365 1213 1433 ἠ
1253 1363 1442 1433 ψυχή.

373 1460 447 1512 Δθ.
489 1458 608 1511 ’Ότι
646 1458 743 1528 μὲν
772 1460 829 1511 ὲν
859 1457 936 1528 τῷ
984 1456 1194 1528 σώματι
1225 1455 1384 1527 ἡμῶν
1439 1457 1473 1525 ἡ
1519 1453 1662 1522 ψυχή
1694 1453 1860 1516 ἐστιν,

303 1549 562 1621 ἀνωτέρω
589 1549 822 1621 ὲδείχθτγ
881 1549 962 1602 δεῖ
980 1549 1156 1602 τοίνυν
1182 1547 1374 1601 εἰδέναι
1408 1545 1523 1608 πῶς
1551 1547 1608 1598 ὲν
1646 1544 1722 1615 τῷ
1754 1543 1861 1596 σώ-

307 1659 458 1712 ματι·
489 1644 581 1697 καὶ
612 1643 659 1695 εί
695 1642 792 1712 μὲν
827 1637 1151 1713 παράκειται
1186 1640 1333 1712 αὑτῷ
1353 1641 1427 1704 ώς
1453 1638 1623 1709 ψηφὶς
1648 1636 1857 1708 ψηφίδι,

306 1731 468 1802 σῶμα
507 1732 602 1803 μὲν
631 1730 782 1784 ἔσται
831 1733 864 1801 ἡ
892 1731 1058 1802 ψυχὴ,
1090 1730 1208 1783 ὅλον
1234 1730 1291 1783 δὲ
1313 1729 1374 1782 τὸ
1412 1728 1570 1798 σῶμα
1591 1727 1690 1781 οὐκ
1710 1726 1858 1780 ἔσται

1965 533 2038 586 tia
2065 530 2229 600 igitur
2260 527 2440 582 anima
2468 525 2587 579 erit.
2645 523 2910 577 Praeterea
2934 562 2950 587 ,
2978 535 3100 576 cum
3139 526 3191 572 ct
3217 531 3412 585 corpus
3447 515 3518 568 sit

1965 619 2291 684 substantia,
2349 616 2585 672 animam
2620 627 2836 683 quoque
2869 610 3228 666 substantiam
3265 622 3384 662 esse
3428 620 3520 658 nc-

1963 728 2114 769 cesse
2157 721 2240 767 est
2283 728 2296 764 :
2339 722 2512 778 neque
2541 707 2684 764 enim
2717 705 2831 759 ﬁeri
2858 711 3054 776 potest,
3088 711 3147 756 ut
3185 700 3327 771 quod
3351 698 3517 754 vitam

1964 805 2182 875 accipit,
2210 800 2513 858 substantia
2543 799 2644 866 sit;
2681 799 2810 853 illud
2835 807 3013 852 autem
3039 793 3184 865 quod
3207 793 3371 847 vitam
3396 805 3521 860 prae-

1963 900 2076 961 bet,
2108 912 2217 951 non
2247 895 2318 950 sit
2351 892 2677 948 substantia.
2714 889 2829 944 Nisi
2861 888 2999 943 forte
3020 887 3143 957 quis
3166 886 3238 938 ita
3259 883 3515 941 insaniat,

1966 1000 2024 1044 ut
2055 989 2106 1044 id
2135 987 2279 1057 quod
2315 1001 2423 1040 non
2447 991 2549 1050 est,
2581 983 2702 1051 ejus
2730 981 2869 1051 quod
2905 987 3008 1042 est,
3037 991 3257 1032 causam
3288 989 3409 1032 esse
3439 972 3520 1026 af-

1965 1084 2175 1149 ﬁrmet;
2233 1090 2329 1136 aut
2364 1093 2552 1134 rursus
2582 1076 2655 1142 id,
2701 1074 2860 1143 cujus
2887 1072 3015 1126 illud
3044 1069 3218 1139 ipsum
3245 1067 3387 1136 quod
3415 1074 3516 1129 cst,

1963 1191 2025 1230 ex
2052 1174 2159 1229 alio
2189 1173 2268 1228 sic
2290 1171 2505 1242 pendet,
2527 1177 2587 1223 ut
2617 1168 2820 1237 absque
2842 1165 2932 1223 illo
2952 1177 3072 1220 esse
3124 1167 3375 1229 nequeat,
3401 1157 3519 1227 cjus

1963 1270 2156 1339 ipsius,
2189 1284 2255 1323 ex
2279 1284 2385 1337 quo
2414 1250 2630 1336 pendet,
2661 1276 2878 1317 causam
2903 1274 3022 1314 esse
3043 1259 3190 1313 velit.

2367 1359 2449 1409 An
2482 1357 2785 1423 incorporea
2814 1352 2884 1406 sit
2911 1351 3109 1404 anima.

2035 1452 2123 1506 IV.
2166 1451 2223 1506 In
2266 1464 2490 1519 corpore
2521 1447 2733 1517 quidem
2781 1452 2968 1498 nostro
2999 1441 3234 1496 animam
3278 1451 3397 1492 esse
3427 1453 3520 1490 su-

1963 1544 2147 1614 perius
2200 1550 2480 1597 ostensum
2531 1547 2616 1594 est
2644 1555 2658 1591 :
2687 1535 2963 1606 quomodo
2995 1543 3174 1588 autem
3221 1530 3291 1585 sit
3320 1529 3372 1582 in
3397 1542 3519 1581 cor-

1963 1651 2112 1707 pore,
2145 1648 2474 1704 cognoscere
2496 1637 2724 1700 oportet.
2773 1626 2909 1680 Nam
2942 1626 2986 1680 si
3018 1624 3092 1678 illi
3120 1624 3192 1677 ita
3225 1621 3432 1690 adjacet
3461 1627 3520 1672 nt

1963 1728 2102 1798 lapis
2147 1726 2333 1797 lapidi,
2380 1724 2644 1793 sequitur,
2675 1719 2818 1790 quod
2858 1731 3057 1786 corpus
3090 1715 3161 1769 sit
3187 1713 3387 1774 anima,
3419 1725 3520 1765 nec

301 1800 565 1894 ἔμψυχον
625 1823 776 1894 μέρει
803 1800 909 1894 γάρ
1075 1821 1463 1893 παρακείσεται
1489 1818 1650 1890 [ἄλλ.
1679 1818 1857 1890 παρά-

1969 1826 2132 1872 totum
2161 1830 2358 1884 corpus
2383 1813 2682 1866 animatum
2707 1823 2846 1872 esse,
2879 1822 3003 1862 cum
3029 1804 3167 1874 parti
3195 1800 3410 1856 cuidam
3435 1813 3523 1856 so-

303 1911 524 1984 κειται].
579 1913 640 1964 El
664 1912 720 1965 δὲ
746 1912 1098 1983 ἐμμέμικται,
1149 1911 1570 1984 ἤὲγκέκροιται,
1625 1909 1858 1980 πολυμε-

307 2004 405 2076 ρὴς
430 2005 497 2058 ἂν
530 2007 737 2074 γένοιτο
765 2008 797 2075 ἠ
835 2005 1001 2076 ψυχὴ,
1024 2007 1118 2059 καὶ
1142 2005 1240 2074 οὐχ
1293 2004 1456 2075 ἁπλῆ,
1482 2001 1580 2056 τοῦ
1614 2004 1740 2058 ἰδίου
1759 2004 1859 2074 τῆς

301 2098 482 2169 ψυχῆς
509 2098 667 2167 λόγου
699 2097 1088 2168 ἐκϐεϐλημένη.
1141 2098 1214 2150 Τὸ
1244 2096 1353 2169 γὰρ
1398 2097 1717 2168 πολυμερὲς,
1766 2096 1860 2150 καὶ

301 2189 588 2261 διαιρετὸν,
615 2191 705 2244 καὶ
725 2189 987 2244 διαλυτόν·
1020 2190 1080 2242 τὸ
1114 2190 1171 2242 δὲ
1201 2188 1465 2251 διαλυτὸν,
1497 2188 1764 2242 σύνθετον·
1799 2186 1860 2240 τὸ

297 2281 359 2335 δὲ
383 2281 653 2347 σύνθετον,
701 2283 859 2354 τριχῆ
912 2281 1210 2336 διαστατόν.
1269 2281 1341 2332 Τὸ
1371 2280 1428 2333 δὲ
1463 2280 1618 2350 σῶμα
1647 2278 1858 2350 σώματι

302 2375 741 2446 προστιθέμενον,
776 2375 935 2442 ὄγκον
960 2376 1118 2427 ποιεῖ·
1154 2374 1186 2442 ἠ
1214 2372 1271 2425 δὲ
1300 2371 1444 2444 ψυχὴ
1470 2372 1528 2425 ὲν
1548 2371 1625 2443 τῷ
1651 2370 1858 2442 σώματι

300 2465 457 2529 οὖσα,
490 2466 651 2534 ὄγκον
700 2467 761 2520 οὐ
796 2467 956 2530 ποιεῖ,
1002 2463 1138 2520 ἀλλά
1195 2463 1392 2534 μᾶλλον
1440 2463 1709 2528 ζωοποιεῖ.
1746 2463 1860 2516 Οὺκ

301 2557 412 2628 ἀρα
442 2555 592 2609 ἔσται
618 2557 652 2628 ὴ
685 2554 828 2627 ψυχὴ
853 2555 1026 2626 σῶμα,
1062 2555 1174 2608 ἀλλ’
1201 2552 1508 2624 ἀσώματος.

379 2829 498 2884 Ἔτι
525 2831 574 2882 εί
606 2828 763 2900 σῶμά
797 2825 988 2900 [ἐστιν]
1021 2830 1053 2898 ἡ
1090 2827 1254 2898 ψυχὴ,
1282 2827 1315 2898 ἢ
1347 2825 1543 2892 ἔξωθεν
1591 2826 1623 2898 ἢ
1653 2825 1858 2879 ἔνδοθεν

303 2923 550 2974 κινεῖται.
595 2920 731 2974 Οὔτε
771 2920 826 2973 δὲ
850 2919 1046 2986 ἔξωθεν
1071 2923 1313 2974 κινεῖται⁹
1343 2920 1403 2972 οὺ
1430 2919 1536 2992 γὰρ
1560 2919 1799 2982 ὠθεῖται,
1825 2919 1858 2990 ἢ

301 3011 540 3074 ῑλκεται,
564 3012 638 3076 ὡς
661 3011 728 3065 τά
751 3011 948 3081 ἄψυχα·
981 3009 1103 3064 οὔτε
1127 3010 1183 3063 δὲ
1207 3009 1405 3064 ἔσωθεν
1437 3013 1685 3077 κινεῖται,
1702 3010 1777 3074 ὡς
1794 3009 1862 3063 τά

301 3101 541 3172 ἐμψυχω
578 3102 776 3156 ἄτοπον
810 3101 916 3172 γάρ
958 3102 1134 3173 ψυχῆς
1155 3101 1331 3174 ψυχὴν
1352 3102 1547 3172 λέγειν·
1578 3103 1679 3156 οὑκ
1711 3102 1858 3157 ἔσται

299 3188 396 3248 οὖν
432 3193 608 3265 σῶμα·
634 3193 919 3264 ἀσώματος
946 3193 1071 3264 ἄρα.

369 3462 480 3518 Καὶ
513 3464 692 3529 πάλιν,
724 3466 772 3524 ει
806 3462 963 3536 σῶμά
990 3466 1135 3518 ἐστιν
1160 3466 1192 3535 ἡ
1215 3464 1380 3536 ψυχὴ,
1408 3463 1501 3518 καὶ
1523 3463 1620 3529 τὰς
1649 3463 1862 3536 ποιότη-

299 3572 398 3619 τας
425 3555 687 3626 αἰσθητὰς
718 3555 847 3624 ἔχει,
878 3555 971 3608 καὶ
1001 3555 1255 3626 τρέφεται
1274 3572 1286 3585 ·
1328 3554 1439 3608 ἀλλ’
1473 3555 1532 3608 οὐ
1581 3556 1856 3627 τρέφεται.

301 3644 412 3696 Καὶ
431 3644 479 3695 εἰ
507 3643 782 3715 τρέφεται,
802 3643 866 3695 οὐ
898 3644 1216 3713 σωματικῶς
1241 3643 1583 3716 τρέφεταιώς
1599 3646 1658 3698 τὸ
1681 3645 1858 3717 σῶμα,

303 3731 416 3785 ἀλλ’
443 3731 746 3802 ἀσωμάτως
767 3748 780 3761 ·
815 3731 957 3802 λόγῳ
988 3734 1095 3804 γὰρ
1117 3733 1373 3804 τρέφεται
1390 3750 1402 3764 ο
1432 3735 1492 3786 οὐ
1516 3735 1693 3788 τοίνυν
1715 3736 1860 3790 ποιό-

300 3838 468 3892 τητας
507 3819 768 3890 αἰσθητὰς
810 3819 957 3890 ἔχει·
999 3819 1120 3873 οὔτε
1147 3821 1254 3893 γὰρ
1301 3824 1489 3892 ὁρᾶται
1530 3822 1858 3894 δικαιοσύνη,

298 3908 424 3962 οὔτε
443 3910 651 3981 ἀνδρία,
688 3909 811 3964 οὔτε
834 3911 940 3964 τῶν
961 3912 1213 3966 τοιούτων
1234 3913 1384 3967 οὐδέν
1403 3931 1416 3944 ο
1459 3915 1558 3985 τῆς
1591 3915 1646 3968 δὲ
1686 3915 1860 3986 ψυχῆς

296 4001 356 4054 αἱ
385 4001 665 4071 ποιότητες
693 3994 851 4055 αὗται
872 4019 884 4032 ·
917 4003 1015 4056 οὐκ
1047 4001 1191 4055 ἔστιν
1223 3998 1313 4056 οὖν
1342 4003 1500 4074 σῶμα
1526 4021 1539 4034 ·
1577 4003 1860 4078 ἀσώματος

298 4090 425 4166 ἄρα.

370 4273 512 4336 Ἐτι,
566 4273 744 4343 πάσης
780 4274 877 4345 τῆς
919 4275 1230 4346 σωματικῆς
1276 4275 1457 4339 οὐσίας
1498 4277 1577 4340 είς
1622 4276 1859 4348 ἔμψυχον

297 4365 392 4417 καὶ
412 4364 616 4435 ἄψυχον
655 4365 1064 4439 διαιρουμένης,
1122 4369 1426 4426 εἰπάτωσαν
1467 4369 1516 4421 oi
1550 4367 1854 4440 σῶμα

297 4456 645 4530 σωματικὴν]
679 4458 776 4530 τὴν
807 4458 982 4533 ψυχὴν
1020 4457 1263 4526 λέγοντες
1292 4498 1306 4523 ,
1355 4459 1402 4511 εἰ
1446 4459 1648 4529 ἄψυχον
1689 4460 1855 4531 αὐτὴν

295 4544 532 4610 λεκτέον,
562 4548 594 4618 ῆ
617 4547 873 4618 ἔμψυχον.

371 4636 511 4698 Ἔτι,
547 4637 596 4688 εί
649 4639 753 4690 πᾶν
794 4636 950 4706 σῶμα
984 4637 1076 4690 καὶ
1121 4637 1448 4708 κέχρωσται,
1497 4638 1590 4690 καὶ
1617 4638 1859 4693 πεπόσω-

295 4743 404 4790 ται,
442 4729 534 4780 καὶ⁹
556 4727 943 4798 ἐσχημάτισται
963 4744 976 4757 °
1011 4727 1161 4780 οὐδὲν
1187 4727 1242 4780 δὲ
1270 4727 1473 4780 τούτων
1517 4729 1574 4780 ὲν
1613 4731 1677 4800 τῇ
1711 4729 1856 4800 ψυχῇ

295 4816 596 4890 θεωρεῖται,
629 4819 729 4870 οὐκ
751 4819 859 4889 ἄρα
887 4817 1042 4888 σῶμα
1066 4818 1099 4887 ἡ
1120 4817 1284 4888 ψυχή.

598 4934 664 4986 El
690 4930 852 5000 ἁπλῆ
881 4933 918 5000 ἡ
946 4931 1114 5000 ψυχὴ
1137 4971 1150 4994 ,
1177 4932 1213 5000 ἢ
1240 4934 1548 5000 σύνθετος.

364 5024 439 5076 E'.
471 5025 753 5078 Δείκνυται
806 5023 980 5078 τοίνυν
1004 5063 1018 5087 ,
1061 5025 1140 5076 ὃτι
1173 5025 1396 5098 είιάπλῆ
1419 5029 1453 5098 ἡ
1478 5028 1654 5099 ψυχὴ,
1699 5025 1757 5092 ἐξ
1781 5019 1854 5081 ὧν

297 5116 530 5190 μάλιστα
560 5115 843 5190 ἀσώματος
865 5115 1174 5188 ἀπεδείχθη.
1207 5117 1390 5194 Είγάρ
1410 5119 1568 5190 σῶμα
1599 5119 1697 5172 οὐκ
1719 5119 1852 5180 ἔστι,

295 5207 456 5278 σῶμα
481 5205 538 5259 δὲ
575 5208 679 5259 πᾶν
731 5206 976 5267 σύνθετόν
1018 5209 1164 5263 ἐστι·
1193 5210 1254 5263 τὸ
1298 5196 1745 5279 δὲ’συγκείμενον
1790 5209 1854 5260 ὲκ

295 5298 478 5370 μερῶν
502 5298 795 5368 σύγκειται,
825 5298 1015 5352 οὐκοῦν
1039 5301 1130 5354 καὶ
1154 5301 1462 5374 πολτυμερὴς
1481 5299 1650 5353 ἔσται.
1688 5295 1855 5350 Ἀσώε

294 5407 464 5466 ματος
487 5390 543 5442 δὲ
570 5386 724 5454 οὖσα,
752 5388 896 5460 ἁπλῆ
919 5392 1062 5444 ἐστιν
1080 5409 1092 5422 ·
1139 5392 1352 5447 ἐπειδὰν
1403 5392 1494 5445 καὶ
1543 5390 1848 5453 ἀσύνθετος,

292 5482 388 5536 καὶ
414 5483 643 5554 ἀμερής.

629 5659 697 5711 El
732 5655 1022 5721 ἀθάνατος
1061 5656 1227 5726 ἡμῶν
1254 5659 1292 5725 ἡ
1323 5657 1512 5728 ψυχή.

363 5752 452 5818 ετ.
503 5746 813 5801 Ἀκόλουθον
835 5742 986 5822 οἶμαι
1017 5748 1125 5802 δεῖν
1150 5748 1226 5822 τῷ
1259 5749 1411 5822 ἀπλῷ
1430 5789 1444 5815 ,
1473 5751 1533 5805 τὺ
1567 5751 1844 5808 ἀθάνατον.

1956 1910 2069 1963 lum
2098 1907 2388 1962 adhaereat.
2444 1903 2538 1958 Sin
2570 1909 2748 1956 autem
2776 1915 2899 1954 cum
2931 1911 3158 1966 corpore
3184 1894 3368 1957 mista,
3398 1907 3520 1946 con-

1957 1998 2191 2067 fusaque
2215 1996 2322 2063 sit,
2356 2010 2386 2050 e
2410 1993 2627 2064 propria
2661 1991 2859 2044 anima:
2886 1987 3093 2042 ratione
3121 1983 3349 2053 dejecta,
3387 1979 3521 2036 mul-

1958 2094 2028 2149 tis
2065 2092 2312 2162 partibus
2338 2085 2630 2148 constabit,
2657 2098 2759 2146 nec.
2789 2081 3018 2151 simplex
3040 2077 3160 2132 erit.
3196 2074 3346 2145 Quod
3372 2072 3517 2126 enim

1957 2183 2252 2239 multarum
2287 2186 2371 2234 est
2398 2176 2633 2247 partium
2663 2215 2678 2239 ,
2730 2171 2998 2228 divisibile
3027 2177 3108 2224 est
3134 2181 3198 2222 ac
3227 2162 3520 2220 dissolubi-

1958 2277 2036 2342 le;
2065 2273 2210 2344 quod
2234 2281 2412 2328 autem
2436 2277 2613 2341 potest
2632 2265 2821 2332 dividi,
2853 2260 3212 2332 compositum
3234 2265 3345 2323 est;
3375 2270 3521 2312 com-

1959 2366 2196 2437 positum
2226 2377 2356 2419 vero
2386 2360 2668 2431 tripliciter
2686 2357 2850 2412 dividi
2872 2363 3070 2426 potest.
3105 2351 3316 2420 Corpus
3336 2356 3518 2402 autem

1959 2456 2274 2526 adiunctum
2323 2451 2573 2522 corpori,
2622 2449 2819 2503 molem
2865 2453 3052 2515 auget;
3093 2441 3274 2497 anima
3300 2453 3428 2494 vero
3461 2437 3516 2491 in

1958 2565 2184 2621 corpore
2200 2542 2632 2612 exsistens,illud
2656 2557 2762 2597 non
2785 2539 3073 2606 tumidum,
3093 2536 3187 2592 sed
3211 2533 3390 2588 vivum
3423 2546 3518 2601 po-

1960 2642 2068 2698 tius
2094 2640 2289 2698 reddit.
2344 2637 2461 2694 Non
2487 2637 2648 2709 igitur
2689 2649 2918 2704 corpus,
2955 2629 3047 2688 sed
3086 2629 3403 2698 incorporea
3434 2632 3518 2679 est

1959 2747 2160 2787 anima.

2030 2822 2112 2877 Ad
2138 2822 2270 2886 haec,
2317 2820 2363 2875 si
2405 2834 2602 2888 corpus
2631 2824 2781 2872 esset
2816 2812 3014 2879 anima,
3042 2805 3511 2868 autextrinsecus.

1961 2917 2056 2965 aut
2084 2909 2411 2964 intrinsecus
2445 2913 2771 2962 moveretur.
2827 2900 2948 2957 Non
2977 2897 3518 2964 autemextrinsecus

1962 3009 2256 3057 movetur:
2295 3015 2404 3054 non
2449 2998 2595 3053 enim
2642 2995 2996 3067 impulsione,
3042 3004 3216 3060 neque
3257 2988 3517 3043 tractione

1963 3097 2230 3153 movetur,
2263 3097 2318 3143 ut
2342 3088 2668 3151 inanimata;
2702 3097 2876 3153 neque
2901 3080 3226 3142 intrinsecus
3252 3083 3517 3136 movetur.

1962 3183 2103 3238 sicut
2121 3182 2358 3236 animata
2384 3196 2398 3232 :
2443 3178 2736 3234 absurdum
2761 3175 2906 3231 enim
2936 3179 3038 3236 est,
3066 3172 3302 3232 animam
3328 3169 3520 3223 anima:

1960 3275 2141 3330 dicere
2186 3291 2201 3328 :
2239 3285 2351 3326 non
2397 3283 2526 3340 ergo
2573 3267 2752 3322 anima
2795 3273 2881 3322 est
2930 3276 3127 3332 carpus
3157 3279 3169 3314 :
3204 3259 3518 3329 incorporea

1960 3366 2144 3437 igitur.

2030 3456 2099 3512 Et
2130 3469 2358 3522 rursus,
2391 3453 2436 3508 si
2467 3467 2664 3522 corpus
2691 3457 2776 3506 est
2797 3448 3002 3511 anima,
3038 3447 3200 3501 etiam
3230 3443 3519 3512 qualitates

1962 3547 2123 3604 habet
2163 3561 2284 3616 quae
2322 3544 2692 3615 percipiuntur
2724 3540 3004 3603 sensibus,
3031 3547 3084 3592 ct
3116 3535 3389 3600 nutritur;
3424 3534 3519 3587 sed

1961 3658 2073 3698 non
2117 3641 2377 3698 nutritur.
2425 3638 2582 3705 Quod
2615 3639 2663 3693 si
2697 3636 2956 3698 nutritur,
2989 3649 3099 3688 non
3135 3645 3389 3702 corporee
3417 3646 3522 3684 nr.-

1960 3734 2154 3798 tritur,
2197 3741 2259 3786 ut
2300 3746 2520 3800 corpus,
2567 3728 2660 3784 sed
2692 3729 3045 3795 incorporeo;
3076 3738 3199 3777 nam
3235 3723 3441 3776 ratione
3467 3729 3522 3775 et

1959 3824 2126 3882 verbo
2158 3822 2398 3878 nutritur
2426 3839 2440 3875 :
2473 3836 2580 3875 non
2607 3819 2768 3890 igitur
2793 3815 3076 3870 sensibiles
3099 3813 3386 3883 qualitates
3418 3811 3518 3889 ha:-

1960 3917 2078 3984 bet;
2106 3930 2282 3986 neque
2308 3914 2452 3969 enim
2486 3911 2657 3966 oculis
2687 3908 2930 3964 cernitur
2957 3907 3191 3976 justitia,
3214 3918 3389 3974 neque
3412 3902 3522 3957 for-

1960 4007 2166 4074 titudo,
2214 4021 2389 4075 neque
2435 4004 2538 4058 alia
2580 4003 2699 4072 ejus
2743 4000 2988 4071 generis,
3021 4013 3140 4067 quae
3171 4006 3298 4052 sunt
3327 3996 3521 4058 animm

1958 4099 2250 4173 qualitates
2279 4115 2292 4150 :
2330 4101 2656 4166 quapropter
2687 4106 2888 4161 corpus
2924 4105 3033 4144 non
3063 4098 3146 4145 est
3176 4089 3358 4143 anima
3390 4107 3404 4142 :
3437 4089 3521 4142 in-

1960 4205 2218 4262 corporea
2255 4189 2436 4260 igitur.

2026 4281 2332 4345 Praeterea,
2393 4292 2515 4333 cum
2561 4275 2740 4330 omnis
2787 4272 3090 4328 substantia
3165 4283 3422 4339 corporea
3463 4269 3519 4322 in

1959 4377 2254 4430 animatam
2309 4372 2392 4427 vel
2439 4370 2794 4424 inanimatam
2841 4366 3146 4429 dividatur;
3203 4362 3386 4417 dicant
3426 4361 3520 4430 qui

1960 4469 2194 4522 animam
2217 4479 2414 4535 corpus
2444 4461 2540 4534 [αι.
2568 4457 2906 4529 corpoream]
2934 4471 3053 4512 esse
3081 4455 3370 4521 ailirmant,
3399 4453 3519 4507 ani-

1962 4569 2232 4615 matamne
2257 4557 2361 4612 dici
2390 4571 2510 4610 eam
2537 4554 2702 4608 velint
2734 4567 2802 4605 an
2834 4551 3210 4604 inanimatam.

2029 4649 2294 4716 Denique,
2323 4647 2368 4702 si
2394 4660 2594 4718 corpus
2619 4657 2780 4698 omne
2804 4641 3059 4705 colorem,
3084 4639 3435 4710 quantitatem
3465 4645 3516 4691 et

1960 4742 2186 4812 ﬁguram
2214 4739 2412 4803 habet;
2449 4721 2580 4790 nihil
2609 4744 2788 4790 autem
2814 4731 3080 4803 ejusmodi
3111 4732 3164 4785 in
3187 4731 3367 4786 anima
3388 4743 3512 4784 con-

1961 4836 2188 4908 spicitur
2212 4851 2224 4887 :
2256 4848 2365 4890 non
2397 4830 2566 4900 igitur
2586 4828 2763 4882 anima
2789 4835 2872 4880 est
2897 4837 3113 4892 corpus.

2211 4927 2291 4979 An
2319 4922 2538 4992 simplex
2566 4921 2637 4974 sit
2670 4919 2852 4972 anima
2899 4933 2966 4970 an
2994 4917 3303 4985 composita.

2029 5018 2093 5073 ν.
2139 5017 2218 5071 Ex
2242 5017 2440 5087 quibus
2469 5029 2597 5085 ergo
2627 5012 2808 5066 anima
2833 5008 3074 5079 corporis
3107 5022 3300 5077 expers
3329 5015 3511 5059 osten-

1955 5111 2125 5173 ditur,
2157 5125 2223 5164 ex
2261 5109 2330 5163 iis
2358 5106 2700 5178 potissimum
2728 5102 2890 5158 etiam
2913 5100 3139 5170 simplex
3170 5099 3512 5154 demonstra-

1955 5213 2064 5258 tur.
2096 5199 2231 5256 Nam
2257 5201 2303 5254 si
2327 5213 2524 5269 corpus
2544 5212 2651 5250 non
2679 5205 2781 5262 est,
2803 5203 2856 5250 et
2881 5208 3042 5249 omne
3067 5205 3264 5260 corpus
3291 5202 3508 5257 compo-

1955 5295 2117 5350 situm
2163 5301 2281 5358 est;
2316 5288 2674 5359 compositum
2700 5296 2880 5342 autem
2909 5301 2977 5340 ex
3001 5283 3247 5354 partibus
3277 5288 3508 5346 constet,

1952 5403 2053 5443 nec
2091 5386 2324 5457 plurium
2369 5382 2585 5454 quidem
2625 5380 2860 5452 partium
2889 5379 3010 5434 erit.
3040 5377 3174 5432 Cum
3203 5381 3382 5430 autem
3421 5373 3508 5427 in-

1952 5493 2210 5548 corporea
2243 5476 2346 5540 sit,
2389 5474 2616 5544 simplex
2657 5475 2794 5539 erit;
2826 5469 3087 5541 quoniam
3117 5483 3225 5522 non
3257 5474 3338 5523 est
3361 5481 3506 5527 com-

1951 5570 2144 5640 posita,
2179 5583 2354 5638 neque
2383 5567 2436 5620 in
2465 5574 2647 5637 partes
2679 5549 2950 5620 secabilis.

2256 5664 2335 5714 An
2367 5658 2680 5713 immortalis
2713 5667 2891 5712 nostra
2919 5656 2987 5709 sit
3019 5654 3218 5707 anima.

2033 5752 2112 5810 VI.
2167 5751 2514 5825 Consequens
2564 5767 2692 5808 vero
2743 5751 2872 5809 mihi
2901 5748 3134 5815 videtur,
3174 5753 3230 5804 ut
3256 5744 3400 5817 quod
3430 5758 3508 5804 est
