3950 6326
401 387 541 441 11ιὸ

1058 379 1118 435 S.
1164 375 1499 434 GREGORII
1530 374 1887 432 THAUMAT.
1928 372 2076 429 OPP.
2130 371 2312 428 PARS
2344 369 2637 428 ALTERA.
2679 401 2738 410 —
2777 367 3002 424 DUBIA.

3488 365 3640 422 1244

395 499 648 566 simplex,
689 497 852 551 etiam
904 492 977 548 sit
1016 491 1345 546 immortale.
1396 489 1460 544 Et
1491 505 1600 560 quo
1627 498 1785 560 pacto
1813 488 1964 553 illud,

2089 487 2184 539 Kal.
2213 487 2380 550 ὅπως,
2415 485 2643 540 ἄκουσον
2663 503 2675 516 ·
2703 483 2868 537 Οὐδὲν
2891 481 2998 534 τῶν
3029 480 3222 545 ὄντων,
3255 479 3383 534 αὐτὸ
3429 481 3640 538 ἑαυτοῦ

398 592 642 648 ausculta
675 585 859 644 :Nihil
889 600 1078 640 eorum
1107 599 1228 654 quae
1265 592 1414 646 sunt,
1447 582 1684 653 seipsum
1719 595 1964 636 corrum—

397 682 514 746 pit;
569 678 810 747 alioquin
846 675 991 731 enim
1032 688 1100 729 ne
1137 673 1292 728 initio
1339 673 1554 742 quidem
1611 671 1960 728 constitisset.

390 765 528 832 Quae
570 761 751 818 aute'm
797 770 1254 831 corrumpuntur,
1289 777 1354 814 ex
1395 761 1685 815 contrariis
1717 775 1966 814 corrum-

395 865 619 922 puntur.
652 851 786 907 Nam
822 867 984 908 omne
1011 852 1152 922 quod
1188 852 1580 921 corrumpitur,
1612 851 1962 916 dissolvitur;

397 944 543 1016 quod
571 943 906 1009 dissolvitur,
949 941 1311 1011 compositum
1361 950 1473 1008 est;
1505 951 1561 996 at
1585 941 1962 1010 compositum,

401 1035 690 1089 multarum
726 1045 807 1089 est
837 1034 1071 1104 partium
1097 1051 1112 1100 ;
1137 1033 1280 1104 quod
1295 1048 1357 1087 ex
1377 1033 1623 1103 partibus
1651 1041 1881 1098 constat,
1900 1048 1966 1086 ex

397 1128 470 1184 iis
509 1127 716 1182 scilicet
756 1136 970 1182 constat
1013 1125 1611 1196 din‘erentibus;.quod
1659 1141 1788 1180 vero
1817 1123 1968 1179 diﬂ‘e—

395 1234 526 1275 rens
569 1228 685 1285 est,
726 1219 868 1274 idem
897 1234 1007 1273 non
1039 1227 1123 1274 est
1157 1218 1546 1288 :quamobrem
1583 1233 1706 1272 cum
1739 1217 1964 1286 simplex

2067 577 2357 647 φθαρτικόν
2388 578 2553 637 ἐστιν,
2592 573 2714 628 ἐπεὶ⁹
2739 573 2838 626 οὐκ
2861 573 2926 626 ἂν
2945 571 3053 624 οὐτ’
3077 571 3134 637 ἐξ
3166 572 3339 644 ἀρχῆς
3369 571 3636 643 συνέστη.

2067 666 2144 720 Τὰ
2172 666 2279 738 γὰρ
2309 665 2660 738 φθειρόμενα,
2682 667 2747 718 ἐκ
2776 665 2882 717 τῶν
2904 665 3159 717 ἐναντίων
3183 663 3487 733 φθείτονται
3504 680 3519 692 ·
3541 662 3639 715 διὸ

2065 761 2171 811 πᾶν
2202 757 2572 829 φθειρόμενον,
2606 756 2848 810 διαλυτόν
2870 759 2984 809 ἐστι
3005 774 3018 786 ·
3049 756 3109 810 τὸ
3131 755 3188 808 δὲ
3217 754 3474 818 διαλυτὸν,
3497 755 3639 807 σύν⁸

2065 849 2215 903 θετον
2236 866 2249 878 ο
2279 847 2340 902 τὸ
2370 848 2427 901 δὲ
2459 847 2734 910 σύνθετον,
2776 847 3108 918 πολυμερὲς·
3151 845 3212 899 τὸ
3252 845 3308 898 δὲ
3343 847 3404 899 ἐκ
3437 845 3640 918 μερῶν

2067 941 2436 1012 συγκείμενον,
2476 940 2633 1010 δῆλον
2662 941 2743 994 ὅτι
2789 940 2928 1012 [ἄλ.
2963 938 3222 1011 δηλονότι]
3264 940 3326 991 ὲκ
3353 938 3643 1008 διαφόρων

2069 1035 2346 1105 σύγκειται
2383 1033 2590 1106 μερῶν⁶
2629 1035 2688 1087 τὸ
2715 1034 2770 1087 δὲ
2791 1034 3061 1104 διάφορον,
3090 1034 3149 1085 οὐ
3178 1031 3397 1085 ταυτόν·
3424 1029 3644 1085 οὐκοῦν

2068 1131 2100 1200 ἡ
2127 1129 2269 1201 ψυχὴ
2304 1129 2444 1200 ἁπλῆ
2475 1124 2625 1193 οὐσα,
2652 1128 2744 1181 καὶ
2787 1129 2861 1200 μὴ
2891 1130 2955 1182 ἐκ
2989 1127 3255 1197 διαφόρων
3295 1123 3646 1194 συγκειμένη

2073 1221 2273 1292 μερῶν,
2327 1222 2614 1284 ἀσύνθετος
2671 1223 2761 1274 καὶ
2794 1221 3070 1285 ἀδιάλυτος
3122 1217 3283 1287 οὖσα,
3333 1217 3418 1271 διὰ
3465 1215 3649 1270 τοῦτο

391 1314 470 1370 sit
491 1313 706 1376 anima,
768 1327 941 1382 neque
987 1327 1053 1366 ex
1106 1312 1354 1382 pluribus
1411 1311 1655 1381 partibus
1716 1317 1962 1373 constet,

399 1404 528 1473 quia
575 1420 678 1458 nec
707 1403 1007 1474 composita
1041 1414 1144 1467 est,
1169 1419 1268 1458 nec
1294 1403 1518 1457 dissolvi
1549 1411 1757 1471 potest,
1789 1399 1966 1470 sequi-

395 1485 487 1554 tur
517 1510 637 1549 eam
670 1494 1140 1564 incorruptibilem
1167 1504 1220 1549 et
1248 1493 1610 1548 immortalem
1641 1507 1784 1547 esse.

475 1583 760 1651 Praeterea,
807 1586 1071 1656 quidquid
1113 1586 1289 1640 alieno
1343 1585 1514 1639 cietur
1555 1591 1724 1645 motu,
1775 1597 1874 1638 nec
1901 1597 1969 1637 ex

2144 1591 2286 1654 Ἔτι,
2314 1591 2419 1642 πᾶν
2450 1591 2510 1644 τὸ
2548 1589 2611 1642 ἔκ
2646 1605 2788 1654 τινος
2823 1587 3136 1660 κινούμενον
3158 1628 3172 1653 ,
3205 1588 3300 1641 οὐκ
3330 1587 3387 1652 ἐξ
3427 1587 3645 1642 ἑαυτοῦ

399 1677 620 1746 seipso,
669 1679 764 1732 sed
808 1694 875 1732 ex
924 1693 1023 1742 eo,
1063 1692 1093 1730 a
1128 1693 1237 1746 quo
1268 1685 1534 1739 movetur,
1565 1675 1776 1729 vivendi
1809 1673 1972 1728 habet

2089 1684 2189 1754 Ξχον
2222 1684 2281 1736 τὸ
2302 1681 2545 1746 ζωτικὸν,
2572 1681 2684 1734 ἀλλ’
2717 1683 2780 1734 ἐκ
2805 1681 2898 1734 τοῦ
2925 1681 3216 1745 κινοῦντος,
3245 1680 3489 1734 τοσοῦτον
3512 1682 3647 1735 δια-

403 1767 749 1836 t‘acultatem;
800 1769 930 1824 illud
963 1768 1147 1822 tandiu
1181 1777 1475 1838 permanet,
1508 1767 1750 1836 quandiu
1782 1765 1850 1820 ab
1879 1765 1968 1819 illa

2089 1775 2243 1836 ιένει,
2270 1774 2391 1826 ὅσον
2416 1771 2519 1824 ὑπὸ
2541 1771 2638 1842 τῆς
2659 1771 2981 1842 ἐνεργούσης
3007 1772 3062 1822 ὲν
3087 1770 3236 1840 αὐτῷ
3258 1771 3647 1842 διακρατεῖται

403 1859 733 1915 intrinsecus
769 1870 1024 1930 Operante
1066 1861 1117 1913 vi
1149 1869 1536 1922 conservatur;
1570 1868 1624 1912 et
1651 1858 1742 1912 ubi
1768 1873 1831 1912 ea
1852 1873 1970 1912 ces-

2089 1866 2376 1935 ῑυνάμεωςο
2414 1861 2629 1914 ἐπειδὰν
2648 1860 2704 1914 δὲ
2735 1860 3003 1930 παύσηται
3022 1859 3081 1911 τὸ
3114 1859 3364 1930 ἐνεργοῦν
3381 1901 3396 1924 ,
3422 1859 3647 1917 διαλεί-

402 1950 642 2017 saverit,
687 1960 739 2005 et
787 1951 963 2020 ipsum
1009 1950 1153 2020 quod
1195 1949 1264 2004 ab
1302 1965 1363 2003 ea
1392 1949 1732 2010 movebatur,
1757 1948 1969 2003 desinat

2089 1973 2157 2008 τει
2185 1957 2277 2008 καὶ
2308 1953 2470 2017 αὐτὸ,
2518 1952 2579 2005 τὸ
2621 1952 2678 2018 ἐξ
2712 1950 2874 2004 αὐτοῦ
2901 1952 2998 2023 τὴν
3027 1950 3236 2021 κίνησιν
3283 1951 3418 2021 ἔχον.
3475 1952 3543 2003 'l-l
3569 1951 3644 2003 δὲ

403 2057 630 2098 necesse
670 2051 774 2098 est.
806 2043 985 2109 Quare
1023 2058 1147 2097 cum
1186 2043 1366 2096 anima
1399 2057 1428 2095 a
1460 2041 1637 2110 seipsa
1666 2029 1965 2105 moveatur,

2089 2042 2208 2113 μυχὴ
2234 2042 2577 2110 αὐτοκίνητος
2602 2037 2754 2104 οὐσα,
2781 2040 3030 2094 οὐδέποτε
3051 2039 3143 2093 τοῦ
3172 2037 3307 2094 εἶναι
3337 2040 3642 2096 διαλείπει.

404 2148 686 2204 nunquam
717 2149 839 2188 esse
859 2128 1078 2188 desinit.
1109 2132 1233 2188 Haec
1263 2133 1409 2188 enim
1441 2133 1512 2187 ita
1541 2147 1600 2188 se
1628 2147 1970 2201 consequun-

2089 2134 2381 2187 Ἀκολουθεί
2409 2132 2515 2204 γὰρ
2543 2132 2620 2203 τῷ
2651 2135 3002 2203 αὐτοκινήτῳ,
3026 2132 3086 2185 τὸ
3115 2133 3200 2185 ἀεὶ
3221 2132 3429 2203 κινητὸν
3457 2127 3643 2186 εἶναι’

405 2235 515 2292 tur,
559 2233 619 2279 ut
657 2226 802 2296 quod
833 2242 862 2278 a
899 2226 1079 2295 seipso
1114 2233 1380 2291 movetur,
1419 2239 1630 2294 semper
1656 2231 1965 2288 moveatur;

2089 2227 2128 2278 τὸ
2170 2226 2226 2278 δὲ
2265 2226 2590 2298 ἀεικίνητον,
2637 2225 2910 2279 ἄπαυστὸν
2938 2227 3082 2278 ἐστι·
3125 2225 3184 2278 τὸ
3228 2226 3284 2278 δὲ
3317 2226 3643 2294 ἄπαυστον,

405 2320 552 2390 quod
623 2335 836 2388 semper
887 2328 1175 2387 movetur,
1227 2334 1504 2390 nunquam
1555 2319 1775 2384 delicit;
1825 2316 1970 2386 quod

2089 2317 2449 2388 ιτελεύτητονο
2503 2317 2564 2370 τὸ
2609 2317 2663 2370 δὲ
2697 2317 3076 2388 ἀτελεύτητον,
3127 2317 3419 2389 ἄφθαρτον·
3461 2319 3527 2371 τὸ
3571 2318 3646 2372 δὲ

405 2427 686 2481 nunquam
739 2411 938 2478 deﬁcit,
990 2412 1097 2466 ﬁne
1121 2421 1300 2479 caret;
1329 2412 1470 2482 quod
1504 2411 1625 2464 linis
1647 2419 1730 2466 est
1756 2425 1968 2479 expers,

2089 2408 2356 2480 ἱφθαρτον,
2387 2407 2668 2462 ἀθάνατον.
2709 2409 2770 2460 Et
2791 2407 2966 2460 τοίνυν
3009 2409 3042 2478 ή
3279 2407 3646 2478 αὐτοκίνητός

406 2520 514 2557 non
567 2505 961 2573 corrumpitur;
1013 2504 1157 2574 quod
1197 2519 1305 2557 non
1333 2503 1724 2572 corrumpitur,
1754 2510 1837 2556 est
1866 2502 1970 2556 im-

2089 2517 2215 2553 ;cmv
2239 2540 2253 2563 ,
2284 2501 2358 2562 ὠς
2401 2500 2654 2571 ἀνωτέρω
2684 2500 2978 2571 ἀπεδείχθη
3001 2517 3014 2530 ⁸
3048 2501 3199 2554 ἔσται
3231 2500 3502 2573 ἄφθαρτος
3535 2503 3644 2554 καὶ

409 2599 660 2652 niortale.
701 2596 842 2667 Ergo
877 2597 920 2652 si
971 2599 1151 2652 anima
1197 2611 1228 2650 a
1269 2597 1445 2665 seipsa
1478 2605 1744 2657 movetur,
1781 2603 1838 2647 ut
1876 2610 1969 2648 su-

2089 2590 2330 2656 ίθάνατος
2382 2593 2520 2646 κατὰ
2563 2592 2654 2646 τὸν
2692 2593 3051 2664 προλεχθέντα
3260 2592 3644 2667 προτεθέντα]

408 2687 590 2754 perius
613 2686 1046 2740 demonstratum
1069 2696 1186 2752 est,
1217 2687 1322 2741 erit
1355 2686 1516 2755 igitur
1539 2702 1604 2739 ex
1629 2686 1679 2738 vi
1706 2685 1814 2752 jam
1845 2699 1970 2753 pro-

2089 2685 2436 2756 νυλλογισμόν.

408 2777 602 2846 posita:
648 2777 1106 2844 ratiocinationis,
1156 2775 1581 2844 incorruptibilis
1624 2784 1676 2828 et
1748 2775 1970 2828 immor-

409 2870 554 2924 talis.

486 2963 752 3018 Praeterea
775 3004 790 3029 ,
842 2963 1205 3033 quodcunque
1233 2976 1262 3014 a
1303 2960 1519 3032 proprio
1540 2960 1683 3019 malo
1713 2973 1820 3013 non
1852 2974 1972 3014 cor—

2147 2961 2285 3024 Ἔτι,
2310 2963 2415 3015 πᾶν
2444 2961 2548 3014 ὑπὸ
2585 2961 2685 3031 τῆς
2721 2958 2858 3024 ιδίας
2899 2958 3093 3025 κακίας
3144 2960 3217 3032 μὴ
3259 2959 3641 3032 φθειρόμενον,

409 3055 702 3124 rumpitur,
732 3054 1001 3122 corrumpi
1031 3067 1139 3106 non
1161 3059 1368 3121 potest;
1396 3049 1598 3103 malum
1627 3059 1804 3103 autem
1829 3048 1972 3103 bono

2089 3052 2343 3125 ίφθαρτόν
2377 3057 2522 3107 ἐστι·
2557 3055 2616 3108 τὸ
2643 3055 2700 3108 δὲ
2744 3055 2910 3110 κακὸν
2951 3054 3028 3125 τῷ
3071 3055 3218 3124 καλῷ
3249 3053 3520 3119 ὲναντίον,
3555 3053 3647 3108 διὸ

410 3147 743 3202 contrarium
788 3155 902 3213 est;
934 3145 1054 3200 ideo
1083 3155 1137 3200 et
1165 3145 1309 3201 illius
1329 3143 1711 3214 corrumpendi
1734 3143 1842 3197 vim
1871 3143 1973 3198 ha-

2089 3146 2168 3199 ιαὶ
2195 3146 2482 3219 φθαρτικόν
2523 3149 2667 3200 ἐστιν
2706 3145 2892 3200 αὐτοῦ.
2933 3145 3095 3199 Οὐδὲν
3117 3145 3224 3215 γάρ
3262 3145 3407 3196 ἐστιν
3440 3141 3648 3214 ἕτερον

412 3240 522 3292 bet.
572 3235 692 3292 Non
743 3237 887 3292 enim
920 3236 1065 3290 aliud
1105 3245 1187 3290 est
1233 3237 1477 3307 corporis
1523 3238 1760 3303 malum,
1809 3251 1973 3308 quam

2089 3237 2328 3308 σώματος
2371 3237 2536 3291 κακία
2560 3278 2575 3302 ,
2615 3238 2648 3308 ἢ
2680 3237 2868 3302 πάθος,
2899 3240 2992 3292 καὶ
3031 3237 3213 3300 νόσος,
3249 3237 3341 3289 καὶ
3369 3235 3604 3300 θάνατος
3624 3255 3642 3267 ο

412 3329 618 3400 passio,
653 3329 876 3384 morbus
909 3339 962 3384 et
990 3345 1167 3396 mors;
1201 3328 1343 3384 sicut
1371 3344 1401 3384 e
1428 3339 1618 3384 contra
1655 3329 1825 3383 virtus
1858 3328 1977 3398 ejus

2089 3329 2266 3400 ὥσπερ
2304 3331 2469 3402 ἀρετὴ
2496 3370 2510 3393 ,
2545 3329 2768 3394 κάλλος,
2809 3331 2919 3401 ζωὴ
2946 3369 2962 3393 ,
3002 3330 3178 3397 ὐγεία,
3207 3330 3300 3382 καὶ
3331 3329 3538 3393 εὐεξία.
3576 3330 3648 3383 EE

412 3429 528 3488 est,
577 3422 956 3492 pulchritudo,
1002 3424 1142 3484 vita,
1185 3423 1391 3478 sanitas
1437 3430 1492 3477 et
1518 3423 1671 3475 lirma
1717 3421 1979 3475 constitu-

2089 3419 2255 3475 τοίνυν
2293 3422 2327 3491 ἡ
2371 3419 2516 3492 ψυχὴ
2561 3420 2666 3473 ὑπὸ
2707 3422 2808 3491 τῆς
2837 3421 2970 3484 ἰδίας
3011 3421 3206 3483 κακίας
3240 3421 3299 3473 οὐ
3333 3420 3644 3491 φθείρεται,

415 3517 513 3569 tio.
554 3513 608 3569 Si
654 3515 818 3586 igitur
861 3517 1041 3569 anima
1073 3531 1104 3570 a
1138 3530 1238 3570 suo
1268 3515 1410 3569 malo
1441 3529 1551 3568 non
1576 3511 1976 3582 corrumpitur;

2089 3513 2245 3565 κακία
2267 3512 2322 3566 δὲ
2345 3512 2522 3583 ψυχῆς
2547 3512 2737 3577 δειλία,
2761 3514 3041 3579 ἀκολασία,
3079 3513 3286 3582 φθόνος,
3317 3513 3411 3566 καὶ
3433 3514 3505 3567 τὰ
3533 3530 3648 3566 πα-

415 3605 620 3660 n'lalum
665 3615 843 3660 autem
895 3607 1110 3672 animae,
1153 3615 1236 3661 est
1281 3615 1494 3671 metus,
1543 3589 1977 3674 intemperantia,

2089 3602 2353 3676 ραπλήσια
2372 3643 2386 3667 ,
2422 3604 2592 3658 ταῦτα
2613 3605 2670 3658 δὲ
2699 3605 2874 3659 πάντα
2905 3606 3001 3658 οὐκ
3030 3606 3334 3676 ἀφαιρεῖται
3375 3603 3549 3675 αὐτῆς
3583 3603 3648 3655 τδ

2068 1315 2338 1386 ἄφθαρτος
2365 1315 2458 1368 καὶ
2492 1313 2754 1378 ἀθάνατος
2782 1313 2949 1367 ἔσται.

415 3697 620 3753 invidia
677 3705 728 3753 ct
767 3699 998 3764 similia,
1035 3714 1156 3768 qua:
1209 3710 1388 3753 tamen
1436 3698 1620 3752 omnia
1674 3696 1888 3751 vivendi
1917 3710 1982 3750 ac

415 3790 668 3842 movendi
704 3788 1012 3845 facultatem
1044 3789 1145 3859 ipsi
1177 3804 1286 3844 non
1323 3788 1575 3844 auferunt
1607 3804 1620 3840 :
1651 3787 1832 3842 anima
1853 3800 1981 3856 ergo

415 3887 499 3934 est
533 3881 878 3936 immortalis.

614 3973 697 4028 An
738 3975 961 4028 rationis
992 3976 1252 4043 particeps
1279 3983 1460 4027 nostra
1485 3975 1554 4026 sit
1577 3973 1775 4027 anima.

489 4089 602 4144 Vll.
639 4090 796 4156 Quod
825 4104 986 4159 porro
1022 4090 1204 4143 anima
1238 4098 1421 4143 nostra
1447 4087 1679 4143 rationis
1711 4087 1782 4142 sit
1815 4087 1984 4156 parti-

419 4200 568 4255 ceps,
593 4182 779 4237 multis
805 4183 1140 4252 argumentis
1167 4181 1381 4237 ostendi
1413 4189 1588 4250 potest
1621 4199 1633 4234 :
1659 4195 1724 4236 ac
1746 4181 1981 4250 primum

420 4276 637 4346 quidem
684 4288 749 4329 ex
797 4288 861 4328 eo
911 4273 1056 4342 quod
1086 4281 1232 4328 artes
1285 4271 1411 4326 vita:
1462 4281 1662 4326 nostrae
1688 4273 1846 4327 utiles
1869 4272 1982 4341 ipsa

421 4368 780 4424 adinvenerit.
826 4364 1012 4436 Neque
1058 4365 1203 4419 enim
1230 4379 1325 4419 eas
1357 4375 1580 4427 temere,
1608 4373 1702 4418 aut
1730 4379 1860 4419 casu
1887 4365 1984 4418 ali-

422 4477 532 4529 quo
579 4451 821 4530 r'epertas
859 4474 1003 4520 esse,
1043 4457 1167 4526 quis
1197 4455 1430 4521 dixerit;
1470 4470 1594 4510 cum
1623 4469 1722 4509 nec
1754 4455 1979 4520 otiosas,

422 4567 524 4606 nec
568 4553 690 4606 vitae
727 4551 946 4605 inutiles
991 4548 1206 4604 easdem
1245 4562 1366 4602 esse
1398 4560 1562 4616 queat
1587 4547 1979 4602 demonstrare.

425 4647 480 4700 Si
515 4646 678 4716 igitur
702 4652 846 4698 artes
877 4643 946 4697 ad
979 4643 1102 4696 vitae
1131 4641 1415 4695 utilitatem
1447 4637 1754 4701 conferunt,
1786 4649 1840 4694 et
1865 4655 1987 4709 quae

424 4746 553 4794 sunt
599 4735 780 4802 utilia,
829 4736 990 4789 etiam
1026 4732 1317 4788 laudabilia
1346 4740 1507 4797 sunt;
1549 4729 1838 4785 laudabilia
1862 4746 1988 4786 vero

426 4831 636 4888 ratione
682 4836 1096 4898 comparentur;
1149 4826 1342 4881 anima:
1389 4837 1515 4879 vero
1563 4823 1810 4888 inventa,
1859 4822 1989 4892 ipsa:

426 4926 538 4981 sint
565 4933 708 4978 artes
737 4939 750 4976 :
784 4921 966 4976 anima
1009 4921 1173 4992 igitur
1203 4929 1390 4974 nostra
1448 4919 1673 4973 rationis
1705 4928 1786 4972 est
1823 4915 1989 4986 parti-

426 5032 572 5086 ceps.

499 5129 716 5190 Deinde,
748 5141 815 5181 ex
841 5141 910 5183 eo
937 5127 1083 5197 quod
1111 5142 1305 5182 sensus
1335 5124 1502 5180 nostri
1535 5124 1600 5178 ad
1625 5139 1712 5178 res
1743 5137 1991 5193 compre-

429 5220 742 5276 hendendas
769 5235 879 5275 non
901 5228 1029 5275 sunt
1061 5217 1406 5280 sullicientes,
1438 5217 1601 5272 etiam
1630 5215 1867 5270 animam
1891 5229 1993 5268 no--

430 5323 600 5369 stram
641 5313 852 5369 ratione
893 5313 1170 5382 praeditam
1199 5325 1320 5367 esse
1349 5310 1774 5366 demonstratur.
1809 5305 1992 5376 Neque

429 5407 575 5460 enim
617 5407 734 5462 sola
769 5421 964 5462 sensus
1002 5404 1359 5476 applicatione
1402 5401 1644 5456 valemus
1691 5399 1760 5454 ad
1785 5413 1870 5454 res
1898 5412 1993 5452 co-

432 5497 768 5564 gnoscendas
807 5495 1107 5567 pervenire.
1152 5494 1220 5548 At
1265 5493 1392 5562 quia
1429 5507 1528 5547 nec
1568 5492 1622 5545 in
1663 5489 1812 5544 hisee
1837 5488 1991 5543 volu—

433 5605 556 5643 mus
608 5589 892 5655 inhaerere,
931 5588 982 5642 id
1006 5585 1254 5657 protinus
1284 5585 1409 5638 inde
1435 5590 1669 5646 constat,
1695 5578 1842 5651 quod
1866 5594 1993 5635 sen-

434 5697 548 5740 sus.
595 5681 700 5735 nisi
751 5681 962 5734 ratione
1015 5677 1358 5747 adiuventur,
1404 5691 1488 5741 ea,
1518 5690 1640 5744 quae
1667 5673 1838 5744 ﬁgura
1864 5678 1991 5726 sunt

433 5771 682 5840 aequalia,
706 5780 760 5825 et
780 5772 960 5826 colore
990 5770 1211 5834 similia,
1238 5777 1431 5822 natura
1452 5776 1628 5820 tamen
1648 5764 1744 5836 [aL
1773 5771 1992 5832 aspectu

435 5861 640 5940 tamen]
678 5865 1012 5936 diﬂerentia,
1067 5864 1427 5918 internoscere
1477 5867 1636 5928 atque
1687 5856 1992 5912 discernere

2082 3699 2178 3770 ζῇν
2209 3716 2267 3751 τε
2294 3699 2386 3752 καὶ
2415 3697 2474 3750 τὸ
2501 3698 2788 3752 κινεῖσθαιο
2829 3698 3088 3762 ἀθάνατος
3113 3698 3218 3768 ἄρα
3238 3697 3403 3749 ἐστίν.

2451 3977 2518 4030 El
2563 3975 2774 4044 λογικὴ
2813 3973 2982 4043 ἡμῶν
3011 3973 3049 4041 ἡ
3084 3970 3271 4042 ψυχή.

2152 4091 2223 4143 Z'.
2260 4092 2380 4143 Ὅτι
2403 4089 2458 4142 δὲ
2491 4087 2679 4158 λογικὴ
2700 4087 2910 4157 ἠμῶνή
2938 4086 3102 4156 ψυχὴ,
3139 4087 3202 4138 ἐκ
3235 4082 3443 4136 πολλῶν
3475 4084 3543 4137 ἀν
3569 4100 3652 4146 τις

2081 4179 2268 4244 δείξειε
2293 4195 2304 4208 ·
2343 4179 2437 4232 καὶ
2476 4177 2687 4248 πρῶτον
2719 4175 2850 4244 μὲν,
2883 4175 2946 4227 ἐκ
2977 4173 3068 4226 τοῦ
3102 4172 3196 4236 τὰς
3221 4171 3416 4242 τέχνας
3459 4172 3653 4243 χρησί-

2087 4287 2217 4340 μους
2239 4268 2401 4332 ούσας
2420 4265 2497 4338 τῷ
2519 4266 2617 4337 βίῳ
2638 4265 2803 4338 αὐτὴν
2828 4263 3134 4335 εὑρηκέναι.
3157 4261 3292 4314 Οὐδὲ
3314 4261 3422 4331 γὰρ
3441 4261 3649 4323 ἁπλῶς,

2087 4362 2181 4414 καὶ
2204 4361 2280 4424 ὼς
2309 4360 2486 4431 ἔτυχε,
2517 4360 2658 4413 είποι
2684 4375 2768 4422 τις
2797 4357 3111 4409 συνεστάναι
3143 4353 3242 4418 τὰς
3267 4353 3486 4424 τέχνας’
3530 4353 3652 4404 ἐπεὶ

2088 4452 2223 4523 μήτε
2256 4450 2450 4522 ἀργὰς,
2479 4449 2575 4503 καὶ
2606 4449 2896 4520 ἀνωφελεῖς
2928 4446 3097 4509 αὐτὰς
3117 4445 3194 4516 τῷ
3229 4444 3326 4515 βίῳ
3355 4442 3649 4509 ἀποδείξει.

2010 4564 2062 4622 D
2088 4543 2151 4596 Εί
2201 4542 2378 4595 τοίνυν
2403 4543 2457 4594 αί
2485 4540 2670 4612 τέχναι
2701 4537 3004 4593 συντελοῦσι
3029 4537 3164 4605 πρὸς
3192 4535 3252 4588 τὸ
3284 4535 3556 4606 χρήσιμον
3577 4533 3652 4604 τῷ

2091 4635 2221 4707 βίῳ·
2274 4633 2334 4712 τὸ
2368 4632 2424 4686 δὲ
2469 4633 2732 4704 χρήσιμον
2752 4671 2768 4695 ,
2800 4629 3106 4682 ἐπαινετόν·
3158 4627 3218 4680 τὺ
3243 4625 3314 4712 δὲᾼ
3345 4625 3648 4688 ἐπαινετὸν,

2087 4724 2228 4793 λόγῳ
2249 4707 2703 4784 κατασκευαστὸν,
2722 4719 2896 4790 ψυχῆς
2923 4717 2980 4770 δὲ
3008 4716 3223 4789 εὕρημα
3252 4707 3433 4769 αὗταιο
3467 4713 3651 4784 λογικὴ

2087 4816 2194 4886 ειρσι
2218 4815 2374 4888 ἡμῶν
2393 4819 2428 4888 ἡ
2455 4815 2621 4886 ψυχήο

2164 5117 2392 5168 Ἔπειτα
2417 5155 2431 5178 ,
2465 5116 2529 5167 ἐκ
2570 5112 2665 5166 τοῦ
2713 5111 2810 5174 τὰς
2841 5109 3119 5181 αἰσθήσεις
3157 5108 3316 5180 ἡμῶν
3361 5106 3437 5178 μὴ
3469 5103 3649 5168 ίκανάς

2090 5203 2229 5260 εἶναι
2261 5204 2396 5274 πρὸς
2425 5203 2524 5274 τὴν
2555 5203 2663 5258 τῶν
2692 5201 3066 5275 παραγμάτων
3095 5197 3425 5269 κατάληψιν,
3468 5194 3648 5264 λογικὴ

2091 5297 2247 5369 ἡμῶν
2269 5299 2302 5368 ἡ
2328 5295 2472 5366 ψυχὴ
2490 5294 2887 5348 ἀποδείκνυται.
2909 5291 3041 5345 Οὐδὲ
3061 5290 3169 5362 γὰρ
3188 5288 3504 5360 ἀρκούμεθα
3523 5287 3648 5357 πρὸς

2094 5390 2297 5460 εἴδησιν
2345 5386 2453 5440 τῶν
2502 5385 2705 5450 ὄντων,
2752 5387 2820 5456 τῇ
2876 5384 2973 5455 τῆς
3010 5381 3311 5450 αίσθήσεως
3365 5375 3643 5449 προσϐολῇ.

2105 5481 2256 5535 Ἐπεὶ
2291 5479 2423 5551 μηδὲ
2459 5481 2650 5549 στῆναι
2697 5477 2825 5548 περὶ
2858 5474 2994 5529 αὐτά
3021 5473 3268 5542 θέλομεν,
3307 5469 3502 5524 αὐτίκα
3529 5465 3646 5536 γοῦν

2091 5573 2159 5626 τὰ
2183 5571 2260 5642 τῷ
2287 5571 2522 5643 σχήματι
2545 5566 2659 5636 ἴσα,
2689 5571 2784 5623 καὶ
2829 5571 2896 5639 τῇ
2938 5567 3095 5637 χροιᾷ
3122 5565 3282 5634 ὅμοια
3324 5561 3420 5614 καὶ
3467 5559 3641 5628 διῃρη·

2099 5667 2237 5736 μένα
2259 5667 2380 5728 ταῖς
2407 5663 2629 5734 φύσεσιν
2849 5657 3086 5731 ὃψεσιν],
3127 5659 3160 5728 ἡ
3191 5655 3441 5726 αἴσθησις
3469 5653 3640 5718 ἄλογοι

2093 5755 2225 5812 οὖσα
2247 5758 2517 5829 διακρῖναι
2537 5758 2771 5810 ἀσθενεῖ.
2799 5756 2862 5809 Ei
2880 5755 3057 5806 τοίνυν
3087 5753 3144 5804 αἱ
3171 5749 3455 5820 αἰσθήσεις
3476 5745 3641 5810 ἀλογυῑ

2095 5841 2268 5910 οὖσαι,
2299 5845 2466 5918 ψευδῆ
2494 5846 2620 5916 ἡμῖν
2655 5844 2949 5916 φαντασίαν
2986 5841 3092 5897 τῶν
3123 5841 3290 5894 ὄντων
3322 5835 3623 5910 ἐμποιοῦσιν
