3950 6326
265 397 412 453 “iii

1148 403 1429 462 HOMILIA
1465 405 1488 460 l
1520 405 1590 460 IN
1625 404 2054 464 ANNUNTIAT.
2097 405 2286 464 VIRG.
2328 404 2592 462 ΜΑΒΙᾸΞ.

3373 403 3512 460 1146

263 520 548 587 λογιστέον
570 523 720 593 ἡμῖν,
741 523 788 575 εί
805 525 1152 597 καταληπτὲα
1174 527 1245 581 τὰ
1269 527 1466 598 δντα,ἢ
1492 527 1588 600 μὴ,
1613 527 1690 591 ὡς
1717 528 1848 599 ἀλη-
1873 533 1899 590 Α

1947 537 2243 598 nequeam.
2273 526 2637 596 Quapropter,
2661 539 2782 579 cum
2813 538 3006 579 sensus
3036 523 3248 579 ratione
3269 523 3509 579 destituti

263 614 406 678 θῶς·
437 615 534 668 καὶ
556 619 602 669 εί
635 617 734 688 μὲν
762 619 1130 690 καταληπτέα,
1156 621 1318 691 ἑτέρα
1347 621 1497 674 ἐστὶν
1529 623 1564 691 ἡ
1592 620 1838 692 δύναμις,

261 706 360 760 καὶ
394 707 658 778 κρείττων
687 710 836 781 παρὰ
859 710 955 774 τὰς
988 713 1284 784 αἰσθήσεις,
1307 716 1340 784 ἡ
1368 713 1570 766 τούτων
1597 714 1843 783 ἐφικνου-

267 796 428 868 μένη.
462 797 525 851 Εἰ
552 799 608 852 δὲ
631 799 703 870 μὴ
736 800 1212 872 καταλαμϐάνεται
1235 843 1248 868 ,
1286 805 1405 857 οὐδὲ
1429 805 1584 858 ἔσται
1616 806 1759 874 ἡμῖν,
1773 803 1842 858 τὰ

263 887 470 958 ἑτέρως
496 889 647 962 παρὰ
665 891 692 945 ὃ
717 893 831 946 ὲστι
848 893 1189 966 θεωρούμενα
1203 894 1703 968 [καταλαμϐάνειν].
1721 898 1839 950 Ὅτι

259 978 322 1030 δὲ
354 980 674 1051 καταληπτὰ
689 985 818 1053 ἡμῖν
842 984 1044 1038 ἐστιτὰ
1064 987 1382 1058 πράγματα,
1408 987 1566 1058 δῆλον
1586 987 1644 1054 ἐξ
1671 981 1732 1041 οῦ
1759 989 1840 1040 oi-

261 1071 433 1136 κείως
467 1072 679 1146 ἑκάστῳ
715 1076 850 1146 πρὸς
873 1077 934 1130 τὸ
958 1080 1222 1149 χρήσιμον
1249 1079 1527 1151 χρώμεθα,
1554 1081 1646 1133 καὶ
1684 1079 1844 1133 πάλιν

263 1165 744 1238 κατασκευάζομεν
763 1171 842 1234 είς
855 1169 890 1224 ἃ
913 1171 1182 1243 ἐθέλομεν.
1203 1172 1410 1226 Οὐκοῦν
1426 1175 1474 1226 εἰ
1491 1172 1557 1226 τὰ
1572 1173 1699 1226 ὄντα
1711 1175 1744 1243 ἡ
1755 1175 1844 1244 μίν

261 1257 589 1329 καταληπτά
609 1260 839 1333 ἐδείχθη,
871 1264 926 1316 αί
954 1263 1010 1316 δὲ
1034 1264 1308 1336 αἰσθήσεις
1325 1264 1505 1334 ἄλογοι
1521 1259 1697 1327 οὖσαι,
1720 1263 1846 1333 ψευ-

259 1349 372 1415 δῶς
391 1351 763 1424 δοκιμάζουσι,
795 1357 916 1422 νοῦς
943 1358 1093 1412 ἔσται
1114 1361 1143 1412 ὁ
1166 1359 1235 1411 τὰ
1261 1360 1436 1413 πάντα
1461 1358 1602 1430 λόγῳ
1631 1359 1842 1430 διακρί-

261 1459 373 1496 νων
391 1442 514 1514 [ti/1.
535 1447 563 1498 ὁ
581 1448 754 1502 πάντα
769 1448 922 1517 λόγον
943 1451 1278 1524 διακρίνων],
1297 1452 1390 1506 καὶ
1411 1451 1522 1505 ἐστι
1538 1452 1612 1516 ὼς
1628 1449 1841 1522 ἀληθῶς

259 1537 334 1591 τὰ
366 1537 496 1591 ὄντα
523 1540 894 1610 ἐπιγινώσκων
912 1561 926 1576 ·
958 1544 1085 1610 νοῦς
1111 1545 1166 1599 δὲ
1198 1545 1376 1618 ψυχῆς
1403 1547 1463 1601 τὸ
1504 1545 1717 1616 λογικὸν
1746 1546 1842 1618 μὲ-

267 1647 392 1702 ρος·
420 1631 611 1706 λογικὴ
641 1635 746 1706 ἄρα
777 1637 810 1707 ὴ
843 1637 1007 1710 ψυχή·

1945 618 2113 676 falsas
2154 621 2314 675 nobis
2355 633 2540 673 rerum
2576 616 2840 687 imagines
2881 632 2946 671 ac
2988 619 3196 686 species
3228 615 3508 679 inducant,

1943 713 2303 784 reputantium
2346 712 2505 768 nobis
2544 720 2649 776 est,
2696 723 2783 764 res
2823 709 3278 779 comprehendine
3322 723 3508 763 revera

1944 817 2166 879 queant,
2201 822 2404 871 necne;
2455 814 2508 861 et
2552 803 2816 874 siquidem
2853 803 3234 872 comprehendi
3258 785 3506 872 possunt,

1944 902 2048 956 alia
2082 900 2238 954 nobis
2268 908 2461 969 praeter
2493 912 2687 953 sensus
2711 896 2792 951 vis
2819 905 2923 960 est,
2954 909 3124 964 eaque
3144 893 3506 964 praestantior,

1945 1009 2051 1064 qua
2104 993 2169 1047 ad
2208 1007 2396 1046 earum
2437 991 2798 1061 cognitionem
2833 988 3114 1058 pervenire
3140 986 3317 1042 liceat.
3355 984 3508 1051 Quod

1944 1085 1990 1140 si
2033 1100 2142 1139 non
2189 1083 2752 1155 comprehenduntur,
2785 1096 2854 1135 ne
2895 1081 2988 1136 illa
3031 1081 3247 1152 quidem
3289 1080 3507 1148 assequi

1940 1176 2274 1245 poterimus,
2323 1190 2444 1245 qua:
2509 1174 2663 1228 aliter
2697 1188 2859 1243 quam
2907 1182 3033 1228 sunt
3075 1172 3504 1241 conspiciuntur.

1943 1267 2050 1324 Res
2079 1283 2242 1338 porro
2268 1283 2298 1322 a
2322 1267 2480 1322 nobis
2511 1266 2736 1336 percipi,
2764 1265 2846 1322 vel
2859 1265 2938 1336 ζει
2958 1280 3023 1319 eo
3047 1273 3218 1334 patet,
3247 1264 3392 1334 quod
3414 1279 3508 1320 eas

1945 1360 2426 1416 convenienterad
2455 1375 2588 1413 ustts
2622 1367 2840 1414 nostros
2865 1358 3202 1424 adhibemus,
3229 1366 3286 1412 et
3315 1372 3507 1412 rursus

1946 1453 2002 1505 in
2041 1450 2403 1520 quodcunque
2426 1450 2696 1514 volumus,
2721 1450 3105 1506 convertimus.
3135 1447 3314 1516 Quare
3348 1449 3395 1504 si
3417 1463 3507 1504 res

1945 1542 2326 1612 comprehendi
2376 1557 2567 1612 posse,
2610 1559 2640 1597 a
2673 1543 2850 1604 .nobis
2905 1543 3337 1598 demonstratum
3385 1547 3504 1607 est,

1944 1633 2107 1704 idque
2150 1650 2182 1688 a
2235 1633 2488 1689 sensibus
2528 1634 2740 1689 ratione
2785 1633 3060 1689 destitutis
3084 1632 3218 1688 ellici
3250 1639 3503 1701 nequeat,

261 1727 467 1798 quippe
508 1731 611 1800 “qui
656 1731 820 1788 falsas
858 1735 1013 1790 nobis
1051 1735 1330 1806 opiniones
1363 1743 1752 1806 repraesentant
1789 1751 1802 1788 :
1838 1746 1990 1786 mens
2013 1745 2146 1786 sane
2173 1729 2298 1791 erit,
2329 1745 2450 1800 quae
2475 1730 2683 1784 ratione
2711 1739 2903 1784 cuncta
2943 1726 3224 1798 distinguit
3255 1724 3351 1797 [αι.
3384 1739 3506 1795 quae

260 1835 483 1876 omnem
513 1824 777 1880 rationem
816 1826 1096 1899 discernit]
1133 1841 1293 1899 atque
1337 1829 1615 1899 dijudicat,
1661 1837 1714 1883 et
1738 1841 1825 1882 res
1846 1833 1906 1879 ut
1939 1837 2123 1878 revera
2145 1832 2292 1889 sunt,
2325 1822 2640 1892 cognoscit;
2670 1837 2823 1877 mens
2853 1831 3030 1876 autem
3051 1829 3134 1876 est
3158 1821 3352 1874 animae
3377 1833 3504 1889 pars

258 1920 476 1974 ratione
507 1921 758 1978 decorata
779 1938 843 1978 ac
873 1923 1157 1980 illustrala.
1183 1924 1280 1981 Est
1306 1940 1433 1996 ergo
1458 1925 1638 1979 anima
1664 1921 1892 1978 rationis
1920 1920 2208 1990 particeps.

340 2012 484 2076 Ἔτι,
517 2013 596 2067 ὅτι
623 2016 772 2069 οὐδὲν
794 2017 1050 2088 ποιοῦμεν
1088 2017 1161 2090 μὴ
1190 2017 1451 2090 πρότερον
1480 2018 1690 2080 ἑαυτοῖς
1719 2016 1834 2069 δια·
1863 2023 1899 2076 Β

2003 2009 2326 2073 Postremo,
2369 2011 2498 2080 quia
2557 2011 2690 2065 nihil
2730 2009 2972 2081 agimus,
3010 2010 3154 2077 quod
3195 2022 3304 2062 non
3351 2007 3505 2076 prius

258 2103 572 2176 γράψαντες
589 2125 602 2137 ·
631 2107 789 2163 τοῦτο
817 2110 895 2173 δὲ,
923 2110 1074 2165 οὐδὲν
1099 2110 1185 2163 ’ἐτε
1196 2110 1286 2183 ρόν
1309 2110 1502 2180 ἐστινῆ
1539 2110 1637 2180 τῆς
1661 2108 1837 2180 ψυχῆς

1941 2105 2091 2160 nobis
2143 2104 2244 2174 ipsi
2284 2104 2735 2174 descripserimus
2785 2112 2946 2172 atque
2994 2100 3397 2166 delinierimus;
3447 2098 3503 2152 id

257 2193 519 2266 ἀξίωμαο
565 2197 683 2250 οὐδὲ
725 2197 831 2271 γὰρ
857 2199 1053 2267 ἔξωθεν
1102 2203 1239 2274 αὐτῇ
1281 2201 1629 2272 προσγίνεται
1661 2202 1693 2271 ή
1729 2199 1837 2254 τῶν

1941 2207 2118 2253 autem
2146 2197 2282 2252 nihil
2307 2199 2455 2253 aliud
2485 2207 2568 2253 est
2596 2212 2760 2267 quam
2789 2196 2984 2251 animae
3009 2193 3278 2263 dignitas;
3305 2192 3504 2262 quippe

256 2285 432 2341 ὅντων
456 2287 568 2360 εἴδη
578 2305 680 2354 σις,
708 2289 820 2343 ἀλλ’
843 2291 980 2364 αύτὴ
1002 2292 1190 2365 ὥσπερ
1205 2297 1324 2357 ταῖς
1351 2294 1548 2366 ἑαυτῆς
1577 2292 1837 2356 ἐπινοίαις

1941 2291 2022 2346 cui
2066 2305 2176 2345 non
2221 2291 2560 2346 extrinsecus
2607 2289 2824 2345 advenit
2869 2303 3050 2342 rerum
3094 2285 3368 2356 cognitio,
3408 2283 3502 2338 sed

255 2377 331 2430 τὰ
353 2378 480 2432 ὄντα
513 2383 724 2452 κοσμεῖ.
784 2383 880 2436 Διά
911 2383 1066 2438 τοῦτο
1105 2387 1162 2440 ὲν
1203 2387 1367 2456 ἑαυτῇ
1408 2386 1836 2456 προαναζωγρα-

1941 2381 2054 2451 ipsa
2096 2391 2358 2452 tanquam
2401 2381 2516 2437 suis
2545 2379 2866 2436 commentis
2889 2393 2953 2433 ac
2983 2378 3159 2432 sensis
3189 2391 3276 2430 res
3303 2381 3499 2437 ornat;

249 2469 441 2538 ’φοῦσα
474 2469 596 2542 [ἄλ.
629 2475 1149 2551 προαναζωγραφεῖ]
1185 2478 1442 2550 πρότερον
1481 2478 1541 2533 τὸ
1575 2481 1824 2551 πρᾶγμα,

1941 2483 1987 2528 et
2014 2473 2132 2528 ideo
2175 2473 2230 2528 in
2260 2474 2438 2544 seipsa
2467 2489 2580 2528 rem
2609 2482 2733 2528 ante
2760 2471 3002 2542 depingit
3033 2480 3195 2539 atque
3221 2465 3500 2530 describit,

258 2557 364 2613 εἴθ’
393 2561 564 2628 οὕτως
591 2567 669 2629 εἰς
703 2566 860 2638 ἔργον
889 2568 1126 2640 ἐκφέρει.
1166 2569 1404 2641 Ἀξίωμα
1427 2571 1482 2624 δὲ
1511 2571 1606 2642 τῆς
1629 2571 1826 2642 ψυχῆς,

1941 2574 1995 2622 ut
2042 2566 2122 2623 sic
2166 2583 2287 2622 eam
2341 2574 2527 2637 postea
2579 2566 2633 2620 in
2697 2565 2934 2619 medium
2982 2560 3258 2631 proferat;
3307 2556 3502 2611 animae

257 2650 416 2704 οὐδέν
439 2653 583 2707 ἐστιν
615 2654 887 2727 ἓτερον,ἢ
931 2657 992 2709 τὸ
1040 2657 1176 2728 μετὰ
1212 2658 1368 2728 λόγου
1407 2659 1582 2712 πάντα
1626 2663 1826 2714 ποιεῖν’

1941 2673 2102 2729 porro
2136 2658 2394 2728 dignitas,
2436 2657 2572 2712 nihil
2596 2655 2742 2711 aliud
2769 2667 2852 2710 est
2884 2669 3046 2723 quam
3075 2651 3286 2706 ratione
3318 2648 3500 2702 omnia

255 2747 431 2814 ταύτῇ
463 2743 570 2815 γὰρ
595 2747 688 2799 καὶ
711 2746 972 2820 διαφέρει,
991 2749 1209 2803 καὶτῶν
1225 2750 1542 2824 αίσθὴσεων.
1591 2751 1829 2823 Ἐδείχθη

1941 2747 2136 2815 facere,
2177 2765 2284 2820 qua
2321 2749 2540 2820 quidem
2584 2749 2750 2804 etiam
2799 2763 2829 2802 a
2863 2745 3114 2802 sensibus
3143 2742 3340 2797 ditl‘crt.
3365 2738 3502 2793 Ani-

255 2834 371 2904 ἄρα
406 2834 594 2908 λογικὴ
627 2840 660 2909 ἡ
690 2837 831 2909 ψυχή
855 2838 974 2910 [ἄλ.
1011 2840 1180 2916 ταύτῃ
1273 2843 1382 2914 γὰρ
1417 2843 1690 2916 διαφέρειν
1735 2844 1830 2898 καὶ

1941 2854 2081 2894 mam
2119 2839 2282 2911 igitur
2310 2839 2521 2896 ratione
2552 2839 2832 2911 praeditam
2861 2852 3001 2902 esse,
3025 2836 3138 2906 jam
3162 2834 3502 2889 demonstra-

258 2925 372 2979 τῶν
401 2927 722 3001 αἰσθήσεων.
765 2931 1006 3003 Ἐδείχθη
1035 2931 1143 3006 ἄρα
1174 2933 1364 3006 λογικὴ
1390 2935 1423 3006 ἡ
1448 2933 1646 3007 ψυχή]ε

1941 2940 2049 2986 tum
2083 2940 2166 2987 est
2195 2931 2294 3003 [αι.
2327 2931 2429 2988 hac
2457 2932 2602 2987 enim
2630 2931 2793 2986 etiam
2824 2944 2855 2984 a
2890 2929 3140 2984 sensibus
3163 2924 3376 2982 diﬂerre
3401 2922 3499 2977 de-

1933 3034 2292 3082 monstratum
2313 3035 2414 3084 est.
2459 3025 2652 3080 Anima
2690 3025 2854 3095 igitur
2897 3023 3105 3079 ratione
3128 3019 3347 3092 praedita
3369 3013 3500 3090 estC.-

297 3209 3496 3246 Μ

747 3390 878 3522 S.
979 3370 1739 3521 GBEGORII
1854 3391 3057 3523 THAUMATURGI.

1180 3649 1827 3766 HOMILL‘E
1907 3649 2581 3785 QUATUOR

1095 3861 1298 3928 (Opera
1323 3871 1376 3922 S.
1422 3872 1645 3935 Gregorii
1667 3873 2034 3946 Thaumaturgi,
2060 3871 2142 3921 ed.
2168 3872 2283 3922 Ger.
2308 3871 2488 3933 Vossii,
2510 3884 2560 3934 p.
2584 3871 2654 3934 9.)

1521 4171 2048 4266 HOMILIA
2130 4177 2166 4264 Ι

1140 4365 1214 4425 In
1268 4364 1774 4429 Annuntiatione
1817 4372 2049 4430 sancite
2075 4365 2363 4446 Virginis
2394 4367 2632 4438 Mariis.

271 4529 388 4584 Τοῦ
423 4528 493 4584 ἐν
529 4527 719 4599 ἁγίοις
747 4527 979 4602 Πατρός
1223 4527 1552 4602 Γρῃγιορίου
1588 4527 1832 4602 ἐπισκᾴ-
1855 4534 1899 4593 C

1941 4528 2125 4602 Sancti
2173 4529 2352 4602 Ραέήε
2399 4531 2567 4586 nostri
2607 4529 2846 4602 Gregorii
2889 4531 3115 4602 episcopi
3143 4530 3496 4590 Neocwsarea

339 4613 457 4654 που
471 4597 930 4672 Νεοκαισαρείας
954 4597 1330 4672 Πόντου,-τοῦ
1350 4600 1825 4672 Θαυματουργοῦ,

2005 4599 2165 4654 Ponti
2185 4643 2211 4672 ,ί
2234 4600 2651 4672 ΤΙιαιιηιαιιιι-θὶγ,
2696 4597 2753 4654 in
2777 4597 3240 4672 Annuntiaiionem
3268 4605 3493 4657 sanctis-

338 4674 426 4750 s_ic
455 4669 561 4750 τργ
578 4666 1032 4750 Εὐαττελιᾳμρν
1064 4666 1520 4750 τῆςιὺπεραγέάς
1549 4666 1827 4724 deorde

339 4739 642 4809 Παρθένου
701 4737 812 4808 τῆς
837 4737 1086 4807 Μαρίας,
1121 4738 1300 4817 λόγος
1336 4737 1600 4806 πρῶτος.¹

341 4851 586 4923 Σήμερον
612 4849 883 4920 ἀγγελικῇ
910 4848 1208 4922 παρατάξει
1237 4849 1496 4920 ὕμνῳδίαι
1525 4850 1838 4924 φαιδρύνον-

269 4961 386 5011 ται,
431 4945 526 4998 καὶ
553 4942 614 4997 τὸ
637 4944 838 5014 φέγγος
864 4942 964 5014 τῆς
1006 4940 1098 4995 τοῦ
1130 4941 1366 5014 Χριστοῦ
1399 4944 1701 5018 παρουσίας
1726 4947 1836 5008 τοῖς

271 5038 485 5099 πιστοῖς
546 5035 980 5107 καταλάμπεται.
1047 5035 1294 5108 Σήμερον
1356 5035 1416 5089 τὸ
1479 5035 1658 5108 ἱλαρὸν
1705 5037 1838 5108 ἡμῖν

271 5129 408 5202 ἔαρ,
440 5129 671 5202 Χριστὸς
718 5129 748 5180 ὁ
787 5129 886 5200 τῆς
927 5127 1268 5200 δικαιοσύνης
1316 5128 1466 5199 ἥλιος
1507 5127 1713 5201 φαιδρῷ
1759 5128 1836 5200 τῷ

272 5223 416 5292 φωτὶ
435 5223 583 5294 ἡμᾶς
610 5222 964 5295 περιέλαμψε,
1022 5222 1115 5276 καὶ
1144 5220 1242 5286 τὰς
1264 5221 1372 5276 τῶν
1397 5221 1601 5276 πιστῶν
1628 5221 1835 5287 ἐννοίας

274 5315 534 5387 ἐφώτισε.
613 5316 856 5388 Σήμερον
916 5317 946 5370 ὁ
993 5315 1162 5386 Ἀδὰμ
1217 5315 1657 5370 ἀνακεκαίνισται
1711 5315 1830 5388 [ἄλ.

274 5408 684 5482 ἀνακέκληται],
708 5411 802 5464 καὶ
830 5410 1041 5482 χορεύει
1085 5409 1198 5492 μετ’
1230 5411 1474 5480 ἀγγέλων
1503 5411 1582 5474 εἰς
1609 5411 1835 5483 οὐρανὸν

276 5503 662 5574 ἀνιπτάμενος.
733 5505 978 5576 Σήμερον
1041 5503 1298 5576 σύμπασα
1363 5505 1460 5575 τῆς
1515 5503 1835 5575 οἰκουμένης

275 5599 408 5664 γαῖα
432 5594 604 5668 χαρὰν
626 5595 993 5668 περιεϐάλετο,
1019 5596 1202 5668 ἐπειδὴ
1228 5595 1324 5650 τοῦ
1349 5597 1504 5666 ἁγίου
1523 5596 1837 5669 Πνεύματος

279 5687 617 5760 ἐπιφοίτησις
667 5689 761 5757 ἱείς
805 5687 1120 5760 ἀνθρώπους
1204 5689 1414 5758 γέγονε.
1501 5690 1745 5762 Σήμερον
1800 5692 1834 5762 ὴ

281 5781 404 5834 θεία
431 5781 608 5852 χάρις,
636 5780 744 5834 τῶν
773 5781 1067 5853 ἀοράτωνή
1099 5781 1251 5844 ἐλπὶς
1283 5781 1568 5852 διαλάμπει
1599 5783 1666 5838 τὰ
1697 5784 1833 5856 ὑπὲρ

284 5872 490 5928 ἔννοιαν
540 5872 812 5945 θαύματα,
857 5872 918 5928 τὸ
969 5871 1063 5928 ἀπ’
1106 5871 1296 5937 αἰῶνος
1352 5874 1833 5946 ἀποκεκρυμμένον

2007 4672 2156 4726 sima:
2182 4671 2280 4726 Dei
2303 4671 2577 4742 genitricis
2613 4671 2842 4742 Virginis
2873 4671 3083 4739 Maria,
3112 4689 3281 4728 sermo
3310 4673 3360 4728 1.

2007 4848 2179 4906 Hodie
2211 4851 2278 4906 ab
2301 4851 2557 4922 angelicis
2584 4850 2766 4906 choris
2787 4850 2972 4906 laudes
3003 4851 3198 4906 divinae
3218 4851 3496 4908 celebran-

1935 4959 2058 5011 tur,
2105 4956 2159 5001 et
2201 4946 2380 5000 lumen
2406 4944 2608 5000 Christi
2638 4944 2902 4999 adventus
2931 4944 3176 5000 ﬁdelibus
3209 4946 3491 5003 illucescit.

1934 5039 2105 5097 Hodie
2132 5041 2312 5097 laetum
2341 5040 2498 5095 nobis
2527 5055 2622 5094 ver
2644 5078 2660 5104 ,
2695 5037 2944 5094 Christus
2976 5040 3056 5094 sol
3079 5039 3304 5111 justitiae
3337 5040 3494 5094 aﬂ‘ul-

1935 5134 2042 5200 sit,
2077 5148 2141 5188 ac
2167 5133 2316 5188 claro
2343 5148 2444 5188 nos
2472 5131 2676 5187 lumine
2723 5132 3098 5199 collustravit,
3149 5132 3494 5203 ﬁdeliumque

1933 5234 2143 5282 mentes
2168 5224 2510 5280 illuminavit.
2544 5222 2718 5280 Hodie
2741 5237 3032 5282 renovatur
3058 5223 3158 5297 [αι.
3186 5221 3496 5296 revocatur}

1932 5321 2126 5386 Adam,
2155 5330 2207 5375 et
2229 5320 2427 5375 choros
2455 5335 2578 5375 cum
2605 5319 2811 5389 angelis
2837 5318 2981 5390 agit,
3011 5318 3064 5373 in
3087 5318 3283 5374 coelum
3311 5315 3495 5371 subla-

1932 5423 2042 5469 tus.
2079 5413 2254 5469 Hodie
2279 5421 2422 5469 totus
2453 5421 2721 5468 terrarum
2764 5413 2914 5469 orbis
2940 5412 3155 5486 gaudio,
3202 5411 3273 5467 ob
3301 5415 3495 5466 adven-

1935 5515 2047 5561 tum
2095 5505 2328 5576 Spiritus
2373 5505 2544 5561 saneli
2573 5506 2626 5559 in
2661 5506 2930 5571 homines,
2961 5505 3149 5575 plenus
3171 5515 3273 5560 est.
3322 5501 3494 5559 Hodie

1935 5600 2116 5656 divina
2144 5599 2336 5672 gratia,
2365 5614 2487 5670 spes
2516 5599 2866 5654 invisibilium
2897 5599 3128 5668 eﬂ‘ulget,
3151 5606 3203 5653 et
3229 5597 3491 5652 miracula

1935 5708 2058 5764 quae
2089 5701 2322 5749 mentem
2358 5702 2519 5763 atque
2541 5691 2948 5764 intelligentiam
2979 5698 3254 5762 superant,
3287 5698 3490 5761 mystc-

1934 5787 2184 5854 riumque
2234 5785 2377 5855 quod
2426 5784 2494 5840 ab
2530 5795 2731 5840 aeterno
2762 5781 3259 5857 occultatumfuit,
3311 5783 3489 5854 palam

1937 5877 2094 5934 nobis
2125 5875 2271 5933 facit.
2322 5875 2492 5934 Hodie
2533 5878 2782 5946 perennis
2814 5877 3026 5936 virtutis
3050 5886 3302 5934 texuntur
3326 5891 3483 5934 coro-
