3950 6326
479 376 616 434 ill?

1116 377 1175 434 S.
1213 377 1541 436 GREGORH
1579 378 1941 437 THAUMA'I‘.
1980 377 2128 434 OPP.
2169 378 2346 434 PARS
2381 379 2674 438 ALTERA.
2714 412 2786 425 —-
2832 377 3058 435 DUBIA.

3545 373 3717 430 ιιιε

480 506 584 547 nte.
606 490 774 546 Hodie
796 506 950 548 sacra
973 492 1356 550 benevolorum
1401 504 1455 550 et
1483 494 1881 566 religiosorum,
1898 494 2036 549 dies-

2140 496 2432 568 μυστήριον
2471 497 2725 567 ἐμφανῶς
2768 497 2898 567 ἡμῖν
2954 489 3373 548 καωπτεῦουσα.
3435 487 3725 562 Σήμερον

477 598 585 654 que
614 582 777 638 festos
809 583 1051 641 studiose
1089 585 1379 642 colentium
1421 588 1595 656 capita
1642 599 1906 641 coronam
1932 599 2031 641 vo-

479 673 598 730 lens
628 672 790 738 Deus,
815 672 983 730 ﬁrmae
1007 675 1130 731 fidei
1152 690 1419 733 amatores
1454 687 1708 748 tanquam
1734 686 1953 732 vocatos
1977 686 2033 732 et

479 766 723 822 haeredes
748 751 1008 836 appellat;
1037 782 1439 840 supernumque
1464 783 1688 840 regnum
1709 783 1833 824 cum
1852 768 2031 825 studio

476 872 577 913 eos
613 858 708 929 qui
748 858 986 914 cmlestia
1028 852 1280 929 sapiunt,
1306 870 1367 916 ut
1396 875 1454 916 se
1480 860 1662 917 divino
1689 860 2034 931 incorporeo-

478 965 600 1004 rum
628 950 922 1005 chororum
956 950 1261 1005 ministerio
1277 953 1627 1023 coniungant,
1657 960 1836 1008 vocat.
1864 950 2033 1009 Hodie

479 1039 795 1096 Davidicum
837 1042 1185 1112 adimpletum
1216 1052 1299 1098 est
1337 1043 1638 1106 oraculum,
1686 1044 1829 1113 quod
1858 1044 2030 1100 dicit:

478 1130 747 1187 Lwtentur
777 1132 914 1198 caeli,
949 1142 997 1187 et
1012 1132 1237 1187 exsultet
1256 1129 1424 1188 'terra.
1455 1132 1758 1188 Gaudebant
1774 1136 1964 1203 campi,
1985 1144 2035 1190 et

477 1225 658 1278 omnia
687 1223 832 1294 ligna
850 1224 1017 1291 silvia,
1040 1241 1072 1277 a
1092 1236 1366 1296 conspectu
1382 1225 1593 1280 Domini
1605 1226 1700 1299 [aL
1714 1236 1833 1283 ante
1848 1229 2035 1298 faciem

480 1314 992 1387 Dominilquaniam
1023 1318 1157 1370 venit
1179 1317 1245 1370 ⁵¹.
1273 1316 1337 1371 Et
1364 1318 1527 1373 David
1555 1319 1770 1388 quidem
1793 1320 1937 1389 ligna
1952 1320 2037 1377 di-

478 1409 557 1463 cit
576 1426 591 1475 ;
613 1423 914 1478 pmcursor
931 1424 1058 1464 vero
1072 1408 1307 1474 Domini,
1327 1412 1548 1465 arbores
1561 1411 1810 1480 facientes
1833 1413 2035 1482 fructus

479 1505 665 1571 dignos
690 1501 993 1566 paenitentia
1008 1502 1075 1567 “,
1097 1503 1206 1557 imo
1222 1501 1436 1557 Domini
1461 1504 1717 1567 adventu,
1737 1516 2031 1575 nuncupat.

481 1592 553 1647 At
570 1592 826 1647 Dominus
862 1602 1047 1647 noster
1071 1592 1230 1649 Jesus
1253 1594 1500 1651 Christus
1516 1610 1750 1665 perenne
1781 1597 2035 1666 gaudium

481 1684 692 1741 cunctis
721 1684 773 1737 in
798 1684 975 1754 ipsum
1002 1685 1346 1741 credentibus
1375 1687 1678 1741 annuntiat.
1735 1687 1825 1744 Ait
1845 1690 1988 1744 enim
2019 1709 2034 1747 :

486 1774 683 1830 Videbo
705 1792 791 1830 vos
812 1817 828 1841 ,
850 1785 899 1830 et
919 1776 1253 1846 gaudebitis;
1285 1788 1332 1832 et
1350 1778 1601 1848 gaudium
1634 1789 1861 1834 vestrum
1887 1797 2035 1835 nemo

485 1864 631 1919 tollet
663 1882 695 1919 a
712 1866 852 1920 vobis
878 1867 947 1921 ⁸⁸.
972 1865 1139 1923 Hodie
1167 1869 1376 1923 celebre
1405 1880 1567 1941 atque
1597 1870 1864 1928 iueﬂ‘abile
1883 1872 2042 1927 Chri-

482 1957 808 2023 stianorum,
837 1960 927 2029 qui
951 1975 1105 2015 suam
1140 1960 1193 2015 in
1213 1960 1489 2016 Christum
1510 1978 1656 2033 spem
1690 1973 1879 2034 sponte
1894 1965 2041 2019 obsi-

482 2059 718 2121 gnarunt
757 2050 855 2124 [αι.
880 2052 964 2121 pie
994 2066 1057 2107 ac
1085 2062 1269 2108 sancte
1295 2053 1692 2129 obsignarunt],
1725 2057 2039 2127 mysterium

483 2143 642 2213 plane
666 2144 824 2200 nobis
845 2145 1215 2201 annuntiatur.
1231 2145 1401 2203 Hodie
1412 2147 1649 2214 Gabriel,
1663 2150 1755 2220 qui
1781 2149 1891 2206 Deo
1904 2150 2043 2206 assi-

484 2235 580 2291 stit
602 2275 616 2301 ,
646 2237 710 2292 ad
735 2237 1095 2293 castissimam
1118 2237 1395 2311 Virginem
1426 2241 1648 2296 veniens
1667 2283 1682 2305 ,
1710 2242 1842 2298 illud
1867 2282 1882 2307 ,
1915 2243 2038 2308 Ave,

486 2329 662 2398 gratia
685 2328 840 2399 plena
862 2330 928 2396 ⁸⁸,
957 2330 1057 2400 ipsi
1090 2332 1396 2388 annuntiat.
1435 2332 1554 2403 ipsa
1579 2348 1708 2389 vero
1740 2349 1923 2389 secum
1949 2350 2044 2390 eo.

484 2420 690 2490 gitante
741 2423 918 2491 qualis
966 2432 1114 2479 esset
1165 2425 1257 2479 illa
1310 2425 1598 2492 salutatio,
1643 2427 1866 2498 angelus
1911 2442 2043 2483 con-

486 2509 666 2566 festim
687 2513 986 2582 subjunxit,
1004 2515 1190 2571 dicens
1215 2534 1228 2569 :
1256 2515 1507 2570 Dominus
1537 2526 1726 2581 tecum,
1750 2533 1811 2572 ne
1834 2518 2040 2583 timeas,

486 2602 667 2659 Maria
696 2606 983 2661 :invenisti
1031 2609 1168 2661 enim
1213 2608 1440 2679 gratiam
1490 2609 1629 2678 apud
1672 2608 1860 2663 Deum.
1919 2608 2042 2664 Ideo

486 2694 743 2764 concipias
783 2693 877 2767 [ει.
930 2713 1043 2751 ecce
1071 2693 1351 2769 concipias]
1381 2697 1436 2750 in
1475 2706 1622 2750 utero
1642 2737 1656 2761 ,
1689 2706 1739 2751 et
1766 2698 1939 2767 paries
1973 2700 2043 2768 ﬁ-

484 2785 619 2839 lium
656 2801 674 2839 :
717 2796 766 2841 et
796 2788 1047 2841 vocabunt
1081 2787 1174 2859 [aL
1210 2788 1441 2859 vocabis]
1480 2804 1665 2843 nomen
1695 2789 1809 2859 ejus
1839 2789 2039 2844 Iesum.

488 2875 595 2930 Hic
616 2877 722 2931 erit
746 2893 984 2949 magnus,
1006 2889 1053 2931 et
1079 2876 1249 2932 Filius
1270 2879 1530 2933 Altissimi
1555 2879 1839 2934 vocabitur.
1862 2878 1933 2933 Et
1949 2882 2045 2934 da-

488 2967 564 3022 bit
592 2968 693 3037 ipsi
726 2969 977 3023 Dominus
1006 2969 1145 3023 Deus
1175 2969 1348 3023 sedem
1383 2969 1553 3024 David
1592 2972 1759 3040 patris
1810 2972 1924 3041 ejus
1947 3013 1962 3039 ,
1993 2981 2044 3025 et

489 3061 725 3131 regnabit
762 3063 815 3114 in
863 3061 1016 3114 domo
1052 3060 1217 3115 Iacob
1264 3063 1318 3116 in
1347 3072 1598 3117 internum
1622 3080 1640 3117 :
1664 3072 1714 3117 et
1755 3065 1898 3134 regni
1929 3065 2041 3134 ejus

2135 586 2334 659 ἀρετῆς
2369 588 2592 642 άεννάου
2634 587 2920 659 στέμματα
2962 584 3267 639 πλέκονται.
3310 581 3564 653 Σήμερον
3598 578 3727 642 τὰς

2132 676 2286 747 ίερὰς
2332 678 2439 732 τῶν
2480 677 2747 749 φιληκόων
2793 676 2887 730 καὶ
2916 672 3209 745 φιλεορτῶν
3245 671 3479 741 κεφαλὰς
3517 686 3730 724 κατα-

2134 767 2325 837 στέψαι
2349 767 2663 839 βουλόμενος
2686 769 2716 823 6
2732 766 2885 832 Θεὸς,
2909 767 3035 830 τοὺς
3057 763 3286 836 ἐραστάς
3312 762 3405 833 τῆς
3431 758 3733 824 άκλινοῦς

2135 861 2403 925 πίστεως,
2454 861 2530 925 ὡς
2571 860 2800 932 κλητοὺς
2848 858 2944 913 καὶ
2973 857 3336 930 κληρονόμους
3380 854 3728 925 κέκληιοενο

2132 952 2225 1007 καὶ
2252 953 2286 1024 ἡ
2311 952 2423 1007 άνω
2456 951 2700 1022 βασιλεία
2727 950 3013 1015 σπουδάζει
3045 948 3282 1006 καλοῦσα
3308 947 3431 1012 τοὺς
3455 943 3734 1018 οὐρανό-

2134 1060 2354 1115 φρονας,
2402 1042 2633 1111 συνάψαι
2659 1045 2725 1114 τῇ
2759 1041 2879 1113 θείᾳ
2904 1040 3209 1114 λειτουργίᾳ
3248 1037 3354 1092 τῶν
3379 1037 3736 1108 ἀσωμάτων

2134 1133 2332 1203 χορῶν.
2378 1132 2625 1204 Σήμερον
2666 1130 2728 1185 τὸ
2762 1130 2856 1184 τοῦ
2885 1129 3050 1185 Δαὸὶδ
3093 1129 3436 1201 πεπλήρωται
3482 1128 3736 1195 λόγων,

2133 1223 2194 1276 τὸ
2225 1222 2412 1292 λέγον·
2444 1221 2985 1292 Εὐφραινέσθωσαν
3015 1224 3069 1276 oi
3096 1220 3355 1289 οὐρανοί,
3380 1219 3481 1274 καὶ
3505 1219 3739 1288 ἀταλ-

2135 1314 2361 1370 λιάσθω
2409 1316 2449 1384 ἡ
2496 1313 2594 1385 τῆ.
2644 1313 3014 1383 Χαρήσονται
3069 1311 3181 1385 [άλ.
3216 1311 3571 1384 χαρήσεται]
3644 1311 3739 1365 τὰ

2138 1402 2330 1468 πεδία,
2376 1404 2471 1458 καὶ
2510 1403 2705 1458 πάντα
2743 1402 2815 1457 τὰ
2840 1402 2998 1469 ξύλα
3038 1402 3144 1456 τοῦ
3167 1401 3387 1472 δρυμοῦ
3419 1401 3547 1456 ἀπὸ
3590 1399 3733 1472 [ἀλ.

2140 1494 2280 1568 πρὸ]
2313 1495 2633 1565 προσώπου
2681 1495 2786 1550 τοῦ
2818 1497 3071 1566 Κυρίου,
3105 1495 3191 1549 ὅτι
3232 1496 3482 1566 ἔρχεται.
3520 1495 3666 1549 Καὶ
3700 1497 3739 1548 6

2143 1588 2241 1659 μὲν
2275 1586 2438 1642 Δαόὶδ
2473 1587 2602 1655 ξύλα
2634 1586 2836 1657 ἔλεγεν,
2869 1590 2898 1642 6
2926 1587 2983 1641 δέ
3012 1587 3104 1641 τοῦ
3134 1588 3329 1660 Κυρίου
3362 1589 3729 1660 πρῶρομος,

2141 1678 2333 1753 δένδρα
2374 1680 2659 1735 ποιοῦντα
2693 1680 2957 1749 καρποὺς
2983 1680 3194 1746 ἀξίους
3228 1679 3333 1748 τῆς
3351 1682 3731 1751 μετανοίας,

2146 1770 2342 1841 μᾶλλον
2368 1771 2425 1825 δὲ
2446 1769 2548 1841 τῆς
2566 1770 2659 1824 τοῦ
2687 1769 2885 1841 Κυρίου
2920 1771 3214 1843 παρουσίας
3240 1770 3512 1826 ἐκάλεσεν.
3559 1769 3636 1824 Ὀ
3664 1771 3733 1823 δὲ

2142 1862 2342 1935 Κύριος
2370 1865 2403 1935 ἡ
2413 1862 2526 1934 μῶν
2559 1862 2761 1935 Ἰησοῦς
2789 1864 3019 1934 Χριστὸς
3038 1862 3135 1933 τὴν
3160 1861 3331 1934 χαρὰν
3354 1860 3451 1933 τὴν
3472 1862 3733 1917 άένναρν

2141 1956 2272 2009 πᾶσι
2301 1956 2413 2018 τοῖς
2442 1956 2521 2018 είς
2564 1955 2724 2009 αὑτὸν
2760 1953 3105 2008 πιστεύουσιν
3148 1953 3531 2026 ἐπηγγείλατο.
3562 1953 3734 2023 Φησὶ

2142 2047 2283 2118 γὰρ·
2335 2047 2592 2117 Ὀψομαι
2636 2045 2822 2116 ὑμᾶς,
2868 2046 2966 2099 καὶ
3024 2044 3387 2116 χαρήσεσθεο
3440 2045 3542 2098 καί
3592 2046 3739 2111 τὴν

2140 2139 2329 2210 χαρὰν
2370 2138 2533 2208 ὑμῶν
2566 2139 2763 2206 οὐδεὶς
2804 2139 2953 2208 αἴρει
2996 2138 3095 2207 ἀφ’
3126 2136 3309 2207 ὑμῶν.
3360 2139 3624 2210 Σήμερον
3661 2139 3735 2192 τὺ

2142 2230 2485 2303 περιόόητον,
2513 2232 2605 2285 καὶ
2642 2231 2913 2301 ἄφραστον
2944 2231 3230 2301 μυστήριον
3254 2228 3357 2284 τῶν
3378 2229 3479 2299 τὴν
3510 2229 3736 2282 ἐλπίδα

2141 2327 2221 2388 είς
2246 2323 2475 2397 Χριστὸν
2518 2323 2776 2387 ἑκουσίως
2955 2320 3137 2393 ὁσίως]
3180 2321 3737 2392 ἐπεσφραγισμένων

2141 2414 2477 2486 Χριστιανῶν
2522 2413 2777 2484 ἐμφανῶς
2804 2414 2932 2484 ἡμῖν
2961 2411 3404 2480 καταγγέλλεται.
3450 2413 3733 2483 Σήμερον

2141 2506 2408 2579 Γαϐριὴλ,
2458 2508 2487 2559 ό
2530 2505 2608 2577 τῷ
2635 2504 2752 2575 Θεῷ
2792 2505 3209 2577 παριστάμενος,
3259 2504 3393 2575 πρὸς
3423 2502 3525 2574 τὴν
3550 2505 3731 2577 Παρ-

2143 2597 2291 2653 θένον
2322 2598 2487 2670 ἁγνὴν
2519 2597 2894 2668 παραγίνεται,
2924 2595 3003 2658 τὸ,
3029 2594 3202 2663 Χαῖρε
3240 2594 3731 2663 κεχαριτωμένη,

2142 2691 2278 2761 αὐτῇ
2326 2687 2817 2758 εὐαγγελιζόμενος.
2860 2685 2999 2739 Ἦδέ
3053 2681 3407 2751 διελογίζετο,
3457 2682 3735 2746 ποταπὸς

2142 2784 2228 2853 εἴη
2252 2784 2280 2836 6
2304 2781 2586 2851 ἀσπασμὸς
2609 2774 2785 2842 οὗτος·
2817 2779 2848 2830 ό
2868 2777 2923 2830 δὲ
2951 2776 3175 2846 ἄγγελος
3197 2774 3393 2838 εὐθέως
3418 2773 3732 2845 ὑπήγαγεν

2142 2873 2343 2944 λέγων·
2385 2875 2437 2926 Ὁ
2468 2874 2677 2941 Κύριος
2703 2871 2853 2942 μετὰ
2893 2869 3029 2935 σοῦ,
3067 2870 3153 2938 μὴ
3185 2868 3390 2937 φοϐοῦ,
3431 2867 3726 2937 Μαριάμ·

2141 2961 2314 3034 εὗρες
2357 2963 2468 3033 γὰρ
2499 2962 2673 3033 χάριν
2721 2963 2878 3031 παρὰ
2917 2960 2997 3027 τῷ
3038 2959 3194 3026 Θεῷ·
3234 2959 3324 3013 διὸ
3382 2956 3495 3030 [άλ.
3551 2959 3731 3030 ἰδοὺ]

2143 3055 2514 3126 συλλήψῃέν
2535 3055 2765 3127 γαστρί,
2788 3054 2883 3109 καὶ
2909 3051 3049 3122 τέξῃ
3068 3054 3226 3108 vidi“
3251 3051 3348 3104 καὶ
3367 3048 3729 3105 καλέσουσι

488 3168 593 3205 non
619 3153 718 3205 erit
742 3153 888 3220 ﬁnis.
919 3152 1073 3206 Dicit
1102 3161 1279 3207 autem
1303 3153 1478 3208 Maria
1500 3155 1570 3208 ad
1590 3154 1834 3226 angelum
1855 3172 1875 3210 :
1899 3155 2038 3221 Quo-

2143 3146 2252 3219 [άλ.
2290 3145 2591 3218 καλέσεις]
2630 3144 2696 3200 τὸ
2738 3145 2926 3214 ὄνομα
2967 3141 3149 3197 αὑτοῦ
3192 3140 3450 3209 Ἰησοῦν.
3516 3135 3727 3202 Οὗτος

489 3244 644 3296 modo
694 3244 836 3298 istud
880 3244 969 3313 ﬁet
1019 3243 1188 3311 mihi,
1228 3246 1476 3316 quoniam
1522 3247 1691 3300 virum
1727 3263 1829 3301 non
1854 3264 2041 3319 cogno-

488 3348 576 3386 sco
604 3333 691 3387 "t
738 3334 983 3403 nunquid
1031 3335 1263 3405 amplius
1311 3336 1463 3408 virgo
1505 3338 1872 3407 permanebo?
1901 3355 2042 3394 nun-

487 3423 618 3493 quid
648 3425 974 3495 virginitatis
999 3425 1233 3497 dignitas
1265 3427 1319 3482 in
1346 3443 1433 3484 me
1465 3428 1723 3498 prodetur
1753 3438 1808 3484 et
1835 3431 2042 3487 amitte-

491 3516 620 3571 tur?
671 3516 803 3582 Quae
833 3519 985 3586 dum,
1015 3520 1162 3575 velut
1186 3520 1601 3585 admirabunda,
1650 3535 1833 3575 secum
1858 3521 2042 3575 animo

487 3607 829 3664 sanctissima
856 3608 1019 3677 Virgo
1043 3622 1301 3675 versaret,
1336 3611 1570 3666 breviter
1593 3612 1816 3681 angelus
1836 3627 2039 3668 sermo.

485 3698 574 3755 nis
605 3713 872 3755 summam
900 3700 1125 3771 profert,
1160 3717 1222 3757 ac
1256 3701 1387 3758 dicit
1417 3720 1430 3756 :
1461 3700 1688 3771 Spiritus
1716 3712 2043 3773 sanctus_su-

483 3792 743 3862 perveniet
778 3792 833 3845 in
875 3800 953 3857 te,
994 3802 1043 3847 et
1065 3793 1250 3848 .virtus
1277 3793 1541 3849 ditissimi
1565 3794 1894 3849 obumbrabit
1922 3794 2040 3848 tibi.

486 3880 714 3953 Ideoque
756 3895 807 3938 et
849 3884 987 3955 quod
1032 3897 1279 3941 nascetur
1312 3903 1375 3942 ea:
1408 3897 1455 3941 te
1483 3897 1743 3952 sanctum,
1775 3888 2043 3942 vocabitur

485 3974 536 4031 F
539 3975 665 4028 ilius
690 3975 786 4030 Dei
809 3977 875 4032 ⁸⁸.
914 3976 1049 4032 Nam
1075 3979 1220 4049 quod
1242 3988 1345 4042 est,
1374 3980 1477 4035 hoc
1501 3990 1555 4035 ct
1575 3979 1798 4035 omnino
1816 3980 2043 4035 vocabi-

485 4073 593 4119 tur.
634 4063 1026 4121 Convenienter
1055 4067 1220 4138 igitur
1251 4076 1494 4123 sanctam
1521 4068 1743 4123 Mariam
1775 4085 1842 4124 ex
1868 4070 2043 4124 omni-

484 4155 590 4213 bus
636 4155 1076 4225 generationibus
1137 4158 1308 4212 solam
1333 4159 1504 4228 gratia
1529 4160 1706 4230 elegit.
1754 4158 1887 4215 Nam
1912 4176 2043 4232 pru-

484 4247 618 4302 dens
652 4261 839 4301 revera
872 4261 937 4300 ac
960 4248 1176 4317 sapiens
1206 4249 1259 4302 in
1286 4250 1496 4305 cunctis
1534 4261 1649 4306 erat
1680 4271 1694 4307 :
1725 4268 1827 4309 nec
1849 4253 2041 4309 similis

483 4337 557 4405 ei,
585 4352 652 4392 ex
686 4338 959 4393 universis
981 4340 1424 4410 generationibus
1452 4342 1562 4396 ulla
1587 4358 1825 4414 unquam
1851 4353 1934 4399 est
1957 4361 2042 4401 re-

482 4437 658 4499 perta.
719 4427 835 4485 Non
868 4430 1009 4485 sicut
1036 4439 1193 4485 antea
1221 4432 1373 4501 virgo
1401 4430 1510 4487 Eva
1538 4431 1635 4505 [αι.
1659 4435 1833 4504 prima
1864 4435 2038 4508 virgo]

2140 3240 2309 3296 ἔσται
2354 3240 2540 3312 μέγας
2562 3280 2577 3304 ,
2624 3238 2721 3292 καί
2765 3236 2897 3303 Υἱὸς
2946 3235 3236 3305 Ὑψίστου
3310 3230 3720 3300 κληθήσεται.

2140 3327 2249 3381 Καὶ
2295 3326 2471 3381 δώσει
2507 3324 2667 3390 αὑτῷ
2700 3326 2910 3392 Κύριος
2932 3325 2964 3376 ό
2991 3323 3132 3388 Θεὸς
3153 3320 3259 3375 τὸν
3284 3320 3503 3389 θρόνον
3529 3318 3724 3372 Δαεὶδ

2140 3416 2248 3471 τοῦ
2278 3417 2497 3486 πατρὸς
2520 3416 2727 3481 αὐτοῦ,
2760 3416 2857 3470 καὶ
2889 3414 3250 3480 ,ϐασιλεύσει
3276 3411 3373 3465 ἐπὶ
3404 3411 3515 3465 τόν
3540 3407 3724 3464 οἶκον

2152 3513 2363 3569 Ἰακὼϐ
2380 3517 2464 3581 εἰς
2493 3514 2633 3581 τοὺς
2656 3511 2891 3579 αἱῶνας,
2921 3511 3019 3565 καὶ
3050 3509 3158 3577 τῆς
3174 3507 3493 3574 βασιλείας
3517 3505 3719 3560 αὐτοῦ

2142 3611 2251 3665 οὐκ
2281 3608 2452 3662 ἔσται
2478 3604 2670 3670 τέλος.
2709 3604 2893 3660 Εἶπεν
2926 3602 2995 3656 δὲ
3026 3600 3261 3670 Μαριὰμ
3284 3600 3435 3667 πρὸς
3460 3600 3573 3654 τὸν
3598 3600 3714 3671 ἅτε

2141 3704 2322 3772 τελον
2337 3718 2352 3732 ·
2396 3699 2528 3766 Πῶς
2564 3698 2734 3753 ἐσται
2764 3714 2864 3766 μοι
2892 3695 3065 3750 τοῦτο
3083 3734 3099 3760 ,
3137 3695 3264 3748 ἐπεὶ
3293 3694 3481 3763 ἄνδρα
3515 3696 3592 3749 οὺ
3624 3714 3716 3764 τι-

2140 3793 2383 3858 νώσκω;
2411 3788 2521 3867 ἄρα
2555 3792 2698 3864 μένω
2728 3790 2808 3847 in
2844 3790 3141 3863 παρθένος;
3175 3786 3282 3860 ἆρα
3316 3789 3391 3861 μὴ
3414 3790 3515 3860 τῆς
3558 3807 3712 3861 παρ-

2142 3888 2319 3951 θενίας
2359 3887 2393 3958 ἠ
2433 3884 2556 3950 ἀξία
2587 3883 2923 3959 προδίδοταις
2971 3883 3153 3937 Ταῦτα
3197 3882 3562 3954 διαποροῦσαν
3606 3884 3713 3954 τὴν

2144 3980 2303 4049 ἁγίαν
2327 3978 2621 4052 Παρθένον,
2655 3976 2933 4048 συντόμως
2975 3977 3003 4029 6
3044 3975 3269 4045 ἄγγελος
3310 3976 3578 4048 προφέρει
3609 3977 3714 4035 τοῦ

2140 4071 2298 4140 λόγου
2324 4071 2384 4124 τὸ
2410 4069 2717 4140 κεφάλαιον,
2748 4067 2920 4136 λέγων
2938 4084 2953 4098 ·
2986 4066 3225 4136 Πνεῦμα
3254 4067 3423 4137 ἄτιον
3450 4069 3708 4123 ἐπελεύ-

2138 4178 2309 4222 σεται
2337 4161 2434 4216 ἐπὶ
2460 4161 2554 4223 σὲ,
2599 4161 2698 4214 καὶ
2743 4159 2994 4228 δύναμις
3046 4158 3337 4226 Ὑψίστου
3359 4159 3708 4216 ἐπισκιάσει

2143 4271 2264 4311 σοι.
2305 4254 2400 4308 Διὸ
2427 4251 2612 4308 καὶτὸ
2634 4250 2999 4323 γεννώμενον
3019 4250 3088 4304 ἐκ
3109 4250 3227 4305 σοῦ
3255 4250 3447 4321 ἅγιον,
3479 4252 3708 4321 κληθή-

2141 4363 2309 4403 σεται
2358 4346 2488 4412 Υἱὸς
2528 4344 2695 4399 Θεοῦ.
2746 4346 2811 4398 Ὃ
2849 4344 2955 4416 γάρ
2996 4345 3131 4409 ἐστι,
3159 4342 3315 4396 τοῦτο
3358 4344 3456 4397 καὶ
3486 4345 3706 4410 πάντως

2141 4438 2485 4510 κληθήσεται.
2529 4435 2849 4506 Πρεπόντως
2886 4436 2992 4506 ἄρα
3031 4432 3128 4505 τὴν
3160 4435 3319 4503 ἁγίαν
3356 4435 3598 4507 Μαριὰμ
3640 4437 3704 4488 ἐκ

479 4520 599 4575 sola
646 4520 699 4574 in
730 4521 982 4591 paradiso
1025 4522 1251 4577 chorum
1294 4538 1458 4592 agens
1503 4532 1666 4595 atque
1711 4527 2038 4596 tripudians,

2144 4528 2329 4584 πασῶν
2366 4526 2563 4597 γενεῶν
2609 4527 2774 4598 μόνην
2803 4527 2836 4596 ἡ
2864 4525 3020 4598 χάρις
3047 4526 3376 4579 ἐκλέλεκται.
3418 4527 3569 4598 Σοφὴ
3596 4527 3701 4598 γὰρ

481 4611 723 4666 relaxata
766 4622 946 4667 mente
992 4627 1086 4683 per
1146 4612 1408 4669 incuriam
1457 4615 1525 4671 ab
1577 4627 1798 4674 auctore
1864 4619 2040 4676 omnis

480 4706 611 4760 mali
644 4715 914 4776 serpente,
943 4705 1165 4761 verbum
1202 4707 1467 4777 suscepit;
1503 4718 1555 4763 et
1583 4708 1663 4764 sic
1686 4724 1847 4764 sensu
1879 4726 2036 4766 men-

479 4794 551 4850 tis
590 4794 690 4867 [al.
742 4805 920 4851 mente
960 4794 1165 4867 cordis]
1209 4807 1462 4867 corrupta
1488 4807 1602 4863 est,
1650 4813 1715 4854 ac
1740 4814 1836 4870 per
1864 4800 2035 4870 ipsam

481 4884 857 4941 fraudulentus
882 4900 1146 4941 venenum
1175 4885 1475 4955 effundens,
1505 4898 1842 4960 mortemque
1864 4891 2037 4947 admi-

480 4990 660 5040 scens,
692 4976 746 5030 in
774 4991 990 5033 omnem
1032 4979 1291 5033 mundum
1330 4979 1672 5039 introduxit:
1698 4996 1763 5040 ac
1789 4995 2035 5055 prepter-

481 5083 542 5124 ea
575 5067 753 5123 omnis
805 5077 1112 5124 sanctorum
1157 5085 1397 5125 aerumna
1442 5080 1568 5127 nata
1600 5080 1712 5138 est;
1761 5088 1947 5129 verum
1979 5076 2034 5133 in

481 5160 599 5216 sola
621 5169 808 5216 saneta
837 5160 1078 5232 Virgine,
1114 5162 1232 5232 ejus
1257 5163 1442 5233 lapsus
1470 5172 1752 5233 reparatus
1776 5175 1881 5222 est.
1930 5165 2035 5223 Ne-

483 5269 589 5324 que
614 5252 767 5324 prins
791 5252 1136 5308 sanctissima
1159 5252 1322 5325 Virgo
1347 5254 1550 5309 donum
1574 5254 1813 5321 admisit,
1848 5272 2033 5327 quam,

482 5346 607 5418 quis
646 5343 785 5401 illud
818 5344 1087 5409 mitteret,
1132 5353 1187 5399 et
1211 5346 1481 5416 quodnam
1529 5346 1728 5404 donum
1758 5357 1937 5413 esset,
1973 5362 2036 5403 ac

486 5439 610 5508 quis
633 5436 834 5505 ferret,
868 5437 1232 5494 addidicisset.
1263 5438 1394 5505 Quae
1455 5437 1585 5496 dum
1635 5456 1816 5498 secum
1841 5485 1856 5505 ,
1890 5444 2036 5498 velut

485 5518 1044 5602 anceps,loqueretur,
1070 5530 1144 5586 ait
1172 5530 1237 5586 ad
1263 5533 1510 5602 angelum
1547 5553 1561 5590 :
1592 5531 1746 5590 Unde
1774 5534 1855 5592 sic
1877 5536 2032 5593 nobis

634 5705 947 5780 PsaLxcv,
982 5710 1042 5766 ll
1064 5751 1079 5780 ,
1110 5708 1210 5778 12,
1240 5711 1327 5768 15.

477 5771 557 5861 ,⁸ο
581 5774 709 5832 Ibid.
752 5777 848 5847 τε,

2142 4622 2308 4685 ὅντως
2330 4619 2471 4677 κατὰ
2496 4619 2670 4673 πάντα
2692 4618 2981 4689 ἐτύγχανεν
2998 4636 3011 4649 ·
3040 4620 3139 4672 οὐκ
3162 4618 3319 4690 ὁμοία
3349 4617 3475 4691 [ἄλ.
3494 4621 3698 4691 ὅμοιος]

2141 4717 2276 4787 αὐτῇ
2306 4716 2370 4768 ἐκ
2402 4712 2588 4768 πασῶν
2618 4711 2818 4781 γενεῶν
2850 4730 2934 4776 τις
2964 4712 3183 4781 γέγονεν
3209 4712 3447 4766 πώποτε.
3483 4714 3601 4783 Οὐχ
3628 4715 3698 4775 ὡς

2139 4803 2172 4873 ή
2196 4800 2384 4874 πρώην
2562 4798 2787 4871 πρώτη]
2815 4799 3078 4871 παρθένος
3105 4800 3216 4854 Εὔα
3254 4800 3388 4873 μόνη
3424 4803 3484 4852 ἐν
3527 4818 3698 4874 παρα-

2138 4893 2297 4966 δείσῳ
2325 4892 2637 4966 χορεύουσα.
2661 4891 2831 4968 χαύνῃ
2849 4895 2912 4964 τῇ
2934 4892 3156 4963 διανοίᾳ,
3178 4892 3522 4969 ἀπεριέργως
3550 4892 3694 4964 παρὰ

2136 4985 2229 5039 τοῦ
2269 4986 2573 5058 άρχεκάκου
2601 4984 2774 5055 ὄφεως
2814 4986 2904 5039 τὸν
2934 4984 3087 5054 λόγον
3111 4984 3325 5051 ἐδέξατο
3342 5026 3358 5050 ,
3407 4987 3503 5038 καὶ
3528 4986 3692 5050 οὕτως

2134 5078 2357 5151 ἐφθάρη
2375 5079 2436 5132 τὸ
2458 5079 2555 5150 τῆς
2580 5077 2811 5142 διανοίας
2844 5077 3095 5150 φρόνημα
3118 5077 3236 5150 [ἄλ.
3257 5076 3334 5149 τῷ
3351 5079 3452 5150 τῆς
3475 5079 3693 5151 καρδίας

2136 5166 2500 5239 φρονήματι]⁸
2524 5168 2614 5224 καὶ
2648 5165 2902 5240 δι”αὺτῆς
2924 5170 2954 5220 ὁ
2995 5167 3163 5231 δόλιος
3198 5168 3289 5221 τὸν
3354 5168 3429 5221 ἰὸν
3481 5168 3686 5239 ἐκχέας,

2136 5259 2344 5315 καὶτὸν
2365 5258 2587 5314 θάνατον
2616 5260 2974 5331 συγκεράσας,
3017 5262 3096 5325 είς
3137 5259 3309 5315 πάντα
3360 5260 3452 5312 τὸν
3496 5260 3687 5329 κόσμον

2137 5358 2432 5429 εἰσήγαγεν
2456 5372 2469 5386 ο
2499 5356 2594 5411 καὶ
2614 5356 2702 5411 διὰ
2721 5355 2877 5410 τοῦτο
2904 5357 3011 5420 πᾶς
3050 5355 3169 5428 [ἄλ.
3213 5355 3388 5426 ἄπας]
3429 5357 3459 5408 ὁ
3502 5354 3684 5427 μόχθος

2135 5443 2242 5498 τῶν
2261 5443 2431 5512 ἁγίων
2456 5445 2701 5514 ἐγένετο·
2735 5446 2852 5500 ἀλλ’
2882 5449 2939 5501 ἐν
2974 5445 3109 5517 μόνῃ
3137 5449 3203 5517 τῇ
3241 5447 3372 5517 ἁγίᾳ
3416 5447 3679 5518 Παρθένῳ.

2135 5536 2195 5593 τὸ
2225 5533 2436 5607 ἐκείνης
2470 5538 2709 5601 πταῖσμα
2894 5535 3123 5609 πτῶμα]
3154 5537 3539 5595 ἀνασέσωσται.
3582 5536 3679 5592 Καὶ

1412 5713 1467 5787 7“
1505 5711 1687 5769 Matth.
1724 5731 1816 5786 ιιι,
1851 5715 1904 5770 8.
1981 5715 2025 5748 ⁸⁸

2144 5731 2196 5771 u.
2235 5730 2355 5783 xw,
2406 5715 2494 5770 22.
2590 5715 2636 5748 ⁸⁵
2672 5713 2804 5772 Luc.
2840 5732 2892 5778 ι,
2930 5715 3017 5770 28.
3111 5717 3156 5748 ⁸³
3197 5715 3329 5771 Ibid.
3362 5716 3462 5782 ΞΒ,
3497 5713 3588 5771 54.
