3950 6326
278 387 422 442 1H9

1183 388 1468 445 HOMILIA
1507 388 1529 443 Ι
1566 386 1634 444 ΙΝ
1675 384 2100 445 ANNU'NTIAT.
2144 383 2325 440 VIRG.
2356 380 2617 437 ΜΑιῖΙίΕ.

3363 378 3503 435 1150

272 508 339 562 οὐ
379 506 643 580 πρότερον
676 509 709 579 ὴ
743 506 871 577 άγία
888 507 948 562 τὸ
979 506 1148 580 δῶρον
1186 510 1550 582 ἐκαρτέρησεν
1590 507 1849 573 ὑποδέξα-

1953 503 2378 560 benedictionem
2408 497 2746 570 apportasti?
2776 496 2855 553 Ex
2875 493 3181 566 cujusmodi
3210 492 3503 561 thesturis,

273 598 428 665 σθαι,
461 601 590 671 πρὶν
626 599 692 654 ἂν
727 599 871 673 μάθῃ
884 600 967 665 τίς
987 602 1016 654 ό
1043 601 1308 672 πέμπων,
1355 602 1448 656 καὶ
1476 602 1528 655 τί
1566 600 1628 654 τὸ
1653 600 1844 672 δῶρον,

272 690 375 743 καὶ
403 690 488 753 τίς
509 691 538 743 ό
560 689 756 761 φέρων.
786 689 970 743 Ταῦτα
991 690 1117 744 καθ’
1146 690 1345 762 ἑαυτὴν
1380 691 1625 763 διηπόρει
1651 692 1685 763 ἡ
1718 691 1847 760 ἁγία

267 778 531 850 λέγουσα,
562 783 715 853 φησὶ,
749 781 885 853 πρὸς
911 783 1001 838 τὸν
1029 782 1286 851 ἄγγελονο
1318 782 1485 836 Πόθεν
1512 784 1642 854 ἡμῖν
1678 783 1848 847 οὕτως

266 871 378 942 τὴν
401 870 649 939 εὐλογίαν
679 870 1032 942 ἐξεκόμισας;
1075 871 1169 925 Ἐκ
1204 871 1371 925 ποίων
1393 874 1526 944 ἡμῖν
1561 870 1848 942 θησαυρῶν

270 964 304 1018 ὁ
343 962 687 1035 μαργαρίτης
721 961 816 1015 τοῦ
858 961 1014 1030 λόγου
1053 961 1417 1030 ἀπέσταλται;
1464 961 1632 1015 Πόθεν
1660 962 1844 1033 ἡμῖνὴ

268 1053 456 1127 δωρεά
494 1053 592 1125 τὴν
622 1052 877 1107 ὑπόθεσιν
918 1053 1036 1126 [ἄλ.
1060 1052 1395 1124 ὑπόσχεσιν]
1440 1053 1717 1123 κέκτηται.
1758 1051 1848 1117 Ἐξ

269 1145 505 1216 οὐρανοῦ
536 1145 933 1215 παραγέγονας,
964 1144 1079 1199 ἀλλ’
1109 1147 1202 1199 ἐπὶ
1230 1146 1333 1216 γῆς
1352 1145 1584 1216 βαδίζεις
1603 1161 1615 1174 ·
1635 1143 1846 1215 ἀνθρώ-

270 1254 383 1292 που
424 1237 746 1308 χαρακτῆρα
799 1235 1153 1301 ἐπιδεικνύεις
1180 1276 1195 1300 ,
1243 1236 1336 1291 καὶ
1383 1234 1640 1306 λαμπάδα
1672 1234 1848 1303 φωτὸς

270 1331 707 1402 ἀπαστράπτεις.
761 1329 945 1384 Ταῦτα
991 1330 1049 1383 ὲν
1106 1331 1270 1399 ἑαυτῇ
1330 1331 1362 1400 ἡ
1404 1328 1533 1396 ἁγία
1571 1328 1841 1393 διενοεῖτο,

266 1422 537 1487 τοιούτοις
562 1421 619 1475 δὲ
645 1421 821 1491 λόγοις
845 1422 874 1473 ό
904 1420 1239 1492 ἀρχάγγελος
1269 1419 1365 1491 τὴν
1386 1420 1657 1491 διάκρισιν
1678 1417 1847 1490 αὐτῆς

265 1516 485 1579 ἔλυσεν,
515 1512 683 1569 εἰπὼν
704 1513 840 1586 πρὸς
871 1514 1064 1584 αὐτή-νο
1097 1510 1338 1581 Πνεῦμα
1383 1510 1553 1582 ἅγιον
1599 1510 1846 1565 ἐπελεύ-

269 1624 447 1662 σεται
488 1606 585 1660 ἐπὶ
624 1604 699 1659 σὲ
722 1646 737 1673 ,
772 1603 869 1658 καὶ
911 1603 1162 1674 δύναμις
1196 1603 1478 1672 Ὑψίστου
1505 1600 1847 1657 ἐπισκιάσει

269 1717 398 1755 σοι.
435 1700 530 1754 Διὸ
556 1698 652 1753 καὶ
679 1699 744 1752 τὸ
768 1695 1143 1767 γεννώμενον
1165 1695 1233 1749 ἐκ
1258 1694 1373 1749 σοῦ
1399 1693 1599 1764 ἅγιον,
1626 1693 1849 1763 κληθή-

1948 597 2103 653 verbi
2147 594 2435 667 margarita
2465 592 2623 647 nobis
2654 590 2851 645 emiSsa
2879 589 2996 645 est?
3043 586 3193 643 Unde
3218 588 3378 643 nobis
3407 588 3508 642 do-
3564 638 3569 645 .

1949 705 2077 744 num
2121 688 2404 743 materiam
2444 684 2542 758 [αι.
2570 680 2921 755 promissum]
2972 680 3218 752 paravit?
3257 679 3336 735 Ex
3368 681 3506 736 caelo

1950 780 2254 848 advenisti,
2298 788 2355 834 at
2390 778 2447 833 in
2483 785 2626 832 terra
2663 775 2899 839 incedis;
2935 773 3226 829 humanam
3274 771 3503 827 formam

1947 874 2190 939 exhibes,
2215 883 2269 927 et
2294 870 2433 926 lucis
2464 868 2675 940 fulgore
2702 866 3035 936 resplendes.
3066 864 3191 920 Haec
3214 866 3340 920 dum
3363 864 3502 918 intra

1947 980 2019 1021 se-
2033 964 2300 1037 cogitaret
2335 958 2677 1016 sanctissima
2707 954 2891 1024 Virgo,
2925 953 3124 1008 talibus
3152 949 3504 1020 archangelus

1946 1056 2291 1113 sermonibus
2334 1048 2788 1121 disceptationem
2837 1046 2955 1117 ejus
2997 1046 3193 1109 solvit,
3229 1044 3412 1100 dicens
3435 1041 3503 1096 ad

1947 1150 2119 1221 ipsam
2148 1167 2160 1203 :
2198 1144 2431 1217 Spiritus
2458 1150 2673 1198 sanctus
2714 1138 3031 1210 superveniet
3062 1139 3117 1191 in
3140 1148 3189 1191 te
3210 1177 3224 1201 ,
3254 1145 3302 1190 et
3338 1136 3503 1189 virtus

1944 1240 2209 1294 Altissimi
2238 1234 2566 1292 obumbrabit
2595 1232 2709 1286 tibi.
2780 1230 2904 1284 Ideo
2931 1238 2980 1284 e:
3008 1229 3146 1300 quod
3174 1238 3413 1283 nascetur
3438 1239 3505 1281 ea:

1947 1340 1995 1385 te
2023 1339 2285 1395 sanctum,
2312 1326 2581 1381 vocabitur
2613 1322 2788 1378 Filius
2819 1323 2931 1378 Dei.
2949 1322 3031 1386 Et,
3049 1320 3129 1376 Ne
3144 1321 3346 1385 timeas,
3378 1317 3502 1372 Ma-

1945 1422 2031 1475 ria
2058 1437 2074 1474 :
2106 1435 2213 1474 non
2253 1415 2397 1472 enim
2429 1424 2489 1470 ut
2518 1424 2722 1470 metum
2768 1413 2865 1468 tibi
2905 1413 3236 1477 incuterem,
3271 1410 3501 1476 adveni;

1954 1511 2048 1566 sed
2077 1520 2138 1565 ut
2160 1517 2337 1565 metus
2371 1507 2650 1563 materiam
2675 1512 2778 1561 ate
2804 1504 3137 1575 rcpellerem.
3189 1501 3271 1557 Ne
3295 1504 3500 1570 timeas,

1946 1602 2162 1657 Maria:
2190 1599 2433 1655 invenisti
2460 1597 2597 1652 enim
2618 1597 2846 1667 gratiam
2874 1593 3011 1664 apud
3040 1594 3224 1647 Deum.
3262 1591 3339 1648 Ne
3362 1593 3506 1663 diju-

1946 1693 2096 1749 dices
2124 1691 2351 1762 gratiam
2383 1688 2678 1745 secundum
2709 1694 2977 1740 naturam.
3032 1684 3263 1753 Legibus
3301 1682 3397 1756 [αι.
3431 1684 3508 1737 le-

269 1806 448 1846 σεται
476 1791 610 1857 Υιὸς
630 1788 796 1846 Θεοῦ.
832 1788 943 1842 Καὶ
964 1785 1049 1858 μὴ
1083 1786 1289 1868 φοϐοῦ,
1322 1783 1556 1855 Μαριάμ
1576 1802 1590 1816 ’
1633 1785 1694 1840 οὐ
1734 1783 1845 1857 γὰρ

1952 1783 2027 1857 gi]
2058 1785 2201 1840 enim
2231 1792 2439 1837 natura:
2496 1797 2554 1837 se
2588 1778 2781 1848 subjici
2808 1778 2981 1849 gratia
3012 1791 3120 1832 non
3144 1777 3364 1846 patitur.
3395 1774 3506 1830 No-

272 1883 429 1955 φόϐῳ
453 1847 792 1952 κατασπλῆξαί
819 1897 879 1934 σε
907 1847 1284 1952 παραγέγονά,
1299 1847 1725 1942 ἀλλ’νὰποδιῶξαι

1952 1847 2039 1939 sti,
2074 1889 2107 1929 ο
2127 1873 2317 1940 Maria,
2350 1887 2471 1942 qua:
2496 1847 2836 1941 patriarchas
2859 1879 2912 1924 et
2937 1868 3227 1939 prophetas
3248 1866 3504 1921 latebant.

268 1970 442 2041 φόϐου
465 1969 563 2041 τὴν
592 1968 862 2024 ὑπόθεσιν.
894 1967 994 2037 Μὴ
1015 1968 1222 2037 φόϐου,
1250 1966 1483 2038 Μαριάμ
1500 1984 1515 1999 ’
1537 1963 1710 2037 εὗρες
1734 1966 1846 2038 γὰρ

267 2063 453 2136 χάριν
469 2064 630 2133 παρὰ
656 2062 738 2130 τῷ
777 2061 917 2128 Θεῷ.
943 2061 1053 2135 Τὴν
1073 2061 1232 2134 χάριν
1259 2061 1399 2116 κατὰ
1432 2061 1590 2131 φύσιν
1618 2060 1692 2133 μὴ
1714 2060 1845 2115 ἀνά-

267 2172 449 2226 κρινε.
477 2155 680 2228 Νόμοις
711 2153 845 2227 [ἄλ.
868 2153 1052 2227 νόμῳ]
1071 2153 1180 2226 γὰρ
1212 2155 1443 2223 φύσεως,
1469 2156 1503 2224 ἠ
1534 2154 1693 2226 χάρις
1717 2155 1848 2207 ὐπο-

266 2246 482 2302 6αίνειν
500 2248 603 2302 οὐκ
624 2247 893 2319 ἀνέχεται.
925 2248 1157 2317 Ἐγνως,
1177 2240 1223 2300 ὦ
1241 2245 1493 2319 Μαριὰμ,
1512 2245 1581 2299 τὰ
1604 2245 1729 2310 τοὺς
1746 2263 1848 2300 πα-

263 2338 538 2411 τριάρχας
570 2340 665 2393 καὶ
691 2338 969 2411 προφήτας
1012 2336 1358 2392 λανθάνοντα.
1406 2337 1768 2410 Μεμάθηκας,
1800 2332 1846 2392 ὧ

265 2429 538 2501 Παρθένε,
562 2429 599 2484 ἃ
634 2429 794 2501 μέχρι
826 2427 919 2483 τοῦ
956 2428 1052 2482 νῦν
1085 2428 1438 2503 κεκρυμμένα
1482 2429 1715 2493 καὶτοῖς
1750 2429 1848 2499 ἀγ-

264 2521 453 2593 γέλοις
478 2521 791 2593 ἐτύγχανον.
837 2521 1127 2592 Ἀκήκοας,
1167 2514 1212 2575 ὦ
1246 2520 1503 2589 παναγία,
1529 2513 1605 2574 ὧν
1636 2520 1847 2574 οὐδέπω

263 2617 299 2670 ὁ
331 2615 492 2688 χορὸς
520 2614 627 2670 τῶν
671 2613 943 2686 θεοφόρων
973 2612 1217 2682 ἠξίωται.
1254 2612 1493 2685 Μωῦσῆς
1525 2614 1618 2668 καὶ
1662 2612 1844 2680 Δαϐὶδ,

265 2708 372 2761 καὶ
419 2706 678 2773 Ἡσαΐας,
716 2705 810 2759 καὶ
857 2703 1073 2776 Δανιὴλ,
1104 2705 1201 2759 καὶ
1235 2704 1431 2769 πάντες
1479 2705 1528 2758 οἱ
1574 2704 1848 2776 προφῆται

251 2799 407 2871 ,περὶ
437 2796 598 2852 αὐτοῦ
642 2794 1057 2871 προεκήρυξαν⁴
1104 2795 1241 2850 ἀλλά
1289 2796 1351 2850 τὸ
1402 2796 1553 2862 πῶς,
1588 2797 1688 2850 οὐκ
1725 2796 1846 2850 ὲπί-

271 2909 487 2947 παντο.
510 2892 581 2946 Σὺ
606 2892 662 2945 δὲ
693 2892 851 2964 μόνη,
965 2888 1212 2958 παναγία
1239 2888 1506 2962 Παρθένε,
1543 2887 1613 2943 τὰ
1640 2886 1848 2951 τούτοις

270 2985 479 3040 ἃπασιν
507 2983 843 3054 ἀγνοηθέντα
876 2982 1173 3055 μυστήρια,
1196 2980 1292 3037 νῦν
1317 2981 1572 3052 ὑποδέχῃ,
1598 2980 1692 3035 καὶ
1715 2997 1849 3051 μαν-

269 3076 460 3141 θάνεις
637 3076 918 3147 ὑποδέχου,
947 3075 1040 3129 καὶ
1072 3071 1343 3145 μάνθανε]
1374 3072 1434 3127 τὸ
1464 3070 1644 3126 πόθεν.
1674 3072 1846 3126 Ὅπου

265 3167 386 3240 γὰρ
408 3168 631 3240 Πνεῦμα
647 3167 821 3237 ἅγιον,
837 3167 1016 3221 πάντα
1031 3164 1260 3236 ἑτοίμως
1284 3165 1421 3237 κατή
1430 3180 1657 3237 ρτισται.
1675 3164 1847 3218 Ὀπου
1875 3189 1916 3247 C

270 3260 400 3316 θεία
422 3261 603 3335 χάρις,
649 3260 828 3315 πάντα
865 3258 945 3331 τῷ
973 3258 1092 3332 Θεῷ
1119 3258 1339 3314 δυνατά.
1390 3257 1583 3328 Ἅγιον
1608 3254 1852 3327 Πνεῦμα

266 3352 377 3408 ἐπὶ
401 3353 477 3409 σὲ
497 3354 915 3420 ἐπελεύσεται,
956 3353 1056 3407 καὶ
1101 3352 1352 3422 δύναμις
1420 3348 1697 3418 Ὑψίστου
1729 3347 1852 3401 ἐπι-

269 3445 516 3501 σκιάσει
538 3462 660 3501 σοι·
695 3445 786 3500 διὸ
812 3445 993 3499 καὶτὸ
1017 3442 1387 3515 γεννώμενον
1411 3441 1482 3496 ἐκ
1513 3439 1628 3495 σοῦ
1658 3438 1849 3508 ἄτιον,

271 3538 643 3606 κληθήσεται
689 3537 822 3604 Υἱὸς
843 3536 1009 3591 Θεοῦ.
1050 3536 1112 3590 Εἰ
1141 3535 1198 3589 δὲ
1226 3534 1356 3598 Υἱὸς
1379 3532 1514 3587 Θεοῦ
1536 3571 1551 3597 ,
1584 3532 1676 3586 καὶ
1696 3530 1848 3595 Θεὸς,

272 3627 600 3703 σύμμορφος
624 3628 701 3700 τῷ
720 3628 915 3700 Πατρὶ,
945 3626 1040 3681 καὶ
1072 3624 1365 3689 συνατιῖιος,
1395 3624 1453 3679 έν
1480 3614 1524 3689 ᾧ
1552 3621 1730 3674 πᾶσαν
1758 3618 1850 3673 κέ-

274 3737 478 3793 κτηται
507 3722 537 3774 ό
576 3720 766 3792 Πατὴρ
806 3719 907 3790 τὴν
939 3717 1244 3791 φανέρωσιν
1263 3734 1276 3747 ⁸
1312 3718 1341 3770 ό
1387 3712 1671 3786 χαρακτὴρ
1694 3714 1751 3766 ἐν
1774 3709 1852 3782 τῷ

276 3813 561 3887 προσώπῳ
585 3854 600 3881 ,
638 3813 732 3867 καί
775 3810 863 3866 διὰ
890 3811 984 3865 τοῦ
1004 3810 1435 3881 ἀπαυγάσματος
1472 3809 1506 3878 ἡ
1537 3804 1664 3872 δόξα
1684 3819 1851 3857 κατα-

271 3907 572 3980 λάμπεται.
602 3905 713 3958 Kal.
735 3902 923 3975 ὥσπερ
949 3903 1015 3956 ἐκ
1044 3904 1144 3974 τῆς
1171 3898 1395 3955 ἀεννάου
1430 3897 1610 3969 πηγῆς
1651 3898 1698 3950 οἱ
1751 3910 1851 3949 πο-

270 3998 447 4070 ταμοὶ
481 3995 843 4068 προέρχονται
863 4014 878 4028 ο
916 3992 1090 4057 οὕτως
1132 3991 1231 4047 καὶ
1263 3991 1329 4044 ἐκ
1358 3989 1560 4059 ταύτης
1597 3988 1697 4058 τῆς
1731 3987 1855 4039 ἀεν-

271 4091 411 4147 νάου
463 4089 557 4143 καὶ
584 4086 811 4151 ἀειζώου
832 4086 1036 4158 πηγῆς,
1062 4084 1387 4156 προέρχεται
1412 4080 1472 4133 τὸ
1495 4079 1609 4150 φῶς
1636 4077 1728 4131 τοῦ
1757 4076 1852 4131 κό-

278 4198 445 4254 σμου,
470 4180 531 4234 τὸ
548 4179 772 4234 ἀένναον
795 4178 889 4232 καὶ
910 4175 1181 4247 ἀληθινὸν,
1212 4171 1446 4245 Χριστὸς
1465 4171 1495 4223 ὁ
1526 4170 1657 4234 Θεὸς
1672 4168 1848 4241 ἡμῶν.

279 4273 425 4345 Περὶ
450 4272 655 4344 ταύτης
682 4271 787 4343 γάρ
812 4271 861 4323 οἱ
891 4269 1161 4341 προφῆται
1189 4266 1522 4339 κεκράγασιν
1541 4281 1555 4295 ·
1606 4262 1715 4317 Τοῦ
1743 4277 1850 4315 πο-

275 4366 472 4436 ταμοῦ
511 4367 583 4420 τὰ
618 4363 921 4435 ὁρμήματά
948 4361 1338 4432 εὐφραίνουσι
1377 4358 1497 4431 [γρ.
1528 4355 1595 4410 τὸ
1621 4355 1853 4425 ὅρμημα

278 4457 617 4531 εὐφραίνει]
667 4457 782 4526 τὴν
825 4458 1006 4512 πόλιν
1027 4454 1134 4510 τοῦ
1177 4452 1361 4508 Θεοῦ’
1402 4451 1463 4504 οὐ
1507 4450 1635 4522 μίαν
1662 4448 1717 4501 δὲ
1750 4446 1849 4501 πό-

1947 1965 2216 2031 Didicisti,
2248 1979 2281 2019 ο
2308 1962 2491 2035 Virgo,
2520 1978 2641 2032 qua:
2670 1962 2848 2017 adhuc
2872 1960 3077 2032 angelis
3097 1960 3260 2014 etiam
3290 1957 3508 2013 fuerunt

1945 2057 2286 2114 abscondita.
2338 2054 2588 2119 Audisti,
2617 2068 2650 2108 o
2685 2053 3048 2117 sanctissima,
3082 2067 3202 2121 qua:
3228 2065 3506 2122 nunquam

1944 2149 2128 2205 divino
2183 2146 2388 2218 Spiritu
2439 2145 2741 2201 amatorum
2795 2145 2994 2200 chorus
3048 2143 3236 2199 audire
3288 2141 3505 2196 meruit.

1945 2240 2157 2313 Moyses
2185 2248 2240 2296 et
2266 2238 2435 2294 David
2457 2279 2474 2307 ,
2508 2238 2676 2294 lsaias
2705 2253 2768 2293 ac
2793 2236 3015 2304 Daniel,
3067 2236 3353 2307 cunctique
3383 2250 3508 2305 pro-

1945 2332 2119 2404 phetae
2165 2332 2232 2388 de
2276 2331 2396 2403 ipso
2426 2329 2902 2401 praedicaverunt;
2938 2329 3033 2384 sed
3079 2329 3298 2384 modum
3340 2327 3508 2381 ratio-

1948 2437 2142 2478 nemve
2188 2421 2534 2493 ignorarunt.
2584 2417 2665 2473 Tu
2717 2434 2846 2474 vero
2892 2419 3043 2486 sola,
3093 2435 3127 2473 υ
3163 2416 3506 2473 sanctissima

1947 2511 2113 2584 Virgo
2135 2554 2150 2580 ,
2196 2528 2319 2585 quae
2355 2513 2441 2569 bis
2471 2510 2726 2566 omnibus
2768 2509 2950 2580 ignota
2980 2508 3198 2565 fuerunt
3229 2506 3506 2580 mysteria,

1947 2623 2094 2664 nunc
2120 2604 2356 2676 suscipis
2378 2644 2395 2669 ,
2426 2618 2760 2673 causamque
2791 2602 3046 2672 intelligis
3074 2600 3171 2673 [αι.
3205 2600 3418 2669 suscipe
3454 2606 3510 2653 et

1946 2697 2229 2769 intellige].
2282 2695 2416 2751 Nam
2449 2695 2540 2750 ubi
2566 2692 2796 2764 Spiritus
2823 2702 3063 2755 sanctus,
3088 2700 3288 2746 cuncta
3318 2705 3506 2760 prom-

1946 2799 2037 2860 pte
2088 2797 2251 2858 atque
2302 2786 2682 2841 incunctanter
2735 2779 3106 2852 perﬁciuntur.
3172 2776 3277 2833 Ubi
3328 2777 3508 2831 divina

1948 2882 2102 2937 adest
2146 2879 2353 2952 gratia,
2403 2879 2589 2933 omnia
2614 2875 2726 2931 Deo
2759 2882 2887 2930 sunt
2927 2871 3223 2943 possibilia.
3276 2866 3508 2939 Spiritus

1947 2982 2162 3029 sanctus
2196 2971 2517 3043 superveniet
2556 2971 2612 3024 in
2639 2978 2719 3035 te,
2758 2976 2806 3023 et
2832 2967 2997 3021 virtus
3028 2962 3287 3016 Altissimi
3324 2960 3507 3014 obum-

1950 3067 2121 3121 brabit
2173 3065 2269 3121 tibi
2310 3081 2329 3119 :
2375 3065 2491 3118 ideo
2538 3074 2584 3117 et
2628 3062 2765 3133 quod
2810 3067 3053 3115 nascetur
3076 3072 3140 3111 ea:
3177 3064 3225 3110 te
3246 3063 3508 3119 sanctum,

1949 3157 2219 3213 vocabitur
2264 3154 2441 3211 Filius
2487 3154 2607 3209 Dei.
2673 3152 2731 3209 Si
2770 3162 2948 3207 autem
2975 3147 3149 3203 Filius
3178 3147 3299 3213 Dei,
3345 3144 3508 3200 etiam

1952 3250 2116 3318 Deus,
2141 3249 2388 3320 ejusdem
2417 3246 2603 3302 formae
2632 3258 2755 3299 cum
2790 3240 2948 3296 Patre
2968 3282 2983 3308 ,
3012 3248 3066 3293 et
3095 3246 3426 3299 coaeternus;
3454 3232 3511 3288 in

1953 3358 2062 3416 quo
2089 3357 2305 3397 onmem
2332 3339 2497 3395 Pater
2527 3337 2769 3409 possidet
2796 3332 3269 3395 clariﬁcationeni;
3315 3327 3510 3383 chara-

1952 3446 2066 3495 cter
2111 3445 2275 3505 atque
2323 3434 2502 3502 imago
2549 3430 2603 3483 in
2639 3442 2907 3499 persona;
2952 3432 3007 3479 et
3046 3438 3142 3493 per
3169 3419 3510 3491 splendorem

1952 3528 2119 3595 gloria
2144 3525 2394 3595 refulget.
2444 3521 2510 3576 Et
2538 3518 2998 3592 quemadmodum
3027 3531 3089 3570 ex
3116 3512 3337 3584 perenni
3365 3509 3514 3564 fonte

1951 3618 2253 3691 procedunt
2280 3614 2526 3680 ﬂumina,
2555 3612 2635 3668 sic
2661 3619 2716 3666 et
2742 3624 2810 3665 ex
2834 3608 2938 3662 hoc
2967 3604 3188 3677 perenni
3216 3618 3278 3657 ac
3302 3615 3512 3670 semper

1952 3711 2076 3765 vivo
2109 3708 2278 3772 fonte,
2309 3703 2655 3776 progreditur
2683 3699 2936 3772 perennis
2959 3705 3013 3752 et
3032 3711 3156 3751 vera
3180 3695 3271 3749 lux
3300 3691 3510 3757 mundi,

1952 3801 2205 3858 Christus
2238 3798 2383 3859 Deus
2406 3805 2610 3851 noster.
2652 3793 2724 3848 De
2747 3808 2813 3848 eo
2843 3804 3079 3860 namque
3108 3787 3383 3858 propheta:
3411 3785 3516 3839 cla-

1952 3903 2174 3951 marunt
2198 3912 2211 3947 :
2238 3892 2506 3947 Fluminis
2527 3892 2747 3959 impetus
2768 3886 3004 3955 laetiﬁcat
3028 3883 3288 3936 civitatem
3310 3878 3406 3932 Dei
3424 3877 3471 3911 ⁸⁷
3495 3910 3513 3938 ,

1952 4002 2143 4058 neque.
2177 3999 2342 4041 unam
2390 3982 2656 4037 duntaxat
2682 3978 2979 4039 civitatem,
3010 3975 3102 4030 sed
3127 3986 3351 4035 omnes;
3387 3982 3512 4022 nam

1954 4055 2095 4136 sicut
2125 4090 2289 4132 unam
2315 4073 2614 4136 civitatem,
2644 4069 2955 4124 universum
2985 4072 3254 4118 terrarum
3282 4055 3516 4111 laetiﬁcat

1953 4173 2161 4229 orbem.
2228 4165 2624 4222 Convenienter
2656 4161 2818 4232 igitur
2847 4156 3070 4229 angelus
3094 4151 3192 4225 [aL
3222 4150 3515 4217 archange-

1953 4262 2063 4335 lus]
2094 4267 2298 4318 sanctae
2323 4256 2506 4312 Mariae
2537 4253 2782 4325 Virgini,
2813 4249 2992 4320 primo
3026 4245 3268 4302 omnium
3289 4282 3305 4307 ,
3339 4238 3511 4294 illud:

1955 4330 2079 4418 Ave,
2111 4351 2287 4422 gratia
2314 4348 2488 4419 plena,
2522 4345 2781 4400 Dominus
2823 4350 3011 4405 tecum,
3042 4330 3511 4407 praesigniﬁcavit':

1955 4445 2215 4517 quoniam
2240 4456 2365 4496 cum
2397 4440 2517 4509 ipsa
2546 4445 2690 4492 totus
2723 4433 2909 4505 gratim
2955 4430 3241 4485 thesaurus
3266 4421 3514 4478 recondi-

278 4516 552 4618 λιξάλλά
578 4516 787 4613 πάσαςο
821 4548 1010 4620 ῶσπερ
1037 4546 1146 4618 γὰρ
1194 4544 1322 4616 μίαν
1356 4516 1540 4608 πόλιν,
1575 4539 1849 4611 εὐφραίνει

1957 4516 2046 4593 tus
2067 4544 2203 4590 erat.
2238 4532 2317 4587 Ex
2343 4531 2598 4587 omnibus
2631 4527 2776 4583 enim
2808 4518 3264 4595 generationibus,
3292 4516 3408 4569 hmc
3430 4526 3520 4568 so-

277 4642 383 4715 τὴν
412 4642 734 4713 οἰκουμένην
760 4640 993 4695 άπασαν.
1029 4639 1349 4711 Πρεπόντως
1370 4636 1546 4690 τοίνυν
1573 4636 1602 4688 ὁ
1623 4632 1851 4704 ἄγγελος

282 4732 411 4807 [ἄλ.
446 4733 813 4807 ἀρχάγγελος]
841 4734 906 4804 τῇ
955 4729 1085 4802 ἁγίᾳ
1127 4728 1316 4801 Μαρίᾳ
1360 4727 1622 4800 Παρθένῳ
1660 4724 1853 4799 πρώτῃ

289 4827 531 4890 πάντων,
560 4827 649 4880 τόδ
690 4825 885 4894 Χαῖρε,
911 4820 1366 4894 κεχαριτωμένη,
1404 4823 1437 4875 ό
1465 4820 1680 4888 Κύριος
1706 4819 1856 4889 μετὰ

283 4920 429 4985 σοῦ,
460 4920 836 4991 προεσήμανεν
858 4932 872 4947 ’
906 4913 1091 4987 ἐπειδὴ
1127 4913 1242 4986 μετ’
1264 4912 1432 4985 αὐτῆς
1457 4912 1575 4975 ὅλος
1592 4913 1622 4965 ὁ
1652 4910 1854 4982 θησαυ-

283 5012 383 5086 ρὸς
414 5011 514 5082 τῆς
545 5010 764 5083 χάριτος
794 5007 1128 5062 ὲναπέκειτο.
1170 5005 1264 5058 Ἐκ
1293 5003 1480 5057 πασῶν
1511 5002 1621 5075 γὰρ
1652 5003 1851 5072 γενεῶν

284 5101 427 5174 αὕτη
460 5102 592 5175 μόνη
622 5100 887 5172 παρθένος
915 5098 1045 5167 ἀγία
1088 5095 1299 5167 σώματι
1335 5095 1430 5149 καὶ
1469 5094 1732 5165 πνεύματι
1763 5093 1856 5162 γέ-

289 5210 480 5264 γονεν’
517 5194 611 5247 καὶ
639 5194 770 5265 μόνη
801 5192 953 5264 φέρει
977 5190 1068 5243 τὸν
1096 5187 1164 5240 τὰ
1191 5186 1368 5241 πάντα
1393 5185 1469 5258 τῷ
1515 5186 1716 5256 ῥήματι
1761 5185 1855 5254 φέ-

292 5303 479 5361 ροντα.
514 5287 622 5339 Καὶ
647 5286 709 5340 οὐ
754 5284 911 5356 μόνον
933 5274 1231 5351 θαυμάζειν
1273 5276 1419 5330 ἐστιν
1465 5275 1527 5328 τὸ
1565 5275 1665 5345 τῆς
1697 5273 1857 5343 ἁγίας

285 5379 351 5434 τὸ
377 5379 437 5433 ὲν
468 5377 679 5450 σώματι
724 5375 941 5438 κάλλος·
975 5370 1112 5426 ἀλλά
1140 5368 1235 5423 καὶ
1274 5366 1374 5437 τῆς
1404 5365 1582 5436 ψυχῆς
1613 5365 1704 5419 τὸν
1736 5364 1859 5418 ἐνά-

291 5487 448 5547 ρετον
489 5471 709 5541 τρόπον.
756 5468 846 5521 Διὸ
888 5465 985 5520 καὶ
1012 5464 1106 5517 τό·
1154 5459 1352 5529 Χαῖρε,
1383 5456 1854 5528 κεχαριτωμένη,

286 5546 429 5636 αὐτῇ
462 5562 654 5636 πρώτῃ
673 5563 701 5615 ὁ
729 5558 955 5630 ἄγγελος
1005 5554 1130 5628 [ἄλ.
1182 5549 1538 5626 ἀρχάγγελος]
1577 5546 1859 5621 προσεφὼ-

287 5672 487 5728 νησενο
533 5654 587 5708 '0
611 5654 824 5723 Κύριος
847 5652 997 5721 μετὰ
1025 5646 1163 5713 σοῦ,
1191 5646 1285 5700 καὶ
1304 5645 1366 5699 οὐ
1394 5643 1580 5714 γήϊνος
1610 5639 1856 5713 νυμφίοςο

361 5818 409 5850 ⁸⁷
450 5817 593 5875 Psal.
643 5830 785 5881 XLV,
825 5815 881 5870 5.

1958 4630 2010 4684 la
2036 4628 2211 4698 virgo,
2243 4632 2432 4680 sancta
2463 4634 2690 4690 corpore
2720 4628 2773 4671 et
2807 4614 3000 4686 spiritu
3039 4609 3265 4674 exstitit,
3294 4606 3517 4675 solaque

1959 4719 2064 4774 fert
2084 4696 2209 4772 eum
2238 4714 2332 4784 qui
2357 4710 2523 4767 verbo
2561 4707 2742 4762 omnia
2774 4713 2973 4775 portat.
3007 4700 3074 4757 Et
3092 4716 3200 4756 non
3225 4699 3401 4754 solum
3430 4696 3519 4750 ad-

1964 4811 2304 4867 mirationem
2331 4803 2491 4860 nobis
2519 4803 2662 4871 parit
2689 4797 3048 4856 sanctissimae
3076 4794 3220 4848 illius
3246 4792 3300 4846 in
3327 4803 3520 4859 corpo-

1964 4919 2023 4959 re
2047 4897 2414 4973 pulchritudo,
2442 4894 2535 4949 sed
2560 4900 2615 4947 et
2646 4891 2874 4945 virtutes
2907 4887 3102 4942 anima:
3122 4884 3261 4954 ejus.
3319 4881 3442 4936 Ideo
3464 4887 3519 4934 et

1963 4968 2145 5052 verbis
2174 4991 2282 5047 illis
2308 5008 2322 5045 :
2360 4987 2485 5053 Ave,
2511 4983 2686 5057 gratia
2710 4982 2883 5052 plena,
2902 4978 3134 5049 primum
3157 4974 3377 5045 angelus
3410 4968 3509 5043 [αι.

1962 5078 2347 5154 archangelus]
2390 5079 2566 5149 ipsam
2590 5072 2876 5130 salutando
2909 5067 3248 5139 compellavit
3279 5083 3293 5118 :
3326 5063 3509 5117 Domi-

1962 5196 2060 5237 nus
2091 5187 2280 5243 tecum,
2299 5186 2353 5229 et
2376 5187 2484 5227 non
2513 5178 2761 5224 terrenus
2781 5178 3043 5234 sponsus,
3064 5161 3156 5216 sed
3180 5160 3295 5229 ipse
3320 5154 3513 5211 sancti-

1963 5264 2234 5323 ﬁcationis
2275 5260 2375 5335 [οι.
2423 5252 2753 5326 sanctitatis]
2781 5252 3066 5316 Dominus,
3116 5258 3266 5319 pater
3292 5244 3516 5301 castita-

1965 5360 2060 5426 tis,
2091 5350 2517 5422 incorruptionis
2549 5359 2739 5404 auctor
2780 5353 2835 5401 et
2860 5342 3125 5399 libertatis
3146 5340 3334 5406 dator;
3366 5337 3517 5393 salu-

1962 5451 2034 5507 tis
2072 5430 2395 5520 procurator
2421 5484 2437 5511 ,
2483 5452 2537 5498 et
2586 5455 2730 5496 verae
2772 5440 2923 5511 pacis
2966 5444 3314 5493 conservator
3354 5440 3520 5502 atque

1964 5542 2224 5613 largitor;
2267 5537 2361 5609 qui
2399 5551 2467 5591 ex
2510 5542 2653 5589 terra
2687 5533 2893 5602 virgine
2918 5526 3119 5585 creavit
3144 5524 3437 5587 hominem,
3462 5530 3518 5579 et
3554 5552 3561 5557 -

1970 5650 2036 5692 ex
2065 5634 2208 5690 illius
2237 5632 2403 5687 latere
2426 5643 2490 5687 ac
2511 5633 2659 5685 costa
2687 5622 2853 5680 Evam
2884 5617 3177 5691 assumpsit
3203 5615 3300 5692 [aL
3329 5624 3519 5689 proluv-
