3950 6326
412 342 546 403 “5|

1040 341 1101 398 S.
1140 337 1472 399 GREGORII
1507 336 1865 397 THAUMAT.
1910 337 2058 394 OPP.
2099 338 2279 395 PARS
2317 336 2615 394 ALTERA.
2651 366 2723 377 —
2773 335 2998 392 DUBIA.

3505 333 3675 389 “5':

412 462 499 531 lit,
527 461 749 536 creavit]
786 481 800 518 :
830 461 921 518 hic
942 461 1204 520 Dominus
1234 470 1434 527 tecum,
1471 471 1527 518 et
1550 476 1766 518 rursum
1800 478 1867 518 ex
1894 472 1967 518 te.

2084 461 2184 515 ὶλλ’
2207 460 2369 524 αὐτὸς
2414 462 2443 513 6
2470 458 2563 513 τοῦ
2624 458 2898 529 ἁγιασμοῦ
2925 459 3128 532 Κύριος
3151 499 3167 523 ,
3220 461 3250 513 6
3286 459 3387 530 τῆς
3418 458 3677 527 ἁγνείας

415 555 569 625 Agite
614 554 780 626 igitur
806 596 822 621 ,
854 553 1161 610 charissimi
1186 596 1202 623 ,
1234 564 1289 610 et
1312 570 1414 611 nos
1454 556 1747 625 angelicam
1778 569 1975 610 conse-

416 654 625 701 ctantes
654 644 892 711 laudem,
910 644 1149 701 debitum
1178 662 1275 717 pro
1301 647 1508 702 viribus
1536 647 1673 716 grati
1705 644 1802 719 [αι.
1826 654 1978 718 grato

418 733 623 807 animo]
657 736 1058 805 persolvamus,
1092 736 1374 793 dicentes:
1408 738 1513 792 Ave
1541 752 1605 792 ac
1635 736 1830 808 gaude,
1853 752 1977 807 gra-

418 830 494 883 tia
537 828 731 898 plena,
780 828 1036 884 Dominus
1080 839 1267 885 tecum.
1337 828 1512 884 Tuum
1556 829 1701 885 enim
1742 844 1866 885 vere
1895 837 1978 885 est

416 935 575 976 avere
632 930 797 991 atque
837 922 1100 991 gaudere;
1139 920 1396 991 quoniam
1434 929 1610 978 tecum
1642 920 1826 976 divina
1849 935 1975 987 gra-

416 1011 514 1076 tia,
549 1020 608 1066 ut
637 1012 811 1076 novit,
833 1012 1219 1069 habitationem
1252 1012 1443 1083 elegit;
1472 1028 1597 1068 cum
1623 1012 1839 1078 ancilla,
1863 1011 1976 1067 Rex

419 1102 602 1174 gloria}
633 1120 647 1157 :
678 1118 802 1159 cum
852 1104 1133 1173 speciosa,
1186 1104 1448 1173 speciosus
1496 1103 1671 1174 forma
1714 1119 1823 1173 prw
1845 1101 1975 1174 ﬁliis

416 1192 686 1246 hominum
710 1192 793 1258 ⁸⁸;
829 1208 953 1248 cum
988 1193 1289 1264 impolluta,
1311 1196 1402 1266 qui
1425 1194 1730 1251 sanctificat
1754 1195 1974 1251 univer-

418 1298 501 1338 sa.
529 1282 731 1339 Tecum
761 1283 925 1349 Deus,
960 1294 1015 1340 et
1036 1300 1101 1341 ex
1126 1295 1180 1342 te
1209 1284 1379 1352 Deus,
1407 1302 1473 1343 ac
1494 1287 1764 1359 perfectus
1789 1288 1973 1356 homo,

416 1374 472 1430 in
517 1391 626 1447 quo
644 1378 822 1434 omnis
864 1378 1143 1449 plenitudo
1185 1380 1482 1435 divinitatis
1512 1380 1795 1437 inhabitat.
1841 1382 1967 1445 Ave,

416 1472 593 1541 gratia
617 1471 774 1542 plena
793 1514 809 1537 ,
844 1472 967 1528 fons
993 1472 1130 1529 lucis
1152 1513 1169 1540 ,
1192 1474 1285 1544 qui
1309 1482 1535 1529 cunctos
1565 1475 1618 1529 in
1653 1475 1825 1544 ipsum
1860 1488 1977 1530 cre—

416 1562 605 1619 dentes
631 1562 918 1621 illuminat.
956 1564 1077 1633 Ave,
1110 1566 1286 1636 gratia
1308 1565 1484 1636 plena,
1509 1565 1862 1636 intelligibilis
1886 1580 1976 1621 so-

416 1652 486 1709 lis
509 1655 691 1712 oriens
726 1654 824 1728 [αι.
856 1657 987 1712 solis
1006 1656 1229 1727 iustitia:
1259 1656 1499 1729 oriens],
1520 1666 1575 1713 et
1602 1656 1702 1714 ﬂos
1726 1658 1849 1713 vitae
1870 1659 1975 1712 im-

419 1743 741 1800 maculatus.
798 1743 924 1811 Ave,
952 1748 1128 1817 gratia
1156 1745 1311 1817 plena
1330 1788 1345 1814 ,
1372 1756 1584 1817 pratum
1608 1746 1977 1818 fragrantissi-

2078 549 2211 622 [ἄλ.
2235 548 2424 621 ἁγίας]
2451 550 2655 622 πατὴρ,
2683 551 2713 602 6
2730 549 2830 620 τῆς
2844 548 3151 620 ἀφθαρσίας
3165 547 3407 619 κτίστης,
3431 549 3531 601 καὶ
3550 548 3682 619 τῆς

2071 646 2382 719 ἐλευθερίας
2412 646 2595 718 δοτὴρ,
2629 644 2659 697 6
2687 644 2787 716 τῆς
2807 644 3077 716 σωτηρίας
3103 641 3376 714 κηδεμὼν,
3413 641 3513 696 καὶ
3550 641 3683 711 τῆς

2072 737 2304 811 ἀληθοῦς
2322 740 2545 811 εἰρήνης
2564 736 2768 809 ταμίας
2792 735 3044 807 χορηγὸς,
3078 737 3107 790 6
3136 737 3200 788 ἐκ
3230 734 3332 804 τῆς
3360 733 3686 805 Παρθένου

2073 831 2176 902 γῆς
2208 829 2418 893 πλάσας
2442 829 2533 883 τὸν
2558 827 2863 900 ἄνθρωπον,
2893 828 2987 882 καὶ
3019 828 3084 879 ὲκ
3114 827 3210 898 τῆς
3245 826 3454 880 ἐκείνου
3487 826 3691 880 πλευ.

2076 923 2175 993 ρᾶς
2209 922 2309 991 τὴν
2339 919 2483 975 Εὔαν
2537 918 2970 992 προσλαωμενος
3002 916 3132 989 [ἀλ.
3154 916 3611 989 προϐαλλόμενος
3628 913 3683 987 ]⁶

2072 1006 2223 1076 οὗτος
2250 1014 2278 1065 6
2313 1010 2517 1082 Κύριος
2566 1010 2704 1082 μετὰ
2732 1008 2848 1075 σοῦ,
2876 1010 2971 1062 καὶ
2997 1008 3159 1063 πάλιν
3200 1011 3265 1063 ὲκ
3312 1007 3429 1061 σοῦ.
3474 1007 3693 1081 Δεῦρο

2074 1102 2203 1176 [ἄλ.
2232 1100 2409 1174 δεῦτε]
2437 1101 2633 1167 τοίνυν,
2658 1100 2952 1175 ἀγαπητοὶ,
2983 1100 3249 1172 καὶήμεῖς
3274 1099 3347 1170 τῷ
3366 1097 3692 1170 ἀγγελικῷ

2074 1197 2209 1268 αἴνῳ
2240 1194 2615 1267 συνεπόμενοι,
2644 1194 2745 1266 τὴν
2766 1193 2909 1249 κατά
2936 1193 3166 1265 δύναμιν
3195 1192 3411 1265 ὀφειλὴν
3437 1190 3695 1262 εὐγνώ-

2077 1306 2236 1360 μονες
2288 1287 2414 1360 [γρ.
2477 1286 2871 1358 εὐγνωμόνως]
2935 1285 3313 1358 ἀποτίσωμεν,
3357 1285 3689 1355 λέγοντεςο

2073 1380 2265 1449 Χαῖρε,
2291 1377 2746 1449 κεχαριτωμένη,
2776 1381 2810 1432 ὁ
2827 1378 3043 1447 Κύριος
3073 1377 3224 1448 μετὰ
3242 1377 3375 1432 σοῦ.
3407 1378 3513 1431 Σὺν
3546 1376 3692 1448 γὰρ

2073 1472 2135 1526 τὸ
2164 1471 2372 1544 χαίρειν
2401 1469 2646 1542 ἀληθῶς*
2677 1468 2864 1543 ἐπειδὴ
2916 1468 3057 1540 μετά
3089 1468 3183 1523 σοῦ
3218 1471 3253 1541 ἠ
3298 1469 3414 1522 θεία
3463 1468 3687 1540 χάρις,

2073 1562 2149 1628 ὡς
2174 1558 2312 1619 οἶδεν
2337 1603 2353 1628 ,
2397 1563 2704 1634 ἐσκήνωσεν
2723 1579 2737 1592 ’
2795 1560 2935 1632 μετὰ
2969 1565 3068 1632 τῆς
3093 1562 3303 1635 δούλης,
3328 1564 3356 1617 6
3381 1563 3691 1626 Βασιλεὺς

2075 1656 2173 1727 τῆς
2217 1655 2372 1727 δόξης
2392 1672 2406 1686 ⁸
2438 1654 2576 1726 μετά
2600 1655 2698 1727 τῆς
2726 1653 2959 1729 ὡραίας,
2977 1657 3010 1708 ό
3025 1654 3239 1723 ὡραῖος
3256 1653 3466 1709 κάλλει
3489 1653 3692 1723 παρὰ

2076 1747 2218 1819 τοὺς
2242 1746 2411 1814 υἱοὺς
2446 1746 2565 1803 τῶν
2591 1744 2949 1815 ἀνθρώπων·
2999 1745 3137 1817 μετά
3172 1746 3269 1818 τῆς
3297 1747 3609 1818 ἀμιάντου,
3649 1748 3688 1800 ὁ

417 1850 588 1891 mum.
620 1835 747 1903 Ave,
771 1839 947 1908 gratia
981 1837 1135 1908 plena
1156 1879 1172 1905 ,
1213 1838 1341 1893 vitis
1367 1853 1580 1907 semper
1602 1838 1821 1910 vigens;
1856 1853 1979 1909 qua:

2084 1811 2316 1909 ἁγιάζων
2342 1811 2412 1893 τά
2434 1811 2744 1910 σύμπαντα.
2770 1838 2926 1893 Μετά
2955 1811 3047 1891 σοῦ
3074 1840 3103 1891 6
3132 1811 3282 1903 Θεδς,
3312 1811 3404 1893 καὶ
3443 1811 3687 1906 τέλειος

416 1925 628 1982 animas
650 1927 1062 1997 gloriﬁcantium
1094 1936 1146 1983 te
1171 1928 1431 1983 laetificas.
1457 1930 1587 1993 Ave,
1613 1929 1788 1999 gratia
1802 1926 1976 1998 plena,

419 2031 550 2088 ager
569 2018 663 2088 qui
688 2033 793 2073 non
816 2026 1069 2074 exaratus
1093 2017 1302 2075 fructus
1324 2018 1529 2090 profert
1548 2020 1976 2090 pulcherrimos:

420 2110 722 2165 secundum
756 2120 1007 2166 naturam
1040 2110 1280 2182 quidem,
1313 2127 1379 2167 eo
1408 2112 1553 2183 quod
1585 2126 1736 2168 more
1766 2120 1977 2179 nostro,

416 2212 471 2259 et
501 2212 739 2274 tempore
768 2213 947 2260 motus
1035 2205 1461 2277 gestationisque
1507 2213 1721 2260 servato
1756 2205 1981 2275 protuli-

417 2295 520 2361 sti;
553 2304 609 2349 at
629 2304 824 2365 prazter
855 2304 1127 2362 naturam,
1152 2306 1250 2352 aut
1270 2298 1449 2368 potius
1491 2311 1657 2367 supra
1703 2306 1979 2364 naturam,

417 2383 547 2453 quia
582 2398 813 2454 superne
854 2386 1095 2442 divinum
1129 2386 1366 2444 Verbum
1394 2387 1647 2453 advenit,
1695 2395 1752 2443 et
1774 2387 1827 2443 in
1857 2402 1983 2445 san-

417 2484 505 2529 cto
538 2483 633 2529 tuo
659 2485 814 2530 utero
841 2476 1107 2533 Adamum
1135 2476 1471 2545 reformavit,
1505 2494 1570 2534 ac
1595 2477 1978 2536 fecunditatem

421 2565 641 2637 quidem
689 2566 924 2638 Spiritus
970 2580 1194 2627 sanctus
1223 2581 1425 2627 sanctae
1454 2569 1662 2643 Virgini
1714 2573 1976 2643 praebuit;

421 2674 609 2714 verum
656 2669 838 2716 autem
880 2676 1080 2732 corpus
1127 2677 1193 2719 ex
1234 2662 1353 2732 ejus
1379 2677 1604 2733 corpore
1638 2672 1977 2735 assumptum

417 2758 523 2813 est,
583 2749 651 2807 Et
678 2752 821 2808 sicut
850 2755 1140 2824 margarita
1166 2753 1279 2825 (ll)
1305 2770 1371 2810 ex
1393 2754 1603 2813 duabus
1626 2756 1837 2812 naturis
1859 2798 1875 2823 ,
1911 2772 1977 2812 ex

419 2841 635 2917 fulgure
662 2845 919 2900 nimirum
948 2855 1001 2901 et
1022 2861 1186 2916 aqua,
1212 2848 1440 2903 occultis
1485 2847 1813 2918 quibusdam
1839 2848 1980 2904 indi-

415 2934 516 2991 ciis
550 2949 616 2990 ac
639 2934 809 3006 signis
839 2936 1006 2990 maris
1054 2937 1329 3006 provenit;
1361 2938 1437 2993 ita
1465 2951 1684 3008 quoque
1715 2937 1980 2995 Dominus

419 3034 606 3082 noster
651 3024 810 3082 Jesus
854 3027 1126 3095 Christus,
1181 3028 1464 3086 inconfuse
1487 3038 1543 3085 et
1568 3030 1981 3086 immutabiliter

2076 1932 2382 2005 ἄνθρωπος,
2412 1933 2471 1986 ὲν
2502 1923 2546 2000 ᾧ
2583 1932 2827 1985 κατοικεῖ
2857 1932 2967 1987 πᾶν
2992 1930 3054 1983 τὸ
3086 1929 3358 2003 πλήρωμα
3396 1930 3506 2002 τῆς
3538 1931 3689 1985 Θεό-

2078 2024 2460 2097 τητος.Χαῷε,
2490 2020 2943 2093 κεχαριτωμένη,
2972 2023 3005 2094 ἡ
3043 2020 3194 2093 πηγὴ
3218 2021 3311 2076 τοῦ
3341 2019 3544 2092 φωτὸς,
3566 2019 3687 2074 τοῦ

2078 2115 2403 2187 φωτίζοντος
2462 2115 2691 2178 πάντας,
2724 2114 2851 2177 τοὺς
2901 2114 2980 2177 εἰς
3040 2113 3201 2166 αὐτὸν
3273 2112 3681 2175 πιστεύοντας.

2076 2205 2721 2281 Χαῷε,κεχαριτωμένη
2743 2245 2759 2270 ,
2805 2203 2901 2259 τοῦ
2943 2202 3133 2276 νοητοῦ
3170 2203 3378 2277 ἡλίουή
3412 2202 3686 2275 ἀνατολὴ

2078 2300 2219 2374 [ἀλ.
2248 2299 2397 2373 ἡλίου
2427 2299 2527 2369 τῆς
2553 2296 2900 2368 δικαιοσύνης
2942 2297 2976 2368 ἡ
3012 2293 3310 2368 ἁνατολὴᾞ,
3342 2295 3437 2349 καὶ
3464 2295 3530 2347 τὸ
3558 2294 3687 2365 τῆς

2079 2392 2226 2462 ζωῆς
2244 2392 2505 2462 ἀμίαντον
2535 2388 2713 2453 ἀνθος.
2766 2385 3413 2458 Χαῷε,κεχαριτωμένη
3435 2425 3453 2450 ,
3484 2387 3515 2439 6
3546 2386 3687 2440 λει-

2082 2486 2195 2555 μὼν
2222 2483 2320 2554 τῆς
2348 2481 2587 2545 εὐωδίας.
2617 2478 3285 2552 Χαῖρε,κεχαριτωμένη,
3326 2479 3360 2549 ἡ
3402 2478 3687 2549 ἄμπελος

2079 2580 2112 2649 ὴ
2142 2575 2416 2647 ἀειθαλὴς,
2438 2577 2470 2644 ή
2491 2573 2850 2647 εὐφραίνουσα
2870 2572 2968 2637 τάς
2993 2571 3170 2643 ψυχὰς
3197 2570 3304 2625 τῶν
3323 2570 3382 2624 σὲ
3404 2569 3689 2635 δοξαξόν-

2077 2686 2203 2723 των.
2220 2666 2413 2745 Χαῖρε,
2445 2663 2901 2739 κεχαριτωμένη,
2933 2665 2967 2734 ἡ
2993 2662 3341 2736 ἀγεώργητος
3367 2662 3691 2734 καλλίκαρ-

2080 2777 2179 2824 πος
2208 2759 2433 2832 ἄρουρα.
2469 2755 2628 2811 Κατὰ
2653 2755 2812 2827 φύσιν
2839 2756 2967 2827 μὲν,
3001 2755 3089 2809 διά
3117 2756 3177 2809 τὸ
3205 2755 3326 2809 καθ’
3356 2755 3532 2826 ἡμᾶς,
3563 2756 3687 2811 καὶ

2078 2849 2166 2905 διὰ
2195 2848 2283 2903 τὸν
2304 2847 2490 2919 χρόνον
2513 2846 2614 2916 τῆς
2636 2846 2922 2916 ἀσκήσεως
2944 2840 3239 2917 [κυήσεως]
3262 2862 3275 2875 ·
3300 2844 3451 2915 παρὰ
3486 2843 3679 2912 φύσιν

2078 2941 2156 3007 δὲ,
2174 2939 2372 3013 μᾶλλον
2394 2939 2451 2994 δὲ
2469 2940 2607 3011 ὑπὲρ
2633 2939 2814 3009 φύσιν,
2833 2938 2921 2993 διὰ
2942 2938 3032 2992 τὸν
3049 2935 3251 2992 ἀνωθεν
3271 2935 3677 3006 ὲνδημήσαντα

2078 3034 2210 3088 Θεὸν
2235 3034 2432 3097 Λόγον,
2461 3032 2554 3088 καὶ
2592 3034 2651 3086 ὲν
2686 3034 2751 3104 τῇ
2785 3031 2918 3103 ἁγίᾳ
2958 3047 3051 3083 σου
3076 3030 3274 3100 γαστρὶ
3310 3028 3400 3082 τὸν
3468 3028 3669 3099 uasa

415 3131 481 3172 ex
514 3131 650 3189 pura
674 3132 740 3172 ac
764 3126 939 3184 casta,
982 3127 1037 3173 et
1062 3118 1340 3188 impolluta
1368 3135 1433 3175 ac
1453 3130 1638 3177 sancta
1661 3119 1829 3177 Maria
1862 3120 1981 3177 Vir-

2086 3124 2492 3189 ἀναπλάσαντα,
2520 3124 2615 3178 καὶ
2649 3123 2708 3178 τὸ
2738 3123 2835 3195 μὲν
2864 3122 3105 3193 γόνιμον,
3124 3125 3191 3193 τῇ
3217 3119 3348 3193 ἁγία
3392 3120 3682 3198 Παρθένῳ

416 3207 541 3277 gine
567 3209 926 3279 progreditur,
954 3209 1010 3265 in
1042 3210 1242 3266 deitate
1266 3210 1556 3282 perfectus,
1574 3214 1704 3268 etin
1735 3214 1983 3270 humani-

418 3306 529 3353 tate
568 3297 838 3369 perfectus
861 3337 877 3364 ,
921 3296 1067 3354 Patri
1110 3315 1207 3371 per
1248 3300 1430 3356 omnia
1471 3300 1667 3358 similis
1696 3343 1711 3369 ,
1742 3311 1797 3358 et
1825 3303 1981 3360 nobis

420 3406 517 3462 per
560 3390 744 3471 omnia
770 3391 1245 3449 consubstantialis
1263 3435 1280 3460 ,
1325 3394 1421 3450 sed
1450 3394 1629 3450 omnis
1655 3396 1861 3464 peccati
1881 3411 1980 3450 ex-

418 3494 567 3550 pers.

2085 3216 2354 3289 παρέσχεν
2378 3216 2440 3269 τὸ
2463 3217 2616 3284 ἁγιον
2649 3213 2872 3286 Πνεῦμα
2895 3231 2908 3245 ·
2941 3216 2976 3286 ἡ
3006 3214 3061 3268 δὲ
3093 3213 3318 3286 ἀλήθεια
3347 3212 3438 3267 τοῦ
3466 3212 3681 3284 σώμα-

2082 3323 2175 3370 τος
2221 3304 2569 3377 προσελήφθη
2601 3305 2666 3358 ἐκ
2689 3302 2783 3358 τοῦ
2822 3302 3072 3375 σώματος
3104 3303 3293 3374 αὐτῆς.
3328 3303 3438 3356 Καὶ
3468 3302 3683 3376 ὥσπερ

2083 3399 2112 3450 6
2144 3396 2486 3469 μαργαρίτης
2514 3398 2579 3451 ὲκ
2615 3396 2723 3450 τῶν
2754 3396 2847 3450 δύο
2878 3395 3112 3466 φύσεων,
3146 3395 3206 3463 ἐξ
3239 3395 3535 3468 ἀστραπῆς
3567 3398 3681 3450 καὶ

2088 3486 2298 3554 ὓδατος,
2327 3489 2390 3541 ἐκ
2408 3486 2514 3541 τῶν
2530 3488 2738 3560 ἀδήλων
2765 3487 3006 3560 σημείων
3030 3489 3128 3559 τῆς
3160 3486 3436 3558 θαλάσσης
3461 3487 3679 3559 προέρ-

416 3591 598 3647 χεται·
629 3576 799 3642 οὕτως
819 3578 912 3632 καὶ
930 3579 959 3632 6
987 3577 1307 3651 Δεσπότηςή
1316 3578 1430 3651 μῶν
1463 3578 1671 3650 Ἰησοῦς
1697 3582 1726 3634 6
1744 3580 1998 3653 Χριστὸς,
2059 3583 2376 3654 ἀσυγχύτως
2418 3583 2511 3637 καί⁵
2535 3583 2839 3655 ἀτρέπτως,
2862 3584 2926 3638 ἐκ
2963 3583 3061 3655 τῆς
3080 3582 3323 3655 καθαρᾶς
3345 3584 3440 3637 καὶ
3462 3584 3669 3653 ἁγνῆς,

417 3669 513 3723 καὶ
550 3669 847 3741 ἀμιάντου,
883 3672 977 3726 καὶ¹
1010 3672 1171 3742 ἁγίας
1220 3673 1497 3746 Παρθένου
1530 3676 1751 3747 Μαρίας
1783 3678 2130 3750 προέρχεται,
2173 3680 2232 3732 ὲν
2280 3677 2495 3750 θεότητι
2532 3677 2756 3743 τέλειος,
2797 3679 2891 3732 καὶ
2917 3680 2972 3731 ὲν
3014 3678 3393 3750 ἀνθρωπότητι
3430 3678 3671 3743 τέλειος,

419 3764 561 3818 κατά
601 3766 777 3822 πάντα
818 3768 1002 3839 ὅμοιος
1029 3767 1107 3839 τῷ
1146 3768 1350 3841 Πατρὶ,
1384 3770 1480 3823 καὶ
1526 3769 1808 3840 όμοούσιος
1841 3772 1971 3842 ἡμῖν
2005 3772 2142 3827 κατά
2170 3772 2365 3839 πάντα,
2397 3772 2566 3845 χωρὶς
2596 3772 2887 3844 ἁμαρτίας.

488 3862 715 3917 Plurimi
761 3872 1072 3921 sanctorum
1122 3862 1343 3919 Patrum
1369 3904 1386 3931 ,
1450 3864 1882 3934 patriarcharum
1930 3874 1986 3921 et

419 3954 810 4026 prophetarum
834 3955 1211 4011 desiderarunt
1237 3971 1361 4011 eum
1381 3956 1564 4012 videre
1587 3969 1642 4013 et
1663 3971 1845 4013 coram
1867 3971 1987 4027 spe-

419 4054 656 4103 ctatores
685 4046 825 4112 tleri,
859 4055 914 4101 et
937 4062 1047 4102 non
1077 4057 1392 4117 potuerunt.
1449 4046 1516 4102 Et
1540 4047 1631 4101 alii
1666 4048 1884 4119 quidem
1915 4063 1981 4103 ex

422 4140 556 4211 ipsis
598 4155 697 4211 per
737 4139 975 4195 visiones
1000 4140 1367 4195 adumbratim
1399 4139 1457 4193 in
1480 4139 1857 4211 tenigmatibus
1882 4139 1979 4213 [αι.

424 4233 479 4288 in
506 4228 813 4303 aenigmate]
861 4239 1286 4300 conspexerunt;
1337 4231 1431 4286 alii
1477 4245 1604 4287 vero
1646 4230 1703 4286 in
1731 4232 1985 4287 columna

424 4325 586 4382 nubis
609 4324 850 4381 divinam
890 4338 1082 4379 vocem
1113 4324 1423 4389 audierunt,
1452 4332 1508 4380 et
1537 4334 1851 4381 sanctorum
1888 4338 1987 4379 an-

420 4418 665 4487 gelorum
697 4415 1008 4488 aspectibus
1048 4415 1203 4486 potiti
1244 4423 1404 4482 sunt;
1444 4416 1512 4471 ad
1546 4414 1776 4472 Mariam
1805 4422 1988 4471 autem

422 4509 688 4580 virginem
729 4508 900 4565 solam
944 4516 1188 4563 sanctam
1230 4505 1447 4562 Gabriel
1493 4508 1850 4578 archangelus
1887 4505 1985 4580 [αι.

424 4599 670 4672 angelus]
713 4600 861 4656 claro
900 4599 1105 4653 lumine
1135 4598 1312 4664 venit,
1345 4599 1471 4666 Ave,
1498 4600 1676 4671 gratia
1701 4598 1888 4669 plena,
1936 4596 1988 4653 ei

426 4693 797 4762 annuntians;
846 4702 903 4752 et
949 4692 1028 4757 sic
1072 4692 1190 4765 ipsa
1239 4691 1477 4749 Verbum
1530 4694 1789 4764 suscepit,
1834 4700 1891 4747 et
1931 4692 1988 4747 in

429 4790 673 4853 tempore
703 4800 980 4856 corporea:
1010 4786 1388 4856 completionis
1419 4786 1713 4856 pretiosam
1735 4782 1992 4854 margari-

432 4882 542 4929 tam
564 4875 837 4943 produxit.
890 4876 1091 4934 Adeste
1130 4878 1324 4949 igitur,
1365 4891 1466 4933 vos
1493 4890 1709 4946 quoque
1731 4874 1990 4931 charissi-

431 4965 528 5029 mi,
578 4974 633 5021 et
672 4966 853 5022 dulcia
895 4970 1058 5024 verba
1100 4969 1192 5024 illa
1231 4985 1297 5025 ex
1324 4968 1558 5040 spiritali
1582 4967 1750 5024 David
1774 4968 1987 5022 cithara

429 5057 590 5113 nobis
634 5068 1016 5128 repraesentata
1061 5062 1449 5130 decantemus,
1482 5062 1758 5118 dicentes:
1799 5058 1987 5131 Surge,

432 5148 673 5210 Domine.
724 5150 779 5203 in
808 5153 1034 5220 requiem
1066 5161 1234 5219 tuam,
1272 5162 1349 5218 tu,
1375 5162 1425 5207 et
1455 5170 1582 5208 arca
1609 5152 1992 5222 sanctiﬁcatio—

435 5239 518 5295 nis
546 5248 649 5294 tute
678 5238 745 5294 ".
792 5237 931 5295 Vere
976 5240 1123 5296 enim
1154 5257 1282 5299 arca
1314 5253 1397 5299 est
1426 5242 1774 5300 sanctissima
1806 5240 1988 5310 Virgo,

435 5334 765 5399 intrinsecus
789 5341 844 5388 et
865 5333 1203 5395 extrinsecus
1223 5334 1504 5402 deaurata,
1532 5350 1654 5404 qua:
1681 5334 1991 5390 universum

434 5426 879 5484 sanctiﬁcationis
910 5425 1226 5485 thesaurum
1251 5428 1507 5499 suscepit.
1538 5426 1725 5499 Surge,
1753 5426 1991 5490 Domine,

505 5595 718 5653 “Psal.
754 5611 913 5665 xuv,
959 5595 1013 5651 5.
1085 5594 1130 5629 ⁸³
1173 5593 1322 5651 Psal.
1357 5611 1542 5663 cum,
1568 5594 1622 5651 8.

2157 3868 2403 3922 Πλεῖστοι
2421 3867 2529 3921 τῶν
2556 3867 2726 3937 ἁγίων
2748 3866 3027 3940 Πατέρων,
3051 3867 3145 3920 καὶ
3166 3865 3547 3939 πατριαρχῶν,
3568 3866 3676 3919 καὶ

2088 3956 2399 4029 προφητῶν,
2435 3955 2785 4028 ἐπεθύμησαν
2816 3957 2962 4020 ἰδεῖν,
2983 3957 3075 4010 καὶ
3098 3956 3361 4010 αὐτόπται
3382 3955 3673 4025 γενέσθαι.

2088 4049 2183 4102 καὶ
2221 4048 2280 4102 οὐ
2332 4048 2636 4118 γεγόνασιν.
2673 4048 2783 4100 Καὶ
2823 4049 2873 4100 οἱ
2925 4047 3023 4119 μὲν
3069 4046 3284 4111 αὐτῶν,
3318 4046 3410 4100 διὰ
3440 4048 3673 4118 ὁράσεις

2089 4143 2250 4197 αὐτὸν
2294 4141 2537 4205 τυπικῶς
2585 4142 2644 4194 ὲν
2704 4138 3016 4210 αἰνίγμασιν
3231 4139 3289 4193 ὲν
3341 4138 3671 4211 αἰνίγματι]

2092 4233 2381 4290 ἐθεάσαντο
2401 4250 2415 4266 ο
2444 4234 2493 4287 οἰ
2517 4233 2574 4286 δὲ
2607 4232 2667 4285 ὲν
2700 4231 2871 4304 στόλῳ
2912 4229 3141 4301 νεφέλης
3180 4228 3331 4294 θείας
3366 4229 3560 4300 φωνῆς
3606 4230 3673 4284 ἑν

2091 4323 2352 4396 ἀκροάσει
2388 4323 2697 4392 γεγόνασιν,
2739 4322 2833 4377 καὶ
2866 4322 3035 4392 ἁγίων
3082 4320 3325 4390 ἀγγέλων
3370 4320 3671 4391 συνέτυχον

2015 4378 2068 4438 D
2094 4378 2412 4480 όιτνςτασίαιςΣ
2462 4378 2599 4485 πρὸς
2651 4378 2884 4486 Μαριὰμ
2913 4378 2986 4467 ’δὲ
3032 4378 3307 4484 Παρθένον
3353 4411 3527 4482 μόνην

2095 4506 2277 4576 ἁγίαν,
2301 4505 2536 4578 Γαϐριὴλ
2564 4513 2593 4560 6
2622 4505 2955 4580 ἀρχάγγελος
2981 4504 3113 4578 [ἄλ.
3148 4507 3176 4558 6
3203 4502 3434 4572 ἄγγελος
3452 4501 3471 4575 ]
3491 4520 3665 4572 φωτί»

2097 4599 2294 4663 anxii);
2325 4600 2689 4671 παρεγένετο,
2716 4598 2798 4662 τὸ,
2828 4597 3023 4666 Χαῖρε,
3052 4594 3667 4667 κεχαριτωμένη,αὐτῇ

2093 4690 2575 4763 εὐαγγελιζόμενος
2593 4710 2607 4723 ·
2642 4692 2736 4747 καὶ
2764 4690 2933 4753 οὓτως
2963 4690 3054 4743 τὸν
3074 4690 3247 4760 Λόγον
3279 4688 3500 4753 ἐδέξατο
3522 4731 3538 4754 ,
3575 4689 3667 4743 καὶ

2091 4782 2148 4834 ὲν
2178 4781 2254 4853 τῷ
2279 4781 2457 4853 καιρῷ
2477 4782 2573 4852 τῆς
2612 4782 2924 4854 σωματικῆς
2954 4777 3419 4852 συμπληρώσεως,
3452 4777 3549 4831 τὸν
3572 4795 3665 4832 πο-

2091 4870 2314 4945 λύτιμον
2360 4874 2702 4946 μαργαρίτην
2754 4875 3108 4945 προήνεγκεν.
3158 4870 3325 4925 Δεῦτε
3353 4870 3536 4925 τοίνυν
3574 4868 3664 4925 καὶ

2094 4964 2269 5035 ὑμεῖς,
2303 4958 2348 5018 ὧ
2377 4965 2668 5036 ἀγαπητοὶ,
2692 4965 2760 5019 τὰ
2776 4968 2841 5019 ὲκ
2866 4966 2962 5036 τῆς
2995 4962 3087 5017 τοῦ
3112 4962 3277 5018 Δαῦἰδ
3307 4962 3661 5017 θεοπνεύστου

2094 5055 2355 5128 κιθάρας,
2399 5056 2532 5129 ἡμῖν
2567 5055 2880 5128 δεδειγμένα
2917 5054 3346 5128 μελῳδήσωμεν,
3374 5054 3657 5123 λέγοντες·

2106 5146 2445 5216 Ἀνάστηθι,
2469 5150 2676 5216 Κύριε,
2715 5150 2803 5215 εἰς
2838 5146 2951 5216 τὴν
2981 5146 3330 5202 ἀνάπαυσιν
3371 5162 3521 5201 σου·
3556 5146 3654 5209 οὐ,

2092 5238 2192 5292 καὶ
2216 5240 2254 5307 ἠ
2292 5237 2531 5307 κιϐωτὸς
2566 5238 2671 5294 τοῦ
2716 5237 3078 5310 ἀτιὰσματός
3113 5252 3253 5293 σου.
3279 5238 3524 5301 Κιὸωτὸς
3554 5237 3655 5307 γὰρ

2093 5330 2327 5403 ἀληθῶς,
2359 5332 2393 5403 ἡ
2420 5332 2549 5400 ἀγία
2578 5330 2872 5402 Παρθένος,
2905 5330 3105 5385 ἔσωθεν
3121 5331 3218 5385 καὶ
3242 5330 3439 5395 ἔξωθεν
3470 5344 3655 5399 κεχρυ-

2098 5423 2339 5495 σωμένη,
2368 5425 2403 5495 ὴ
2430 5424 2548 5478 ὅλον
2574 5422 2665 5477 τὸν
2691 5423 2964 5496 θησαυρὸν
2981 5422 3251 5496 δεξαμένη
3277 5422 3370 5477 τού
3392 5421 3651 5491 ἁγιάσμα-

512 5752 625 5826 (ll)
664 5750 874 5813 Similia
901 5762 1026 5814 sunt
1047 5753 1189 5827 apud
1210 5763 1458 5811 sanctum
1486 5752 1736 5827 Ephrtem
1763 5752 1817 5809 in
1845 5765 2008 5808 serm.
2038 5747 2115 5804 De
2145 5747 2443 5822 Margarita
2464 5750 2713 5821 pretiosa,
2744 5758 2889 5806 torno
2907 5746 2991 5804 lll.
