3950 6326
264 301 411 360 1133

1172 301 1458 360 HOMILIA
1494 303 1517 358 1
1551 302 1618 359 IN
1659 302 2085 363 ANNUNTIAT.
2126 304 2309 364 VIRG.
2346 306 2610 367 MARIAB.

3355 311 3497 369 1154

257 437 376 485 τος.
424 419 771 490 Ἀνάστηθι,
808 424 1004 492 Κύριε,
1048 424 1140 486 εις
1168 422 1284 493 τὴν
1312 423 1660 480 ἀνάπαυσιν
1698 440 1823 481 σου.

1942 426 1997 479 in
2020 426 2246 497 requiem
2272 437 2439 485 tuam.
2471 429 2656 502 Surge,
2695 432 2935 497 Domine,
2965 444 3030 487 ex
3062 429 3184 487 sinu
3213 427 3412 501 Patris,
3441 441 3503 489 ut

274 512 614 583 Ἀνάστηθι,
642 517 839 585 Κύριε,
862 518 926 570 ὲκ
948 516 1055 570 τῶν
1084 517 1300 572 κόλπων
1343 516 1433 572 τοῦ
1458 518 1700 591 Πατρός,
1745 519 1835 574 ἴνα

260 605 644 680 ὲξαναστήσῃς
670 607 730 661 τὸ
756 610 1041 672 πεπτωκὸς
1069 608 1225 678 γένος
1248 608 1342 662 τοῦ
1390 608 1827 680 πρωτοπλάστου.

259 695 453 751 Ταῦτα
481 694 795 767 πρεσϐεύων
823 699 853 752 ό
882 696 1046 752 Δαϐὶδ
1067 697 1204 770 πρὸς
1228 698 1325 770 τὴν
1349 696 1405 765 ἐξ
1422 696 1585 751 αὐτοῦ
1606 697 1832 769 μέλλου-

263 807 369 845 σαν
400 789 713 861 βλαστάνειν
748 790 938 863 ράὁδον
966 792 1028 846 τὸ
1053 791 1418 864 καλλίκαρπον
1452 793 1624 848 ἐκεῖνο
1650 792 1828 859 ἄνθος,

258 881 625 954 προφητεύων
656 881 863 951 ἔλεγεν·
904 884 1217 949 Ἄκουσον,
1251 885 1500 955 θύγατερ
1521 926 1537 951 ,
1575 886 1673 939 καὶ
1718 885 1827 951 ἴδε,

258 978 365 1031 καὶ
394 975 605 1032 κλῖνον
642 975 708 1029 τό
747 971 856 1042 οὖς
885 992 1034 1040 σου,
1083 976 1181 1031 καὶ
1213 976 1499 1033 ἐπιλάθου
1532 977 1641 1032 τοῦ
1676 978 1830 1034 λαοῦ

256 1085 403 1135 σου,
434 1068 531 1122 καὶ
572 1067 678 1122 τοῦ
721 1067 891 1122 οἷκου
921 1068 1025 1123 τοῦ
1058 1070 1285 1137 Πατρός
1310 1084 1426 1123 σου
1446 1085 1461 1097 ·
1492 1070 1591 1123 καὶ
1627 1070 1829 1126 ἐπιθυ-

248 1162 444 1232 μήσει
476 1165 509 1216 ό
548 1162 847 1228 ,βασιλεὺς
897 1160 1002 1216 τοῦ
1043 1160 1308 1229 κάλλους
1342 1178 1484 1217 σου·
1532 1162 1621 1217 ὅτι
1648 1164 1832 1232 αὐτός

252 1255 434 1309 ἐστιν
465 1255 677 1324 Κύριος
700 1258 733 1308 ὁ
759 1255 901 1320 Θεός
919 1268 1055 1317 σου,
1094 1255 1193 1308 καὶ
1216 1254 1662 1324 προσκυνήσεις
1692 1256 1825 1330 [ἄλ.

256 1347 751 1420 προσκυνήσουσιν]
767 1347 942 1413 αὐτῷ.
953 1349 1264 1412 Ἄκουσον,
1279 1350 1544 1419 θύγατερ,
1558 1351 1629 1405 τὰ
1640 1351 1829 1424 πρώην

256 1442 341 1505 είς
370 1441 431 1495 σὲ
622 1440 749 1510 mp!
788 1438 918 1511 σοῦ]
951 1441 1427 1512 προφητευόμενα·
1471 1443 1558 1496 ἵνα
1594 1445 1687 1497 καὶ
1717 1447 1829 1510 τοῖς

254 1528 514 1600 γνώσεως
543 1520 838 1598 ὀφθαλμοῖς
868 1526 1148 1602 θεωρήσῃς
1179 1528 1247 1582 τὰ
1273 1530 1592 1601 πράγματα.
1629 1531 1828 1584 Ἀκου-

260 1639 361 1676 σον
388 1620 523 1692 ἐμοῦ
557 1637 637 1673 σοι
667 1618 1091 1692 προμηνύοντος,
1124 1622 1218 1675 καὶ
1244 1622 1337 1675 τοῦ
1366 1622 1701 1695 ἀρχαγγέλου
1745 1640 1826 1677 σοι

253 1717 332 1771 τὰ
379 1716 571 1786 ὲντελῆ
619 1732 700 1770 σοι
754 1716 1025 1787 μυστήρια
1067 1714 1362 1785 διαρρήδην
1388 1712 1822 1782 ἁναγγέλλοντος.

1940 517 2240 590 collapsum
2267 520 2428 590 primi
2457 521 2697 594 parentis
2730 537 2900 592 genus
2923 523 3121 594 erigas.
3149 520 3273 578 Haec
3302 530 3498 593 postu-

1938 608 2058 665 lans
2106 626 2170 666 ac
2215 610 2512 683 deprecans
2547 610 2737 678 David,
2771 614 2838 669 ad
2864 614 3092 686 virgam,
3142 631 3263 685 quae
3288 631 3355 672 ex
3379 616 3500 688 ipso

1938 700 2289 771 pulcherrimi
2321 704 2466 761 illius
2494 704 2707 761 fructus
2739 704 2925 762 ﬂorem
2967 708 3331 777 germinatura
3358 721 3497 772 erat,

1937 793 2229 851 viticiuans
2258 796 2472 853 dicebat
2509 816 2521 852 :
2556 797 2695 852 Audi
2721 840 2736 866 ,
2771 799 2887 869 [ilia
2910 839 2924 861 ,
2951 810 2999 853 et
3028 800 3141 854 vide
3169 844 3182 865 ,
3219 811 3268 855 et
3302 802 3501 856 inclina

1938 902 2119 939 aurem
2147 895 2327 952 tuam;
2356 901 2404 943 et
2422 887 2724 945 obliviscere
2742 890 2991 961 populum
3022 901 3189 957 tuum,
3213 903 3261 947 et
3287 895 3500 948 domum

1935 976 2104 1044 patris
2158 978 2270 1043 tui;
2301 987 2350 1033 et
2377 980 2702 1049 concupiscet
2752 996 2844 1033 rea;
2888 981 3123 1035 decorem
3156 992 3300 1034 tuum
3330 1000 3347 1037 :
3372 1000 3502 1053 quo-

1936 1067 2080 1121 niam
2106 1068 2216 1138 ipse
2239 1078 2318 1123 est
2345 1069 2601 1125 Dominus
2631 1069 2771 1124 Deus
2794 1080 2936 1139 tuus,
2958 1082 3006 1125 et
3026 1072 3274 1126 adorabis
3295 1091 3410 1127 eum
3428 1077 3496 1129 ’°.

1933 1156 2096 1225 Audi,
2135 1160 2290 1230 ﬁlia,
2341 1177 2462 1233 quae
2505 1172 2662 1219 antea
2709 1165 2762 1218 in
2805 1172 2856 1219 te
2902 1162 2999 1236 [αι.
3032 1165 3097 1220 de
3141 1165 3211 1238 te]
3248 1169 3498 1235 praedicta

1935 1260 2065 1307 sunt
2098 1272 2109 1306 :
2146 1261 2283 1308 utet
2315 1252 2639 1322 cognitionis
2682 1255 2853 1310 oculis
2881 1272 2966 1311 res
2992 1256 3138 1327 ipsas
3164 1261 3497 1328 contemple-

1935 1339 2031 1395 ris.
2069 1340 2206 1395 Audi
2238 1357 2324 1396 me
2358 1342 2452 1397 tibi
2481 1344 3008 1419 prmsignilicantem,
3038 1356 3090 1402 et
3111 1349 3496 1419 archangelum

1933 1429 2170 1501 perfecta
2203 1432 2298 1487 tibi
2329 1435 2584 1504 mysteria
2610 1418 2811 1492 diserte
2836 1440 3271 1494 annuntiantem.
3310 1418 3497 1495 Venite

1933 1524 2136 1595 igitur,
2186 1524 2563 1595 dilectissimi,
2615 1538 2670 1583 et
2695 1545 2798 1585 nos
2834 1530 2900 1585 ad
2935 1533 3252 1587 memoriam
3279 1548 3342 1588 ea
3375 1550 3498 1604 quae

1932 1624 2326 1684 praecesserunt
2360 1626 2696 1684 revocantes,
2734 1620 2943 1689 virgam
2975 1620 3119 1675 illam
3150 1637 3214 1676 ex
3246 1621 3396 1678 Jesse
3418 1625 3497 1680 sic

1932 1703 2325 1759 admirabiliter
2352 1715 2513 1775 atque
2542 1705 2885 1763 inell‘abiliter
2911 1708 3302 1780 germinantem
3338 1709 3497 1780 glori-

253 1802 426 1861 Δεῦτε
448 1805 643 1870 τοίνυν,
679 1805 971 1876 ἀγαπητοὶ,
1003 1806 1096 1859 καὶ
1127 1807 1285 1877 ἡμεῖς
1313 1805 1407 1857 ἐπὶ
1424 1804 1522 1876 τὴν
1553 1804 1660 1857 τῶν
1689 1821 1823 1878 προ-

1927 1794 2151 1851 !icemus
2178 1836 2193 1861 ,
2228 1795 2602 1852 collaudemus
2628 1837 2643 1863 ,
2671 1797 2882 1853 beatam
2908 1799 3261 1868 praedicemus
3285 1843 3299 1867 ,
3324 1802 3492 1857 laetis-

252 1898 530 1954 λαϐόντων
554 1899 771 1969 μνήμην
800 1897 1217 1969 ἀναδραμόντες,
1263 1896 1360 1966 τὴν
1395 1896 1453 1962 ἐξ
1497 1897 1690 1949 Ἰεσσαὶ
1732 1896 1828 1969 ρά-

254 1989 383 2042 6δον
416 1987 706 2061 ὑπερφυῶς
735 1986 906 2051 οὕτως
946 1986 1325 2058 βλαστήσασαν
1339 1985 1670 2059 δοξάσωμεν,
1701 1988 1829 2040 ἀνυ-

255 2082 577 2154 μνήσωμεν,
632 2079 1061 2152 μακαρίσωμεν,
1120 2079 1530 2151 εὐφημίσωμεν.
1590 2080 1664 2133 Ού
1720 2079 1828 2152 γὰρ

255 2173 408 2245 μόνῳ
435 2172 513 2244 τῷ
716 2173 874 2243 μόνον
894 2170 1025 2244 τὸν]
1068 2172 1288 2243 Ἰωσὴφ,
1319 2170 1454 2226 ἀλλὰ
1486 2172 1581 2226 καὶ
1609 2174 1676 2243 τῇ
1708 2170 1828 2224 Θεο-

250 2267 402 2337 τόκῳ
441 2265 631 2337 Μαρίᾳ
668 2264 1071 2338 προμαρτυρῶν
1126 2263 1261 2337 [ἄλ.
1302 2263 1768 2337 προσμαρτυρῶν]
1800 2266 1829 2319 ό

249 2359 489 2424 Λουκᾶς,
515 2360 575 2413 ὲν
606 2360 719 2422 τοῖς
748 2358 911 2423 θείοις
942 2356 1309 2427 Εύαγγελίοις,
1342 2356 1543 2429 ἱστορεῖ
1569 2355 1703 2426 πρὸς
1730 2356 1828 2409 αύ-

248 2451 357 2524 τὴν
377 2451 478 2523 τὴν
499 2448 593 2503 τοῦ
616 2448 779 2503 Δαόὶδ
800 2448 1106 2518 οἰκειότητα
1127 2462 1141 2475 ·
1183 2444 1379 2513 Ἀνέϐη
1403 2443 1512 2513 γὰρ
1527 2446 1561 2498 ὁ
1591 2442 1827 2512 Ἰωσὴφ,

250 2543 443 2616 φησιν,
472 2541 590 2597 ἀπὸ
611 2540 721 2610 τῆς
735 2541 1065 2607 Γαλιλαίας
1079 2541 1167 2605 εὶς
1190 2539 1372 2592 πόλιν
1385 2535 1494 2605 τῆς
1525 2534 1824 2601 Ἰουδαίας,

252 2636 393 2703 ἣτις
426 2635 687 2691 καλεῖται
718 2633 1007 2703 Βηθλεὲμ,
1043 2631 1501 2704 ἀπογράψασθαι
1543 2628 1666 2683 σὺν
1704 2630 1828 2682 Μα-

243 2729 399 2797 ριὰμ
457 2725 534 2795 τῇ
582 2723 1080 2796 μεμνηστευμένῃ
1137 2720 1297 2787 αὐτῷ
1362 2719 1620 2791 γυναικὶ,
1670 2720 1824 2790 οὔσῃ

249 2816 468 2887 mihi,
501 2813 596 2869 διὰ
619 2813 685 2867 τὸ
712 2810 865 2868 εἷναι
890 2813 1114 2879 αὐτοὺς
1135 2811 1205 2875 ἐξ
1230 2811 1403 2868 οἴκου
1431 2809 1529 2864 καὶ
1577 2808 1828 2878 πατριᾶς

251 2906 453 2963 Δαϐίδ.
491 2907 753 2976 Ἐγένετο
779 2904 849 2959 δὲ
870 2905 940 2959 ὲν
965 2902 1048 2971 τῷ
1070 2900 1223 2958 εἶναι
1246 2903 1467 2971 αὐτοὺς
1487 2903 1627 2967 ἐκεῖ,
1644 2900 1829 2969 ἐπλή-

250 3004 500 3069 σθησαν
524 3001 584 3053 αὶ
608 2996 817 3067 ἡμέραι
843 2996 950 3051 τοῦ
980 2995 1172 3051 τεκεῖν
1202 2994 1398 3064 αὐτὴν
1414 3034 1430 3059 ,
1482 2994 1580 3049 καὶ
1623 2995 1828 3050 ἔτεκεν

250 3090 366 3145 τὸν
388 3088 520 3145 υἱὸν
536 3088 728 3157 αὐτῆς
770 3086 876 3142 τὸν
914 3087 1287 3157 πρωτότοκον
1327 3086 1530 3154 πάσης
1559 3084 1668 3154 τῆς
1706 3087 1827 3142 κτί-

251 3198 413 3249 σεως
428 3198 443 3212 ’
474 3181 573 3236 καὶ
619 3179 1086 3251 ἐσπαργάνωσεν
1117 3181 1324 3245 αὑτὸν,
1370 3180 1467 3234 καὶ
1509 3180 1825 3235 ἀνέκλινεν

249 3274 443 3328 αὐτὸν
466 3272 537 3325 ὲν
561 3269 636 3340 τῇ
658 3270 872 3341 φάτνῃ,
904 3270 1051 3324 διότι
1074 3273 1187 3325 οὐκ
1207 3266 1287 3340 ἦν
1309 3270 1516 3338 αὐτοῖς
1553 3272 1732 3338 τόπος
1753 3272 1824 3326 ἐν

251 3364 338 3431 τῷ
370 3364 754 3432 καταλύματι.
794 3360 1246 3433 Ἐσπαργάνωσεν
1273 3361 1380 3415 τὸν
1418 3363 1823 3432 ἀναϐαλλόμε-

250 3472 370 3509 νον
408 3453 532 3523 φῶς
571 3454 652 3520 ὡς
697 3451 948 3522 ἱμάτιον.
1001 3452 1451 3524 Ἐσπαργάνωσεν
1499 3454 1590 3507 τὸν
1644 3456 1822 3509 πᾶσαν

252 3547 435 3601 κτίσιν
453 3547 949 3617 δημιουργήσαντα.
1014 3544 1315 3600 ’Λνέκλινεν
1358 3546 1417 3600 ὲν
1471 3546 1676 3621 φάτνῃ,
1716 3546 1823 3600 τὸν

252 3637 410 3707 ὑπὲρ
436 3638 715 3708 χερουϐὶμ
736 3636 1093 3707 καθήμενον,
1115 3638 1208 3690 καὶ
1229 3637 1332 3691 ὑπὸ
1358 3638 1630 3711 μυριάδων
1659 3638 1822 3708 ἀγγέ-

250 3730 365 3785 λων
389 3731 622 3801 ἀνυμνού
631 3747 809 3802 μενον.
828 3730 915 3783 Ἐν
943 3732 1008 3801 τῇ
1028 3729 1135 3783 τῶν
1163 3730 1372 3799 ἀλόγων
1391 3732 1564 3803 φάτνῃ
1587 3730 1822 3785 ἀνεπαύ-

253 3838 390 3877 σατο
411 3824 440 3875 ὁ
467 3821 558 3875 τοῦ
575 3819 710 3874 Θεοῦ
732 3821 923 3890 Λόγος,
943 3821 1027 3874 ἵνα
1050 3825 1162 3885 τοῖς
1188 3822 1356 3887 ὅντως
1387 3822 1600 3891 ἀλόγοις
1615 3823 1710 3877 ἀνθ
1719 3840 1822 3895 ρω-

250 3913 436 3985 πίνοις
456 3910 573 3984 [γρ.
599 3911 949 3984 ἀνθρώποις],
974 3912 1113 3967 κατὰ
1132 3913 1467 3985 προαίρεσιν,
1485 3913 1703 3986 λογικῆς
1725 3932 1821 3987 με-

246 4003 470 4077 ταδὼσῃ
483 4004 802 4076 αἰσθήσεως.
820 4004 908 4057 Ἐν
930 4006 996 4075 τῇ
1023 4004 1273 4076 τραπέζῃ
1294 4004 1400 4058 τῶν
1432 4005 1642 4076 κτηνῶν
1663 4023 1820 4079 προει

247 4096 384 4168 eger,
404 4098 432 4149 ὁ
446 4096 695 4169 οὐράνιος
710 4097 872 4168 ἄρτος
887 4096 1006 4168 [ἄλ.
1028 4097 1324 4170 προσετέθη
1345 4099 1506 4170 ἄρτος
1517 4100 1613 4171 τῆς
1627 4099 1816 4172 ξωῆς]ι

250 4190 345 4245 ῐνα
371 4192 482 4254 τοῖς
513 4188 838 4261 κτηνὼδεσιν
858 4193 969 4254 τοῖς
988 4189 1348 4261 ἀνθρωπίνοις
1380 4192 1646 4263 μυστικῆς
1679 4191 1820 4264 βρώ-

254 4300 396 4347 σεως
419 4285 701 4356 χορηγήσῃ
738 4282 1053 4354 μετάληψιν.
1074 4282 1186 4337 Καὶ
1211 4282 1334 4337 οὐδὲ
1353 4283 1515 4348 τόπος
1541 4279 1610 4355 ἦν
1638 4285 1819 4349 αὐτοῖς

252 4377 316 4431 ιν
349 4374 428 4446 τῷ
459 4374 820 4447 καταλύματι.
874 4375 1048 4429 Τόπον
1094 4375 1195 4429 οὐκ
1223 4370 1389 4446 εἶχεν,
1420 4376 1449 4429 ό
1472 4375 1698 4447 οὐρανὸν
1725 4376 1819 4429 καὶ

249 4470 354 4538 τὴν
392 4468 496 4539 γῆν
525 4468 604 4541 τῷ
632 4469 776 4539 λόγῳ
808 4469 1250 4560 κατασκευάσας⁸
1297 4466 1511 4560 ἐπειδὴ,
1524 4468 1818 4536 πλούσιος
1850 4505 1895 4560 D

250 4560 360 4627 ὢν,
386 4560 454 4613 δι’
475 4562 621 4632 ἡμᾶς
644 4560 1042 4628 ἐπτώχευσεν,
1073 4559 1395 4615 ταπείνωσιν
1422 4559 1596 4632 ἄκραν
1632 4560 1819 4633 ἑλόμε-

250 4665 345 4717 va;
522 4651 890 4724 ἀνελόμενος],
916 4651 1001 4705 διὰ
1021 4652 1118 4724 τὴν
1135 4652 1404 4725 σωτηρίαν
1427 4653 1525 4725 τῆς
1542 4652 1816 4725 ἡμετέρας

251 4746 493 4817 φύσεως,
528 4744 627 4815 τῆς
655 4744 894 4815 ἐμφύτου
925 4744 1088 4798 αὑτοῦ
1119 4745 1255 4815 πρὸς
1287 4746 1432 4815 ἡμᾶς
1466 4745 1817 4817 ἀγαθότητος.

263 4838 327 4892 ὐ
349 4837 671 4911 ἀπορρήτων
696 4837 1007 4908 μυστηρίων
1040 4836 1158 4908 [ἄλ.
1189 4837 1481 4910 ἀπορρήτῳ
1511 4836 1815 4910 μυστηρίῳ]

244 4930 354 5001 τῆς
386 4929 695 4999 οἰκονομίας
723 4927 1013 4999 πληρώσας
1057 4929 1238 4983 πᾶσαν
1279 4927 1541 5001 διοίκησιν
1578 4928 1699 5001 [ἄλ.
1736 4929 1818 4982 δι-

247 5015 570 5088 καιοσύνην]
629 5017 686 5069 ἐν
739 5016 952 5087 οὐρανῷ
1001 5018 1058 5070 ὲν
1115 5016 1300 5089 κόλπῳ
1325 5018 1419 5072 τοῦ
1450 5019 1688 5090 Πατρὸς,
1721 5020 1814 5073 καὶ

248 5109 313 5163 ὲν
346 5108 593 5180 σπηλαίῳ
632 5109 689 5162 ὲν
733 5108 997 5178 ἀγκάλαις
1024 5110 1250 5183 μητρὸς,
1285 5110 1633 5165 ἀνεπαύσατο
1660 5112 1718 5166 ὲν
1748 5114 1815 5184 τῇ

247 5201 455 5273 φάτνῃ.
497 5198 806 5270 ’Δγγελικαὶ
820 5204 1026 5273 χορεῖαι
1053 5202 1497 5273 περιεκύκλωσαν
1539 5203 1730 5269 αὑτὸν,
1760 5206 1820 5258 ἐν

248 5294 471 5367 οὐρανῷ
507 5293 843 5365 δοξολογίαν,
890 5295 984 5349 καὶ
1031 5296 1124 5349 ἐπὶ
1151 5296 1254 5367 γῆς
1290 5297 1512 5369 εἰρήνην
1566 5314 1818 5369 καταμη-

252 5386 493 5451 νύοντες.
528 5386 617 5442 Ἐν
641 5386 852 5460 οὐρανῷ
870 5388 934 5441 ὲκ
948 5386 1136 5453 δεξιῶν
1156 5388 1250 5442 τοῦ
1275 5389 1487 5461 Πατρὺς
1504 5389 1815 5455 ἐκαθέζετου

246 5480 351 5534 καὶ
390 5479 461 5550 ὲν,
485 5481 551 5552 τῇ
596 5478 769 5551 φάτνῃ
805 5479 879 5544 ὡς
905 5480 998 5534 ἐπὶ
1026 5478 1134 5535 τῶν
1164 5480 1427 5554 χερουσὶμ
1451 5480 1814 5537 ἀνεπαύσατο.

1853 3146 1893 3202 C

1925 1901 2030 1955 que
2087 1886 2565 1943 acclamationibus
2632 1888 2984 1958 excipiamus.
3050 1888 3168 1945 Non
3216 1892 3358 1947 enim
3392 1892 3494 1947 soli

1928 1976 2025 2051 [αι.
2054 1976 2255 2050 solum]
2304 1975 2504 2048 Josepb
2528 2020 2544 2045 ,
2584 1979 2679 2035 sed
2711 1989 2766 2035 et
2792 1978 2885 2036 Dei
2915 1981 3162 2052 genitrici
3208 1981 3387 2037 lllariae
3413 1991 3494 2038 te—

1927 2068 2243 2123 stimonium
2278 2069 2569 2139 perbibens
2610 2070 2809 2137 Lucas,
2859 2070 2912 2125 in
2937 2072 3134 2127 divinis
3165 2071 3493 2146 Evangeliis,

1926 2158 1994 2213 ad
2026 2159 2197 2229 ipsam
2229 2158 2399 2215 David
2434 2159 2692 2216 familiam
2724 2170 2887 2233 atque
2909 2164 3286 2234 cognationem
3320 2164 3496 2239 respi-

1932 2255 2106 2319 ciens,
2170 2266 2387 2311 enarrat
2429 2273 2492 2312 ac
2515 2257 2687 2313 dicit:
2724 2260 2971 2314 Ascendit
3019 2271 3192 2315 autem
3221 2271 3270 2316 et
3300 2261 3493 2333 Joseplt

1925 2363 1959 2398 α
1976 2344 2197 2401 Galilaza
2217 2349 2268 2402 in
2290 2349 2551 2402 civitatem
2563 2349 2788 2417 Judwte,
2805 2368 2919 2423 qua:
2942 2366 3156 2407 vocatur
3170 2353 3491 2423 Belide/tem,

1926 2443 1984 2489 ut
2008 2435 2342 2504 proﬁteretur
2367 2453 2484 2490 cum
2503 2436 2680 2493 Maria
2704 2440 3017 2510 desponsata
3042 2445 3145 2497 sibi
3174 2461 3335 2499 uxore
3357 2463 3496 2516 pra:-

1927 2535 2154 2594 gnante;
2203 2541 2263 2579 eo
2303 2528 2439 2596 quod
2470 2539 2639 2583 essent
2684 2531 2786 2601 ipsi
2825 2548 2851 2586 e
2876 2533 3029 2588 domo
3057 2544 3106 2588 et
3141 2535 3348 2605 familia
3381 2537 3496 2591 Da-

1926 2616 2032 2671 vid.
2096 2615 2323 2671 Factum
2349 2628 2426 2673 est
2452 2629 2651 2687 'autem,
2701 2639 2818 2676 cum
2850 2636 3016 2679 essent
3048 2628 3146 2695 ipsi
3172 2628 3265 2693 ibi,
3292 2631 3493 2700 impleti

1927 2718 2051 2762 sunt
2082 2709 2191 2762 dies
2222 2718 2278 2763 ut
2310 2720 2515 2779 pareret
2539 2713 2655 2782 ipsa
2674 2756 2688 2781 ,
2720 2724 2770 2769 et
2796 2717 2993 2786 peperit
3016 2718 3187 2787 ﬁlium
3207 2736 3357 2774 suum
3380 2726 3494 2791 pri-

1928 2800 2247 2870 mogenitum
2286 2803 2454 2857 omnis
2503 2815 2792 2872 creaturae;
2821 2818 2871 2861 et
2898 2811 3088 2877 pannis
3113 2828 3227 2865 eum
3260 2813 3494 2882 inuoluit,

1930 2903 1980 2949 et
2012 2894 2284 2948 reclinavit
2310 2896 2480 2965 ipsum
2509 2897 2564 2951 in
2588 2901 2862 2969 praesepio,
2898 2902 3023 2971 quia
3051 2918 3153 2956 non
3180 2917 3292 2960 erat
3315 2906 3389 2960 eis
3412 2909 3495 2962 lo-

1929 3002 2022 3041 cus
2054 2987 2110 3040 in
2131 2987 2421 3041 diversorio
2443 2988 2509 3044 ’³.
2554 2988 2761 3047 Fasciis
2792 3006 2915 3046 eum
2953 2994 3201 3057 involvit,
3237 2996 3329 3065 qui
3358 2999 3494 3052 ami—

1928 3092 2043 3134 ctus
2086 3088 2162 3134 est
2208 3080 2403 3135 lumine
2430 3082 2565 3135 sicut
2601 3084 2904 3139 vestimento
2937 3086 3004 3141 ".
3040 3084 3265 3142 Involvit
3297 3091 3494 3160 pannis

1928 3187 2075 3236 eum,
2106 3172 2198 3242 qui
2224 3189 2440 3229 onmem
2471 3172 2725 3229 formavit
2752 3185 3079 3233 creaturam.
3114 3177 3411 3236 Beclinavit
3434 3183 3493 3238 in

1927 3264 2191 3334 praesepio
2217 3280 2364 3329 eum,
2396 3263 2488 3334 qui
2516 3281 2672 3335 super
2700 3266 2964 3322 cherubim
2990 3270 3152 3333 sedet,
3185 3280 3241 3327 et
3268 3274 3335 3329 ab
3367 3273 3491 3329 inti-

1899 3436 1903 3441 .
1928 3358 2058 3415 nitis
2087 3358 2291 3429 angelis
2310 3359 2649 3415 collaudatur
2675 3361 2740 3414 ”.
2773 3360 2831 3416 In
2862 3362 3260 3420 irrationalium
3288 3368 3492 3425 anima-

1927 3450 2061 3504 lium
2086 3451 2349 3521 praesepio
2376 3451 2621 3505 divinum
2653 3453 2920 3523 requievit
2950 3453 3208 3523 Verbum,
3234 3467 3294 3512 ut
3316 3459 3493 3515 horni-

1927 3541 2089 3597 nibus
2117 3556 2241 3597 vere
2283 3542 2691 3599 irrationalibus
2713 3545 3008 3601 secuudum
3045 3547 3271 3604 liberam
3298 3552 3493 3610 volun-

1926 3641 2113 3700 tatem,
2152 3633 2468 3688 rationalem
2516 3649 2735 3691 sensum
2778 3637 3057 3695 tribueret.
3094 3638 3154 3693 In
3197 3656 3383 3698 mensa
3401 3645 3494 3713 ju—

1925 3731 2234 3778 mentorum
2281 3723 2515 3780 caelestis
2547 3726 2703 3795 panis
2744 3728 3053 3798 propositus
3096 3740 3179 3786 est
3206 3730 3303 3804 [αι.
3333 3735 3491 3804 panis

1924 3815 2051 3870 vita:
2082 3816 2362 3885 appositus
2407 3814 2536 3889 est],
2568 3827 2627 3871 ut
2650 3816 2899 3876 homines
2927 3821 3099 3877 instar
3129 3838 3385 3893 pecorum
3414 3827 3490 3881 ir-

1924 3907 2218 3961 ratlonales
2242 3907 2456 3977 mystici
2479 3907 2585 3963 cibi
2614 3910 2903 3981 participes
2926 3912 3195 3970 redderet.
3230 3914 3297 3971 Et
3316 3934 3385 3973 ue
3408 3918 3485 3972 lo-

1924 4013 2022 4053 cus
2054 3998 2271 4069 quidem
2296 3999 2376 4055 eis
2403 4012 2520 4056 erat
2547 3999 2604 4055 in
2639 4001 2959 4059 diversorio.
3010 4004 3213 4062 Locum
3242 4023 3353 4064 non
3388 4010 3489 4067 ba-

1923 4092 2061 4160 buit,
2077 4093 2170 4163 qui
2192 4092 2388 4148 caelum
2413 4101 2470 4149 et
2495 4103 2693 4148 terram
2717 4094 2882 4150 verbo
2902 4099 3193 4154 exstruxit:
3212 4099 3492 4170 quoniam,

1923 4203 2043 4241 cum
2078 4187 2220 4242 diues
2250 4194 2422 4253 esset,
2464 4196 2684 4257 propter
2731 4202 2831 4243 nos
2877 4188 3051 4259 factus
3093 4200 3169 4245 est
3194 4208 3392 4263 pauper
3417 4192 3484 4263 ’⁸,

1922 4288 2218 4335 extremam
2254 4279 2516 4335 vilitatem
2554 4280 2625 4334 ob
2650 4279 2881 4335 salutem
2929 4290 3135 4338 natura:
3165 4293 3363 4341 nostra:
3386 4284 3485 4340 eli-

1922 4387 2078 4443 gens,
2108 4387 2175 4427 ex
2203 4371 2439 4442 ingenita
2467 4388 2567 4429 sua
2598 4374 2652 4428 in
2677 4391 2780 4430 nos
2801 4373 3059 4430 bonitate.
3112 4374 3217 4441 Qui
3242 4376 3484 4432 occulto-

1922 4480 2043 4519 rum
2064 4463 2488 4535 dispensationis
2510 4466 2889 4536 mysteriorum
2911 4463 3014 4538 [αι.
3039 4465 3254 4522 occulto
3273 4466 3485 4538 dispen-

1923 4556 2152 4612 sationis
2170 4555 2448 4630 mysterio]
2465 4571 2680 4613 omnem
2707 4557 2946 4627 implevit
2967 4558 3359 4627 providentiam
3382 4556 3482 4631 [αι.

1917 4646 2208 4720 justitiam]
2234 4689 2251 4715 ,
2284 4663 2348 4704 ac
2368 4648 2776 4719 dispositionem
2809 4650 2863 4704 in
2895 4649 3034 4706 cmlo
3062 4649 3115 4704 iu
3138 4650 3259 4705 sinu
3282 4649 3480 4720 Patris,

1920 4748 1976 4795 et
2002 4740 2056 4794 in
2080 4741 2339 4810 spelunca
2383 4740 2439 4795 in
2481 4741 2623 4799 ulnis
2651 4742 2862 4809 matris,
2895 4742 2950 4797 in
2980 4743 3242 4814 praesepio
3269 4745 3484 4815 requie-

1920 4831 2017 4888 vit.
2073 4830 2239 4887 Cbori
2274 4832 2504 4904 angelici
2549 4833 3043 4907 circumcingebant
3066 4851 3191 4892 eum
3214 4878 3230 4904 ,
3258 4836 3313 4892 iu
3342 4839 3482 4893 emlo

1919 4923 2148 4995 gloriam
2175 4924 2522 4981 concinentes
2541 4967 2557 4993 ,
2594 4933 2650 4980 et
2676 4924 2731 4981 in
2758 4933 2900 4982 terra
2932 4942 3119 4998 pacem
3149 4930 3483 4984 annuntian-

1918 5027 2022 5074 tes.
2080 5014 2139 5072 In
2167 5016 2306 5073 coelo
2329 5031 2359 5072 a
2381 5017 2586 5073 dextris
2609 5015 2787 5074 Patris
2817 5021 3072 5085 sedebat,
3109 5031 3165 5076 et
3203 5020 3258 5076 in
3284 5036 3482 5091 prase-

1921 5109 2033 5181 pio,
2069 5117 2128 5165 ut
2154 5124 2317 5179 super
2344 5109 3054 5181 cherubim,requiescebat.
3119 5112 3373 5169 Tbronus
3393 5128 3482 5169 re-

1920 5216 2050 5258 vera
2079 5209 2135 5256 et
2163 5200 2253 5257 hic
2280 5210 2397 5257 erat
2421 5200 2783 5271 cberubicus;
2813 5202 3045 5261 thronus
3072 5205 3304 5274 regalis;
3337 5203 3479 5259 San-

1921 5305 2043 5351 ctus
2066 5303 2412 5363 sanctorum;
2444 5296 2595 5357 solus
2616 5310 2777 5367 super
2800 5307 2999 5353 terram
3028 5297 3333 5370 gloriosus;
3360 5309 3482 5351 san-

1920 5388 2023 5446 ctis
2051 5388 2319 5454 sanctior;
2347 5388 2403 5447 iu
2423 5402 2533 5458 quo
2555 5390 2821 5460 requievit
2839 5387 3087 5445 Christus
3108 5386 3249 5443 Deus
3270 5396 3475 5442 noster.

1920 5480 2024 5536 Cui
2051 5480 2241 5554 gloria,
2278 5481 2475 5550 honor,
2500 5490 2555 5538 et
2584 5482 2896 5553 imperium,
2929 5497 3055 5538 cum
3084 5478 3478 5537 imniaculatis-

325 5704 376 5799 ξ’
402 5706 557 5799 Ξεοι.
585 5725 728 5779 xuv,
750 5709 839 5780 ll,
870 5710 958 5765 1‘2.
1032 5711 1078 5745 ’ί
1114 5706 1246 5770 Luc.
1283 5725 1357 5799 tl,
1392 5711 1462 5780 4,
1489 5710 1557 5780 6,
1590 5710 1678 5799 7..
1740 5710 1785 5745 ⁹²

1926 5708 1969 5766 ,1.
1994 5723 2114 5781 cut,
2138 5707 2196 5764 2.
2269 5708 2317 5742 ⁸³
2352 5706 2500 5766 Psal.
2527 5724 2698 5776 Lxxu,
2727 5707 2805 5777 2;
2842 5704 2980 5762 Dan.
3009 5719 3094 5762 ut.
3193 5703 3243 5738 “
3272 5700 3321 5758 ιι
3346 5698 3475 5757 Cor.

253 5792 374 5845 vui,
402 5780 456 5835 9.
