3950 6326
206 316 348 372 1157

1117 310 1399 367 HOMILIA
1438 304 1482 364 Il
1517 303 1584 362 IN
1619 301 2039 361 ANNUNTIAT.
2076 302 2259 359 VIRG.
2295 300 2561 357 MANE.

3291 301 3430 360 “58

201 436 397 505 αὐτὴν,
436 432 648 505 πρῶτον
704 430 783 492 τὸ,
812 426 1007 497 Xaipe,
1031 424 1481 497 κεχαριτωμένη,
1509 425 1542 477 ὁ
1563 422 1774 491 Κύριος

1876 432 1937 472 ac
1961 414 2249 473 virtutibus
2276 413 2566 468 viventem.
2602 409 2668 466 Et
2692 410 2759 465 ad
2797 410 2966 482 ipsam
3003 408 3259 478 veniens,
3314 414 3429 481 pri-

197 527 355 596 μετὰ
383 524 524 591 σοῦ,
541 524 677 595 αὐτῇ
714 519 1116 591 εὐαγγελίζεται
1145 518 1334 584 οὕτως’
1355 516 1549 585 Χαῖρε,
1590 530 1764 584 κεχα-

194 616 520 687 ριτωμένη,
554 617 627 670 Σὺ
674 613 783 688 γὰρ
825 613 894 667 τὰ
946 612 1044 685 τῆς
1085 613 1253 677 ὅντως
1292 612 1465 684 χαρᾶς
1511 610 1767 682 πράττεις

203 709 366 773 ἄξια·
414 707 602 779 ἐπειδὴ
635 707 698 760 σὺ
741 707 832 761 τὸν
863 703 1085 762 ἄσπιλον
1117 706 1319 777 χιτῶνα
1348 703 1641 770 ὲνδέδυσαι,
1675 704 1770 757 καὶ

201 801 305 872 τὴν
338 798 516 871 ζώνην
540 801 635 871 τῆς
658 798 1007 872 σωφροσύνης
1035 798 1360 871 περίκεισαι.
1387 795 1768 866 Χαῖρε,κεχαο

194 889 517 961 ριτωμένη,
553 890 754 962 δοχεῖον
798 890 895 961 τῆς
923 889 1241 961 ἐπουρανίου
1274 888 1607 962 εὐιρροσύνης
1636 905 1769 957 τυγ-

202 984 466 1056 χάνουσα.
502 982 699 1051 Χαζοε,
724 981 1275 1053 κεχαριτωμένηοδιά
1307 980 1401 1034 σοῦ
1429 980 1536 1053 γάρ
1569 982 1603 1052 ἡ
1630 982 1771 1054 χαρὰ

202 1075 359 1148 πάσῃ
392 1078 458 1148 τῇ
483 1072 656 1129 κτίσει
686 1074 1026 1147 βραϐεύεται,
1060 1074 1155 1128 καὶ
1184 1072 1245 1127 τὸ
1265 1074 1419 1143 γένος
1445 1071 1552 1128 τῶν
1572 1073 1772 1146 ἀνθρώ-

201 1186 329 1223 πων
359 1167 729 1235 ἀπολαμϐάνει
759 1166 820 1220 τὸ
861 1168 1084 1239 ἀρχαῖον
1118 1166 1352 1238 ἀξίωμα.
1385 1165 1578 1235 Χαῖρε,
1598 1181 1773 1236 κεχα-

195 1260 518 1332 ριτωμένηο
554 1260 634 1314 ὅτι
661 1261 718 1312 ἐν
750 1262 866 1324 ταῖς
898 1259 1163 1328 ἀγκάλαις
1198 1275 1290 1312 σου
1352 1261 1381 1313 6
1413 1257 1636 1329 κτίστης
1664 1257 1770 1312 τῶν

202 1356 465 1409 ἁπάντων
510 1353 691 1426 μέλλει
735 1351 1111 1425 βαστάσεσθαι.
1164 1351 1227 1407 Ἦ
1270 1353 1327 1408 δὲ
1369 1354 1462 1407 ἐπὶ
1510 1352 1586 1425 τῷ
1628 1353 1771 1424 λόγῳ

203 1445 383 1517 τούτῳ
427 1445 767 1519 διεταράχθη·
812 1446 984 1517 ἀήθης
1015 1445 1122 1517 γὰρ
1167 1445 1302 1517 πρὸς
1329 1445 1507 1511 πάσας
1529 1446 1629 1512 τάς
1658 1448 1773 1502 δια-

200 1537 384 1603 λέξεις
428 1538 535 1592 τῶν
582 1538 882 1611 ἀνθρώπων
931 1537 1243 1609 ἐτύγχανεν
1276 1540 1369 1593 καὶ
1392 1540 1488 1612 τὴν
1520 1540 1768 1612 ἡσυχίαν,

203 1627 283 1692 ὡς
322 1626 530 1701 μητέρα
560 1626 910 1701 σωφροσύνης
945 1629 1040 1682 καὶ
1082 1629 1319 1698 ἁγνείας,
1354 1629 1649 1701 ἠσπάζετο,
1675 1649 1769 1687 κα-

204 1718 377 1790 θαρὸν
430 1717 781 1792 ὑπάρχουσα,
830 1720 924 1775 καὶ
979 1720 1232 1793 ἀκέραιον
1259 1763 1274 1789 ,
1323 1725 1417 1777 καὶ
1476 1724 1770 1796 άμόλυντον

1865 522 2015 563 mum
2037 505 2188 570 illud,
2218 503 2343 572 Ave,
2372 504 2545 576 gratia
2576 502 2751 573 plena,
2781 501 3033 557 Dominus
3062 512 3228 556 tecum
3252 503 3293 567 ⁸,
3326 502 3430 573 ipsi

1865 598 1946 654 sic
1979 597 2265 653 annuntiat
2295 615 2309 651 :
2344 599 2470 661 Ave,
2498 594 2671 666 gratia
2698 593 2870 663 plena.
2898 592 2977 648 Tu
3002 593 3145 649 enim
3178 608 3300 663 quae
3343 608 3430 647 rc-
3490 628 3495 633 ο

1863 706 1991 746 vera
2017 690 2213 762 gaudio
2268 698 2394 745 sunt
2428 688 2589 758 digna
2639 686 2754 757 agis
2782 705 2796 742 :
2833 685 3089 757 quoniam
3123 685 3435 741 immacula-

1864 791 1977 838 tam
2002 782 2190 837 induta
2236 796 2295 836 es
2334 789 2574 845 vestem,
2622 789 2677 833 et
2713 775 2931 848 cingulo
2974 777 3320 833 continentiae
3368 791 3433 832 ac

1867 872 2140 945 pudicitia:
2163 871 2342 926 cincta
2374 885 2452 926 es.
2493 871 2618 938 Ave,
2654 870 2829 941 gratia
2876 868 3051 937 plena,
3100 884 3220 938 qum
3251 885 3436 939 super-

1869 967 2104 1024 coelestis
2136 966 2334 1021 laetitiae
2381 979 2478 1020 vas
2532 979 2593 1021 es
2633 973 2794 1033 atque
2840 963 3258 1033 receptaculum.
3308 963 3435 1030 Ave,

1868 1061 2043 1131 gratia
2082 1058 2236 1128 plena
2258 1077 2280 1112 .·
2308 1073 2431 1112 nam
2461 1072 2559 1126 per
2590 1064 2664 1121 te,
2694 1055 2949 1126 gaudium
2972 1055 3121 1109 omni
3155 1055 3434 1124 dispensa-

1871 1162 1959 1208 tur
1984 1161 2264 1215 creaturae,
2305 1165 2583 1223 genusque
2622 1150 2919 1204 humanum
2950 1148 3238 1219 antiquam:
3264 1147 3437 1219 digni-

1871 1254 2034 1301 tatem
2066 1253 2368 1314 recuperat.
2397 1244 2522 1309 Ave,
2554 1242 2727 1312 gratia
2765 1240 2961 1312 plena:
2988 1242 3243 1310 quoniam
3282 1242 3335 1295 in
3359 1236 3438 1296 ul-

1868 1338 1955 1392 nis
1977 1336 2084 1392 tuis
2117 1336 2338 1391 Creator
2384 1334 2760 1388 universorum
2805 1333 3121 1403 gestabitur.
3159 1333 3275 1403 Ipsa
3307 1346 3437 1388 vero

1870 1428 1927 1483 in
1953 1429 2057 1484 hoc
2080 1428 2295 1483 turbata
2317 1438 2403 1480 est
2428 1425 2592 1480 verbo
2624 1442 2637 1477 :
2670 1440 2793 1479 nam
2817 1424 2884 1478 ad
2910 1440 3273 1494 quoscunque
3297 1424 3439 1481 viro-

1870 1536 1990 1576 rum
2014 1518 2208 1575 allatus
2268 1526 2385 1573 erat
2411 1516 2625 1572 insolita
2646 1560 2660 1585 ,
2696 1526 2750 1571 et
2782 1516 3018 1586 quietem
3069 1524 3232 1585 atque
3273 1515 3439 1571 silen—

1870 1612 2006 1667 tium
2034 1622 2093 1667 ut
2121 1610 2467 1667 continentia:
2491 1624 2555 1663 ac
2579 1609 2843 1665 castitatis
2887 1616 3113 1662 matrem
3157 1607 3440 1678 amplecte-

1870 1706 2033 1761 batur
2057 1723 2073 1771 ;
2099 1718 2332 1773 cumque
2353 1701 2605 1772 puritatis
2632 1710 2796 1770 atque
2829 1699 3152 1770 integritatis
3177 1700 3441 1753 immacu-

204 1784 433 1882 ἄγαλμα
451 1853 465 1877 ,
656 1812 755 1884 τὴν
775 1811 1068 1885 ἀγγελικὴν
1083 1784 1217 1884 ’ὄψιν
1236 1784 1335 1868 οὐκ
1359 1784 1668 1883 ἐδειλίασεν,
1693 1817 1768 1883 ὡς

1876 1799 2038 1854 latum
2068 1796 2419 1852 simulacrum
2447 1806 2608 1857 esset,
2638 1803 2914 1863 aspectum
2946 1791 3062 1861 ipsa
3105 1790 3435 1862 angelicum,

204 1903 257 1954 οὶ
296 1900 541 1966 πλείονες
734 1902 940 1977 πολλοὶ]
964 1904 1073 1959 τῶν
1114 1905 1426 1978 προφητῶν·
1462 1908 1649 1980 ἐπειδὴ
1679 1909 1772 1964 καὶ

205 1992 478 2067 παρθενία
528 1992 728 2067 ἀληθὴς
763 1996 899 2068 πρὸς
948 1997 1209 2066 ἀγγέλους
1254 1999 1541 2069 συγγένεια
1575 2003 1774 2075 τυγχά-

206 2102 324 2152 νει,
363 2086 460 2140 καὶ
495 2088 780 2159 ίσομοιρία.
836 2088 1137 2161 Ἐπιμελῶς
1173 2089 1280 2161 γὰρ
1318 2093 1351 2163 ἡ
1396 2092 1526 2161 ἁγία
1563 2093 1773 2165 Παρθέ-

206 2192 300 2241 vo;
349 2177 452 2250 τὴν
487 2178 742 2250 λαμπάδα
795 2180 895 2253 τῆς
941 2181 1236 2254 παρθενίας
1273 2183 1639 2253 φυλάττουσα,
1679 2188 1774 2241 καὶ

208 2268 414 2341 πολλὴν
457 2270 550 2325 τοῦ
597 2272 670 2344 μὴ
721 2271 1043 2344 σϐεσθῆναι,
1082 2274 1491 2350 ἢσπιλωθῆναι,
1524 2277 1774 2350 πρόνοιαν

208 2360 349 2434 εἶχε.
378 2364 491 2417 Καὶ
515 2364 763 2436 καθάπερ
799 2364 864 2419 ἄν
897 2383 981 2429 τις
1024 2366 1278 2439 λαμπράν
1319 2368 1509 2441 στολὴν
1559 2371 1777 2441 περιϐε-

212 2453 503 2525 ᾶλημένος,
546 2454 712 2509 πολύν
751 2459 980 2510 ποιεῖται
1027 2456 1202 2527 λόγον,
1247 2459 1320 2532 μή
1361 2477 1444 2525 τις
1484 2460 1774 2533 μολυσμὸς,

210 2546 246 2618 ἢ
287 2545 462 2619 ῥύπος
497 2546 657 2600 πόθεν
689 2549 1050 2621 προσγένηται
1076 2566 1091 2581 ·
1124 2549 1294 2616 οὕτως
1330 2553 1365 2623 ἡ
1410 2552 1542 2622 ἁγία
1590 2554 1778 2628 Μαρία

211 2641 272 2693 ἐν
295 2638 469 2711 ἑαυτῇ
492 2638 771 2707 διενοεῖτο,
806 2640 900 2695 καὶ
939 2641 1122 2710 ἔλεγεν
1141 2659 1155 2673 ⁸
1182 2644 1272 2716 Μή
1308 2657 1427 2698 τινα
1467 2640 1576 2719 ἆρα
1606 2663 1777 2700 κατα-

212 2730 419 2802 σκευὴν
497 2730 530 2803 ἢ
579 2729 814 2787 θωπείαν
859 2735 892 2804 ὴ
940 2733 1198 2806 θεραπεία
1242 2734 1545 2808 κέκτηται;
1589 2738 1681 2810 Mi)
1720 2737 1779 2792 τὺ

210 2822 384 2893 χαῖρε
404 2822 564 2877 τοῦτο
588 2822 760 2896 λύπης
784 2825 952 2879 αἴτιον
974 2844 1061 2897 μοι
1082 2828 1383 2899 γενήσεται,
1402 2827 1583 2895 καθὼς
1614 2830 1783 2887 πάλαι

211 2916 283 2985 τῇ
338 2913 642 2985 προμήτορι
664 2912 831 2985 Εὐᾳή
863 2914 1238 2987 όφεοδαίμονος
1258 2917 1584 2989 συνέργητος
1606 2935 1782 2992 παρα-

212 2999 346 3077 δοχή
377 3004 475 3076 τῆς
498 3005 855 3077 χρηστολόγου
884 3006 1225 3079 ὑποσχέσεως
1247 3009 1347 3080 τῆς
1373 3009 1647 3080 θεώσεως;
1689 3013 1781 3086 Μὴ

213 3095 381 3191 ww
402 3099 497 3191 εις,
515 3095 771 3167 ἄγγελον
796 3096 987 3191 φωτός
1017 3104 1598 3171 μετασχηματισθεὶς
1628 3105 1656 3158 6
1676 3106 1777 3178 ἀρ·
1803 3132 1847 3191 c

211 3189 451 3260 χέκακος
480 3190 706 3261 δαίμων,
746 3191 841 3244 καὶ
877 3190 956 3263 τῷ
994 3192 1111 3263 ἐμῷ
1150 3195 1408 3266 μνήστορι
1435 3195 1643 3266 ῳθονῶν
1683 3198 1779 3269 τῆς

213 3282 357 3349 ἄγαν
386 3282 769 3355 σωφροσύνης,
812 3284 907 3337 καὶ¹
931 3284 1106 3355 τούτῳ
1138 3285 1420 3358 προϐαλὼν
1460 3287 1525 3342 δι’
1566 3289 1781 3360 ὁμιλίας

211 3370 358 3441 τάχα
384 3371 624 3442 χρηστῆς
643 3413 657 3438 ,
687 3371 782 3425 καὶ
808 3372 882 3444 μὴ
910 3373 1133 3443 ἰσχύσας
1165 3375 1239 3440 ὡς
1266 3377 1489 3450 στερρὸν
1517 3380 1660 3447 νοῦν,
1691 3381 1780 3435 τὸν

212 3461 386 3534 ἄνδρα
411 3463 714 3535 ἀπατῆσαι,
744 3465 866 3535 ἐμοὶ
907 3464 1209 3537 προσῆλθεν
1238 3467 1313 3532 ὠς
1341 3470 1664 3544 ἁπαλωτέρᾳ
1686 3490 1780 3526 κε·-

214 3555 542 3627 κοσμημένῃ
574 3559 640 3627 τῇ
672 3555 875 3629 διανοίᾳ
894 3597 909 3623 ,
938 3560 1032 3612 καὶ
1062 3559 1122 3612 τὸ
1148 3560 1316 3629 χαῖρε
1337 3563 1596 3632 ἐπιφωνεῖ
1628 3564 1689 3617 τὸ
1724 3566 1782 3628 ἐς

216 3648 446 3723 ὕστερον
467 3648 629 3721 ἄχαρι
650 3665 665 3714 ;
704 3650 796 3720 Μὴ
820 3650 925 3722 ἄρα
947 3653 974 3704 6
1008 3652 1353 3724 μακαρισμὸς
1379 3652 1475 3708 καὶ
1496 3654 1782 3727 ἀσπασμὸς

214 3744 276 3796 ἐν
306 3738 555 3813 εἰρωνείᾳ
586 3741 811 3812 γέγονε;
841 3744 931 3815 Μή
959 3761 1041 3808 τις
1077 3744 1151 3810 ἰὸς
1194 3747 1251 3801 ἐν
1277 3745 1356 3818 τῷ
1385 3746 1562 3819 μέλιτι
1586 3750 1783 3821 κέκρυ-

215 3849 386 3899 πται;
414 3831 503 3905 Μὴ
533 3832 687 3902 λόγος
719 3833 814 3904 μέν
844 3834 1346 3908 εὐαγγελιζομένου,
1378 3837 1576 3902 σκοπὸς
1605 3838 1662 3891 δέ
1690 3856 1783 3892 συ·

212 3924 462 3991 λοῦντος;
502 3926 601 3979 Ἦν
625 3924 731 3995 γὰρ
756 3926 855 3980 οὐκ
883 3922 1021 3980 οἶδεν
1054 3926 1233 3992 αὐτὸς,
1262 3927 1423 3982 πόθεν
1450 3929 1778 3999 ἀσπάσεται;

214 4014 405 4070 Ταῦτα
433 4017 491 4069 ἐν
524 4017 687 4087 ἑαυτῇ
711 4016 993 4089 διηπόρει,
1031 4019 1125 4072 καὶ
1162 4018 1361 4089 ἔλεγεν.
1394 4020 1528 4074 Τότε
1569 4022 1727 4077 πάλιν
1753 4025 1782 4077 6

213 4106 558 4181 ἀρχάγγελος
584 4111 892 4180 προσφωνεῖ
912 4108 1046 4181 αὐτῇ
1074 4111 1247 4182 χαράν
1275 4114 1386 4175 τοῖς
1413 4114 1547 4166 πᾶσι
1566 4114 1779 4187 πιστὴν,

216 4200 315 4254 καὶ
363 4199 666 4272 ἀδιαίρετον
688 4240 704 4265 ,
738 4202 1065 4274 προμηνύων
1111 4201 1205 4257 καὶ
1252 4203 1424 4273 λέγων
1466 4205 1634 4278 αὐτῇ·
1682 4207 1780 4278 Μὴ

215 4290 440 4362 φοϐοῦ,
470 4293 703 4363 Μαριὰμ
732 4291 853 4366 [ἄλ.
890 4295 1064 4366 χαρὰν
1096 4295 1416 4369 ἀδιαίρετον,
1465 4299 1558 4352 καὶ
1599 4298 1777 4369 λέγει’

216 4387 313 4457 Μὴ
362 4385 571 4457 φοϐοῦ,
617 4385 908 4458 Mapuip],
948 4383 1120 4457 εὗρες
1153 4388 1264 4459 γὰρ
1302 4388 1477 4459 χάριν
1515 4393 1674 4460 παρὰ
1702 4392 1782 4459 τῷ

216 4478 361 4546 Θεῷ.
390 4481 571 4550 Ἔχεις
602 4478 860 4549 σύντομον
895 4479 993 4551 τὴν
1036 4479 1143 4534 τῶν
1186 4480 1457 4554 ῥηθέντων
1483 4483 1771 4552 ἀπόδειξιν.
1809 4492 1852 4547 ι)

216 4572 293 4625 οὐ
322 4570 482 4640 μόνον
512 4571 618 4642 γάρ
645 4587 759 4637 σοι,
792 4571 853 4623 τὸ
884 4570 1053 4642 μηθὲν
1078 4570 1379 4642 φοϐεῖσθαι,
1402 4573 1537 4628 άλλά
1560 4575 1653 4628 καὶ
1679 4576 1777 4647 τῆς

216 4662 449 4732 ἀφοϐίας
481 4662 572 4716 τὸν
608 4662 807 4734 τρόπον
844 4662 1166 4734 αἰνίττομαι.
1200 4665 1277 4717 Δι’
1305 4663 1438 4736 ἐμοῦ
1474 4665 1583 4737 γάρ
1610 4668 1779 4722 πᾶσαι

216 4754 275 4805 αἱ
310 4751 557 4824 οὐράνιαι
582 4751 836 4822 δυνάμεις
856 4790 869 4815 ,
896 4751 956 4804 σὲ
982 4752 1079 4824 τὴν
1113 4752 1271 4821 ἁγίαν
1296 4754 1569 4826 Παρθένον
1600 4756 1778 4812 ἀσπάσ

218 4845 401 4910 ζονται
423 4861 438 4875 ·
466 4843 626 4907 αὐτὸς
650 4843 705 4897 δὲ
741 4842 935 4914 μᾶλλον
964 4844 992 4894 6
1029 4843 1296 4913 κυριεύων
1329 4844 1516 4900 πασῶν
1556 4846 1662 4900 τῶν
1690 4846 1780 4902 οὐ-

221 4936 419 5007 ρανίων
444 4933 741 5006 δυνάμεων,
782 4934 891 4988 ἀπὸ
931 4933 1110 5006 πάσης
1146 4934 1241 5005 τῆς
1273 4934 1527 5001 κτίσεως,
1584 4938 1643 4991 σὲ
1674 4940 1774 5011 τὴν

217 5025 382 5093 ἁγίαν
406 5024 498 5078 καὶ
521 5023 855 5095 παγκόσμιον
876 5023 1185 5077 ἐκλέλεκται
1203 5040 1216 5054 ·
1243 5025 1337 5077 καὶ
1357 5024 1442 5079 διὰ
1491 5028 1589 5099 τῆς
1619 5030 1781 5099 ἁγίας

216 5119 313 5174 καὶ
328 5116 508 5197 ,ἁγνῆς
524 5154 541 5181 ,
568 5117 661 5172 καὶ
690 5116 931 5187 καθαρᾶς
950 5156 964 5180 ,
991 5117 1084 5171 καὶ
1106 5117 1367 5187 ἀμιάντου
1396 5135 1487 5172 σου
1514 5121 1746 5193 γαστρὸς
1763 5162 1780 5188 ,

210 5213 242 5266 6
286 5207 608 5281 φωτιστικδς
652 5208 992 5281 μαργαρίτης
1036 5208 1358 5280 προέρχεται
1397 5211 1478 5273 εἰς
1510 5213 1780 5282 σωτηρίαν

213 5303 401 5374 πάσης
438 5301 540 5372 τῆς
573 5302 923 5373 οἰκουμένης*
976 5299 1164 5372 ἐπειδὴ
1210 5301 1389 5372 πάσης
1438 5301 1783 5378 ἀνθρωπίνης

214 5394 434 5466 φύσεως
466 5392 585 5466 [ἄλ.
617 5393 901 5465 κτίσεως),
930 5393 1024 5446 καὶ
1060 5391 1124 5444 σὺ
1162 5394 1194 5463 ἡ
1238 5393 1368 5462 ἁγία
1389 5434 1403 5458 ,
1437 5394 1746 5469 ἐνδοξοτέρα
1766 5438 1780 5464 ,

216 5483 313 5539 και
333 5483 712 5556 καθαρωτέρα,
744 5484 837 5538 καὶ
863 5481 1126 5552 ὁσιωτέρα
1162 5481 1484 5553 γεγέννησαι
1504 5501 1517 5513 ·
1549 5484 1787 5559 λαμπρο-

218 5574 384 5644 τέραν
417 5574 516 5646 μὲν
543 5574 682 5646 ὑπὲρ
718 5573 869 5646 χιόνα
900 5571 1096 5642 ἔχουσα
1139 5570 1234 5641 τὴν
1274 5570 1543 5639 διάνοιαν,
1586 5574 1787 5640 παντὸς

293 5760 311 5789 ¹
349 5754 483 5814 Luc.
512 5774 551 5828 t,
575 5757 666 5814 28.

1872 1890 2013 1945 sicut
2038 1887 2219 1958 plures
2243 1901 2309 1941 ex
2332 1883 2611 1955 prophetis
2676 1899 2784 1939 non
2838 1880 3251 1947 reformidavit;
3303 1895 3441 1950 quo—
3534 1874 3535 1881 “

1872 1984 2017 2037 niam
2047 1989 2101 2038 et
2131 1979 2443 2036 affinitatem
2472 1977 2761 2047 quamdam
2787 1990 2851 2031 ac
2876 1973 3286 2031 similitudinem
3309 1986 3440 2029 vera

1872 2073 2151 2146 virginitas
2181 2088 2305 2128 cum
2330 2071 2533 2143 angelis
2560 2070 2741 2125 habet.
2788 2067 3040 2123 Studiose
3076 2067 3273 2137 quippe
3316 2081 3443 2120 san-

1873 2167 2114 2223 ctissime
2179 2164 2345 2236 Virgo
2411 2163 2713 2233 lampadem
2759 2159 3085 2233 virginitatis
3142 2173 3439 2215 conserva-

1874 2259 1986 2325 bat,
2038 2265 2092 2312 et
2151 2270 2219 2310 ne
2288 2253 2721 2323 exstingueretur
2778 2259 2873 2305 aut
2918 2249 3439 2316 commacularetur,

1873 2350 2096 2423 provide
2156 2349 2545 2419 diligenterque
2603 2344 2846 2400 curabat.
2909 2341 2974 2397 Et
3035 2342 3178 2397 sicut
3240 2341 3445 2412 aliquis

1876 2440 2153 2513 splendido
2223 2438 2454 2493 amictus
2515 2435 2839 2492 vestimento
2866 2472 2881 2497 ,
2945 2447 3198 2506 magnam
3267 2432 3439 2487 ratio-

1877 2550 2001 2590 nem
2064 2547 2130 2589 ac
2190 2546 2377 2588 curam
2442 2529 2700 2594 adhibet,
2758 2542 2829 2582 ne
2893 2541 3000 2597 qua
3068 2524 3444 2596 inquinatione

1878 2641 1943 2681 ac
1990 2624 2150 2681 sorde
2191 2622 2633 2688 contaminetur;
2693 2620 2769 2674 ita
2829 2633 3047 2689 quoque
3096 2616 3441 2674 sanctissima

1878 2717 2046 2774 Maria
2076 2718 2221 2774 intra
2267 2732 2327 2773 se
2365 2714 2640 2785 cogitabat
2698 2722 2859 2783 atque
2901 2712 3157 2767 dicebat:
3186 2709 3444 2782 Nunquid

1880 2807 2021 2865 forte
2047 2807 2341 2864 artiﬁcium
2370 2804 2589 2874 aliquod
2617 2818 2680 2858 ac
2701 2801 2972 2869 fraudem,
3006 2800 3090 2855 vel
3114 2800 3441 2856 assentatio-

1879 2918 2003 2958 nem
2035 2903 2138 2958 iste
2170 2900 2459 2957 ministerii
2488 2910 2651 2970 atque
2678 2894 2927 2966 obsequii
2953 2904 3108 2950 actus
3135 2894 3190 2948 in
3218 2906 3279 2947 se
3305 2907 3441 2948 con-

1882 2997 2051 3052 tinet?
2075 2994 2331 3067 Nunquid
2377 3010 2469 3049 ave
2507 2993 2650 3049 istud
2697 2995 2902 3052 doloris
2928 2994 3064 3049 mihi
3104 3010 3268 3050 causa
3306 2994 3441 3061 erit,

1880 3089 2026 3145 sicut
2074 3089 2204 3144 olim
2249 3087 2439 3159 primae
2496 3087 2658 3142 matri
2701 3086 2859 3151 Evae,
2904 3087 3100 3142 blanda
3152 3087 3448 3158 divinitatis

1880 3182 2190 3254 promissio,
2221 3196 2385 3252 quam
2409 3195 2473 3236 ex
2503 3180 2821 3236 daemoniaci
2844 3181 3111 3251 serpentis
3132 3182 3446 3252 operatione

1879 3275 2262 3347 susceperat?!
2326 3271 2582 3345 Nunquid
2653 3288 2845 3330 rursus
2899 3277 2957 3329 in
3007 3274 3249 3345 angelum
3311 3271 3444 3328 lucis

1883 3364 2298 3435 transﬁguratus
2330 3363 2457 3417 mali
2488 3375 2674 3417 auctor
2704 3364 2971 3431 damon”,
3010 3372 3066 3419 et
3096 3380 3219 3420 meo
3246 3378 3450 3436 Sponso

1879 3470 2035 3510 suam
2090 3455 2244 3508 valde
2289 3453 2601 3523 pudicitiam
2653 3454 2929 3521 invidens,
2969 3456 3277 3526 blandoque
3323 3471 3448 3512 eum

1881 3560 2129 3600 sermone
2179 3543 2410 3599 fortasse
2452 3560 2809 3615 oppugnans,
2850 3554 2906 3599 et
2950 3561 3059 3600 non
3116 3547 3302 3601 valens
3345 3545 3449 3601 viri

1883 3644 2121 3692 mentem
2157 3644 2414 3707 tanquam
2444 3620 2737 3690 ﬁrmiorem
2768 3636 3039 3706 decipere,
3070 3638 3136 3692 ad
3176 3653 3263 3693 me
3291 3639 3450 3709 quasi

1882 3728 2153 3784 teneriore
2183 3729 2494 3782 decoratam
2532 3738 2710 3783 mente
2752 3728 3013 3795 accessit;
3048 3738 3103 3783 et
3130 3728 3274 3784 istud
3310 3730 3446 3785 mihi

1878 3832 1970 3872 ave
2016 3820 2362 3875 invenustum
2387 3820 2440 3874 in
2469 3828 2746 3890 posterum
2781 3820 3047 3874 intonuit?
3068 3818 3323 3890 Nunquid
3354 3837 3451 3890 per

1881 3910 2113 3966 ironiam
2161 3910 2487 3965 beatiﬁcatio
2519 3920 2678 3980 atque
2711 3910 2966 3965 salutatio
3023 3910 3115 3964 illa
3152 3910 3293 3965 facta
3325 3920 3408 3967 est
3426 3911 3471 3966 ἳ-

1878 4003 2134 4075 Nuuquid
2171 4018 2439 4058 venenum
2466 4003 2576 4057 Sub
2602 4002 2761 4057 melle
2792 4002 3162 4057 occultatum?
3192 4003 3448 4076 Nunquid

1882 4097 2046 4153 verba
2081 4098 2298 4167 quidem
2333 4096 2510 4151 fausta
2543 4097 2882 4163 nuntiantis;
2916 4104 2972 4150 at
3002 4112 3201 4167 seupus
3230 4107 3314 4154 est
3351 4100 3447 4153 de-

1880 4190 2211 4262 praedantis?
2257 4188 2544 4256 Quomodo
2587 4189 2731 4242 enim
2767 4204 2931 4259 quam
2975 4204 3083 4244 non
3134 4190 3282 4245 novit
3334 4190 3449 4261 ipse

1880 4282 2116 4337 salutat?
2166 4280 2291 4336 Haec
2337 4281 2477 4350 apud
2523 4294 2581 4335 se
2617 4279 2783 4336 dubia
2824 4279 3154 4352 c0gitalione
3198 4282 3452 4336 versabat

1880 4382 2045 4444 atque
2069 4373 2302 4428 dicebat.
2334 4372 2486 4426 'l'unc
2514 4386 2707 4426 rursus
2735 4370 2991 4443 gaudium
3023 4371 3235 4427 cunctis
3270 4372 3448 4427 credi-

1882 4465 1987 4520 bile
2015 4475 2181 4536 atque
2225 4464 2578 4520 indubitabile
2609 4466 2968 4537 archangelus
2995 4466 3096 4535 ipsi
3126 4467 3447 4535 annuntiat,

1881 4567 1937 4615 et
1975 4559 2107 4616 dicit
2135 4578 2149 4615 :
2182 4556 2265 4612 Ne
2299 4560 2483 4613 timeas
2506 4557 2604 4630 [αι.
2634 4558 2890 4630 gaudium
2923 4558 3248 4613 indivisibile
3279 4559 3327 4614 ei
3353 4576 3452 4614 an-

1881 4655 2116 4719 nuntiat,
2152 4668 2216 4707 ac
2241 4652 2371 4707 dicit
2422 4668 2437 4704 :
2502 4650 2583 4705 Ne
2631 4650 2857 4723 timeas],
2918 4650 3097 4705 Maria
3142 4668 3161 4706 :
3211 4653 3451 4709 invenisti

1881 4748 2018 4801 enim
2053 4747 2279 4817 gratiam
2305 4745 2446 4815 apud
2478 4744 2645 4798 Deum
2664 4744 2703 4798 ⁸.
2730 4744 2907 4800 [labes
2935 4746 3150 4801 brevem
3179 4745 3449 4802 dictorum

1882 4838 2423 4894 demonstrationem.
2452 4835 2568 4891 Non
2616 4838 2792 4891 solum
2824 4839 2968 4893 enim
3005 4839 3098 4894 tibi
3140 4840 3284 4910 quod
3316 4841 3448 4897 nihil

1883 4928 2185 4985 timendum
2212 4937 2315 4994 est,
2346 4928 2438 4984 sed
2469 4936 2522 4984 et
2548 4928 2757 4985 ﬁduciae
2785 4931 3048 4986 rationem
3077 4932 3261 4987 innuo.
3310 4931 3449 4986 Nam

1882 5030 2093 5079 cunctae
2133 5036 2229 5092 per
2258 5037 2345 5077 me
2369 5021 2619 5077 ctelestes
2649 5030 2943 5092 potestates
2977 5032 3027 5078 te
3052 5034 3294 5078 sanctam
3326 5021 3449 5077 Vir-

1889 5114 2069 5186 ginem
2113 5114 2352 5169 salutant
2391 5131 2406 5168 :
2449 5113 2583 5185 quin
2616 5123 2672 5169 et
2710 5114 2825 5184 ipse
2862 5115 3161 5170 caelestium
3202 5114 3446 5171 omnium

1888 5214 2215 5275 potestatum
2245 5206 2585 5273 dominator,
2626 5221 2692 5270 ex
2722 5208 2871 5262 omni
2905 5216 3186 5270 creatura,
3233 5216 3284 5264 te
3317 5221 3447 5260 san-

1878 5298 2180 5354 ctissimam
2215 5308 2270 5354 et
2305 5300 2709 5355 ornatissimam
2758 5300 2944 5370 elegit;
2983 5307 3037 5355 et
3066 5315 3160 5369 per
3198 5307 3445 5353 sanctum

1881 5408 1945 5449 ac
1966 5402 2412 5464 castum,purum
2439 5401 2603 5464 atque
2634 5392 2975 5462 impollutum
3001 5401 3241 5445 ventrem
3268 5398 3443 5454 tuum,

1882 5483 2245 5556 fulgidissima
2283 5484 2576 5556 margarita
2618 5484 2672 5539 in
2717 5485 2945 5540 salutem
2979 5483 3143 5538 totius
3176 5488 3445 5535 terrarum

1884 5576 2037 5631 orbis
2084 5576 2466 5648 progreditur;
2516 5577 2773 5651 quoniam
2817 5588 2870 5632 et
2916 5583 2971 5630 tu
3027 5582 3243 5638 sancta,
3295 5570 3447 5627 omni

741 5759 761 5790 ’
794 5756 927 5815 Gen.
960 5774 1042 5813 tu.
1120 5758 1141 5790 ³
1177 5757 1215 5813 ll
1247 5757 1369 5815 Cor.
1397 5772 1459 5826 tt,
1492 5755 1575 5811 Μ.
1653 5754 1676 5789 ⁸
1698 5752 1828 5811 Luc.
1865 5770 1904 5823 t,
1937 5754 2024 5810 '50.
