3950 6326
620 268 757 327 “59

1250 266 1311 322 S.
1349 260 1677 322 GREGORII
1713 261 2075 322 THAUMAT.
2113 261 2266 319 OPP.
2306 261 2490 319 PARS
2520 257 2821 315 ALTERA.
2864 286 2934 299 —
2969 254 3197 312 DUBIA.

3648 263 3752 319 illi

620 390 858 446 humana
886 372 1080 439 natura
1111 379 1223 454 [αι.
1254 379 1541 452 creatura]
1572 379 1865 452 gloriosior
1898 394 1963 435 ac
1991 379 2182 450 purior

2242 377 2337 441 ibi:
2364 376 2583 448 χρυσίου
2608 370 2975 446 δοκιμωτέρου
3010 370 3405 442 κεκαθαρμένον
3426 371 3482 425 τὸ
3508 372 3665 444 σῶμα·
3685 392 3755 445 γα·

618 479 970 548 sanctiorque
998 474 1187 530 eﬂ'ecta
1209 489 1304 542 es;
1322 488 1386 529 ac
1413 473 1536 528 nive
1560 472 1780 542 quidem
1810 471 2180 528 candidiorem

617 574 824 630 habens
875 576 1151 634 mentem,
1198 567 1394 637 quovis
1441 574 1619 620 autem
1667 579 1803 620 auro
1832 565 2181 635 quantumvis

616 666 843 737 probato
875 662 1220 733 purificatum
1271 660 1444 728 magis
1474 673 1709 729 corpus;
1737 667 1981 715 ventrem
2029 672 2179 724 vero,

618 757 831 828 qualem
865 753 1117 809 Ezechiel
1145 751 1312 818 vidit,
1360 760 1414 806 et
1444 753 1659 822 qualem
1708 750 2015 817 recensuit,
2053 750 2182 805 talia

617 850 848 905 dicens:
907 844 1213 901 Similitudo
1256 844 1566 898 animalium
1610 860 1764 914 super
1803 855 1995 912 caput,
2032 844 2184 912 quasi

619 940 1091 1010 firmamentum,et
1114 936 1263 1007 quasi
1283 944 1521 1005 aspectus
1539 933 1778 1005 crystalli
1803 932 2178 1004 formidabilis,

619 1041 669 1085 et
694 1030 985 1085 similitudo
1015 1028 1226 1092 throni,
1258 1042 1413 1096 super
1439 1041 1523 1088 ea,
1543 1026 1697 1096 quasi
1719 1035 1958 1095 aspectus
1988 1024 2181 1095 lapidis

620 1124 895 1194 sapphiri;
929 1131 977 1176 et
1006 1137 1161 1191 super
1192 1119 1456 1185 thronum,
1490 1129 1740 1189 tanquam
1771 1118 2064 1173 similitudo
2096 1118 2184 1172 ho-

624 1218 809 1279 minis,
834 1225 883 1269 et
915 1215 1069 1285 quasi
1102 1222 1340 1283 aspectus
1378 1211 1596 1275 electri;
1624 1219 1675 1265 et
1702 1211 2015 1264 intrinsecus
2044 1209 2180 1280 ejus,

622 1308 754 1362 velut
788 1318 1026 1376 aspectus
1058 1306 1223 1375 ignis,
1270 1319 1369 1374 per
1390 1303 1669 1356 circuitum
1685 1302 1727 1357 ³.
1759 1299 2048 1371 Perspicue
2079 1300 2182 1371 igi-

624 1410 711 1454 tur
736 1398 994 1470 propheta
1040 1406 1226 1451 natum
1262 1412 1330 1451 ex
1379 1394 1722 1450 sanctissima
1756 1391 2005 1464 Virgine,
2039 1393 2093 1447 in
2128 1393 2187 1446 li-

623 1507 754 1562 gura
786 1505 849 1544 ac
876 1489 1065 1542 umbra
1090 1487 1343 1542 cernebat
1368 1501 1381 1537 :
1407 1500 1565 1555 quem
1590 1492 1668 1549 tu,
1685 1492 1868 1539 sancta
1895 1482 2057 1554 Virgo
2083 1481 2180 1554 [οι.

622 1585 774 1639 beata
804 1579 986 1651 Virgo]
1019 1588 1235 1650 portare
1278 1593 1387 1632 non
1422 1591 1610 1648 posses
1632 1617 1648 1641 ,
1684 1576 1789 1632 nisi
1833 1577 1983 1632 omni
2014 1576 2183 1646 gloria

621 1686 785 1744 atque
810 1673 1009 1726 virtute
1032 1686 1131 1742 pro
1156 1680 1400 1739 tempore
1427 1669 1521 1725 illo
1552 1669 1847 1740 refulgeres
1865 1667 1962 1741 [aL
1993 1676 2182 1723 contra

625 1768 821 1821 throno
857 1764 1030 1835 ipsius
1064 1760 1436 1833 coruscarcs].
1484 1760 1692 1828 Quibus
1724 1762 1887 1832 igitur
1912 1762 2187 1816 encomio—

621 1871 742 1912 rum
811 1853 988 1909 verbis
1038 1851 1357 1923 dignitatem
1410 1851 1726 1921 virginalem
1771 1850 2188 1905 describamus?

621 1944 829 2013 Quibus
884 1940 1102 1997 laudum
1159 1941 1650 2012 signiﬁcationibus
1698 1950 1862 2013 atque
1928 1942 2186 2011 praeconii

619 2033 1022 2093 immaculatam
1052 2033 1172 2105 ejus
1193 2033 1425 2089 formam
1452 2034 1829 2090 celebremus?
1849 2035 2050 2104 quibus
2077 2033 2189 2104 spi-

625 2129 869 2185 ritalibus
886 2127 1113 2183 canticis
1138 2134 1299 2196 atque
1314 2126 1717 2182 elocutionibus
1734 2126 2187 2198 gloriosissimam

624 2222 763 2277 inter
783 2221 1002 2291 angelos
1026 2220 1424 2289 glurilicemus?
1455 2219 1601 2285 "me,
1628 2222 1682 2274 in
1707 2221 1868 2275 domo
1896 2220 1989 2275 Dei
2014 2220 2187 2274 instar

623 2311 915 2367 fructifera:
943 2312 1098 2367 oliva:
1122 2312 1393 2381 plantata,
1427 2313 1514 2367 cui
1548 2311 1784 2382 Spiritus
1836 2321 2061 2367 sanctus
2098 2312 2190 2367 ob-

622 2406 923 2472 umbravit;
976 2421 1072 2475 per
1118 2421 1280 2475 quam
1331 2422 1428 2461 nos
1473 2406 1612 2460 filios
1650 2416 1703 2460 et
1748 2404 1985 2460 haeredes
2034 2404 2188 2475 regni

621 2498 825 2553 Christi
849 2499 1079 2553 vocavit.
1117 2497 1242 2553 Haec
1299 2511 1512 2567 semper
1542 2497 1729 2566 vigens
1764 2494 2187 2551 immortalitatis

624 2591 948 2663 paradisus,
995 2592 1050 2646 in
1080 2607 1183 2663 qua
1224 2592 1431 2663 lignum
1474 2592 1598 2646 vitae
1644 2592 1946 2660 plantatum
1976 2591 2187 2647 cunctis

622 2683 1047 2739 immortalitatis
1094 2684 1306 2739 fructus
1353 2681 1452 2754 [aL
1485 2682 2019 2752 incorruptibilitatis
2065 2681 2184 2738 fru-

623 2773 804 2847 ctum]
837 2776 1164 2846 suppeditat.
1201 2774 1325 2830 Hzec
1366 2775 1635 2846 virginum
1666 2775 1950 2846 gloriatio,
1975 2766 2033 2830 et
2066 2790 2188 2829 ma-

623 2902 768 2948 trum
805 2894 1077 2964 jubilatio.
1120 2892 1246 2948 Haec
1282 2892 1621 2947 credentium
1666 2892 2104 2956 ﬁrmamentum,
2134 2899 2189 2947 et

621 2984 837 3054 piorum
878 2984 1179 3054 perfectum
1211 2983 1538 3052 exemplum.
1574 2981 1697 3037 ilaac
1734 2982 1875 3039 lucis
1902 2982 2189 3038 indumen-

622 3085 776 3141 tum,
818 3083 873 3130 et
906 3075 1124 3129 virtutis
1170 3074 1286 3147 [οι.
1323 3074 1599 3146 veritatis]
1648 3075 2009 3130 domicilium.
2061 3073 2187 3132 Hinc

621 3168 747 3222 fons
791 3167 1079 3238 perennis,
1117 3168 1172 3222 iu
1206 3182 1315 3237 quo
1363 3183 1505 3237 aqua
1554 3167 1676 3221 viva
1720 3168 2001 3222 scaturivit
2027 3178 2188 3237 atque

621 3260 880 3331 produxit
922 3259 1144 3333 Domini
1190 3260 1245 3314 in
1276 3274 1439 3315 carne
1474 3259 1786 3315 adventum.
1814 3257 1943 3315 Haec
1963 3258 2188 3330 justitia:

623 3350 1057 3417 munimentum;
1087 3360 1137 3406 et
1171 3351 1483 3422 quicunque
1512 3351 1666 3420 ejus,
1699 3366 1764 3405 ac
1797 3350 2077 3422 virginalis
2105 3351 2188 3405 in-

620 3442 915 3513 genuitatis
952 3442 1315 3513 puritatisque
1355 3451 1628 3497 amatores
1682 3441 1917 3509 fuerint,
1946 3443 2187 3513 angelica

622 3534 793 3604 gratia
850 3532 1217 3603 perfruentur.
1269 3533 1595 3603 Quicunque
1643 3548 1674 3587 a
1738 3536 1862 3587 vino
1909 3532 2188 3588 ebrietatis

625 3623 722 3696 [aL
770 3638 801 3677 a
827 3622 956 3678 vino
987 3631 1041 3678 et
1073 3620 1360 3694 ebrietate]
1387 3631 1440 3678 et
1472 3622 1648 3676 siccra
1688 3620 1981 3690 voluptatis
2016 3618 2187 3674 absti-

620 3716 876 3782 nuerint,
911 3731 979 3770 ex
1007 3715 1281 3787 genimine
1302 3714 1529 3769 vivifica:
1567 3712 1921 3783 plantationis
1950 3710 2189 3766 laetifica-

620 3810 846 3865 buntur.
875 3806 1198 3878 Quicunque
1230 3807 1554 3878 virginitatis
1579 3804 1883 3876 lampadem
1927 3803 2189 3859 inexstin—

621 3910 763 3958 ctam
791 3901 1255 3966 conservaverint,
1289 3900 1729 3956 immarcessibili
1764 3897 2189 3955 immortalitatis

621 3993 856 4050 coronae
912 3994 1344 4049 exornabantur.
1398 3991 1722 4064 Quicunque
1784 3991 2189 4048 immaculatam

621 4086 991 4156 temperantia:
1046 4100 1111 4139 ac
1152 4084 1424 4155 pudicitiae
1462 4094 1670 4140 vestem
1721 4085 2186 4156 comparaverint,

621 4177 851 4248 mystico
887 4174 1114 4249 iustitia:
1161 4175 1400 4231 thalamo
1440 4176 1800 4247 excipientur.
1865 4175 2189 4247 Quicunque

623 4271 848 4341 propius
909 4267 981 4323 ad
1046 4268 1347 4338 angelicum
1377 4268 1603 4339 gradum
1643 4270 2016 4336 accesserint,
2060 4285 2189 4340 per-

623 4364 818 4419 feCtius
846 4376 1061 4432 quoque
1088 4360 1297 4415 deliciis
1328 4361 1620 4416 Dominica:
1654 4360 2009 4415 beatitudinis
2060 4361 2187 4416 refl-

622 4456 852 4512 cientur.
891 4452 1213 4524 Quicunque
1249 4452 1577 4523 pellucidum
1617 4454 1815 4508 mentis
1846 4454 2060 4518 oleum,
2120 4469 2185 4509 ac

622 4586 819 4643 purum
869 4567 1218 4625 conscientiae
1266 4566 1565 4637 thymiama
1619 4566 1988 4636 possederint,
2058 4569 2188 4625 boni

622 4659 881 4729 spiritalis
908 4658 1092 4714 odoris
1123 4657 1536 4727 adoptionisque
1556 4656 1649 4730 [αι.
1671 4667 1725 4712 et
1747 4659 2055 4728 adoptionis
2076 4662 2186 4731 spi-

623 4749 821 4822 ritalis]
851 4750 1268 4820 promissionem
1298 4760 1720 4820 consequentur.
1754 4748 2079 4822 Quicunque
2102 4732 2189 4807 di:

621 4857 726 4914 gne
767 4841 858 4896 Dei
897 4842 1174 4913 genitricis
1198 4842 1435 4912 Virginis
1469 4842 1654 4897 Maria:
1700 4843 2183 4899 Annuntiationem

620 4935 1041 5002 celebraverint,
1082 4936 1384 5006 pleniorem
1412 4935 1574 4990 etiam
1605 4935 1863 5006 angelica:
1897 4934 2183 4992 salutatio-

622 5027 709 5082 nis
749 5026 927 5089 illius,
977 5028 1102 5093 Ave,
1147 5028 1323 5098 gratia
1349 5026 1527 5097 plena,
1579 5028 1883 5084 mercedem
1923 5028 2179 5084 relerent.

620 5117 846 5189 Oportet
895 5117 1059 5189 igitur
1112 5134 1214 5174 nos
1267 5118 1407 5174 hanc
1460 5116 1808 5175 festivitatem
1869 5120 2183 5185 celebrare,

620 5213 877 5284 quoniam
923 5210 1119 5283 gaudio
1158 5220 1323 5281 atque
1369 5210 1553 5266 laztitia
1600 5220 1858 5267 cunctum
1913 5222 2183 5267 terrarum

622 5305 846 5377 replevit
884 5304 1092 5361 orbem.
1166 5303 1516 5361 Celebremus
1570 5306 1738 5376 igitur
1786 5323 1888 5363 nos
1949 5324 2070 5363 eam
2124 5307 2183 5362 in

623 5398 845 5468 psalmis
863 5405 919 5452 et
943 5396 1179 5469 hymnis,
1206 5382 1271 5452 ac
1300 5397 1529 5454 canticis
1552 5398 1912 5468 spiritalibus.
1935 5400 2184 5457 Celebra-

622 5491 696 5546 vit
720 5490 849 5545 olim
876 5498 932 5545 et
953 5488 1118 5547 Israel
1142 5507 1156 5543 :
1177 5498 1234 5546 at
1254 5491 1309 5546 in
1328 5492 1556 5564 azymis,
1581 5501 1635 5547 et
1663 5491 1846 5547 herbis
1877 5494 2099 5561 amaris,
2114 5492 2183 5549 de

623 5583 819 5655 quibus
839 5583 915 5640 ait
928 5583 1186 5655 propheta
1206 5602 1221 5639 :
1259 5582 1567 5640 Convertam
1591 5585 1926 5655 festivitatem
1945 5587 2179 5657 ipsorum

688 5759 710 5790 '
740 5758 937 5815 Ezech.
961 5777 1002 5829 ι,
1027 5761 1123 5831 ‘29.,
1152 5762 1244 5828 26,
1276 5762 1367 5818 9.7.
1445 5764 1467 5796 ‘
1492 5762 1514 5817 Ι
1542 5763 1687 5821 Petr.
1722 5781 1777 5835 v,
1804 5767 1857 5821 4.

2281 470 2445 542 στὲρα
2484 469 2540 522 δὲ
2561 506 2575 532 ,
2626 468 2741 520 οἵαν
2779 467 2809 521 ὁ
2847 464 3106 536 Ἰεζεκιὴλ
3146 462 3419 525 ἐθεάσατο.
3446 465 3529 519 καὶ
3562 467 3688 521 ποίαν
3716 469 3756 523 δὲ

2282 556 2559 628 ἱστόρησεν
2582 594 2597 619 ,
2647 552 2823 608 τοιάδε
2855 551 3056 619 λέγων’
3095 551 3365 621 Ὀμοίωμα
3390 551 3527 613 ζώων
3544 556 3666 624 ὑπὲρ
3688 575 3757 610 κε.

2279 645 2510 718 φακῆς,
2543 646 2685 701 ὡσεὶ
2718 644 3042 714 στερέωμα,
3076 645 3173 698 καὶ
3198 643 3277 710 ὡς
3316 643 3506 712 ὅρασις
3526 648 3758 715 κρυστάλ-

2279 743 2392 795 λου
2429 738 2702 809 φοϐεροῦ,
2731 738 2828 791 καὶ
2877 738 3136 807 ὁμοίωμα
3167 736 3372 804 θρόνου
3397 736 3482 789 ἐπ’
3508 737 3757 807 abscindit;

2281 825 2492 895 ὅρασις
2515 828 2688 881 λίθου
2717 826 3055 895 σαπφείρου
3073 840 3087 855 '
3118 824 3212 877 καὶ
3243 823 3433 878 ἐπάνω
3461 826 3554 881 τοῦ
3577 829 3756 895 θρόνου.

2280 917 2359 985 ὡς
2393 918 2651 987 ὁμοίωμα
2680 915 3016 984 ἀνθρώπου,
3050 916 3148 970 καὶ
3177 916 3255 982 ὡς
3286 916 3480 984 ὅρασις
3500 917 3754 987 ἠλέκτρου·

2281 1008 2377 1062 καὶ
2402 1008 2624 1063 ἔσωθεν
2655 1007 2864 1072 αὑτοῦ,
2894 1007 2976 1073 ὡς
3001 1005 3208 1075 ὅρασις
3238 1006 3451 1075 πυρὸς,
3478 1008 3662 1076 κύκλῳ.
3685 1010 3758 1062 Σα-

2282 1099 2397 1170 φῶς
2426 1100 2483 1154 δὲ
2511 1099 2601 1153 τὸν
2634 1100 2698 1152 ὲκ
2729 1100 2827 1170 τῆς
2857 1097 3018 1168 ἁγίας
3053 1095 3325 1168 Παρθένου
3352 1097 3583 1168 τεχθέντα
3607 1102 3630 1152 ὀ
3661 1118 3757 1173 προ-

2282 1194 2457 1266 φήτης
2481 1191 2721 1256 τυπικῶς
2746 1192 3033 1246 ἐθεάσατοο
3063 1190 3123 1244 ὃν
3151 1191 3237 1256 σὺ,
3268 1190 3396 1260 ἁγία
3429 1192 3639 1264 Παρθένε
3670 1193 3754 1267 [ω.

2287 1286 2528 1359 μακαρία
2554 1284 2820 1357 Παρθένε]
2842 1324 2857 1349 ,
2898 1283 3081 1357 φέρειν
3108 1283 3208 1338 οὐκ
3242 1283 3445 1354 ῐσχυες,
3469 1286 3513 1336 εἱ
3545 1285 3607 1356 μὴ
3631 1287 3759 1356 πάσης

2281 1379 2438 1452 δόξης
2455 1419 2470 1443 ,
2493 1379 2586 1432 καὶ
2612 1378 2815 1449 ἀρετῆς
2844 1377 2987 1431 κατὰ
3015 1376 3107 1429 τὸν
3138 1376 3329 1449 χρόνον
3362 1378 3547 1430 ἐκεῖνον
3571 1376 3674 1449 ίᾶλ.
3697 1378 3758 1432 τὸν

2284 1470 2473 1543 θρόνον
2504 1467 2736 1541 ἐκείνου]
2783 1468 3175 1540 ὲξήστραπτες.
3216 1469 3392 1531 Ποίοις
3429 1465 3511 1524 οὖν
3543 1470 3758 1540 ἐγκωμίων

2288 1564 2493 1635 ῥήμασι
2521 1562 2619 1633 τὴν
2665 1559 2997 1633 παρθενικὴν
3027 1559 3408 1631 διαγράφωμεν
3443 1559 3608 1626 ἁξίαν;
3633 1561 3759 1624 Deiot;

2285 1654 2521 1707 ἐπαίνων
2540 1652 2768 1724 νεύμασι
2801 1653 2895 1706 καὶ
2917 1650 3235 1723 κηρύγμασι
3257 1652 3347 1705 τὸν
3371 1652 3572 1706 ἄσπιλον
3593 1653 3760 1722 mmm-

2214 1730 2259 1803 Β
2288 1758 2469 1812 σωμεν
2510 1740 2859 1813 χαρακτῆρας
2908 1740 3096 1805 Ποίαις
3129 1744 3512 1812 πνευματικαῖς
3544 1742 3759 1813 ὑμνῳδίαις

2285 1832 2380 1885 καὶ
2406 1831 2579 1899 λέξεσι
2610 1831 2916 1903 δοξάσωμεν
2950 1831 3049 1903 τὴν
3088 1831 3433 1902 ὐπερένδοξον
3471 1835 3521 1885 ὲν
3549 1834 3755 1902 ἀγγέλοιςς

2284 1923 2432 1994 Αὐτη
2464 1925 2521 1976 ἐν
2554 1922 2631 1995 τῷ
2663 1924 2795 1995 οἴκῳ
2822 1923 2913 1977 τοῦ
2941 1923 3074 1977 Θεοῦ
3114 1925 3522 1997 πεφυτευμένη,
3564 1926 3625 1989 ὡς
3645 1926 3759 1979 mti-

2285 2030 2496 2086 καρπος
2527 2014 2683 2068 ἐλαία
2702 2055 2718 2079 ,
2753 2015 2810 2068 ὲν
2931 2015 2991 2068 τὸ
3035 2015 3259 2087 Πνεῦμα
3290 2017 3350 2069 τὸ
3381 2015 3521 2084 ἅγιον
3548 2017 3758 2069 ὲπεσκίαει

2287 2103 2409 2177 [ἄλ.
2445 2104 2804 2178 ὲπισκιάζει]·
2836 2102 2988 2179 δι’ἧς
3020 2107 3167 2170 υἱοὺς
3196 2108 3290 2160 καὶ
3320 2106 3644 2179 κληρονόμους
3660 2108 3760 2177 ἡμᾶς

2286 2195 2548 2266 κέκληκεν
2577 2197 2675 2268 τῆς
2707 2194 2801 2249 τοῦ
2829 2194 3064 2269 Χριστοῦ
3102 2195 3396 2267 βασιλείας.
3420 2197 3571 2268 Αὕτη,
3594 2197 3759 2249 6&5th-

2285 2284 2383 2358 λὴς
2425 2287 2525 2358 τῆς
2570 2286 2876 2359 ἀφθαρσίας
2911 2287 3266 2359 παράδεισος·
3315 2290 3373 2341 ὲν
3487 2289 3539 2341 τὸ
3577 2287 3760 2351 (nam

2288 2377 2440 2446 ξύλον
2469 2379 2753 2446 φυτευθὲν,
2794 2382 2905 2443 τοῖς
2930 2382 3094 2432 πᾶσιν
3125 2384 3358 2452 χορηγεί
3392 2379 3647 2443 ἀθανασίας
3668 2396 3757 2450 καρ-

2287 2468 2421 2531 πούς
2625 2468 2934 2542 ἀφθαρσίας
2965 2467 3225 2541 καρπόν].
3260 2469 3426 2541 Αῦτη,
3477 2469 3699 2541 παρθένων
3718 2465 3759 2519 τὸ

2286 2558 2580 2631 καύχημα,
2614 2560 2861 2631 μητέρων
2900 2561 2961 2613 τὸ
2988 2560 3325 2633 ἀγαλλίαμα.
3364 2560 3531 2633 Αὕτη.
3562 2560 3759 2614 rame

2253 2678 2260 2685 ~
2287 2666 2394 2704 των
2417 2652 2717 2724 στήριγμα,
2743 2652 2837 2706 καὶ
2865 2652 3103 2706 εὐσεϐῶν
3124 2654 3470 2726 κατόρθωμα.
3487 2649 3758 2723 Δύτη,ᾳιιτὺς

2288 2737 2519 2812 ἔνδυμα,
2561 2743 2652 2795 καί
2680 2741 2881 2814 ἀρετῆς
2912 2741 3031 2813 [ἀλ.
3062 2741 3345 2817 ἀληθείας]
3378 2744 3609 2815 ἐφέστιον.
3635 2741 3755 2810 Αὕτη.

2290 2831 2439 2904 πηγὴ
2476 2831 2723 2896 ἀένναος,
2779 2833 2837 2885 ὲν
2883 2826 3001 2905 ᾖτὺ
3039 2832 3181 2898 ζωὸν
3232 2834 3375 2908 ὕδωρ
3407 2835 3578 2888 ἔδλυσε
3605 2834 3678 2905 τὴν
3704 2833 3756 2884 ἓν·

2289 2939 2490 2995 σαρκον
2537 2922 2628 2976 τοῦ
2673 2922 2877 2995 Κυρίου
2923 2923 3246 2996 παρουσίαν.
3305 2926 3478 2998 Αὐτη,
3510 2924 3754 2993 δικαιοσύνης

2289 3016 2569 3089 ὲχύρωμα,
2588 3016 2681 3071 καί
2699 3018 2811 3070 ὅσοι
2842 3017 3041 3088 ταύτης
3062 3020 3351 3087 γεγόνασιν
3376 3022 3593 3092 ἐρασταὶ,
3611 3017 3753 3084 καὶτῆς

2289 3110 2622 3182 παρθενικῆς
2651 3110 2819 3184 ἐρῶσι
2851 3111 3205 3185 γνησιότητος
3232 3112 3328 3167 καὶ
3349 3113 3676 3184 καθαρότητος,
3695 3108 3753 3178 τῆς

2288 3201 2584 3273 ἀηελικῆς
2630 3202 3024 3257 ἀπολαύσονται
3093 3204 3335 3277 χάριτος.
3378 3206 3517 3259 Ὅσοι
3556 3202 3629 3257 τοῦ
3663 3202 3752 3254 οἴνου

2286 3293 2386 3364 τῆς
2422 3292 2589 3364 μέθης
2622 3292 2754 3365 [ἄλ.
2789 3295 2931 3349 οἴνου
2970 3296 3065 3349 καὶ
3096 3296 3195 3367 τῆς
3235 3296 3476 3371 μέθης]9
3514 3293 3685 3350 καὶτῶν
3704 3307 3751 3343 τι.

2290 3384 2470 3457 κέρων
2496 3386 2793 3457 ἀπέχονται
2833 3387 2932 3459 τῆς
2970 3389 3336 3459 ἡδυπαθείας,
3371 3393 3433 3443 ἐκ
3463 3390 3544 3443 τοῦ
3569 3387 3752 3458 γεννήμ-

2286 3496 2379 3544 τος
2408 3480 2870 3552 εὐφρανθήσονται
2895 3481 2993 3552 τῆς
3013 3480 3298 3555 ζωηφόρου
3325 3484 3550 3554 φυτείας.
3572 3477 3750 3543 ’θεατὴν

2286 3571 2542 3643 λαμπάδα
2580 3572 2840 3627 ἄσϐεστον
2882 3571 3211 3645 διετήρησαν
3247 3575 3348 3647 τῆς
3393 3573 3666 3646 παρθενίας,
3696 3568 3749 3619 τὸν

2214 3080 2256 3138 C

2288 3664 2651 3736 ἀμαράντινον
2699 3664 2958 3735 στέφανον
3000 3665 3357 3737 ἀναδήσονται
3388 3668 3481 3738 τῆς
3522 3659 3747 3734 agema;-
3854 3702 3855 3725 3

2292 3757 2442 3812 Ὅσοι
2476 3758 2568 3811 τὸν
2622 3758 2720 3829 τῆς
2764 3760 3118 3832 σωφροσύνης
3155 3760 3383 3815 ἄσπιλον
3413 3758 3750 3831 περιεποιήσαντο

2288 3848 2488 3920 χιτῶνα
2510 3890 2525 3915 ,
2561 3852 2641 3914 είς
2671 3849 2759 3904 τὸν
2789 3852 3046 3921 μυστικὸν
3076 3852 3180 3923 τῆς
3221 3853 3549 3922 δικαιοσύνης

2293 3940 2587 4012 φθήσονται
2633 3943 2913 4014 νυμφῶναο
2958 3945 3110 3998 Ὅσοι
3163 3944 3258 3998 τοῦ
3318 3942 3583 4016 ἀγγελικοῦ
3615 3933 3748 4011 βαθμοῦ

2290 4029 2666 4103 πλησιαίτεροι
2716 4033 3010 4101 γεγόνασι,
3064 4035 3438 4108 γνησιαίτερον
3471 4032 3554 4088 τοῦ

2288 4121 2386 4177 κοῦ
2414 4125 2890 4196 κατατρυφήσουσι
2931 4126 3304 4199 μακαρισμοῦ.
3339 4130 3483 4182 Ὅσοι
3511 4126 3561 4179 τὸ
3581 4133 3747 4192 summ-

2289 4215 2383 4268 κδν
2415 4213 2591 4268 ἔλαιον
2614 4216 2713 4286 τῆς
2740 4215 2997 4283 διανοίας,
3029 4219 3123 4271 καὶ
3152 4219 3215 4271 τὸ
3240 4219 3473 4292 καθαρὸν
3498 4215 3578 4270 τοῦ
3602 4207 3748 4266 mstit-

2288 4322 2379 4370 τος
2413 4305 2661 4378 θυμίαμα
2690 4308 3012 4380 κέκτηνται,
3044 4311 3141 4382 τῆς
3173 4312 3399 4376 εὐωδίας
3434 4313 3524 4382 τῆς
3544 4317 3744 4373 πνεύματι·

2215 4422 2262 4478 D
2288 4394 2392 4465 κῆς
2413 4435 2429 4459 ,
2452 4395 2665 4467 καὶτῆς
2690 4396 2960 4462 υἱοθεσίας
3145 4401 3509 4473 πνευματικῆς
3536 4384 3744 4454 υἱοθεσίας]

2290 4480 2758 4555 κληρονομήσουσι
2832 4485 2929 4557 τὴν
2975 4488 3323 4557 ἐπαγγελίαν.
3356 4492 3500 4544 Ὅσοι
3539 4486 3665 4553 ἀξίως
3693 4478 3743 4530 ’ἐν

2290 4572 2693 4647 Εὐαγγελισμόν
2731 4580 3044 4651 ἑορτάζουσι
3096 4583 3195 4655 τῆς
3261 4584 3498 4639 θεοτόκου
3556 4577 3741 4651 [lupam

2287 4669 2500 4742 Μαρίας
2522 4711 2537 4736 ,
2583 4673 2957 4747 γνησιαίτερον
2993 4676 3094 4747 τῆς
3134 4678 3423 4746 ἀγγελίας,
3482 4676 3589 4737 τοῦ,
3617 4667 3739 4734 Χαῖρεν

2287 4762 2720 4832 κεχαριτωμένη
2741 4804 2755 4829 ν
2790 4765 3106 4836 κομίζονται
3151 4766 3566 4839 μισθαποδοσίαν.
3602 4762 3667 4814 Δεῖ
3689 4749 3741 4806 οὖν

2289 4853 2434 4923 ἡμᾶς
2457 4853 2553 4925 τὴν
2584 4855 2774 4927 ὲορτὴν
2797 4857 3001 4930 ταύτην
3029 4860 3325 4932 ἑορτάζειν,
3354 4858 3522 4929 ἐπειδὴ
3544 4855 3673 4929 χαρᾶς
3687 4844 3742 4899 καὶ

2291 4945 2629 5019 εὐφροσύνης
2646 4949 2825 5002 πᾶσαν
2837 4949 2933 5021 τὴν
2947 4950 3269 5024 οἰκουμένην
3284 4949 3586 5022 ἐπλήρωσεν.
3601 4936 3742 5011 Ἑορτά·

2292 5031 2471 5106 ζωμεν
2492 5034 2548 5088 δὲ
2572 5038 2733 5109 ἡμεῖς
2748 5039 2804 5089 ὲν
2825 5037 3059 5109 ψαλμοῖς
3079 5041 3173 5093 καὶ
3198 5040 3403 5112 ὕμνοις,
3419 5037 3503 5092 καὶ
3515 5033 3743 5112 ᾡδίιῖςπνίῗ⁸

2294 5130 2567 5199 ματικαῖς·
2602 5128 2887 5201 Ἐὖρταζεν
2916 5130 3046 5184 ποτὲ
3095 5132 3188 5186 καὶ
3228 5110 3464 5202 Ἰσραὴλ,
3494 5122 3648 5179 ἀλλ”ὲν
3667 5110 3743 5175 d55-

2295 5235 2450 5289 μοις,
2510 5221 2604 5274 καὶ
2652 5220 2897 5292 πικρίσι·
2962 5224 3091 5295 περὶ
3137 5217 3212 5278 ὧν
3257 5226 3286 5277 ὁ
3335 5222 3585 5294 προφήτης
3623 5207 3738 5274 λέγει·

2290 5312 2694 5381 Metuath
2717 5312 2825 5381 τὰς
2845 5314 3054 5384 ἑορτὰς
3068 5315 3265 5370 αὐτῶν
3285 5317 3369 5382 εις
3391 5314 3588 5373 λύπας,
3602 5300 3671 5355 καὶ
3688 5296 3741 5357 ε¹ς

2289 5402 2525 5471 πένθος,
2553 5405 2649 5458 καὶ
2674 5405 2789 5474 τὴν
2817 5407 3126 5478 χαρμονὴν
3150 5406 3343 5463 αὐτῶν
3375 5408 3455 5471 εις
3485 5396 3738 5465 κατήφειαν·

2289 5495 2399 5561 Τὰς
2424 5496 2481 5550 δὲ
2499 5497 2773 5570 ἡμετέρας
2795 5497 2970 5565 λύπας
2993 5501 3022 5553 ὁ
3043 5499 3243 5573 Κύριος
3267 5497 3432 5571 ἡμῶν,
3458 5494 3534 5548 διά
3558 5488 3641 5542 τῶν

2289 5586 2405 5645 πῶν
2434 5589 2533 5661 τῆς
2564 5569 2887 5661 μετανοίας,
2933 5593 3013 5654 εἰς
3056 5569 3228 5664 χαρὰν
3268 5569 3591 5664 μεταστρέψαι
3622 5569 3738 5630 δείδι’
