3950 6326
272 354 407 408 {ﬂii

1164 357 1447 413 HOMILIA
1485 359 1529 415 ll
1567 359 1633 414 1N
1668 357 2090 416 ANNUNTIAT.
2137 359 2316 416 VIBG.
2362 362 2651 419 ΜΑΒΗΕ.⁵

3392 375 3529 433 H63

268 476 568 533 ϐαιώσατο.
613 474 770 549 Εἶχεν
813 479 909 550 μὲν
941 479 1038 533 καὶ
1078 481 1110 551 ἡ
1142 481 1331 553 πρώτη
1362 482 1596 555 διαθήκη
1630 482 1849 537 δικαιώ-

1950 484 2004 536 in
2027 483 2234 537 dolores
2256 493 2303 536 et
2321 484 2541 547 luctum,
2560 496 2610 539 et
2632 487 2875 544 (mitium
2901 506 3081 546 eorum
3106 494 3161 546 in
3186 496 3460 552 tristitiam
3484 502 3526 565 ⁷,

270 588 421 642 ματα
461 569 735 642 λατρείας,
782 570 857 635 ὡς
905 571 997 624 ἐπὶ
1038 572 1132 626 τοῦ
1174 573 1515 646 προπάτορος
1575 574 1843 647 Ἀϐραὰμ,

267 663 386 717 ἀλλ’
434 663 494 718 ὲν
534 664 716 728 πόνοις
765 665 1027 737 σαρκίνης
1072 665 1362 736 ἀλγηδόνος
1405 667 1492 722 διά
1522 670 1844 741 περιτομῆς,

268 753 436 825 μέχρι
448 753 653 825 χρόνων
668 755 885 826 συμπλη
895 754 1127 826 ρώσεως.
1145 755 1323 827 Νόμος
1335 756 1561 821 ἐκείνοις
1581 757 1668 810 διὰ
1691 760 1848 813 Μωῦο

267 846 408 910 σέως
442 849 522 911 είς
570 846 815 901 παιδείαν
864 846 1054 920 ἐδόθη·
1103 851 1235 922 ἡμῖν
1277 848 1334 902 δὲ
1373 850 1406 921 ἡ
1453 850 1631 922 χάρις,
1678 853 1771 906 καὶ
1809 855 1843 923 ἡ

264 939 500 1011 ἀλήθεια
527 939 613 993 διὰ
643 939 816 1011 Ἰησοῦ
845 941 1080 1012 Χριστοῦ
1104 939 1401 1014 δεδώρηται.
1584 944 1843 1017 ἐγένετο].

265 1032 496 1085 Πάντων
528 1032 658 1104 ἡμῖν
681 1030 789 1086 τῶν
822 1032 1039 1101 ἀγαθῶν
1066 1033 1207 1106 ἀρχὴ
1239 1034 1460 1102 γέγονεν
1488 1035 1517 1087 6
1545 1031 1845 1103 Εὐαγγελι-
1882 1034 1888 1040 ’

267 1122 408 1193 σμὸς
436 1122 534 1194 τῆς
558 1121 1003 1193 κεχαριτωμένης
1028 1121 1267 1193 Μαρίας,
1299 1124 1333 1193 ἡ
1359 1122 1732 1196 πολυύμνητος
1750 1125 1844 1178 τοῦ

264 1212 523 1284 Σωτῆρος
548 1212 849 1284 οἰκονομία,
886 1214 919 1285 ὴ
950 1212 1130 1276 ἔνθεος
1159 1212 1323 1267 αὐτοῦ
1354 1215 1448 1268 καὶ
1476 1215 1847 1288 ὐπερκόσμιος

261 1301 603 1358 διδασκαλία.
649 1303 925 1357 Ἐντεῦθεν
962 1306 1092 1376 ἡμῖν
1126 1304 1504 1360 ἀνατέλλουσιν
1532 1306 1627 1361 τοῦ
1655 1308 1844 1381 νοεροῦ

264 1397 449 1464 φωτὸς
498 1397 555 1449 αἰ
601 1399 836 1461 ἀκτῖνες.
880 1398 1155 1452 Ἐντεῦθεν
1205 1400 1563 1472 ἀναϐρύουσιν
1613 1405 1746 1475 ἡμῖν
1787 1405 1843 1459 αί

264 1489 445 1559 πηγαὶ
466 1489 565 1559 τῆς
597 1489 807 1559 σοφίας,
833 1490 925 1544 καὶ
952 1490 1052 1560 τῆς
1076 1488 1393 1556 ἀθανασίας,
1422 1492 1587 1566 διειδῆ
1618 1495 1712 1548 καὶ
1746 1513 1847 1549 κα-

263 1578 412 1651 θαρά
432 1580 719 1651 ἐκχέουσαι
746 1581 847 1651 τῆς
871 1581 1150 1646 εὐσεϐείας
1179 1582 1245 1637 τά
1276 1584 1513 1655 νάματα.
1561 1585 1845 1642 Ἐντεῦθεν

259 1674 400 1743 ἡμῖν
432 1673 914 1743 ἀπαστράπτουσιν
961 1674 1009 1726 οἰ
1053 1672 1317 1747 θησαυροὶ
1354 1676 1455 1746 τῆς
1496 1676 1840 1746 θεογνωσίας.

1949 572 2207 629 Nostrum
2232 590 2399 644 porro
2430 576 2635 632 luctum
2672 579 2931 641 Dominus
2961 593 3171 650 noster,
3196 602 3294 656 per
3316 586 3527 647 fructus

1950 664 2282 733 poenitentiae.
2317 666 2369 719 in
2398 667 2653 737 gaudium
2679 683 2738 724 se
2757 685 3150 731 conversurum
3171 677 3459 737 afﬁrmavit
3478 682 3523 737 ⁸.

1950 754 2149 811 Habuit
2172 757 2390 826 quidem
2433 767 2487 814 et
2515 759 2752 829 primum
2784 771 3169 822 testamentum
3196 771 3526 840 justillcato-

1949 847 2337 915 rioscultus,ut
2360 853 2415 905 in
2430 851 2608 920 primo
2632 861 2787 922 patre
2811 855 3109 925 Abraham;
3129 877 3319 917 verum
3346 863 3399 918 in
3425 866 3533 921 do-

1948 939 2118 994 lorem
2131 940 2310 996 caruri
2329 942 2607 999 cruciatus
2621 959 2718 1013 per
2741 945 3242 1018 circumcisionem,
3265 971 3436 1025 usque
3467 962 3531 1011 a°|

1948 1032 2535 1101 temporaexpletionis
2551 1035 2593 1088 ⁸.
2621 1034 2733 1089 Lex
2764 1037 2871 1092 illis
2904 1048 2996 1109 p‘er
3014 1039 3253 1114 Moysrm
3286 1047 3412 1102 data
3450 1060 3530 1104 est

1947 1122 2013 1176 ad
2064 1124 2511 1195 correptionem;
2566 1128 2725 1184 nobis
2781 1139 2964 1186 autem
3007 1137 3179 1204 gratia
3223 1149 3278 1193 et
3324 1142 3529 1197 veritas

1946 1228 2042 1282 per
2087 1212 2271 1270 Iesum
2316 1215 2601 1272 Christum
2649 1234 2913 1278 concessa
2960 1232 3045 1278 est
3079 1224 3178 1296 [αι.
3212 1226 3350 1285 facta
3392 1231 3519 1302 est].

1944 1305 2279 1361 Cunctorum
2323 1308 2481 1364 nobis
2522 1310 2789 1365 bonorum
2840 1313 3169 1384 principium
3212 1320 3523 1376 Annuntia-

1944 1399 2020 1454 tio
2057 1398 2239 1455 Marize
2267 1401 2437 1471 gratia
2466 1402 2641 1472 plena:
2668 1405 2897 1472 exstitit,
2930 1407 3306 1465 laudatissima
3334 1411 3523 1469 Salva-

1945 1488 2080 1543 toris
2139 1489 2509 1559 dispensatio,
2551 1492 2845 1564 divinaque
2879 1496 2999 1565 ejus
3047 1508 3212 1569 atque
3255 1503 3521 1559 altissima

1945 1580 2184 1637 caelestis
2253 1582 2522 1638 doctrina.
2592 1583 2735 1639 Hinc
2808 1587 2968 1642 nobis
3037 1592 3299 1660 spiritalis
3382 1596 3521 1653 lucis

1943 1674 2267 1729 exoriuntur
2314 1677 2473 1730 radii.
2546 1675 2683 1732 Hinc
2741 1678 2900 1734 nobis
2956 1682 3236 1751 sapientiae
3297 1696 3352 1741 et
3423 1689 3528 1742 im-

262 1768 390 1838 Ζωὴ
427 1765 536 1839 γὰρ
567 1765 706 1838 αῦτη
747 1768 895 1822 ἐστὶν
938 1767 1173 1832 αἰώνιος,
1223 1770 1308 1825 ἵνα
1350 1768 1708 1843 γινώσκωμεν
1751 1773 1841 1826 τὸν

1948 1763 2298 1820 mortalitatis
2339 1766 2648 1821 scaturiunt
2683 1766 2859 1823 fontes
2884 1786 2899 1835 ;
2929 1770 3023 1840 qui
3060 1772 3314 1843 limpidus
3340 1793 3405 1833 ac
3429 1794 3526 1849 pu-

259 1856 517 1929 ἁληθινὸν
561 1855 712 1921 Θεὸν,
756 1858 850 1912 καὶ
890 1858 949 1911 ὃν
996 1858 1309 1913 ἀπέστειλεν
1344 1858 1553 1932 Ἰησοῦν
1581 1862 1838 1934 Χριστόν.

264 1949 377 2001 Καὶ
420 1948 617 2002 πάλιν’
676 1949 962 2021 Ἐρευνᾶτε
1002 1950 1101 2013 τὰς
1138 1951 1382 2022 Γραφάς,
1429 1954 1509 2006 ὅτι
1555 1955 1614 2007 ὲν
1654 1954 1845 2019 αὐταῖς

258 2041 527 2113 εὑρήσετε
576 2040 721 2113 ζωὴν
764 2039 980 2095 αἰώνιον
1196 2042 1402 2096 δοκεῖτε
1442 2043 1586 2115 ζωὴν
1628 2042 1845 2099 αἰώνιον

261 2132 454 2205 Εχειν].
493 2133 589 2187 Διά
617 2132 775 2187 τοῦτο
804 2133 934 2206 γὰρ,
967 2138 1078 2198 τοῖς
1109 2135 1370 2206 ἐρευνῶσι
1421 2136 1490 2191 τὰ
1532 2137 1650 2192 θεῖα
1688 2138 1844 2208 λόγια

260 2223 703 2277 ἀνακαλύπτεται
735 2227 763 2279 6
809 2224 1081 2299 θησαυρὸς
1114 2227 1214 2298 τῆς
1251 2227 1345 2281 τοῦ
1389 2228 1526 2283 Θεοῦ
1567 2229 1839 2300 γνώσεως.

261 2317 552 2387 Θησαυρὸν
605 2318 737 2387 ἡμῖν
783 2317 1003 2388 ἦπλωσε
1055 2319 1294 2391 σήμερον
1336 2320 1437 2392 τῆς
1487 2320 1841 2375 θεοπνεύστου

264 2405 307 2456 Γ
310 2407 491 2478 ραφῆς
526 2409 554 2460 6
590 2406 966 2479 Παράκλητος.
1012 2410 1294 2482 Θησαυρὸς
1324 2410 1379 2465 δὲ
1419 2412 1552 2482 ἡμῖν
1587 2411 1726 2466 ἔστω
1757 2431 1845 2466 σο·
1888 2430 1893 2434 ‘

260 2499 416 2566 φίας,
444 2501 478 2571 ἠ
523 2503 832 2574 προφητικὴ
857 2502 1098 2572 γλῶσσα,
1129 2504 1223 2558 καὶ
1264 2506 1297 2576 ἡ
1330 2503 1659 2577 ἀποστολικη
1695 2505 1842 2560 διδα-

264 2588 463 2643 σκαλία
485 2605 501 2620 ⁸
536 2592 595 2644 οὐ
635 2591 744 2663 γάρ
786 2592 901 2647 ἔστι
934 2594 1103 2664 χωρὶς
1133 2594 1299 2665 νόμου
1330 2594 1424 2647 καὶ
1465 2593 1779 2666 προφητῶν,
1807 2593 1841 2667 ἢ

259 2682 664 2751 εὖαγγελιστῶν
692 2683 813 2756 [ἄλ.
832 2686 1330 2758 Εὐαγγελίιιι›ν],καί¹
1342 2686 1672 2751 ἀποστόλων,
1699 2687 1842 2758 ἔχειν

260 2774 362 2845 τὴν
400 2776 600 2848 ἀκριϐῆ
634 2777 733 2847 τῆς
767 2779 1041 2851 σωτηρίας
1073 2778 1281 2833 ἐλπίδα.
1315 2778 1414 2832 Διά
1455 2779 1562 2851 γὰρ
1595 2779 1691 2852 τῆς
1735 2779 1844 2835 τῶν

262 2867 436 2935 ἁγίων
475 2868 769 2939 προφητῶν
822 2870 919 2923 καὶ
952 2870 1262 2923 ἀποστόλων
1304 2869 1549 2941 γλώττης
1581 2873 1609 2925 6
1640 2870 1843 2943 Κύριος

258 2958 420 3030 ἡμῶν
459 2959 773 3029 φθέγγεται,
807 2962 900 3014 καὶ
937 2964 1058 3025 ταῖς
1085 2961 1191 3014 τῶν
1221 2962 1391 3031 ἁγίων
1421 2965 1627 3031 φωναῖς
1652 2965 1680 3017 6
1709 2963 1841 3028 Θεὸς

262 3050 752 3118 ἐγκαλλωπίζεται,
800 3052 860 3106 οὐ
914 3053 1016 3124 τῆς
1056 3053 1254 3118 λέξεως
1295 3053 1555 3125 χρῄζων,’
1587 3053 1723 3107 ἀλλά
1772 3058 1838 3127 τῇ

1948 1869 2038 1908 ros
2091 1855 2239 1911 rivos
2283 1857 2498 1926 pietatis
2520 1858 2827 1914 eli'undunt.
2852 1859 2993 1917 Hinc
3016 1864 3176 1920 nobis
3200 1867 3396 1926 divina:
3423 1885 3518 1923 co-

1947 1946 2203 2016 gnitionis
2246 1949 2595 2018 resplendent
2633 1952 2897 2007 thesauri.
2949 1951 3075 2011 Hasc
3117 1958 3262 2011 enim
3305 1962 3414 2015 vita
3437 1972 3525 2017 est

1945 2047 2165 2099 arterna.
2222 2050 2279 2095 ut
2333 2057 2729 2112 cognoscamus
2785 2060 2973 2101 verum
3012 2047 3203 2114 Deum,
3255 2061 3308 2107 et
3354 2068 3518 2122 quem

1947 2131 2096 2185 misit
2162 2130 2347 2187 Jesum
2379 2133 2654 2191 Christum
2686 2138 2752 2191 ¹⁰.
2789 2136 2856 2193 Ει
2905 2155 3097 2195 rursus
3141 2159 3154 2194 :
3188 2140 3523 2199 Scrutamini

1948 2219 2260 2291 Scripturas
2311 2241 2325 2278 :
2381 2227 2637 2295 quoniam
2682 2229 2734 2282 in
2762 2230 2829 2284 iis
2868 2230 3155 2287 invenietis
3180 2234 3345 2287 vitam
3370 2245 3526 2289 aeter-

1946 2330 2069 2367 nam
2094 2315 2192 2386 [αι.
2210 2317 2410 2385 putatis
2428 2319 2586 2371 vitam
2609 2330 2867 2375 eternam
2893 2323 3114 2396 habere}
3134 2325 3199 2378 ιι.
3235 2324 3525 2396 Propterea

1944 2406 2088 2459 enim
2139 2408 2539 2463 scrutatoribus
2574 2409 2886 2467 divinorum
2928 2414 3272 2484 eloquiorum
3298 2419 3523 2473 thesau-

1946 2515 2042 2553 rus
2065 2499 2264 2554 divinte
2293 2501 2566 2556 revelatur
2595 2503 2945 2573 cognitionis.
2989 2495 3329 2564 Thesaurum
3361 2512 3524 2568 nobis

1946 2589 2106 2645 hodie
2156 2606 2189 2645 a
2219 2589 2329 2645 Deo
2361 2592 2634 2661 inspirata:
2666 2592 2961 2662 Scripturze
2998 2594 3314 2653 Paracletus
3346 2599 3521 2668 expli-

1944 2683 2105 2737 cavit.
2139 2682 2454 2739 Tbesaurus
2494 2700 2657 2755 porro
2700 2687 2981 2756 sapientiae
3026 2689 3183 2745 nobis
3237 2691 3308 2745 sit
3337 2692 3523 2762 lingua

1943 2774 2280 2844 prophetica,
2314 2784 2366 2829 et
2397 2774 2645 2830 doctrina
2674 2779 2979 2848 apostolica
3021 2798 3036 2835 :
3074 2798 3180 2834 non
3213 2783 3357 2835 enim
3389 2784 3517 2839 abs—

1943 2882 2052 2936 que
2098 2867 2216 2935 lege
2261 2876 2315 2921 et
2356 2867 2657 2937 prophetis,
2708 2878 2802 2924 aut
2829 2872 3176 2941 evangelistis
3204 2872 3299 2945 [aL
3336 2872 3517 2928 Evan-

1944 2957 2159 3030 geliis],
2219 2965 2381 3028 atque
2441 2958 2732 3028 apostolis,
2790 2962 3085 3030 perlectam
3125 2965 3318 3019 salutis
3368 2980 3521 3034 spent

1947 3050 2147 3104 habere
2194 3065 2505 3120 possumus.
2554 3049 2689 3105 Nam
2733 3067 2828 3121 per
2871 3062 3189 3107 sanctorum
3225 3056 3518 3124 propheta-

262 3140 499 3196 διαθέσει
534 3143 758 3215 χαίρων,
797 3144 949 3198 οὐδὲν
996 3143 1053 3209 ἐξ
1083 3144 1384 3216 ἀνθρώπων
1426 3146 1839 3219 καρπούμενος,

1948 3157 2064 3194 rum
2109 3150 2163 3196 et
2210 3143 2585 3212 apostolorum
2629 3144 2869 3214 linguam
2912 3144 3176 3200 Dominus
3206 3156 3392 3203 uoster
3443 3149 3518 3202 lo-

260 3234 399 3289 ἀλλά
422 3237 489 3306 τῇ
520 3235 820 3307 εὐγνώμονι
860 3235 1006 3307 ψυχῇ
1036 3235 1143 3289 τῶν
1173 3236 1392 3291 δικαίων
1420 3238 1839 3312 ἐπαναπαυόμε-

261 3344 373 3390 νος.
419 3329 493 3381 Οὐ
526 3328 636 3401 γάρ
674 3329 731 3393 ἐξ
767 3321 841 3382 ὧν
873 3332 1033 3400 ἡμεῖς
1072 3329 1442 3400 φθεγγόμεθα,
1484 3331 1716 3401 Χριστὸς
1749 3349 1844 3403 με-

262 3419 576 3491 γαλύνεται,
612 3421 725 3476 ἀλλ’
750 3421 811 3487 ἐξ
831 3415 905 3476 ὧν
929 3422 1381 3494 εὐεργετοῦμεθα,
1408 3424 1506 3495 τὴν
1527 3424 1843 3495 εὐεργεσίαν

260 3512 619 3584 εὐγνωμόνως
652 3514 993 3586 κηρόττομεν
1013 3531 1026 3543 ·
1064 3514 1161 3584 οὐχ
1189 3513 1278 3568 ἵνα
1305 3515 1402 3585 τῆς
1427 3514 1584 3581 ἀξίας
1621 3514 1846 3585 ὲφικνώ-

264 3605 423 3676 μεθα,
460 3605 573 3659 ἀλλ’
608 3605 695 3660 ἵνα
737 3605 835 3677 τὴν
866 3604 1007 3659 κατά
1042 3604 1270 3677 δύναμιν
1310 3605 1527 3676 ὀφειλὴν
1571 3606 1843 3660 ἀποτίσω-

265 3714 384 3768 μεν.
422 3697 588 3751 Ὅταν
608 3696 664 3750 δὲ
706 3695 1136 3764 ἀναγινώσκεται
1170 3696 1231 3749 τὸ
1257 3695 1605 3766 Εὐαγγέλιον,
1636 3698 1668 3768 ἢ
1710 3699 1844 3752 ἀπο-

263 3787 527 3855 στολικὺν,
559 3787 632 3860 μὴ
653 3789 897 3860 προσχῇς
914 3790 981 3859 τῇ
1015 3786 1201 3858 βίϐλῳ,
1228 3786 1262 3858 ἦ
1289 3786 1367 3857 τῷ
1387 3786 1807 3856 ἀναγινώσκοντι
1823 3805 1837 3820 ο

261 3879 397 3933 ἀλλά
428 3878 507 3949 τῷ
537 3878 632 3932 ἀπ’
683 3877 914 3949 οὐρανοῦ
946 3878 1301 3949 φθεγγομένῳ
1344 3877 1481 3949 Θεῷ.
1516 3878 1705 3943 Βίϐλος
1744 3879 1843 3950 μὲν

259 3970 390 4043 γάρ,
423 3969 485 4023 τὸ
522 3969 829 4041 ὁρώμενονο
873 3969 1107 4041 Χριστὸς
1155 3967 1235 4031 δὲ,
1281 3966 1342 4020 τὸ
1388 3967 1836 4039 θεολογούμενον·

260 4061 667 4132 εὐαγγελίζεται
696 4062 875 4114 τοίνυν
902 4062 1031 4133 ἡμῖν
1060 4059 1159 4131 τὴν
1186 4058 1558 4130 πολυύμνητον
1592 4060 1686 4113 τοῦ
1722 4062 1838 4114 Σω-

257 4154 425 4228 τῆρος
472 4154 812 4224 οἰκονομίαν·
862 4154 943 4207 ὅτι
984 4154 1119 4218 Θεὸς
1163 4152 1258 4218 ὣν,
1301 4152 1388 4207 διά
1435 4152 1840 4226 φιλανθρωπίαν

260 4247 544 4321 ἄνθρωπος
581 4245 800 4316 γέγονεν
822 4261 838 4278 ·
866 4246 926 4299 οὐ
952 4245 1049 4317 τὴν
1093 4243 1415 4316 προαιώνιον
1444 4244 1602 4312 ἀξίαν
1640 4245 1838 4299 ἀποθέ-

1944 3233 2132 3303 quitur
2151 3274 2167 3297 ,
2194 3242 2248 3288 et
2276 3235 2328 3288 iu
2363 3243 2676 3289 sanctorum
2713 3234 2941 3290 vocibus
2965 3234 3108 3292 Deus
3137 3238 3239 3292 sibi
3269 3239 3442 3308 placet
3464 3248 3521 3295 et

1944 3326 2277 3396 acquiescit;
2324 3343 2432 3380 non
2478 3328 2622 3397 quod
2665 3327 2943 3383 locutione
2998 3338 3172 3396 egeat,
3228 3331 3321 3385 sed
3370 3334 3515 3401 quod

1944 3418 2083 3472 bona
2134 3418 2418 3474 all‘ectioue
2453 3434 2518 3472 ac
2551 3418 2910 3488 dispositione
2943 3422 3207 3490 gaudeat;
3236 3438 3343 3475 non
3372 3407 3519 3492 quod

1944 3511 2013 3565 ab
2057 3510 2274 3565 homine
2303 3510 2537 3565 fructum
2568 3510 2736 3564 ullum
2762 3512 2971 3581 capiat,
3007 3513 3102 3567 sed
3136 3514 3280 3583 quod
3311 3514 3366 3568 in
3395 3515 3519 3570 ani-

1942 3607 2139 3658 malms
2159 3603 2431 3673 iustorum
2465 3603 2634 3674 gratis
2661 3604 3038 3673 conquiescat.
3072 3604 3190 3660 Non
3220 3608 3366 3662 enim
3389 3609 3519 3678 quia

1944 3711 2042 3748 nos
2091 3695 2385 3765 loquimur,
2412 3693 2665 3750 Christus
2699 3697 3108 3766 magnilicatur;
3146 3699 3238 3753 sed
3271 3700 3398 3767 quia
3425 3700 3521 3755 be-

1942 3786 2151 3841 neliciis
2190 3788 2259 3841 ab
2295 3802 2362 3840 eo
2400 3786 2687 3851 :tﬂicimur,
2718 3788 3129 3842 beneﬁcentiam
3160 3790 3331 3858 ipsius
3361 3799 3519 3861 grato

1941 3876 2125 3930 animo
2171 3876 2567 3945 praedicamus;
2604 3891 2710 3931 non
2747 3887 2806 3931 ut
2843 3878 2896 3931 id
2928 3894 3025 3948 pro
3051 3878 3312 3950 dignitate
3348 3879 3517 3936 facia-

1941 3983 2107 4033 mus,
2168 3967 2262 4023 sed
2316 3979 2377 4021 ut
2424 3968 2664 4022 debitum
2720 3984 2816 4039 pro
2867 3970 3074 4026 viribus
3118 3972 3511 4040 persolvamus.

1941 4060 2172 4128 Quando
2202 4075 2365 4130 porro
2390 4058 2740 4130 Evangelium
2770 4059 2982 4130 legitur,
3011 4061 3095 4115 vel
3118 4062 3513 4130 apostolicum,

1940 4168 2051 4209 nou
2077 4152 2216 4208 libro
2241 4151 2506 4218 attendas,
2540 4159 2635 4205 aut
2658 4151 2875 4218 lectori;
2908 4153 2999 4206 sed
3047 4151 3155 4206 Deo
3188 4168 3218 4208 e
3247 4153 3400 4207 caelis
3428 4153 3515 4208 lo-

1941 4247 2149 4317 quenti.
2195 4243 2357 4299 Liber
2399 4243 2668 4312 siquidem
2715 4251 2800 4298 cst
2850 4244 2902 4298 id
2944 4245 3091 4313 quod
3137 4244 3411 4308 cernitur,
3459 4254 3517 4300 at

263 4355 446 4411 μενος,
477 4337 611 4393 ἀλλά
643 4337 741 4410 τὴν
786 4338 1060 4409 σωτηρίαν
1099 4336 1413 4407 οἰκονομίαν
1448 4336 1835 4408 ἐνδυσάμενος·

1944 4339 2190 4394 Christus
2224 4346 2308 4392 est
2342 4336 2393 4390 id
2425 4335 2493 4390 de
2526 4350 2636 4405 quo
2666 4335 2954 4391 disseritur
2981 4335 3080 4408 [αι.
3103 4336 3169 4390 de
3196 4351 3305 4405 quo
3329 4335 3513 4393 divina

259 4430 669 4501 εὐαγγελίζεται
704 4431 837 4502 ἡμῖν
888 4429 985 4501 τὴν
1038 4428 1411 4500 πολυύμνητον
1451 4426 1544 4481 τοῦ
1590 4429 1838 4500 Σωτῆρος

1944 4428 2349 4502 praedicantur];
2378 4427 2712 4497 evangelizat
2736 4427 2901 4498 igitur
2923 4428 3077 4482 nobis
3102 4428 3511 4482 celeberrimam

258 4525 588 4596 οἰκονομίαν,
635 4525 715 4577 ὅτι
751 4525 863 4587 τοῖς
901 4522 1196 4592 κάμνουσιν
1244 4510 1427 4592 ἰατρὸς
1466 4521 1831 4592 ἐπεδήμησεν,

1944 4529 2229 4588 Salvatoris
2257 4523 2612 4583 oeconomiam
2656 4523 2768 4576 sive
2811 4521 3270 4591 dispensationem
3316 4540 3328 4575 :
3366 4537 3506 4592 quo-

258 4618 318 4670 οὐ
365 4616 673 4688 φαρμάκοις
712 4614 1047 4686 θεραπεύων,
1094 4613 1231 4669 ἀλλά
1260 4612 1489 4684 νεύματι
1535 4611 1836 4683 φιλανθρω-

1944 4623 2083 4680 niam
2111 4638 2234 4677 cum
2266 4621 2408 4673 Deus
2441 4624 2605 4679 esset,
2648 4615 2814 4668 nimia
2852 4614 3177 4685 benignitate
3203 4629 3298 4669 sua
3332 4614 3506 4670 factus

258 4709 389 4772 πίας
425 4706 668 4778 ἰώμενος.
707 4703 1132 4774 Εὑαγγελξζεται
1161 4706 1292 4776 ἡμῖν
1334 4704 1431 4776 τὴν
1459 4703 1834 4775 πολυύμνητον

1944 4720 2025 4768 est
2047 4712 2239 4774 homo;
2263 4721 2372 4761 non
2404 4704 2621 4775 quidem
2660 4702 2973 4774 dignitatem
2998 4716 3156 4772 quam
3195 4703 3263 4758 ab
3302 4712 3508 4760 aeterno

257 4799 352 4854 τοῦ
392 4798 644 4869 Σωτῆρος
680 4796 990 4867 οἰκονομίαν
1015 4809 1028 4825 ⁸
1069 4796 1149 4848 ὅτι
1191 4798 1303 4858 τοῖς
1335 4794 1833 4866 πεπλανημένοιςὴ

1944 4797 2164 4862 habuit,
2203 4797 2478 4866 deponens
2509 4813 2523 4849 :
2574 4795 2668 4849 sed
2708 4794 2999 4849 salutarem
3032 4795 3394 4849 oeconomiam
3426 4796 3511 4849 in‘

255 4892 375 4955 όδὸς
413 4892 513 4963 τῆς
546 4888 816 4962 σωτηρίας
858 4886 1157 4959 ἀνεδείχθη,
1190 4889 1301 4950 τοῖς
1328 4886 1768 4957 ἀπεγνωσμένοις
1800 4889 1833 4958 ἡ

1944 4890 2132 4954 duens,
2176 4887 2511 4959 evangelizat
2560 4885 2718 4941 nobis
2772 4885 3203 4941 laudatissimam
3261 4885 3512 4942 Salvato-

257 4985 526 5055 σωτήριος
550 4982 727 5054 χάρις,
755 4980 1023 5052 διαφόρως
1055 4979 1257 5043 πάντας
1292 4977 1675 5049 εὐεργετοῦσα,
1708 4978 1835 5041 τοὺς

1944 4982 2017 5035 ris
2073 4978 2568 5048 dispensationem;
2609 4978 2870 5047 quoniam
2923 4977 3298 5033 laborantibus
3350 4988 3513 5048 atque

255 5074 701 5148 πεπλανημένους
728 5072 1088 5146 ἀναζητοῦσα,
1124 5073 1248 5135 τοὺς
1278 5070 1693 5141 ἐσκοτισμένους
1725 5088 1836 5139 φωο

1944 5070 2330 5141 aegrotantibus
2370 5068 2615 5124 medicus
2656 5069 2895 5131 advenit,
2934 5085 3040 5122 non
3068 5069 3381 5139 pharmacis
3414 5087 3515 5125 cu-

255 5170 500 5235 τίζουσα,
528 5169 651 5233 τοὺς
673 5166 1145 5237 τεθανατωμένους
1175 5162 1530 5229 ζωοποιοῦσα,
1565 5164 1692 5227 τοὺς
1720 5161 1834 5215 δού-

1944 5176 2101 5227 rans,
2158 5161 2251 5216 sed
2300 5168 2435 5214 nutu
2465 5159 2813 5231 benignitatis
2853 5175 2966 5215 sua:
3003 5175 3226 5215 sanans.
3268 5160 3519 5233 Evange~

254 5263 381 5324 λους
418 5260 792 5332 ἐλευθεροῦσα,
815 5259 940 5322 τοὺς
983 5252 1356 5327 αίχμαλώτους
1399 5252 1826 5325 ἐξαγοράζουσα,

1944 5252 2066 5305 lizat
2111 5251 2267 5313 nobis
2297 5249 2782 5306 celebratissimam
2824 5247 3125 5304 Salvatoris
3151 5250 3517 5318 dispensutio-
3570 5304 3580 5317 ,

256 5355 351 5409 καὶ
386 5357 497 5415 τοῖς
539 5354 701 5407 πᾶσιν
739 5353 868 5423 ἡμῖν
896 5349 965 5402 τά
1003 5348 1180 5402 πάντα
1204 5348 1446 5417 γέγονεν,
1487 5348 1521 5417 ἡ
1546 5346 1664 5410 ὁδὸς

1944 5356 2054 5395 item
2084 5358 2098 5395 :
2140 5340 2267 5411 quia
2298 5338 2615 5394 errantibus
2642 5337 2818 5392 factus
2843 5345 2927 5392 est
2949 5337 3035 5391 via
3070 5337 3285 5403 salutis,
3317 5336 3512 5405 despc-

254 5447 336 5509 εἰς
374 5444 516 5517 ὁδὸν]
555 5443 862 5515 σωτηρίαςο
896 5442 956 5495 οὐ
985 5440 1073 5494 διὰ
1108 5440 1207 5512 τὴν
1236 5440 1511 5512 ἡμετέραν
1542 5440 1825 5511 εὐγνωμο-

1945 5431 2176 5486 antibus
2225 5429 2398 5501 gratia
2444 5427 2738 5493 salutaris,
2789 5427 3143 5482 multifariam
3180 5428 3233 5481 in
3280 5436 3511 5480 cunctus

218 5540 234 5555 ⁹
257 5531 445 5602 σύν-ην,
481 5529 615 5584 ἀλλὰ
653 5529 740 5584 διά
768 5530 867 5601 τὴν
903 5527 1051 5599 αὑτῷ
1090 5528 1169 5599 τῷ
1208 5529 1468 5600 εὐεργέτῃ
1512 5530 1826 5601 πρέπουσαν

1944 5523 2185 5582 teuelicia
2240 5520 2561 5588 conferens,
2602 5528 2848 5577 errantes
2907 5520 3225 5593 requirens,
3270 5518 3517 5572 tenebris

251 5623 582 5693 ἀγαθότητα.
620 5622 802 5677 Πάντα
842 5619 949 5691 γάρ
992 5620 1245 5690 ἐποίησεν
1281 5618 1310 5669 ὀ
1348 5620 1558 5691 Σωτὴρ,
1606 5621 1703 5691 οὐχ
1738 5621 1823 5673 ἵνα

1944 5615 2287 5675 :ircuml'usos
2318 5613 2656 5676 illuminaus,
2706 5620 2953 5666 mortuos
2988 5609 3289 5676 vivillcans,
3319 5624 3508 5664 servos

331 5805 356 5839 ν
381 5806 565 5859 Amos.
595 5821 710 5867 νηί,
740 5805 824 5858 l0.
900 5805 921 5835 ⁸
949 5802 1057 5858 Jer.
1084 5819 1233 5857 xm.
1307 5805 1328 5836 ’
1348 5801 1503 5863 Joan.
1532 5820 1569 5862 t.
1649 5804 1692 5837 ¹⁶
1722 5803 1856 5861 Joan

1945 5820 2014 5859 vu
2037 5845 2053 5872 ,
2079 5803 2133 5857 5.
2171 5849 2183 5863 .
2211 5804 2248 5833 “
2278 5800 2435 5855 Joan.
2474 5816 2525 5865 ν,
2554 5798 2641 5852 59.

537 5900 808 5960 Pauor"
841 5900 958 5961 Gn.
991 5899 1072 5959 X.

3152 5887 3226 5944 37
