  <div class='ocr_page' id='page_1' title='image "/cluster/home/n/w/nwhite01/storage/ocr_20150623/10/hvd.32044073501348/597.png"; bbox 0 0 3950 6326; ppageno 0'>
   <div class='ocr_carea' id='block_1_1' title="bbox 541 299 681 354">
    <p class='ocr_par' dir='ltr' id='par_1_1' title="bbox 541 299 681 354">
     <span class='ocr_line' id='line_1_1' title="bbox 541 299 681 354; baseline 0 -1"><span class='ocrx_word' id='word_1_1' title='bbox 541 299 681 354; x_wconf 70' lang='lat' dir='ltr'><strong>H65</strong></span> 
     </span>
    </p>
   </div>
   <div class='ocr_carea' id='block_1_2' title="bbox 1177 293 3137 355">
    <p class='ocr_par' dir='ltr' id='par_1_2' title="bbox 1177 293 3137 355">
     <span class='ocr_line' id='line_1_2' title="bbox 1177 293 3137 355; baseline 0.001 -2"><span class='ocrx_word' id='word_1_2' title='bbox 1177 299 1234 353; x_wconf 87' lang='lat' dir='ltr'><strong>S.</strong></span> <span class='ocrx_word' id='word_1_3' title='bbox 1275 297 1602 354; x_wconf 79' lang='lat' dir='ltr'><strong>GREGORII</strong></span> <span class='ocrx_word' id='word_1_4' title='bbox 1640 296 1995 353; x_wconf 82' lang='lat' dir='ltr'><strong>THAUMAT.</strong></span> <span class='ocrx_word' id='word_1_5' title='bbox 2040 293 2188 351; x_wconf 84' lang='lat' dir='ltr'><strong>OPP.</strong></span> <span class='ocrx_word' id='word_1_6' title='bbox 2232 294 2414 351; x_wconf 72' lang='lat' dir='ltr'><strong>PARS</strong></span> <span class='ocrx_word' id='word_1_7' title='bbox 2462 299 2766 353; x_wconf 66' lang='lat' dir='ltr'><strong>ALTERA.</strong></span> <span class='ocrx_word' id='word_1_8' title='bbox 2798 327 2871 337; x_wconf 92' lang='lat'><strong>—</strong></span> <span class='ocrx_word' id='word_1_9' title='bbox 2910 298 3137 355; x_wconf 77' lang='lat' dir='ltr'><strong>DUBIA.</strong></span> 
     </span>
    </p>
   </div>
   <div class='ocr_carea' id='block_1_3' title="bbox 3573 309 3678 365">
    <p class='ocr_par' dir='ltr' id='par_1_3' title="bbox 3573 309 3678 365">
     <span class='ocr_line' id='line_1_3' title="bbox 3573 309 3678 365; baseline 0.048 -4"><span class='ocrx_word' id='word_1_10' title='bbox 3573 309 3678 365; x_wconf 76' lang='grc' dir='ltr'>ιιιι</span> 
     </span>
    </p>
   </div>
   <div class='ocr_carea' id='block_1_4' title="bbox 540 393 2092 497">
    <p class='ocr_par' dir='ltr' id='par_1_4' title="bbox 540 418 2092 488">
     <span class='ocr_line' id='line_1_4' title="bbox 540 418 2092 488; baseline -0.003 -15"><span class='ocrx_word' id='word_1_11' title='bbox 540 420 791 475; x_wconf 88' lang='lat' dir='ltr'><strong>libertate</strong></span> <span class='ocrx_word' id='word_1_12' title='bbox 837 420 1068 485; x_wconf 89' lang='lat' dir='ltr'><strong>donans,</strong></span> <span class='ocrx_word' id='word_1_13' title='bbox 1120 419 1362 488; x_wconf 85' lang='lat' dir='ltr'><strong>captivos</strong></span> <span class='ocrx_word' id='word_1_14' title='bbox 1413 420 1705 485; x_wconf 86' lang='lat' dir='ltr'><strong>redimens,</strong></span> <span class='ocrx_word' id='word_1_15' title='bbox 1751 429 1805 474; x_wconf 91' lang='lat' dir='ltr'><strong>et</strong></span> <span class='ocrx_word' id='word_1_16' title='bbox 1859 418 2092 473; x_wconf 72' lang='lat' dir='ltr'><strong>omnibus</strong></span> 
     </span>
    </p>
   </div>
   <div class='ocr_carea' id='block_1_5' title="bbox 2192 393 3685 497">
    <p class='ocr_par' dir='ltr' id='par_1_5' title="bbox 2218 400 3685 497">
     <span class='ocr_line' id='line_1_5' title="bbox 2218 400 3685 497; baseline 0.007 -28"><span class='ocrx_word' id='word_1_17' title='bbox 2218 416 2393 487; x_wconf 76' lang='grc' dir='ltr'>ἑαυτῷ</span> <span class='ocrx_word' id='word_1_18' title='bbox 2432 400 2633 490; x_wconf 81' lang='grc' dir='ltr'>ἀρετὴν</span> <span class='ocrx_word' id='word_1_19' title='bbox 2668 418 3173 492; x_wconf 86' lang='grc' dir='ltr'>πραγματεύσηται,</span> <span class='ocrx_word' id='word_1_20' title='bbox 3202 420 3306 475; x_wconf 84' lang='grc' dir='ltr'>ἀλλ’</span> <span class='ocrx_word' id='word_1_21' title='bbox 3337 420 3412 475; x_wconf 83' lang='grc' dir='ltr'><strong>ἴνα</strong></span> <span class='ocrx_word' id='word_1_22' title='bbox 3439 423 3546 494; x_wconf 68' lang='grc' dir='ltr'>ἡμῖν</span> <span class='ocrx_word' id='word_1_23' title='bbox 3567 442 3685 497; x_wconf 83' lang='grc' dir='ltr'>περι-</span> 
     </span>
    </p>
   </div>
   <div class='ocr_carea' id='block_1_6' title="bbox 538 508 2109 584">
    <p class='ocr_par' dir='ltr' id='par_1_6' title="bbox 538 508 2109 584">
     <span class='ocr_line' id='line_1_6' title="bbox 538 508 2109 584; baseline -0.001 -18"><span class='ocrx_word' id='word_1_24' title='bbox 538 510 700 566; x_wconf 81' lang='lat' dir='ltr'><strong>nobis</strong></span> <span class='ocrx_word' id='word_1_25' title='bbox 749 511 932 564; x_wconf 85' lang='lat' dir='ltr'><strong>omnia</strong></span> <span class='ocrx_word' id='word_1_26' title='bbox 971 508 1166 573; x_wconf 80' lang='lat' dir='ltr'><strong>factus,</strong></span> <span class='ocrx_word' id='word_1_27' title='bbox 1206 509 1260 563; x_wconf 90' lang='lat' dir='ltr'><strong>in</strong></span> <span class='ocrx_word' id='word_1_28' title='bbox 1293 509 1433 564; x_wconf 78' lang='lat' dir='ltr'><strong>viam</strong></span> <span class='ocrx_word' id='word_1_29' title='bbox 1464 513 1657 567; x_wconf 86' lang='lat' dir='ltr'><strong>salutis</strong></span> <span class='ocrx_word' id='word_1_30' title='bbox 1694 532 1706 567; x_wconf 92' lang='lat'><strong>:</strong></span> <span class='ocrx_word' id='word_1_31' title='bbox 1751 528 1856 566; x_wconf 92' lang='lat' dir='ltr'><strong>non</strong></span> <span class='ocrx_word' id='word_1_32' title='bbox 1889 525 2109 584; x_wconf 87' lang='lat' dir='ltr'><strong>propter</strong></span> 
     </span>
    </p>
   </div>
   <div class='ocr_carea' id='block_1_7' title="bbox 540 603 2107 677">
    <p class='ocr_par' dir='ltr' id='par_1_7' title="bbox 540 603 2107 677">
     <span class='ocr_line' id='line_1_7' title="bbox 540 603 2107 677; baseline 0.003 -20"><span class='ocrx_word' id='word_1_33' title='bbox 540 613 781 660; x_wconf 88' lang='lat' dir='ltr'><strong>nostram</strong></span> <span class='ocrx_word' id='word_1_34' title='bbox 812 603 979 657; x_wconf 89' lang='lat' dir='ltr'><strong>animi</strong></span> <span class='ocrx_word' id='word_1_35' title='bbox 1011 605 1419 674; x_wconf 87' lang='lat' dir='ltr'><strong>gratitudinem,</strong></span> <span class='ocrx_word' id='word_1_36' title='bbox 1447 607 1541 661; x_wconf 93' lang='lat' dir='ltr'><strong>sed</strong></span> <span class='ocrx_word' id='word_1_37' title='bbox 1571 606 1641 660; x_wconf 90' lang='lat' dir='ltr'><strong>ob</strong></span> <span class='ocrx_word' id='word_1_38' title='bbox 1673 607 1969 661; x_wconf 90' lang='lat' dir='ltr'><strong>bonitatem</strong></span> <span class='ocrx_word' id='word_1_39' title='bbox 2002 607 2107 677; x_wconf 90' lang='lat' dir='ltr'><strong>ipsi</strong></span> 
     </span>
    </p>
   </div>
   <div class='ocr_carea' id='block_1_8' title="bbox 541 694 2106 754">
    <p class='ocr_par' dir='ltr' id='par_1_8' title="bbox 541 694 2106 754">
     <span class='ocr_line' id='line_1_8' title="bbox 541 694 2106 754; baseline 0.003 -4"><span class='ocrx_word' id='word_1_40' title='bbox 541 695 807 750; x_wconf 85' lang='lat' dir='ltr'><strong>Salvatori</strong></span> <span class='ocrx_word' id='word_1_41' title='bbox 854 696 1288 751; x_wconf 84' lang='lat' dir='ltr'><strong>convenientem.</strong></span> <span class='ocrx_word' id='word_1_42' title='bbox 1342 694 1538 754; x_wconf 89' lang='lat' dir='ltr'><strong>Omnia</strong></span> <span class='ocrx_word' id='word_1_43' title='bbox 1585 699 1730 754; x_wconf 90' lang='lat' dir='ltr'><strong>enim</strong></span> <span class='ocrx_word' id='word_1_44' title='bbox 1756 698 1884 754; x_wconf 80' lang='lat' dir='ltr'><strong>fecit</strong></span> <span class='ocrx_word' id='word_1_45' title='bbox 1912 698 2106 754; x_wconf 88' lang='lat' dir='ltr'><strong>Salva-</strong></span> 
     </span>
    </p>
   </div>
   <div class='ocr_carea' id='block_1_9' title="bbox 537 788 2109 861">
    <p class='ocr_par' dir='ltr' id='par_1_9' title="bbox 537 788 2109 861">
     <span class='ocr_line' id='line_1_9' title="bbox 537 788 2109 861; baseline 0.003 -19"><span class='ocrx_word' id='word_1_46' title='bbox 537 799 642 853; x_wconf 86' lang='lat' dir='ltr'><strong>tor,</strong></span> <span class='ocrx_word' id='word_1_47' title='bbox 688 802 797 843; x_wconf 90' lang='lat' dir='ltr'><strong>non</strong></span> <span class='ocrx_word' id='word_1_48' title='bbox 838 796 898 843; x_wconf 91' lang='lat' dir='ltr'><strong>ut</strong></span> <span class='ocrx_word' id='word_1_49' title='bbox 929 788 1032 843; x_wconf 84' lang='lat' dir='ltr'><strong>sibi</strong></span> <span class='ocrx_word' id='word_1_50' title='bbox 1074 788 1178 859; x_wconf 86' lang='lat' dir='ltr'><strong>ipsi</strong></span> <span class='ocrx_word' id='word_1_51' title='bbox 1221 789 1477 847; x_wconf 77' lang='lat' dir='ltr'><strong>virtutem</strong></span> <span class='ocrx_word' id='word_1_52' title='bbox 1507 801 1870 861; x_wconf 88' lang='lat' dir='ltr'><strong>compararet,</strong></span> <span class='ocrx_word' id='word_1_53' title='bbox 1914 791 2010 846; x_wconf 89' lang='lat' dir='ltr'><strong>sed</strong></span> <span class='ocrx_word' id='word_1_54' title='bbox 2048 800 2109 847; x_wconf 82' lang='lat' dir='ltr'><strong>ut</strong></span> 
     </span>
    </p>
   </div>
   <div class='ocr_carea' id='block_1_10' title="bbox 536 879 2106 952">
    <p class='ocr_par' dir='ltr' id='par_1_10' title="bbox 536 879 2106 952">
     <span class='ocr_line' id='line_1_10' title="bbox 536 879 2106 952; baseline 0.001 -18"><span class='ocrx_word' id='word_1_55' title='bbox 536 879 696 935; x_wconf 86' lang='lat' dir='ltr'><strong>nobis</strong></span> <span class='ocrx_word' id='word_1_56' title='bbox 761 880 926 934; x_wconf 90' lang='lat' dir='ltr'><strong>vitam</strong></span> <span class='ocrx_word' id='word_1_57' title='bbox 980 880 1296 936; x_wconf 87' lang='lat' dir='ltr'><strong>conciliaret</strong></span> <span class='ocrx_word' id='word_1_58' title='bbox 1343 889 1623 936; x_wconf 65' lang='lat' dir='ltr'><strong>aeternam.</strong></span> <span class='ocrx_word' id='word_1_59' title='bbox 1678 881 1761 936; x_wconf 81' lang='lat' dir='ltr'><strong>Ad</strong></span> <span class='ocrx_word' id='word_1_60' title='bbox 1812 881 2106 952; x_wconf 85' lang='lat' dir='ltr'><strong>imaginem</strong></span> 
     </span>
    </p>
   </div>
   <div class='ocr_carea' id='block_1_11' title="bbox 518 971 2103 1044">
    <p class='ocr_par' dir='ltr' id='par_1_11' title="bbox 518 971 2103 1044">
     <span class='ocr_line' id='line_1_11' title="bbox 518 971 2103 1044; baseline 0.002 -18"><span class='ocrx_word' id='word_1_61' title='bbox 518 972 734 1043; x_wconf 89' lang='lat' dir='ltr'><strong>quippe</strong></span> <span class='ocrx_word' id='word_1_62' title='bbox 761 971 858 1028; x_wconf 89' lang='lat' dir='ltr'><strong>Dei</strong></span> <span class='ocrx_word' id='word_1_63' title='bbox 898 973 1175 1029; x_wconf 89' lang='lat' dir='ltr'><strong>hominem</strong></span> <span class='ocrx_word' id='word_1_64' title='bbox 1206 974 1471 1038; x_wconf 83' lang='lat' dir='ltr'><strong>formans,</strong></span> <span class='ocrx_word' id='word_1_65' title='bbox 1507 974 1561 1028; x_wconf 92' lang='lat' dir='ltr'><strong>in</strong></span> <span class='ocrx_word' id='word_1_66' title='bbox 1598 973 1851 1044; x_wconf 79' lang='lat' dir='ltr'><strong>paradiso</strong></span> <span class='ocrx_word' id='word_1_67' title='bbox 1882 974 2103 1029; x_wconf 85' lang='lat' dir='ltr'><strong>delicia-</strong></span> 
     </span>
    </p>
   </div>
   <div class='ocr_carea' id='block_1_12' title="bbox 536 1066 2107 1137">
    <p class='ocr_par' dir='ltr' id='par_1_12' title="bbox 536 1066 2107 1137">
     <span class='ocr_line' id='line_1_12' title="bbox 536 1066 2107 1137; baseline 0.001 -17"><span class='ocrx_word' id='word_1_68' title='bbox 536 1083 656 1121; x_wconf 89' lang='lat' dir='ltr'><strong>rum</strong></span> <span class='ocrx_word' id='word_1_69' title='bbox 680 1067 846 1136; x_wconf 86' lang='lat' dir='ltr'><strong>jussit</strong></span> <span class='ocrx_word' id='word_1_70' title='bbox 871 1082 996 1122; x_wconf 90' lang='lat' dir='ltr'><strong>eum</strong></span> <span class='ocrx_word' id='word_1_71' title='bbox 1030 1068 1225 1137; x_wconf 78' lang='lat' dir='ltr'><strong>degere</strong></span> <span class='ocrx_word' id='word_1_72' title='bbox 1252 1088 1265 1123; x_wconf 90' lang='lat'><strong>:</strong></span> <span class='ocrx_word' id='word_1_73' title='bbox 1299 1079 1556 1123; x_wconf 70' lang='lat' dir='ltr'><strong>caeterum</strong></span> <span class='ocrx_word' id='word_1_74' title='bbox 1588 1066 1790 1122; x_wconf 83' lang='lat' dir='ltr'><strong>diaboli</strong></span> <span class='ocrx_word' id='word_1_75' title='bbox 1825 1067 2027 1122; x_wconf 86' lang='lat' dir='ltr'><strong>invidia</strong></span> <span class='ocrx_word' id='word_1_76' title='bbox 2059 1067 2107 1121; x_wconf 85' lang='lat' dir='ltr'><strong>is</strong></span> 
     </span>
    </p>
   </div>
   <div class='ocr_carea' id='block_1_13' title="bbox 535 1158 2101 1230">
    <p class='ocr_par' dir='ltr' id='par_1_13' title="bbox 535 1158 2101 1230">
     <span class='ocr_line' id='line_1_13' title="bbox 535 1158 2101 1230; baseline 0.001 -17"><span class='ocrx_word' id='word_1_77' title='bbox 535 1159 822 1229; x_wconf 89' lang='lat' dir='ltr'><strong>deceptus,</strong></span> <span class='ocrx_word' id='word_1_78' title='bbox 864 1169 918 1215; x_wconf 90' lang='lat' dir='ltr'><strong>et</strong></span> <span class='ocrx_word' id='word_1_79' title='bbox 964 1160 1132 1215; x_wconf 85' lang='lat' dir='ltr'><strong>divini</strong></span> <span class='ocrx_word' id='word_1_80' title='bbox 1176 1160 1429 1230; x_wconf 67' lang='lat' dir='ltr'><strong>praecepti</strong></span> <span class='ocrx_word' id='word_1_81' title='bbox 1471 1169 1841 1229; x_wconf 83' lang='lat' dir='ltr'><strong>transgressor</strong></span> <span class='ocrx_word' id='word_1_82' title='bbox 1891 1158 2101 1223; x_wconf 78' lang='lat' dir='ltr'><strong>factus,</strong></span> 
     </span>
    </p>
   </div>
   <div class='ocr_carea' id='block_1_14' title="bbox 534 1252 2099 1324">
    <p class='ocr_par' dir='ltr' id='par_1_14' title="bbox 534 1252 2099 1324">
     <span class='ocr_line' id='line_1_14' title="bbox 534 1252 2099 1324; baseline -0.001 -18"><span class='ocrx_word' id='word_1_83' title='bbox 534 1254 697 1309; x_wconf 86' lang='lat' dir='ltr'><strong>morti</strong></span> <span class='ocrx_word' id='word_1_84' title='bbox 739 1269 799 1309; x_wconf 90' lang='lat' dir='ltr'><strong>se</strong></span> <span class='ocrx_word' id='word_1_85' title='bbox 839 1253 1134 1309; x_wconf 83' lang='lat' dir='ltr'><strong>obnoxium</strong></span> <span class='ocrx_word' id='word_1_86' title='bbox 1181 1254 1433 1309; x_wconf 89' lang='lat' dir='ltr'><strong>reddidit.</strong></span> <span class='ocrx_word' id='word_1_87' title='bbox 1461 1252 1805 1324; x_wconf 83' lang='lat' dir='ltr'><strong>Quapropter</strong></span> <span class='ocrx_word' id='word_1_88' title='bbox 1826 1262 1883 1308; x_wconf 91' lang='lat' dir='ltr'><strong>et</strong></span> <span class='ocrx_word' id='word_1_89' title='bbox 1905 1252 2002 1322; x_wconf 90' lang='lat' dir='ltr'><strong>qui</strong></span> <span class='ocrx_word' id='word_1_90' title='bbox 2033 1266 2099 1306; x_wconf 79' lang='lat' dir='ltr'><strong>ex</strong></span> 
     </span>
    </p>
   </div>
   <div class='ocr_carea' id='block_1_15' title="bbox 530 1345 2105 1417">
    <p class='ocr_par' dir='ltr' id='par_1_15' title="bbox 530 1345 2105 1417">
     <span class='ocr_line' id='line_1_15' title="bbox 530 1345 2105 1417; baseline 0.003 -19"><span class='ocrx_word' id='word_1_91' title='bbox 530 1347 652 1415; x_wconf 83' lang='lat' dir='ltr'><strong>ipso</strong></span> <span class='ocrx_word' id='word_1_92' title='bbox 691 1346 853 1416; x_wconf 78' lang='lat' dir='ltr'><strong>geniti</strong></span> <span class='ocrx_word' id='word_1_93' title='bbox 896 1355 1043 1412; x_wconf 91' lang='lat' dir='ltr'><strong>sunt,</strong></span> <span class='ocrx_word' id='word_1_94' title='bbox 1082 1362 1179 1417; x_wconf 88' lang='lat' dir='ltr'><strong>per</strong></span> <span class='ocrx_word' id='word_1_95' title='bbox 1199 1345 1606 1403; x_wconf 86' lang='lat' dir='ltr'><strong>successionem</strong></span> <span class='ocrx_word' id='word_1_96' title='bbox 1638 1346 1982 1402; x_wconf 79' lang='lat' dir='ltr'><strong>haereditario</strong></span> <span class='ocrx_word' id='word_1_97' title='bbox 2007 1346 2105 1402; x_wconf 88' lang='lat' dir='ltr'><strong>de-</strong></span> 
     </span>
    </p>
   </div>
   <div class='ocr_carea' id='block_1_16' title="bbox 532 1429 2099 1506">
    <p class='ocr_par' dir='ltr' id='par_1_16' title="bbox 532 1429 2099 1506">
     <span class='ocr_line' id='line_1_16' title="bbox 532 1429 2099 1506; baseline 0.001 -14"><span class='ocrx_word' id='word_1_98' title='bbox 532 1429 645 1494; x_wconf 68' lang='lat' dir='ltr'><strong>bito</strong></span> <span class='ocrx_word' id='word_1_99' title='bbox 674 1438 943 1506; x_wconf 87' lang='lat' dir='ltr'><strong>obstricti,</strong></span> <span class='ocrx_word' id='word_1_100' title='bbox 981 1438 1350 1495; x_wconf 86' lang='lat' dir='ltr'><strong>damnationis</strong></span> <span class='ocrx_word' id='word_1_101' title='bbox 1388 1439 1655 1495; x_wconf 87' lang='lat' dir='ltr'><strong>sententia</strong></span> <span class='ocrx_word' id='word_1_102' title='bbox 1679 1438 1895 1493; x_wconf 87' lang='lat' dir='ltr'><strong>multati</strong></span> <span class='ocrx_word' id='word_1_103' title='bbox 1946 1448 2099 1494; x_wconf 90' lang='lat' dir='ltr'><strong>sunt.</strong></span> 
     </span>
    </p>
   </div>
   <div class='ocr_carea' id='block_1_17' title="bbox 531 1526 2097 1599">
    <p class='ocr_par' dir='ltr' id='par_1_17' title="bbox 531 1526 2097 1599">
     <span class='ocr_line' id='line_1_17' title="bbox 531 1526 2097 1599; baseline 0 -19"><span class='ocrx_word' id='word_1_104' title='bbox 531 1527 783 1596; x_wconf 78' lang='lat' dir='ltr'><strong>Regnavit</strong></span> <span class='ocrx_word' id='word_1_105' title='bbox 810 1528 953 1581; x_wconf 86' lang='lat' dir='ltr'><strong>enim</strong></span> <span class='ocrx_word' id='word_1_106' title='bbox 988 1543 1126 1581; x_wconf 86' lang='lat' dir='ltr'><strong>mors</strong></span> <span class='ocrx_word' id='word_1_107' title='bbox 1171 1527 1237 1580; x_wconf 90' lang='lat' dir='ltr'><strong>ab</strong></span> <span class='ocrx_word' id='word_1_108' title='bbox 1284 1528 1456 1581; x_wconf 84' lang='lat' dir='ltr'><strong>Adam</strong></span> <span class='ocrx_word' id='word_1_109' title='bbox 1482 1544 1644 1599; x_wconf 86' lang='lat' dir='ltr'><strong>usque</strong></span> <span class='ocrx_word' id='word_1_110' title='bbox 1687 1528 1756 1582; x_wconf 86' lang='lat' dir='ltr'><strong>ad</strong></span> <span class='ocrx_word' id='word_1_111' title='bbox 1787 1526 2026 1598; x_wconf 74' lang='lat' dir='ltr'><strong>Moysem</strong></span> <span class='ocrx_word' id='word_1_112' title='bbox 2055 1529 2097 1558; x_wconf 85' lang='grc'>¹²</span> 
     </span>
    </p>
   </div>
   <div class='ocr_carea' id='block_1_18' title="bbox 523 1619 2101 1694">
    <p class='ocr_par' dir='ltr' id='par_1_18' title="bbox 523 1619 2101 1694">
     <span class='ocr_line' id='line_1_18' title="bbox 523 1619 2101 1694; baseline 0.001 -20"><span class='ocrx_word' id='word_1_113' title='bbox 523 1619 633 1690; x_wconf 57' lang='lat' dir='ltr'><strong>{aL</strong></span> <span class='ocrx_word' id='word_1_114' title='bbox 651 1620 1019 1675; x_wconf 85' lang='lat' dir='ltr'><strong>damnationis</strong></span> <span class='ocrx_word' id='word_1_115' title='bbox 1035 1621 1103 1675; x_wconf 86' lang='lat' dir='ltr'><strong>ab</strong></span> <span class='ocrx_word' id='word_1_116' title='bbox 1119 1620 1186 1676; x_wconf 86' lang='lat' dir='ltr'><strong>iis</strong></span> <span class='ocrx_word' id='word_1_117' title='bbox 1209 1621 1349 1677; x_wconf 86' lang='lat' dir='ltr'><strong>ratio</strong></span> <span class='ocrx_word' id='word_1_118' title='bbox 1375 1620 1652 1692; x_wconf 82' lang='lat' dir='ltr'><strong>exigitur].</strong></span> <span class='ocrx_word' id='word_1_119' title='bbox 1668 1621 2101 1694; x_wconf 88' lang='lat' dir='ltr'><strong>Benignissimus</strong></span> 
     </span>
    </p>
   </div>
   <div class='ocr_carea' id='block_1_19' title="bbox 524 1712 2101 1784">
    <p class='ocr_par' dir='ltr' id='par_1_19' title="bbox 524 1712 2101 1784">
     <span class='ocr_line' id='line_1_19' title="bbox 524 1712 2101 1784; baseline 0.002 -19"><span class='ocrx_word' id='word_1_120' title='bbox 524 1720 711 1766; x_wconf 82' lang='lat' dir='ltr'><strong>autem</strong></span> <span class='ocrx_word' id='word_1_121' title='bbox 748 1712 1010 1768; x_wconf 86' lang='lat' dir='ltr'><strong>Dominus</strong></span> <span class='ocrx_word' id='word_1_122' title='bbox 1042 1728 1273 1768; x_wconf 86' lang='lat' dir='ltr'><strong>cernens</strong></span> <span class='ocrx_word' id='word_1_123' title='bbox 1306 1713 1825 1784; x_wconf 21' lang='lat' dir='ltr'><strong>plasma‘proprium</strong></span> <span class='ocrx_word' id='word_1_124' title='bbox 1872 1730 1902 1768; x_wconf 94' lang='lat' dir='ltr'><strong>a</strong></span> <span class='ocrx_word' id='word_1_125' title='bbox 1926 1723 2101 1768; x_wconf 89' lang='lat' dir='ltr'><strong>morte</strong></span> 
     </span>
    </p>
   </div>
   <div class='ocr_carea' id='block_1_20' title="bbox 530 1801 2101 1874">
    <p class='ocr_par' dir='ltr' id='par_1_20' title="bbox 530 1801 2101 1874">
     <span class='ocr_line' id='line_1_20' title="bbox 530 1801 2101 1874; baseline 0.002 -18"><span class='ocrx_word' id='word_1_126' title='bbox 530 1801 779 1869; x_wconf 86' lang='lat' dir='ltr'><strong>detineri,</strong></span> <span class='ocrx_word' id='word_1_127' title='bbox 822 1818 933 1859; x_wconf 90' lang='lat' dir='ltr'><strong>non</strong></span> <span class='ocrx_word' id='word_1_128' title='bbox 968 1804 1023 1858; x_wconf 86' lang='lat' dir='ltr'><strong>in</strong></span> <span class='ocrx_word' id='word_1_129' title='bbox 1053 1806 1215 1859; x_wconf 81' lang='lat' dir='ltr'><strong>tinem</strong></span> <span class='ocrx_word' id='word_1_130' title='bbox 1256 1819 1434 1874; x_wconf 86' lang='lat' dir='ltr'><strong>usque</strong></span> <span class='ocrx_word' id='word_1_131' title='bbox 1496 1814 1780 1861; x_wconf 86' lang='lat' dir='ltr'><strong>aversatus</strong></span> <span class='ocrx_word' id='word_1_132' title='bbox 1815 1813 1901 1860; x_wconf 91' lang='lat' dir='ltr'><strong>est</strong></span> <span class='ocrx_word' id='word_1_133' title='bbox 1922 1805 2101 1860; x_wconf 90' lang='lat' dir='ltr'><strong>homi-</strong></span> 
     </span>
    </p>
   </div>
   <div class='ocr_carea' id='block_1_21' title="bbox 524 1896 2101 1968">
    <p class='ocr_par' dir='ltr' id='par_1_21' title="bbox 524 1896 2101 1968">
     <span class='ocr_line' id='line_1_21' title="bbox 524 1896 2101 1968; baseline 0.001 -19"><span class='ocrx_word' id='word_1_134' title='bbox 524 1910 674 1958; x_wconf 80' lang='lat' dir='ltr'><strong>nem,</strong></span> <span class='ocrx_word' id='word_1_135' title='bbox 711 1912 871 1966; x_wconf 80' lang='lat' dir='ltr'><strong>quem</strong></span> <span class='ocrx_word' id='word_1_136' title='bbox 904 1896 972 1952; x_wconf 92' lang='lat' dir='ltr'><strong>ad</strong></span> <span class='ocrx_word' id='word_1_137' title='bbox 999 1897 1290 1968; x_wconf 83' lang='lat' dir='ltr'><strong>imaginem</strong></span> <span class='ocrx_word' id='word_1_138' title='bbox 1315 1913 1472 1953; x_wconf 88' lang='lat' dir='ltr'><strong>suam</strong></span> <span class='ocrx_word' id='word_1_139' title='bbox 1501 1896 1729 1963; x_wconf 75' lang='lat' dir='ltr'><strong>fecerat;</strong></span> <span class='ocrx_word' id='word_1_140' title='bbox 1756 1897 1847 1953; x_wconf 87' lang='lat' dir='ltr'><strong>sed</strong></span> <span class='ocrx_word' id='word_1_141' title='bbox 1875 1911 1969 1967; x_wconf 92' lang='lat' dir='ltr'><strong>per</strong></span> <span class='ocrx_word' id='word_1_142' title='bbox 1989 1897 2101 1952; x_wconf 90' lang='lat' dir='ltr'><strong>sin-</strong></span> 
     </span>
    </p>
   </div>
   <div class='ocr_carea' id='block_1_22' title="bbox 534 1988 2101 2059">
    <p class='ocr_par' dir='ltr' id='par_1_22' title="bbox 534 1988 2101 2059">
     <span class='ocr_line' id='line_1_22' title="bbox 534 1988 2101 2059; baseline 0.002 -18"><span class='ocrx_word' id='word_1_143' title='bbox 534 1988 692 2058; x_wconf 83' lang='lat' dir='ltr'><strong>gulas</strong></span> <span class='ocrx_word' id='word_1_144' title='bbox 732 2005 857 2044; x_wconf 93' lang='lat' dir='ltr'><strong>eum</strong></span> <span class='ocrx_word' id='word_1_145' title='bbox 903 1990 1289 2059; x_wconf 76' lang='lat' dir='ltr'><strong>generationes</strong></span> <span class='ocrx_word' id='word_1_146' title='bbox 1324 1991 1576 2056; x_wconf 87' lang='lat' dir='ltr'><strong>visitans,</strong></span> <span class='ocrx_word' id='word_1_147' title='bbox 1620 2006 1731 2045; x_wconf 89' lang='lat' dir='ltr'><strong>non</strong></span> <span class='ocrx_word' id='word_1_148' title='bbox 1769 1990 2014 2059; x_wconf 86' lang='lat' dir='ltr'><strong>reliquit,</strong></span> <span class='ocrx_word' id='word_1_149' title='bbox 2047 1999 2101 2044; x_wconf 91' lang='lat' dir='ltr'><strong>et</strong></span> 
     </span>
    </p>
   </div>
   <div class='ocr_carea' id='block_1_23' title="bbox 525 2076 2102 2149">
    <p class='ocr_par' dir='ltr' id='par_1_23' title="bbox 525 2076 2102 2149">
     <span class='ocr_line' id='line_1_23' title="bbox 525 2076 2102 2149; baseline -0.001 -19"><span class='ocrx_word' id='word_1_150' title='bbox 525 2088 686 2134; x_wconf 85' lang='lat' dir='ltr'><strong>antea</strong></span> <span class='ocrx_word' id='word_1_151' title='bbox 730 2079 951 2149; x_wconf 90' lang='lat' dir='ltr'><strong>quidem</strong></span> <span class='ocrx_word' id='word_1_152' title='bbox 983 2078 1239 2134; x_wconf 89' lang='lat' dir='ltr'><strong>Patribus</strong></span> <span class='ocrx_word' id='word_1_153' title='bbox 1277 2089 1553 2141; x_wconf 88' lang='lat' dir='ltr'><strong>ostensus,</strong></span> <span class='ocrx_word' id='word_1_154' title='bbox 1584 2086 1639 2134; x_wconf 92' lang='lat' dir='ltr'><strong>et</strong></span> <span class='ocrx_word' id='word_1_155' title='bbox 1673 2079 1728 2132; x_wconf 92' lang='lat' dir='ltr'><strong>in</strong></span> <span class='ocrx_word' id='word_1_156' title='bbox 1767 2079 1884 2147; x_wconf 89' lang='lat' dir='ltr'><strong>lege</strong></span> <span class='ocrx_word' id='word_1_157' title='bbox 1908 2076 2102 2148; x_wconf 68' lang='lat' dir='ltr'><strong>praedi-</strong></span> 
     </span>
    </p>
   </div>
   <div class='ocr_carea' id='block_1_24' title="bbox 529 2164 2100 2236">
    <p class='ocr_par' dir='ltr' id='par_1_24' title="bbox 529 2164 2100 2236">
     <span class='ocr_line' id='line_1_24' title="bbox 529 2164 2100 2236; baseline 0.001 -19"><span class='ocrx_word' id='word_1_158' title='bbox 529 2175 704 2229; x_wconf 73' lang='lat' dir='ltr'><strong>catus,</strong></span> <span class='ocrx_word' id='word_1_159' title='bbox 749 2181 814 2221; x_wconf 90' lang='lat' dir='ltr'><strong>ac</strong></span> <span class='ocrx_word' id='word_1_160' title='bbox 862 2166 915 2220; x_wconf 92' lang='lat' dir='ltr'><strong>in</strong></span> <span class='ocrx_word' id='word_1_161' title='bbox 951 2165 1231 2236; x_wconf 88' lang='lat' dir='ltr'><strong>prophetis</strong></span> <span class='ocrx_word' id='word_1_162' title='bbox 1271 2165 1626 2229; x_wconf 79' lang='lat' dir='ltr'><strong>assimilatus,</strong></span> <span class='ocrx_word' id='word_1_163' title='bbox 1670 2164 1961 2221; x_wconf 83' lang='lat' dir='ltr'><strong>salutarem</strong></span> <span class='ocrx_word' id='word_1_164' title='bbox 1988 2165 2100 2220; x_wconf 88' lang='lat' dir='ltr'><strong>dis-</strong></span> 
     </span>
    </p>
   </div>
   <div class='ocr_carea' id='block_1_25' title="bbox 522 2258 2100 2331">
    <p class='ocr_par' dir='ltr' id='par_1_25' title="bbox 522 2258 2100 2331">
     <span class='ocr_line' id='line_1_25' title="bbox 522 2258 2100 2331; baseline 0.001 -19"><span class='ocrx_word' id='word_1_165' title='bbox 522 2259 897 2328; x_wconf 77' lang='lat' dir='ltr'><strong>pensationem</strong></span> <span class='ocrx_word' id='word_1_166' title='bbox 923 2274 1077 2314; x_wconf 86' lang='lat' dir='ltr'><strong>suam</strong></span> <span class='ocrx_word' id='word_1_167' title='bbox 1101 2259 1555 2331; x_wconf 72' lang='lat' dir='ltr'><strong>prtesignilicavit.</strong></span> <span class='ocrx_word' id='word_1_168' title='bbox 1573 2258 1801 2326; x_wconf 86' lang='lat' dir='ltr'><strong>Quando</strong></span> <span class='ocrx_word' id='word_1_169' title='bbox 1815 2274 1978 2330; x_wconf 90' lang='lat' dir='ltr'><strong>porro</strong></span> <span class='ocrx_word' id='word_1_170' title='bbox 2009 2276 2100 2314; x_wconf 83' lang='lat' dir='ltr'><strong>ve-</strong></span> 
     </span>
    </p>
   </div>
   <div class='ocr_carea' id='block_1_26' title="bbox 529 2352 2100 2423">
    <p class='ocr_par' dir='ltr' id='par_1_26' title="bbox 529 2352 2100 2423">
     <span class='ocr_line' id='line_1_26' title="bbox 529 2352 2100 2423; baseline 0 -18"><span class='ocrx_word' id='word_1_171' title='bbox 529 2354 609 2407; x_wconf 90' lang='lat' dir='ltr'><strong>nit</strong></span> <span class='ocrx_word' id='word_1_172' title='bbox 653 2352 936 2421; x_wconf 88' lang='lat' dir='ltr'><strong>plenitudo</strong></span> <span class='ocrx_word' id='word_1_173' title='bbox 975 2362 1282 2422; x_wconf 86' lang='lat' dir='ltr'><strong>temporum</strong></span> <span class='ocrx_word' id='word_1_174' title='bbox 1318 2353 1538 2423; x_wconf 84' lang='lat' dir='ltr'><strong>gloriosi</strong></span> <span class='ocrx_word' id='word_1_175' title='bbox 1583 2353 1848 2407; x_wconf 82' lang='lat' dir='ltr'><strong>adventus</strong></span> <span class='ocrx_word' id='word_1_176' title='bbox 1872 2352 1986 2415; x_wconf 86' lang='lat' dir='ltr'><strong>sui,</strong></span> <span class='ocrx_word' id='word_1_177' title='bbox 2013 2369 2100 2406; x_wconf 79' lang='lat' dir='ltr'><strong>ar-</strong></span> 
     </span>
    </p>
   </div>
   <div class='ocr_carea' id='block_1_27' title="bbox 520 2432 2099 2511">
    <p class='ocr_par' dir='ltr' id='par_1_27' title="bbox 520 2432 2099 2511">
     <span class='ocr_line' id='line_1_27' title="bbox 520 2432 2099 2511; baseline -0.002 -15"><span class='ocrx_word' id='word_1_178' title='bbox 520 2442 845 2511; x_wconf 80' lang='lat' dir='ltr'><strong>cbangelum</strong></span> <span class='ocrx_word' id='word_1_179' title='bbox 889 2432 1151 2510; x_wconf 52' lang='lat' dir='ltr'><strong>praemisit</strong></span> <span class='ocrx_word' id='word_1_180' title='bbox 1197 2440 1504 2497; x_wconf 88' lang='lat' dir='ltr'><strong>Gabrielem</strong></span> <span class='ocrx_word' id='word_1_181' title='bbox 1549 2442 1614 2495; x_wconf 89' lang='lat' dir='ltr'><strong>ad</strong></span> <span class='ocrx_word' id='word_1_182' title='bbox 1664 2440 1891 2495; x_wconf 85' lang='lat' dir='ltr'><strong>Mariam</strong></span> <span class='ocrx_word' id='word_1_183' title='bbox 1924 2439 2099 2511; x_wconf 83' lang='lat' dir='ltr'><strong>Virgi-</strong></span> 
     </span>
    </p>
   </div>
   <div class='ocr_carea' id='block_1_28' title="bbox 524 2532 2097 2604">
    <p class='ocr_par' dir='ltr' id='par_1_28' title="bbox 524 2532 2097 2604">
     <span class='ocr_line' id='line_1_28' title="bbox 524 2532 2097 2604; baseline 0 -17"><span class='ocrx_word' id='word_1_184' title='bbox 524 2549 673 2595; x_wconf 82' lang='lat' dir='ltr'><strong>nem.</strong></span> <span class='ocrx_word' id='word_1_185' title='bbox 699 2534 793 2603; x_wconf 87' lang='lat' dir='ltr'><strong>qui</strong></span> <span class='ocrx_word' id='word_1_186' title='bbox 832 2534 1013 2588; x_wconf 68' lang='lat' dir='ltr'><strong>laetum</strong></span> <span class='ocrx_word' id='word_1_187' title='bbox 1050 2534 1151 2604; x_wconf 92' lang='lat' dir='ltr'><strong>ipsi</strong></span> <span class='ocrx_word' id='word_1_188' title='bbox 1174 2534 1425 2589; x_wconf 91' lang='lat' dir='ltr'><strong>nuntium</strong></span> <span class='ocrx_word' id='word_1_189' title='bbox 1451 2532 1684 2588; x_wconf 78' lang='lat' dir='ltr'><strong>deferret</strong></span> <span class='ocrx_word' id='word_1_190' title='bbox 1709 2535 1771 2587; x_wconf 75' lang='grc'><strong>’³.</strong></span> <span class='ocrx_word' id='word_1_191' title='bbox 1796 2532 1893 2587; x_wconf 79' lang='lat' dir='ltr'><strong>ilic</strong></span> <span class='ocrx_word' id='word_1_192' title='bbox 1917 2544 2097 2588; x_wconf 91' lang='lat' dir='ltr'><strong>autem</strong></span> 
     </span>
    </p>
   </div>
   <div class='ocr_carea' id='block_1_29' title="bbox 520 2622 2097 2694">
    <p class='ocr_par' dir='ltr' id='par_1_29' title="bbox 520 2622 2097 2694">
     <span class='ocr_line' id='line_1_29' title="bbox 520 2622 2097 2694; baseline -0.001 -18"><span class='ocrx_word' id='word_1_193' title='bbox 520 2624 600 2678; x_wconf 82' lang='lat' dir='ltr'><strong>.ab</strong></span> <span class='ocrx_word' id='word_1_194' title='bbox 645 2623 1012 2679; x_wconf 86' lang='lat' dir='ltr'><strong>inell‘abilibus</strong></span> <span class='ocrx_word' id='word_1_195' title='bbox 1045 2624 1297 2694; x_wconf 86' lang='lat' dir='ltr'><strong>supernis</strong></span> <span class='ocrx_word' id='word_1_196' title='bbox 1322 2622 1683 2694; x_wconf 87' lang='lat' dir='ltr'><strong>potestatibus</strong></span> <span class='ocrx_word' id='word_1_197' title='bbox 1719 2623 1785 2675; x_wconf 81' lang='lat' dir='ltr'><strong>ad</strong></span> <span class='ocrx_word' id='word_1_198' title='bbox 1817 2622 2097 2677; x_wconf 53' lang='lat' dir='ltr'><strong>sanctissi-</strong></span> 
     </span>
    </p>
   </div>
   <div class='ocr_carea' id='block_1_30' title="bbox 530 2712 2094 2786">
    <p class='ocr_par' dir='ltr' id='par_1_30' title="bbox 530 2712 2094 2786">
     <span class='ocr_line' id='line_1_30' title="bbox 530 2712 2094 2786; baseline -0.001 -18"><span class='ocrx_word' id='word_1_199' title='bbox 530 2731 676 2769; x_wconf 89' lang='lat' dir='ltr'><strong>mam</strong></span> <span class='ocrx_word' id='word_1_200' title='bbox 711 2713 988 2786; x_wconf 80' lang='lat' dir='ltr'><strong>Virginem</strong></span> <span class='ocrx_word' id='word_1_201' title='bbox 1012 2714 1324 2779; x_wconf 89' lang='lat' dir='ltr'><strong>deveniens,</strong></span> <span class='ocrx_word' id='word_1_202' title='bbox 1350 2714 1581 2784; x_wconf 90' lang='lat' dir='ltr'><strong>primum</strong></span> <span class='ocrx_word' id='word_1_203' title='bbox 1611 2713 1716 2767; x_wconf 91' lang='lat' dir='ltr'><strong>illis</strong></span> <span class='ocrx_word' id='word_1_204' title='bbox 1732 2713 1909 2767; x_wconf 86' lang='lat' dir='ltr'><strong>verbis</strong></span> <span class='ocrx_word' id='word_1_205' title='bbox 1932 2730 1947 2767; x_wconf 90' lang='lat'><strong>:</strong></span> <span class='ocrx_word' id='word_1_206' title='bbox 1974 2712 2094 2776; x_wconf 79' lang='lat' dir='ltr'><strong>Ave,</strong></span> 
     </span>
    </p>
   </div>
   <div class='ocr_carea' id='block_1_31' title="bbox 2214 507 3683 586">
    <p class='ocr_par' dir='ltr' id='par_1_31' title="bbox 2214 507 3683 586">
     <span class='ocr_line' id='line_1_31' title="bbox 2214 507 3683 586; baseline 0.007 -24"><span class='ocrx_word' id='word_1_207' title='bbox 2214 510 2504 581; x_wconf 78' lang='grc' dir='ltr'>ποιήσηται</span> <span class='ocrx_word' id='word_1_208' title='bbox 2546 507 2691 581; x_wconf 79' lang='grc' dir='ltr'>ζωὴν</span> <span class='ocrx_word' id='word_1_209' title='bbox 2731 511 2831 583; x_wconf 79' lang='grc' dir='ltr'>τὴν</span> <span class='ocrx_word' id='word_1_210' title='bbox 2869 509 3105 565; x_wconf 79' lang='grc' dir='ltr'>αἰώνιον.</span> <span class='ocrx_word' id='word_1_211' title='bbox 3161 512 3241 565; x_wconf 82' lang='grc' dir='ltr'><strong>Ἔν</strong></span> <span class='ocrx_word' id='word_1_212' title='bbox 3283 513 3429 568; x_wconf 85' lang='grc' dir='ltr'>είκόνι</span> <span class='ocrx_word' id='word_1_213' title='bbox 3462 513 3551 586; x_wconf 82' lang='grc' dir='ltr'><strong>γὰρ</strong></span> <span class='ocrx_word' id='word_1_214' title='bbox 3582 517 3683 572; x_wconf 76' lang='grc' dir='ltr'>Θεοῦ</span> 
     </span>
    </p>
   </div>
   <div class='ocr_carea' id='block_1_32' title="bbox 2208 601 3685 681">
    <p class='ocr_par' dir='ltr' id='par_1_32' title="bbox 2208 601 3685 681">
     <span class='ocr_line' id='line_1_32' title="bbox 2208 601 3685 681; baseline 0.004 -27"><span class='ocrx_word' id='word_1_215' title='bbox 2208 601 2507 665; x_wconf 84' lang='grc' dir='ltr'><strong>διαπλάσας</strong></span> <span class='ocrx_word' id='word_1_216' title='bbox 2529 601 2620 655; x_wconf 85' lang='grc' dir='ltr'><strong>τὸν</strong></span> <span class='ocrx_word' id='word_1_217' title='bbox 2649 601 2956 674; x_wconf 82' lang='grc' dir='ltr'>ἄνθρωπον,</span> <span class='ocrx_word' id='word_1_218' title='bbox 2978 604 3037 657; x_wconf 85' lang='grc' dir='ltr'><strong>ἐν</strong></span> <span class='ocrx_word' id='word_1_219' title='bbox 3063 603 3354 676; x_wconf 79' lang='grc' dir='ltr'><strong>παραδείσῳ</strong></span> <span class='ocrx_word' id='word_1_220' title='bbox 3372 607 3548 678; x_wconf 77' lang='grc' dir='ltr'>τρυφῆς</span> <span class='ocrx_word' id='word_1_221' title='bbox 3565 624 3685 681; x_wconf 71' lang='grc' dir='ltr'>προσ.</span> 
     </span>
    </p>
   </div>
   <div class='ocr_carea' id='block_1_33' title="bbox 2208 690 3685 772">
    <p class='ocr_par' dir='ltr' id='par_1_33' title="bbox 2208 690 3685 772">
     <span class='ocr_line' id='line_1_33' title="bbox 2208 690 3685 772; baseline 0.005 -25"><span class='ocrx_word' id='word_1_222' title='bbox 2208 695 2394 761; x_wconf 81' lang='grc' dir='ltr'>έταξεν</span> <span class='ocrx_word' id='word_1_223' title='bbox 2426 695 2634 764; x_wconf 82' lang='grc' dir='ltr'><strong>διάγειν</strong></span> <span class='ocrx_word' id='word_1_224' title='bbox 2652 712 2667 725; x_wconf 90' lang='grc'><strong>·</strong></span> <span class='ocrx_word' id='word_1_225' title='bbox 2714 690 2869 760; x_wconf 75' lang='grc' dir='ltr'>οὗτος</span> <span class='ocrx_word' id='word_1_226' title='bbox 2896 696 2954 750; x_wconf 86' lang='grc' dir='ltr'>δὲ</span> <span class='ocrx_word' id='word_1_227' title='bbox 2991 695 3169 768; x_wconf 83' lang='grc' dir='ltr'>φθόνῳ</span> <span class='ocrx_word' id='word_1_228' title='bbox 3192 697 3412 751; x_wconf 88' lang='grc' dir='ltr'>διαϐόλου</span> <span class='ocrx_word' id='word_1_229' title='bbox 3433 700 3685 772; x_wconf 76' lang='grc' dir='ltr'>ἀπατηθεὶς,</span> 
     </span>
    </p>
   </div>
   <div class='ocr_carea' id='block_1_34' title="bbox 2208 788 3688 862">
    <p class='ocr_par' dir='ltr' id='par_1_34' title="bbox 2208 788 3688 862">
     <span class='ocr_line' id='line_1_34' title="bbox 2208 788 3688 862; baseline 0.005 -20"><span class='ocrx_word' id='word_1_230' title='bbox 2208 788 2300 842; x_wconf 70' lang='grc' dir='ltr'><strong>καὶ</strong></span> <span class='ocrx_word' id='word_1_231' title='bbox 2344 789 2443 861; x_wconf 83' lang='grc' dir='ltr'>τῆς</span> <span class='ocrx_word' id='word_1_232' title='bbox 2486 788 2636 855; x_wconf 80' lang='grc' dir='ltr'><strong>Θείας</strong></span> <span class='ocrx_word' id='word_1_233' title='bbox 2676 790 2899 862; x_wconf 78' lang='grc' dir='ltr'><strong>ἐντολῆς</strong></span> <span class='ocrx_word' id='word_1_234' title='bbox 2941 789 3263 861; x_wconf 89' lang='grc' dir='ltr'>παραϐάτης</span> <span class='ocrx_word' id='word_1_235' title='bbox 3295 791 3558 862; x_wconf 82' lang='grc' dir='ltr'>γενόμενος,</span> <span class='ocrx_word' id='word_1_236' title='bbox 3590 795 3688 849; x_wconf 75' lang='grc' dir='ltr'>ὑπό-</span> 
     </span>
    </p>
   </div>
   <div class='ocr_carea' id='block_1_35' title="bbox 2205 878 3688 948">
    <p class='ocr_par' dir='ltr' id='par_1_35' title="bbox 2205 878 3688 948">
     <span class='ocr_line' id='line_1_35' title="bbox 2205 878 3688 948; baseline 0.003 -16"><span class='ocrx_word' id='word_1_237' title='bbox 2205 878 2352 943; x_wconf 89' lang='grc' dir='ltr'>δικος</span> <span class='ocrx_word' id='word_1_238' title='bbox 2383 878 2574 948; x_wconf 87' lang='grc' dir='ltr'>γέγονε</span> <span class='ocrx_word' id='word_1_239' title='bbox 2622 879 2874 934; x_wconf 88' lang='grc' dir='ltr'>θανάτου.</span> <span class='ocrx_word' id='word_1_240' title='bbox 2918 879 3080 934; x_wconf 85' lang='grc' dir='ltr'>Ὅθεν</span> <span class='ocrx_word' id='word_1_241' title='bbox 3109 880 3202 934; x_wconf 75' lang='grc' dir='ltr'>καὶ</span> <span class='ocrx_word' id='word_1_242' title='bbox 3225 881 3353 945; x_wconf 29' lang='grc' dir='ltr'><strong>οἱιὲξ</strong></span> <span class='ocrx_word' id='word_1_243' title='bbox 3388 880 3528 934; x_wconf 76' lang='grc' dir='ltr'>αὐτοῦ</span> <span class='ocrx_word' id='word_1_244' title='bbox 3557 884 3688 937; x_wconf 78' lang='grc' dir='ltr'>τικτό-</span> 
     </span>
    </p>
   </div>
   <div class='ocr_carea' id='block_1_36' title="bbox 2166 967 3690 1042">
    <p class='ocr_par' dir='ltr' id='par_1_36' title="bbox 2166 967 3690 1042">
     <span class='ocr_line' id='line_1_36' title="bbox 2166 967 3690 1042; baseline 0.003 -22"><span class='ocrx_word' id='word_1_245' title='bbox 2166 992 2173 999; x_wconf 86' lang='grc'><strong>·</strong></span> <span class='ocrx_word' id='word_1_246' title='bbox 2209 982 2382 1039; x_wconf 83' lang='grc' dir='ltr'>μενοι,</span> <span class='ocrx_word' id='word_1_247' title='bbox 2432 968 2574 1022; x_wconf 86' lang='grc' dir='ltr'><strong>κατά</strong></span> <span class='ocrx_word' id='word_1_248' title='bbox 2606 968 2855 1042; x_wconf 83' lang='grc' dir='ltr'>διαδοχὴν</span> <span class='ocrx_word' id='word_1_249' title='bbox 2898 968 2978 1040; x_wconf 88' lang='grc' dir='ltr'>τῷ</span> <span class='ocrx_word' id='word_1_250' title='bbox 3006 967 3253 1039; x_wconf 77' lang='grc' dir='ltr'>πατρικῷ</span> <span class='ocrx_word' id='word_1_251' title='bbox 3278 968 3415 1039; x_wconf 81' lang='grc' dir='ltr'>χρέει</span> <span class='ocrx_word' id='word_1_252' title='bbox 3452 969 3690 1036; x_wconf 77' lang='grc' dir='ltr'><strong>ὑπέκειντο,</strong></span> 
     </span>
    </p>
   </div>
   <div class='ocr_carea' id='block_1_37' title="bbox 2204 1059 3691 1132">
    <p class='ocr_par' dir='ltr' id='par_1_37' title="bbox 2204 1059 3691 1132">
     <span class='ocr_line' id='line_1_37' title="bbox 2204 1059 3691 1132; baseline 0.002 -19"><span class='ocrx_word' id='word_1_253' title='bbox 2204 1059 2305 1129; x_wconf 80' lang='grc' dir='ltr'><strong>τῆς</strong></span> <span class='ocrx_word' id='word_1_254' title='bbox 2342 1059 2637 1131; x_wconf 79' lang='grc' dir='ltr'><strong>καταδίκης</strong></span> <span class='ocrx_word' id='word_1_255' title='bbox 2666 1061 2727 1114; x_wconf 84' lang='grc' dir='ltr'><strong>τὸ</strong></span> <span class='ocrx_word' id='word_1_256' title='bbox 2757 1059 3064 1129; x_wconf 83' lang='grc' dir='ltr'>λογοθέσιον</span> <span class='ocrx_word' id='word_1_257' title='bbox 3092 1059 3411 1131; x_wconf 78' lang='grc' dir='ltr'>ἀπῃτημένοι</span> <span class='ocrx_word' id='word_1_258' title='bbox 3437 1059 3540 1132; x_wconf 72' lang='grc' dir='ltr'><strong>[ω.</strong></span> <span class='ocrx_word' id='word_1_259' title='bbox 3569 1063 3691 1116; x_wconf 78' lang='grc' dir='ltr'>ἀπαι-</span> 
     </span>
    </p>
   </div>
   <div class='ocr_carea' id='block_1_38' title="bbox 2203 1150 3692 1224">
    <p class='ocr_par' dir='ltr' id='par_1_38' title="bbox 2203 1150 3692 1224">
     <span class='ocr_line' id='line_1_38' title="bbox 2203 1150 3692 1224; baseline 0.003 -21"><span class='ocrx_word' id='word_1_260' title='bbox 2203 1150 2297 1204; x_wconf 86' lang='grc' dir='ltr'><strong>τού</strong></span> <span class='ocrx_word' id='word_1_261' title='bbox 2305 1150 2495 1223; x_wconf 87' lang='grc' dir='ltr'>μενοι].</span> <span class='ocrx_word' id='word_1_262' title='bbox 2542 1152 2931 1207; x_wconf 74' lang='grc' dir='ltr'>Ἐὅαονίλευσε</span> <span class='ocrx_word' id='word_1_263' title='bbox 2958 1151 3068 1224; x_wconf 82' lang='grc' dir='ltr'>γὰρ</span> <span class='ocrx_word' id='word_1_264' title='bbox 3095 1156 3129 1206; x_wconf 82' lang='grc' dir='ltr'><em>ὀ</em></span> <span class='ocrx_word' id='word_1_265' title='bbox 3166 1152 3404 1219; x_wconf 81' lang='grc' dir='ltr'>θάνατος</span> <span class='ocrx_word' id='word_1_266' title='bbox 3430 1153 3531 1207; x_wconf 78' lang='grc' dir='ltr'>ἀπὸ</span> <span class='ocrx_word' id='word_1_267' title='bbox 3564 1153 3692 1223; x_wconf 80' lang='grc' dir='ltr'><strong>Ἀδὰμ</strong></span> 
     </span>
    </p>
   </div>
   <div class='ocr_carea' id='block_1_39' title="bbox 2200 1244 3694 1321">
    <p class='ocr_par' dir='ltr' id='par_1_39' title="bbox 2200 1244 3694 1321">
     <span class='ocr_line' id='line_1_39' title="bbox 2200 1244 3694 1321; baseline 0.003 -24"><span class='ocrx_word' id='word_1_268' title='bbox 2200 1244 2378 1313; x_wconf 79' lang='grc' dir='ltr'>μέχρι</span> <span class='ocrx_word' id='word_1_269' title='bbox 2417 1245 2733 1313; x_wconf 83' lang='grc' dir='ltr'>Μωῦσέως.</span> <span class='ocrx_word' id='word_1_270' title='bbox 2781 1249 2841 1301; x_wconf 90' lang='lat'><strong>&#39;0</strong></span> <span class='ocrx_word' id='word_1_271' title='bbox 2880 1248 2938 1301; x_wconf 81' lang='grc' dir='ltr'><strong>δὲ</strong></span> <span class='ocrx_word' id='word_1_272' title='bbox 2981 1247 3350 1320; x_wconf 85' lang='grc' dir='ltr'>φιλάνθρωπος</span> <span class='ocrx_word' id='word_1_273' title='bbox 3388 1248 3575 1321; x_wconf 73' lang='grc' dir='ltr'>Κύριος,</span> <span class='ocrx_word' id='word_1_274' title='bbox 3604 1247 3694 1302; x_wconf 80' lang='grc' dir='ltr'>ἰδὼν</span> 
     </span>
    </p>
   </div>
   <div class='ocr_carea' id='block_1_40' title="bbox 2204 1337 3692 1411">
    <p class='ocr_par' dir='ltr' id='par_1_40' title="bbox 2204 1337 3692 1411">
     <span class='ocr_line' id='line_1_40' title="bbox 2204 1337 3692 1411; baseline 0.002 -21"><span class='ocrx_word' id='word_1_275' title='bbox 2204 1338 2265 1390; x_wconf 82' lang='grc' dir='ltr'><strong>τὸ</strong></span> <span class='ocrx_word' id='word_1_276' title='bbox 2297 1337 2521 1409; x_wconf 86' lang='grc' dir='ltr'><strong>πλάσμα</strong></span> <span class='ocrx_word' id='word_1_277' title='bbox 2555 1340 2617 1392; x_wconf 84' lang='grc' dir='ltr'><strong>τὸ</strong></span> <span class='ocrx_word' id='word_1_278' title='bbox 2660 1338 2790 1393; x_wconf 87' lang='grc' dir='ltr'>ίδιον</span> <span class='ocrx_word' id='word_1_279' title='bbox 2828 1340 2933 1395; x_wconf 82' lang='grc' dir='ltr'>ὑπὸ</span> <span class='ocrx_word' id='word_1_280' title='bbox 2970 1339 3065 1394; x_wconf 81' lang='grc' dir='ltr'>τοῦ</span> <span class='ocrx_word' id='word_1_281' title='bbox 3111 1339 3336 1393; x_wconf 85' lang='grc' dir='ltr'>θανάτου</span> <span class='ocrx_word' id='word_1_282' title='bbox 3376 1339 3692 1411; x_wconf 82' lang='grc' dir='ltr'>κρατούμενον,</span> 
     </span>
    </p>
   </div>
   <div class='ocr_carea' id='block_1_41' title="bbox 2203 1430 3693 1504">
    <p class='ocr_par' dir='ltr' id='par_1_41' title="bbox 2203 1430 3693 1504">
     <span class='ocr_line' id='line_1_41' title="bbox 2203 1430 3693 1504; baseline 0.001 -22"><span class='ocrx_word' id='word_1_283' title='bbox 2203 1430 2302 1483; x_wconf 84' lang='grc' dir='ltr'><strong>ούκ</strong></span> <span class='ocrx_word' id='word_1_284' title='bbox 2342 1432 2421 1493; x_wconf 90' lang='grc' dir='ltr'><strong>είς</strong></span> <span class='ocrx_word' id='word_1_285' title='bbox 2464 1431 2615 1495; x_wconf 85' lang='grc' dir='ltr'>τέλος</span> <span class='ocrx_word' id='word_1_286' title='bbox 2649 1432 2994 1504; x_wconf 85' lang='grc' dir='ltr'>ἀπεστράφη,</span> <span class='ocrx_word' id='word_1_287' title='bbox 3027 1432 3087 1485; x_wconf 83' lang='grc' dir='ltr'>ὃν</span> <span class='ocrx_word' id='word_1_288' title='bbox 3117 1433 3241 1486; x_wconf 90' lang='grc' dir='ltr'>κατ’</span> <span class='ocrx_word' id='word_1_289' title='bbox 3270 1431 3441 1486; x_wconf 76' lang='grc' dir='ltr'>εἰκόνα</span> <span class='ocrx_word' id='word_1_290' title='bbox 3466 1432 3693 1503; x_wconf 76' lang='grc' dir='ltr'>ἐποίησεν·</span> 
     </span>
    </p>
   </div>
   <div class='ocr_carea' id='block_1_42' title="bbox 2204 1521 3695 1594">
    <p class='ocr_par' dir='ltr' id='par_1_42' title="bbox 2204 1521 3695 1594">
     <span class='ocr_line' id='line_1_42' title="bbox 2204 1521 3695 1594; baseline -0.001 -19"><span class='ocrx_word' id='word_1_291' title='bbox 2204 1521 2338 1575; x_wconf 83' lang='grc' dir='ltr'>ἀλλὰ</span> <span class='ocrx_word' id='word_1_292' title='bbox 2370 1521 2491 1576; x_wconf 87' lang='grc' dir='ltr'>καθ’</span> <span class='ocrx_word' id='word_1_293' title='bbox 2513 1523 2751 1593; x_wconf 76' lang='grc' dir='ltr'>ἑκάστην</span> <span class='ocrx_word' id='word_1_294' title='bbox 2778 1522 2969 1592; x_wconf 85' lang='grc' dir='ltr'>γενεὰν</span> <span class='ocrx_word' id='word_1_295' title='bbox 2990 1522 3455 1594; x_wconf 88' lang='grc' dir='ltr'>ἐπισκεπτόμενος,</span> <span class='ocrx_word' id='word_1_296' title='bbox 3479 1522 3531 1575; x_wconf 82' lang='grc' dir='ltr'>οὐ</span> <span class='ocrx_word' id='word_1_297' title='bbox 3555 1521 3695 1574; x_wconf 75' lang='grc' dir='ltr'>διέλειο</span> 
     </span>
    </p>
   </div>
   <div class='ocr_carea' id='block_1_43' title="bbox 2204 1617 3696 1691">
    <p class='ocr_par' dir='ltr' id='par_1_43' title="bbox 2204 1617 3696 1691">
     <span class='ocr_line' id='line_1_43' title="bbox 2204 1617 3696 1691; baseline -0.001 -19"><span class='ocrx_word' id='word_1_298' title='bbox 2204 1635 2304 1672; x_wconf 89' lang='grc' dir='ltr'><strong>πεν</strong></span> <span class='ocrx_word' id='word_1_299' title='bbox 2323 1635 2337 1649; x_wconf 92' lang='grc'><strong>·</strong></span> <span class='ocrx_word' id='word_1_300' title='bbox 2369 1620 2463 1673; x_wconf 74' lang='grc' dir='ltr'><strong>καὶ</strong></span> <span class='ocrx_word' id='word_1_301' title='bbox 2492 1618 2683 1691; x_wconf 83' lang='grc' dir='ltr'>πρώην</span> <span class='ocrx_word' id='word_1_302' title='bbox 2714 1619 2813 1689; x_wconf 85' lang='grc' dir='ltr'><strong>μὲν</strong></span> <span class='ocrx_word' id='word_1_303' title='bbox 2845 1621 2903 1673; x_wconf 83' lang='grc' dir='ltr'>ὲν</span> <span class='ocrx_word' id='word_1_304' title='bbox 2939 1622 3053 1683; x_wconf 86' lang='grc' dir='ltr'>τοῖς</span> <span class='ocrx_word' id='word_1_305' title='bbox 3086 1618 3360 1690; x_wconf 85' lang='grc' dir='ltr'>Πατράσιν</span> <span class='ocrx_word' id='word_1_306' title='bbox 3387 1617 3696 1688; x_wconf 78' lang='grc' dir='ltr'><strong>ὀπτανόμενος,</strong></span> 
     </span>
    </p>
   </div>
   <div class='ocr_carea' id='block_1_44' title="bbox 2204 1708 3697 1782">
    <p class='ocr_par' dir='ltr' id='par_1_44' title="bbox 2204 1708 3697 1782">
     <span class='ocr_line' id='line_1_44' title="bbox 2204 1708 3697 1782; baseline 0.001 -20"><span class='ocrx_word' id='word_1_307' title='bbox 2204 1709 2295 1762; x_wconf 76' lang='grc' dir='ltr'><strong>καὶ</strong></span> <span class='ocrx_word' id='word_1_308' title='bbox 2332 1711 2390 1762; x_wconf 83' lang='grc' dir='ltr'><strong>ἐν</strong></span> <span class='ocrx_word' id='word_1_309' title='bbox 2418 1708 2566 1780; x_wconf 87' lang='grc' dir='ltr'>νόμῳ</span> <span class='ocrx_word' id='word_1_310' title='bbox 2603 1710 3025 1781; x_wconf 84' lang='grc' dir='ltr'>κηρυττόμενος,</span> <span class='ocrx_word' id='word_1_311' title='bbox 3066 1711 3161 1764; x_wconf 77' lang='grc' dir='ltr'><strong>καὶ</strong></span> <span class='ocrx_word' id='word_1_312' title='bbox 3195 1712 3251 1764; x_wconf 82' lang='grc' dir='ltr'><strong>ἐν</strong></span> <span class='ocrx_word' id='word_1_313' title='bbox 3289 1711 3560 1782; x_wconf 84' lang='grc' dir='ltr'>προφήταις</span> <span class='ocrx_word' id='word_1_314' title='bbox 3589 1711 3697 1780; x_wconf 70' lang='lat' dir='ltr'><strong>buu-</strong></span> 
     </span>
    </p>
   </div>
   <div class='ocr_carea' id='block_1_45' title="bbox 2134 1769 3697 1875">
    <p class='ocr_par' dir='ltr' id='par_1_45' title="bbox 2134 1769 3697 1875">
     <span class='ocr_line' id='line_1_45' title="bbox 2134 1769 3697 1875; baseline 0 -20"><span class='ocrx_word' id='word_1_315' title='bbox 2134 1769 2177 1825; x_wconf 73' lang='grc' dir='ltr'>Β</span> <span class='ocrx_word' id='word_1_316' title='bbox 2202 1801 2449 1873; x_wconf 84' lang='grc' dir='ltr'>ούμενος,</span> <span class='ocrx_word' id='word_1_317' title='bbox 2480 1769 2588 1873; x_wconf 43' lang='grc' dir='ltr'>’την</span> <span class='ocrx_word' id='word_1_318' title='bbox 2625 1769 2889 1875; x_wconf 63' lang='grc' dir='ltr'>σωτήριόν</span> <span class='ocrx_word' id='word_1_319' title='bbox 2924 1769 3237 1874; x_wconf 78' lang='grc' dir='ltr'>οἰκονομίαν</span> <span class='ocrx_word' id='word_1_320' title='bbox 3265 1769 3584 1874; x_wconf 46' lang='grc' dir='ltr'>προεμήνυεν.</span> <span class='ocrx_word' id='word_1_321' title='bbox 3608 1769 3697 1855; x_wconf 44' lang='grc' dir='ltr'>ίοιε</span> 
     </span>
    </p>
   </div>
   <div class='ocr_carea' id='block_1_46' title="bbox 2201 1890 3694 1966">
    <p class='ocr_par' dir='ltr' id='par_1_46' title="bbox 2201 1890 3694 1966">
     <span class='ocr_line' id='line_1_46' title="bbox 2201 1890 3694 1966; baseline -0.002 -20"><span class='ocrx_word' id='word_1_322' title='bbox 2201 1894 2258 1946; x_wconf 81' lang='grc' dir='ltr'>δὲ</span> <span class='ocrx_word' id='word_1_323' title='bbox 2284 1890 2446 1964; x_wconf 83' lang='grc' dir='ltr'>ἦλθεν</span> <span class='ocrx_word' id='word_1_324' title='bbox 2480 1893 2541 1946; x_wconf 81' lang='grc' dir='ltr'>τὸ</span> <span class='ocrx_word' id='word_1_325' title='bbox 2585 1893 2855 1965; x_wconf 87' lang='grc' dir='ltr'>πλήρωμα</span> <span class='ocrx_word' id='word_1_326' title='bbox 2883 1893 2992 1947; x_wconf 79' lang='grc' dir='ltr'>τῶν</span> <span class='ocrx_word' id='word_1_327' title='bbox 3024 1894 3232 1966; x_wconf 83' lang='grc' dir='ltr'>καιρῶν</span> <span class='ocrx_word' id='word_1_328' title='bbox 3265 1895 3359 1964; x_wconf 85' lang='grc' dir='ltr'><strong>τῆς</strong></span> <span class='ocrx_word' id='word_1_329' title='bbox 3389 1893 3572 1959; x_wconf 78' lang='grc' dir='ltr'><strong>ἐνδόξου</strong></span> <span class='ocrx_word' id='word_1_330' title='bbox 3598 1908 3694 1961; x_wconf 56' lang='grc' dir='ltr'><strong>περ</strong></span> 
     </span>
    </p>
   </div>
   <div class='ocr_carea' id='block_1_47' title="bbox 2200 1983 3699 2059">
    <p class='ocr_par' dir='ltr' id='par_1_47' title="bbox 2200 1983 3699 2059">
     <span class='ocr_line' id='line_1_47' title="bbox 2200 1983 3699 2059; baseline -0.003 -22"><span class='ocrx_word' id='word_1_331' title='bbox 2200 1985 2385 2048; x_wconf 87' lang='grc' dir='ltr'>ουσίας</span> <span class='ocrx_word' id='word_1_332' title='bbox 2430 1984 2615 2048; x_wconf 76' lang='grc' dir='ltr'>αὑτοῦ,</span> <span class='ocrx_word' id='word_1_333' title='bbox 2660 1985 2753 2039; x_wconf 85' lang='grc' dir='ltr'><strong>τὸν</strong></span> <span class='ocrx_word' id='word_1_334' title='bbox 2794 1985 3133 2056; x_wconf 83' lang='grc' dir='ltr'>ἁρχάγγελον</span> <span class='ocrx_word' id='word_1_335' title='bbox 3188 1984 3421 2059; x_wconf 77' lang='grc' dir='ltr'>Γαϐριὴλ</span> <span class='ocrx_word' id='word_1_336' title='bbox 3471 1984 3587 2056; x_wconf 71' lang='grc' dir='ltr'>πρὸς</span> <span class='ocrx_word' id='word_1_337' title='bbox 3629 1983 3699 2052; x_wconf 71' lang='grc' dir='ltr'><strong>τὴν</strong></span> 
     </span>
    </p>
   </div>
   <div class='ocr_carea' id='block_1_48' title="bbox 2200 2074 3698 2149">
    <p class='ocr_par' dir='ltr' id='par_1_48' title="bbox 2200 2074 3698 2149">
     <span class='ocr_line' id='line_1_48' title="bbox 2200 2074 3698 2149; baseline -0.003 -19"><span class='ocrx_word' id='word_1_338' title='bbox 2200 2075 2470 2149; x_wconf 81' lang='grc' dir='ltr'>Παρθένον</span> <span class='ocrx_word' id='word_1_339' title='bbox 2519 2075 2753 2149; x_wconf 83' lang='grc' dir='ltr'>Μαριὰμ</span> <span class='ocrx_word' id='word_1_340' title='bbox 2777 2075 3261 2148; x_wconf 77' lang='grc' dir='ltr'>εὐαγγελιζόμενον</span> <span class='ocrx_word' id='word_1_341' title='bbox 3312 2074 3698 2149; x_wconf 82' lang='grc' dir='ltr'>προαπέσταλκεν.</span> 
     </span>
    </p>
   </div>
   <div class='ocr_carea' id='block_1_49' title="bbox 2210 2164 3700 2239">
    <p class='ocr_par' dir='ltr' id='par_1_49' title="bbox 2210 2164 3700 2239">
     <span class='ocr_line' id='line_1_49' title="bbox 2210 2164 3700 2239; baseline -0.004 -18"><span class='ocrx_word' id='word_1_342' title='bbox 2210 2168 2267 2221; x_wconf 87' lang='lat'><strong>&#39;0</strong></span> <span class='ocrx_word' id='word_1_343' title='bbox 2295 2168 2374 2232; x_wconf 85' lang='grc' dir='ltr'>δὲ,</span> <span class='ocrx_word' id='word_1_344' title='bbox 2410 2168 2517 2222; x_wconf 84' lang='grc' dir='ltr'><strong>ἀπὸ</strong></span> <span class='ocrx_word' id='word_1_345' title='bbox 2560 2167 2667 2221; x_wconf 84' lang='grc' dir='ltr'><strong>τῶν</strong></span> <span class='ocrx_word' id='word_1_346' title='bbox 2697 2168 2992 2239; x_wconf 86' lang='grc' dir='ltr'>άφράστων</span> <span class='ocrx_word' id='word_1_347' title='bbox 3021 2169 3134 2223; x_wconf 79' lang='grc' dir='ltr'>ἄνω</span> <span class='ocrx_word' id='word_1_348' title='bbox 3180 2167 3455 2239; x_wconf 81' lang='grc' dir='ltr'>δυνάμεων</span> <span class='ocrx_word' id='word_1_349' title='bbox 3490 2166 3605 2238; x_wconf 74' lang='grc' dir='ltr'>πρὸς</span> <span class='ocrx_word' id='word_1_350' title='bbox 3631 2164 3700 2234; x_wconf 70' lang='grc' dir='ltr'>τὴν</span> 
     </span>
    </p>
   </div>
   <div class='ocr_carea' id='block_1_50' title="bbox 2196 2257 3697 2333">
    <p class='ocr_par' dir='ltr' id='par_1_50' title="bbox 2196 2257 3697 2333">
     <span class='ocr_line' id='line_1_50' title="bbox 2196 2257 3697 2333; baseline -0.002 -19"><span class='ocrx_word' id='word_1_351' title='bbox 2196 2260 2358 2329; x_wconf 87' lang='grc' dir='ltr'>ἁγίαν</span> <span class='ocrx_word' id='word_1_352' title='bbox 2394 2259 2666 2332; x_wconf 82' lang='grc' dir='ltr'>Παρθένον</span> <span class='ocrx_word' id='word_1_353' title='bbox 2704 2260 3167 2332; x_wconf 87' lang='grc' dir='ltr'>παραγενόμενος,</span> <span class='ocrx_word' id='word_1_354' title='bbox 3207 2260 3432 2333; x_wconf 85' lang='grc' dir='ltr'>πρῶτον,</span> <span class='ocrx_word' id='word_1_355' title='bbox 3455 2259 3526 2321; x_wconf 82' lang='grc' dir='ltr'><strong>τὸ,</strong></span> <span class='ocrx_word' id='word_1_356' title='bbox 3552 2257 3697 2325; x_wconf 73' lang='lat' dir='ltr'><strong>Xaips.</strong></span> 
     </span>
    </p>
   </div>
   <div class='ocr_carea' id='block_1_51' title="bbox 2197 2349 3702 2424">
    <p class='ocr_par' dir='ltr' id='par_1_51' title="bbox 2197 2349 3702 2424">
     <span class='ocr_line' id='line_1_51' title="bbox 2197 2349 3702 2424; baseline -0.001 -19"><span class='ocrx_word' id='word_1_357' title='bbox 2197 2349 2668 2421; x_wconf 75' lang='grc' dir='ltr'>κεχαριτωμένη,</span> <span class='ocrx_word' id='word_1_358' title='bbox 2712 2352 2849 2424; x_wconf 80' lang='grc' dir='ltr'>αὐτῇ</span> <span class='ocrx_word' id='word_1_359' title='bbox 2898 2351 3353 2423; x_wconf 71' lang='grc' dir='ltr'>προσεφώνησεν·</span> <span class='ocrx_word' id='word_1_360' title='bbox 3402 2351 3493 2421; x_wconf 81' lang='grc' dir='ltr'>τῆς</span> <span class='ocrx_word' id='word_1_361' title='bbox 3539 2350 3586 2403; x_wconf 81' lang='grc' dir='ltr'><strong>δὲ</strong></span> <span class='ocrx_word' id='word_1_362' title='bbox 3623 2367 3702 2418; x_wconf 68' lang='grc' dir='ltr'>φωο</span> 
     </span>
    </p>
   </div>
   <div class='ocr_carea' id='block_1_52' title="bbox 2198 2438 3702 2515">
    <p class='ocr_par' dir='ltr' id='par_1_52' title="bbox 2198 2438 3702 2515">
     <span class='ocr_line' id='line_1_52' title="bbox 2198 2438 3702 2515; baseline -0.016 -1"><span class='ocrx_word' id='word_1_363' title='bbox 2198 2442 2317 2513; x_wconf 71' lang='grc' dir='ltr'><strong>νῆςν</strong></span> <span class='ocrx_word' id='word_1_364' title='bbox 2337 2442 2657 2510; x_wconf 75' lang='grc' dir='ltr'>τοῦΧαῗρε,</span> <span class='ocrx_word' id='word_1_365' title='bbox 2699 2443 3156 2513; x_wconf 79' lang='grc' dir='ltr'>κεχαριτωμένη,</span> <span class='ocrx_word' id='word_1_366' title='bbox 3189 2444 3324 2515; x_wconf 85' lang='grc' dir='ltr'>πρὸς</span> <span class='ocrx_word' id='word_1_367' title='bbox 3357 2441 3510 2513; x_wconf 70' lang='grc' dir='ltr'>αὐτὴν</span> <span class='ocrx_word' id='word_1_368' title='bbox 3534 2438 3702 2509; x_wconf 79' lang='grc' dir='ltr'>γενομέ-</span> 
     </span>
    </p>
   </div>
   <div class='ocr_carea' id='block_1_53' title="bbox 2198 2530 3703 2607">
    <p class='ocr_par' dir='ltr' id='par_1_53' title="bbox 2198 2530 3703 2607">
     <span class='ocr_line' id='line_1_53' title="bbox 2198 2530 3703 2607; baseline -0.003 -18"><span class='ocrx_word' id='word_1_369' title='bbox 2198 2552 2295 2606; x_wconf 86' lang='grc' dir='ltr'><strong>νης</strong></span> <span class='ocrx_word' id='word_1_370' title='bbox 2334 2534 2423 2588; x_wconf 77' lang='grc' dir='ltr'>διὰ</span> <span class='ocrx_word' id='word_1_371' title='bbox 2449 2534 2548 2605; x_wconf 84' lang='grc' dir='ltr'>τῆς</span> <span class='ocrx_word' id='word_1_372' title='bbox 2562 2536 2734 2606; x_wconf 79' lang='grc' dir='ltr'>ἀκοῆς</span> <span class='ocrx_word' id='word_1_373' title='bbox 2749 2535 2996 2606; x_wconf 77' lang='grc' dir='ltr'>εἰσῆλθεν</span> <span class='ocrx_word' id='word_1_374' title='bbox 3016 2536 3077 2589; x_wconf 80' lang='grc' dir='ltr'><strong>τὸ</strong></span> <span class='ocrx_word' id='word_1_375' title='bbox 3104 2535 3330 2607; x_wconf 83' lang='grc' dir='ltr'>Πνεῦμα</span> <span class='ocrx_word' id='word_1_376' title='bbox 3342 2536 3400 2589; x_wconf 83' lang='grc' dir='ltr'><strong>τὸ</strong></span> <span class='ocrx_word' id='word_1_377' title='bbox 3415 2535 3548 2605; x_wconf 72' lang='grc' dir='ltr'>ἅγιον</span> <span class='ocrx_word' id='word_1_378' title='bbox 3563 2535 3626 2598; x_wconf 87' lang='grc' dir='ltr'><strong>είς</strong></span> <span class='ocrx_word' id='word_1_379' title='bbox 3639 2530 3703 2585; x_wconf 78' lang='grc' dir='ltr'>τὸν</span> 
     </span>
    </p>
   </div>
   <div class='ocr_carea' id='block_1_54' title="bbox 2198 2624 3702 2698">
    <p class='ocr_par' dir='ltr' id='par_1_54' title="bbox 2198 2624 3702 2698">
     <span class='ocr_line' id='line_1_54' title="bbox 2198 2624 3702 2698; baseline -0.003 -20"><span class='ocrx_word' id='word_1_380' title='bbox 2198 2624 2458 2697; x_wconf 85' lang='grc' dir='ltr'>ἀμίαντον</span> <span class='ocrx_word' id='word_1_381' title='bbox 2486 2626 2612 2681; x_wconf 83' lang='grc' dir='ltr'>ναὸν</span> <span class='ocrx_word' id='word_1_382' title='bbox 2633 2627 2731 2697; x_wconf 85' lang='grc' dir='ltr'>τῆς</span> <span class='ocrx_word' id='word_1_383' title='bbox 2752 2626 3053 2698; x_wconf 85' lang='grc' dir='ltr'>Παρθένου·</span> <span class='ocrx_word' id='word_1_384' title='bbox 3066 2627 3173 2698; x_wconf 46' lang='grc' dir='ltr'>,καὶ</span> <span class='ocrx_word' id='word_1_385' title='bbox 3190 2627 3419 2698; x_wconf 80' lang='grc' dir='ltr'>ἡγιάσθη</span> <span class='ocrx_word' id='word_1_386' title='bbox 3434 2629 3465 2697; x_wconf 81' lang='grc' dir='ltr'>ή</span> <span class='ocrx_word' id='word_1_387' title='bbox 3478 2626 3622 2680; x_wconf 76' lang='grc' dir='ltr'>ἔννοια</span> <span class='ocrx_word' id='word_1_388' title='bbox 3635 2624 3702 2676; x_wconf 73' lang='grc' dir='ltr'><strong>σὺν</strong></span> 
     </span>
    </p>
   </div>
   <div class='ocr_carea' id='block_1_55' title="bbox 2197 2715 3704 2789">
    <p class='ocr_par' dir='ltr' id='par_1_55' title="bbox 2197 2715 3704 2789">
     <span class='ocr_line' id='line_1_55' title="bbox 2197 2715 3704 2789; baseline -0.002 -21"><span class='ocrx_word' id='word_1_389' title='bbox 2197 2718 2308 2779; x_wconf 87' lang='grc' dir='ltr'>τοῖς</span> <span class='ocrx_word' id='word_1_390' title='bbox 2329 2715 2517 2786; x_wconf 82' lang='grc' dir='ltr'>μέλεσι</span> <span class='ocrx_word' id='word_1_391' title='bbox 2535 2733 2549 2746; x_wconf 71' lang='grc' dir='ltr'><strong>ο</strong></span> <span class='ocrx_word' id='word_1_392' title='bbox 2583 2715 2677 2770; x_wconf 76' lang='grc' dir='ltr'><strong>καὶ</strong></span> <span class='ocrx_word' id='word_1_393' title='bbox 2706 2716 2833 2788; x_wconf 77' lang='grc' dir='ltr'>ἔστη</span> <span class='ocrx_word' id='word_1_394' title='bbox 2862 2720 2894 2787; x_wconf 85' lang='grc' dir='ltr'><strong>ή</strong></span> <span class='ocrx_word' id='word_1_395' title='bbox 2920 2716 3080 2785; x_wconf 81' lang='grc' dir='ltr'>φύσις</span> <span class='ocrx_word' id='word_1_396' title='bbox 3101 2716 3380 2789; x_wconf 81' lang='grc' dir='ltr'>ἄντικρυς,</span> <span class='ocrx_word' id='word_1_397' title='bbox 3409 2716 3542 2786; x_wconf 77' lang='grc' dir='ltr'>καὶὴ</span> <span class='ocrx_word' id='word_1_398' title='bbox 3573 2729 3704 2767; x_wconf 77' lang='grc' dir='ltr'>συνου-</span> 
     </span>
    </p>
   </div>
   <div class='ocr_carea' id='block_1_56' title="bbox 519 2804 2092 2880">
    <p class='ocr_par' dir='ltr' id='par_1_56' title="bbox 519 2804 2092 2877">
     <span class='ocr_line' id='line_1_56' title="bbox 519 2804 2092 2877; baseline -0.002 -17"><span class='ocrx_word' id='word_1_399' title='bbox 519 2809 703 2876; x_wconf 71' lang='lat' dir='ltr'><strong>gratia</strong></span> <span class='ocrx_word' id='word_1_400' title='bbox 742 2807 896 2877; x_wconf 85' lang='lat' dir='ltr'><strong>plena</strong></span> <span class='ocrx_word' id='word_1_401' title='bbox 917 2848 933 2872; x_wconf 94' lang='lat'><strong>,</strong></span> <span class='ocrx_word' id='word_1_402' title='bbox 983 2808 1157 2876; x_wconf 89' lang='lat' dir='ltr'><strong>ipsam</strong></span> <span class='ocrx_word' id='word_1_403' title='bbox 1201 2805 1547 2874; x_wconf 86' lang='lat' dir='ltr'><strong>compellavit</strong></span> <span class='ocrx_word' id='word_1_404' title='bbox 1570 2820 1635 2858; x_wconf 90' lang='lat' dir='ltr'><strong>ac</strong></span> <span class='ocrx_word' id='word_1_405' title='bbox 1657 2804 1912 2859; x_wconf 85' lang='lat' dir='ltr'><strong>salutavit</strong></span> <span class='ocrx_word' id='word_1_406' title='bbox 1947 2822 1959 2857; x_wconf 89' lang='lat'><strong>:</strong></span> <span class='ocrx_word' id='word_1_407' title='bbox 1989 2819 2092 2873; x_wconf 88' lang='lat' dir='ltr'><strong>qua</strong></span> 
     </span>
    </p>
   </div>
   <div class='ocr_carea' id='block_1_57' title="bbox 2192 2804 3704 2880">
    <p class='ocr_par' dir='ltr' id='par_1_57' title="bbox 2202 2805 3704 2880">
     <span class='ocr_line' id='line_1_57' title="bbox 2202 2805 3704 2880; baseline -0.004 -20"><span class='ocrx_word' id='word_1_408' title='bbox 2202 2806 2291 2860; x_wconf 89' lang='grc' dir='ltr'><strong>σία</strong></span> <span class='ocrx_word' id='word_1_409' title='bbox 2312 2806 2614 2880; x_wconf 74' lang='grc' dir='ltr'>πόρρωθεν,</span> <span class='ocrx_word' id='word_1_410' title='bbox 2643 2806 2781 2878; x_wconf 80' lang='grc' dir='ltr'>μετὰ</span> <span class='ocrx_word' id='word_1_411' title='bbox 2798 2806 3039 2877; x_wconf 86' lang='grc' dir='ltr'>θάμϐους</span> <span class='ocrx_word' id='word_1_412' title='bbox 3062 2807 3364 2880; x_wconf 81' lang='grc' dir='ltr'>θεωροῦσαι</span> <span class='ocrx_word' id='word_1_413' title='bbox 3389 2808 3473 2862; x_wconf 78' lang='grc' dir='ltr'>τὸν</span> <span class='ocrx_word' id='word_1_414' title='bbox 3491 2805 3704 2872; x_wconf 71' lang='grc' dir='ltr'>Δεσπότην</span> 
     </span>
    </p>
   </div>
   <div class='ocr_carea' id='block_1_58' title="bbox 527 2892 2092 2968">
    <p class='ocr_par' dir='ltr' id='par_1_58' title="bbox 527 2892 2092 2965">
     <span class='ocr_line' id='line_1_58' title="bbox 527 2892 2092 2965; baseline -0.004 -13"><span class='ocrx_word' id='word_1_415' title='bbox 527 2899 747 2965; x_wconf 84' lang='lat' dir='ltr'><strong>quidem</strong></span> <span class='ocrx_word' id='word_1_416' title='bbox 797 2898 1089 2952; x_wconf 89' lang='lat' dir='ltr'><strong>verborum</strong></span> <span class='ocrx_word' id='word_1_417' title='bbox 1129 2910 1260 2950; x_wconf 90' lang='lat' dir='ltr'><strong>voce</strong></span> <span class='ocrx_word' id='word_1_418' title='bbox 1300 2895 1365 2948; x_wconf 86' lang='lat' dir='ltr'><strong>ad</strong></span> <span class='ocrx_word' id='word_1_419' title='bbox 1390 2910 1509 2947; x_wconf 86' lang='lat' dir='ltr'><strong>eam</strong></span> <span class='ocrx_word' id='word_1_420' title='bbox 1538 2892 1703 2956; x_wconf 85' lang='lat' dir='ltr'><strong>facta,</strong></span> <span class='ocrx_word' id='word_1_421' title='bbox 1741 2893 1795 2946; x_wconf 92' lang='lat' dir='ltr'><strong>in</strong></span> <span class='ocrx_word' id='word_1_422' title='bbox 1820 2892 1936 2962; x_wconf 90' lang='lat' dir='ltr'><strong>ipsa</strong></span> <span class='ocrx_word' id='word_1_423' title='bbox 1970 2907 2092 2946; x_wconf 84' lang='lat' dir='ltr'><strong>mox</strong></span> 
     </span>
    </p>
   </div>
   <div class='ocr_carea' id='block_1_59' title="bbox 2192 2892 3703 2968">
    <p class='ocr_par' dir='ltr' id='par_1_59' title="bbox 2196 2892 3703 2968">
     <span class='ocr_line' id='line_1_59' title="bbox 2196 2892 3703 2968; baseline -0.004 -19"><span class='ocrx_word' id='word_1_424' title='bbox 2196 2896 2297 2968; x_wconf 80' lang='grc' dir='ltr'>τῆς</span> <span class='ocrx_word' id='word_1_425' title='bbox 2347 2896 2558 2966; x_wconf 85' lang='grc' dir='ltr'>φύσεως</span> <span class='ocrx_word' id='word_1_426' title='bbox 2611 2897 2761 2968; x_wconf 83' lang='grc' dir='ltr'>παρὰ</span> <span class='ocrx_word' id='word_1_427' title='bbox 2809 2896 2989 2966; x_wconf 88' lang='grc' dir='ltr'>φύσιν,</span> <span class='ocrx_word' id='word_1_428' title='bbox 3049 2897 3252 2968; x_wconf 77' lang='grc' dir='ltr'>μᾶλλον</span> <span class='ocrx_word' id='word_1_429' title='bbox 3302 2896 3360 2951; x_wconf 87' lang='grc' dir='ltr'>δὲ</span> <span class='ocrx_word' id='word_1_430' title='bbox 3418 2896 3546 2965; x_wconf 76' lang='grc' dir='ltr'>ὑπὲρ</span> <span class='ocrx_word' id='word_1_431' title='bbox 3586 2892 3703 2963; x_wconf 77' lang='grc' dir='ltr'>φύσιν</span> 
     </span>
    </p>
   </div>
   <div class='ocr_carea' id='block_1_60' title="bbox 527 2974 2092 3059">
    <p class='ocr_par' dir='ltr' id='par_1_60' title="bbox 527 2981 2092 3057">
     <span class='ocr_line' id='line_1_60' title="bbox 527 2981 2092 3057; baseline -0.003 -16"><span class='ocrx_word' id='word_1_432' title='bbox 527 2987 805 3043; x_wconf 80' lang='lat' dir='ltr'><strong>auditione</strong></span> <span class='ocrx_word' id='word_1_433' title='bbox 838 2986 1075 3057; x_wconf 82' lang='lat' dir='ltr'><strong>Spiritus</strong></span> <span class='ocrx_word' id='word_1_434' title='bbox 1097 2995 1320 3039; x_wconf 89' lang='lat' dir='ltr'><strong>sanctus</strong></span> <span class='ocrx_word' id='word_1_435' title='bbox 1346 2984 1399 3037; x_wconf 92' lang='lat' dir='ltr'><strong>in</strong></span> <span class='ocrx_word' id='word_1_436' title='bbox 1418 2984 1827 3038; x_wconf 88' lang='lat' dir='ltr'><strong>immaculatum</strong></span> <span class='ocrx_word' id='word_1_437' title='bbox 1856 2981 2092 3053; x_wconf 82' lang='lat' dir='ltr'><strong>Virginis</strong></span> 
     </span>
    </p>
   </div>
   <div class='ocr_carea' id='block_1_61' title="bbox 2192 2974 3704 3059">
    <p class='ocr_par' dir='ltr' id='par_1_61' title="bbox 2197 2974 3704 3059">
     <span class='ocr_line' id='line_1_61' title="bbox 2197 2974 3704 3059; baseline -0.002 -20"><span class='ocrx_word' id='word_1_438' title='bbox 2197 2987 2428 3059; x_wconf 79' lang='grc' dir='ltr'>πρᾶγμα</span> <span class='ocrx_word' id='word_1_439' title='bbox 2456 2985 2974 3057; x_wconf 82' lang='grc' dir='ltr'>θαυματουργοῢντα</span> <span class='ocrx_word' id='word_1_440' title='bbox 3006 2988 3064 3039; x_wconf 83' lang='grc' dir='ltr'><strong>ἐν</strong></span> <span class='ocrx_word' id='word_1_441' title='bbox 3095 2986 3175 3057; x_wconf 80' lang='grc' dir='ltr'><strong>τῷ</strong></span> <span class='ocrx_word' id='word_1_442' title='bbox 3210 2985 3448 3058; x_wconf 72' lang='grc' dir='ltr'>σώματιο</span> <span class='ocrx_word' id='word_1_443' title='bbox 3483 2986 3564 3039; x_wconf 78' lang='lat' dir='ltr'><strong>xal</strong></span> <span class='ocrx_word' id='word_1_444' title='bbox 3584 2974 3704 3036; x_wconf 73' lang='grc' dir='ltr'>δι’ὦν</span> 
     </span>
    </p>
   </div>
   <div class='ocr_carea' id='block_1_62' title="bbox 530 3073 2092 3150">
    <p class='ocr_par' dir='ltr' id='par_1_62' title="bbox 530 3075 2092 3150">
     <span class='ocr_line' id='line_1_62' title="bbox 530 3075 2092 3150; baseline -0.002 -18"><span class='ocrx_word' id='word_1_445' title='bbox 530 3080 785 3150; x_wconf 88' lang='lat' dir='ltr'><strong>templum</strong></span> <span class='ocrx_word' id='word_1_446' title='bbox 812 3080 1088 3147; x_wconf 87' lang='lat' dir='ltr'><strong>ingressus</strong></span> <span class='ocrx_word' id='word_1_447' title='bbox 1110 3085 1223 3141; x_wconf 89' lang='lat' dir='ltr'><strong>est;</strong></span> <span class='ocrx_word' id='word_1_448' title='bbox 1258 3082 1309 3130; x_wconf 82' lang='lat' dir='ltr'><strong>et</strong></span> <span class='ocrx_word' id='word_1_449' title='bbox 1331 3075 1668 3131; x_wconf 80' lang='lat' dir='ltr'><strong>sanctiﬁcata</strong></span> <span class='ocrx_word' id='word_1_450' title='bbox 1688 3084 1771 3129; x_wconf 92' lang='lat' dir='ltr'><strong>est</strong></span> <span class='ocrx_word' id='word_1_451' title='bbox 1799 3090 1952 3131; x_wconf 89' lang='lat' dir='ltr'><strong>mens</strong></span> <span class='ocrx_word' id='word_1_452' title='bbox 1973 3075 2092 3145; x_wconf 86' lang='lat' dir='ltr'><strong>ejus</strong></span> 
     </span>
    </p>
   </div>
   <div class='ocr_carea' id='block_1_63' title="bbox 2192 3073 3704 3150">
    <p class='ocr_par' dir='ltr' id='par_1_63' title="bbox 2196 3073 3704 3147">
     <span class='ocr_line' id='line_1_63' title="bbox 2196 3073 3704 3147; baseline -0.005 -16"><span class='ocrx_word' id='word_1_453' title='bbox 2196 3078 2373 3131; x_wconf 84' lang='grc' dir='ltr'>ὅπλων</span> <span class='ocrx_word' id='word_1_454' title='bbox 2421 3080 2450 3131; x_wconf 88' lang='grc' dir='ltr'><strong>ό</strong></span> <span class='ocrx_word' id='word_1_455' title='bbox 2502 3076 2745 3140; x_wconf 85' lang='grc' dir='ltr'>διάϐολος</span> <span class='ocrx_word' id='word_1_456' title='bbox 2793 3076 3123 3147; x_wconf 76' lang='grc' dir='ltr'>ἠγωνίζετο,</span> <span class='ocrx_word' id='word_1_457' title='bbox 3196 3078 3287 3132; x_wconf 88' lang='grc' dir='ltr'>διά</span> <span class='ocrx_word' id='word_1_458' title='bbox 3356 3076 3459 3131; x_wconf 83' lang='grc' dir='ltr'>τῶν</span> <span class='ocrx_word' id='word_1_459' title='bbox 3506 3073 3704 3128; x_wconf 73' lang='grc' dir='ltr'>ἐναντίων</span> 
     </span>
    </p>
   </div>
   <div class='ocr_carea' id='block_1_64' title="bbox 522 3163 2092 3253">
    <p class='ocr_par' dir='ltr' id='par_1_64' title="bbox 522 3164 2092 3234">
     <span class='ocr_line' id='line_1_64' title="bbox 522 3164 2092 3234; baseline -0.004 -9"><span class='ocrx_word' id='word_1_460' title='bbox 522 3169 687 3225; x_wconf 82' lang='lat' dir='ltr'><strong>simul</strong></span> <span class='ocrx_word' id='word_1_461' title='bbox 712 3184 835 3222; x_wconf 87' lang='lat' dir='ltr'><strong>cum</strong></span> <span class='ocrx_word' id='word_1_462' title='bbox 865 3165 1125 3220; x_wconf 86' lang='lat' dir='ltr'><strong>membris</strong></span> <span class='ocrx_word' id='word_1_463' title='bbox 1155 3183 1171 3219; x_wconf 88' lang='lat'><strong>:</strong></span> <span class='ocrx_word' id='word_1_464' title='bbox 1196 3166 1452 3234; x_wconf 84' lang='lat' dir='ltr'><strong>stetitque</strong></span> <span class='ocrx_word' id='word_1_465' title='bbox 1473 3173 1666 3219; x_wconf 88' lang='lat' dir='ltr'><strong>natura</strong></span> <span class='ocrx_word' id='word_1_466' title='bbox 1688 3180 1755 3219; x_wconf 79' lang='lat' dir='ltr'><strong>ex</strong></span> <span class='ocrx_word' id='word_1_467' title='bbox 1772 3164 2092 3229; x_wconf 88' lang='lat' dir='ltr'><strong>adverso,et</strong></span> 
     </span>
    </p>
   </div>
   <div class='ocr_carea' id='block_1_65' title="bbox 2192 3163 3705 3253">
    <p class='ocr_par' dir='ltr' id='par_1_65' title="bbox 2192 3163 3705 3253">
     <span class='ocr_line' id='line_1_65' title="bbox 2192 3163 3705 3253; baseline -0.005 -29"><span class='ocrx_word' id='word_1_468' title='bbox 2192 3173 2221 3224; x_wconf 88' lang='grc' dir='ltr'><strong>ό</strong></span> <span class='ocrx_word' id='word_1_469' title='bbox 2251 3170 2482 3242; x_wconf 87' lang='grc' dir='ltr'>Χριστὸς</span> <span class='ocrx_word' id='word_1_470' title='bbox 2533 3171 2681 3253; x_wconf 72' lang='grc' dir='ltr'>ημᾶς</span> <span class='ocrx_word' id='word_1_471' title='bbox 2726 3169 2947 3232; x_wconf 76' lang='grc' dir='ltr'>ἔσωσεν,</span> <span class='ocrx_word' id='word_1_472' title='bbox 3003 3170 3292 3225; x_wconf 89' lang='grc' dir='ltr'>ἀναλαϐὼν</span> <span class='ocrx_word' id='word_1_473' title='bbox 3338 3170 3398 3223; x_wconf 87' lang='grc' dir='ltr'>τὸ</span> <span class='ocrx_word' id='word_1_474' title='bbox 3444 3163 3705 3239; x_wconf 72' lang='grc' dir='ltr'>ὁμοιοπαθὲς</span> 
     </span>
    </p>
   </div>
   <div class='ocr_carea' id='block_1_66' title="bbox 519 3254 2093 3325">
    <p class='ocr_par' dir='ltr' id='par_1_66' title="bbox 519 3254 2093 3325">
     <span class='ocr_line' id='line_1_66' title="bbox 519 3254 2093 3325; baseline -0.002 -13"><span class='ocrx_word' id='word_1_475' title='bbox 519 3257 850 3312; x_wconf 70' lang='lat' dir='ltr'><strong>concubitus</strong></span> <span class='ocrx_word' id='word_1_476' title='bbox 892 3254 1114 3325; x_wconf 89' lang='lat' dir='ltr'><strong>procul,</strong></span> <span class='ocrx_word' id='word_1_477' title='bbox 1143 3269 1268 3310; x_wconf 90' lang='lat' dir='ltr'><strong>cum</strong></span> <span class='ocrx_word' id='word_1_478' title='bbox 1292 3264 1515 3324; x_wconf 88' lang='lat' dir='ltr'><strong>stupore</strong></span> <span class='ocrx_word' id='word_1_479' title='bbox 1544 3262 1852 3324; x_wconf 87' lang='lat' dir='ltr'><strong>spectantes</strong></span> <span class='ocrx_word' id='word_1_480' title='bbox 1882 3262 2093 3309; x_wconf 66' lang='lat' dir='ltr'><strong>natura:</strong></span> 
     </span>
    </p>
   </div>
   <div class='ocr_carea' id='block_1_67' title="bbox 520 3343 2081 3415">
    <p class='ocr_par' dir='ltr' id='par_1_67' title="bbox 520 3343 2081 3415">
     <span class='ocr_line' id='line_1_67' title="bbox 520 3343 2081 3415; baseline -0.001 -16"><span class='ocrx_word' id='word_1_481' title='bbox 520 3345 814 3402; x_wconf 84' lang='lat' dir='ltr'><strong>Dominum</strong></span> <span class='ocrx_word' id='word_1_482' title='bbox 842 3352 1036 3415; x_wconf 58' lang='lat' dir='ltr'><strong>prater</strong></span> <span class='ocrx_word' id='word_1_483' title='bbox 1064 3355 1339 3410; x_wconf 88' lang='lat' dir='ltr'><strong>naturam,</strong></span> <span class='ocrx_word' id='word_1_484' title='bbox 1375 3352 1537 3414; x_wconf 89' lang='lat' dir='ltr'><strong>atque</strong></span> <span class='ocrx_word' id='word_1_485' title='bbox 1563 3343 1699 3400; x_wconf 90' lang='lat' dir='ltr'><strong>adeo</strong></span> <span class='ocrx_word' id='word_1_486' title='bbox 1722 3359 1889 3414; x_wconf 85' lang='lat' dir='ltr'><strong>supra</strong></span> <span class='ocrx_word' id='word_1_487' title='bbox 1918 3352 2081 3398; x_wconf 84' lang='lat' dir='ltr'><strong>natu-</strong></span> 
     </span>
    </p>
   </div>
   <div class='ocr_carea' id='block_1_68' title="bbox 522 3435 2085 3505">
    <p class='ocr_par' dir='ltr' id='par_1_68' title="bbox 522 3435 2085 3505">
     <span class='ocr_line' id='line_1_68' title="bbox 522 3435 2085 3505; baseline -0.003 -12"><span class='ocrx_word' id='word_1_488' title='bbox 522 3454 668 3505; x_wconf 84' lang='lat' dir='ltr'><strong>ram,</strong></span> <span class='ocrx_word' id='word_1_489' title='bbox 710 3453 825 3492; x_wconf 93' lang='lat' dir='ltr'><strong>rem</strong></span> <span class='ocrx_word' id='word_1_490' title='bbox 856 3436 1233 3495; x_wconf 87' lang='lat' dir='ltr'><strong>admirabilem</strong></span> <span class='ocrx_word' id='word_1_491' title='bbox 1277 3435 1332 3489; x_wconf 94' lang='lat' dir='ltr'><strong>in</strong></span> <span class='ocrx_word' id='word_1_492' title='bbox 1379 3449 1606 3505; x_wconf 89' lang='lat' dir='ltr'><strong>corpore</strong></span> <span class='ocrx_word' id='word_1_493' title='bbox 1652 3442 2085 3505; x_wconf 89' lang='lat' dir='ltr'><strong>perpetrantem;</strong></span> 
     </span>
    </p>
   </div>
   <div class='ocr_carea' id='block_1_69' title="bbox 518 3526 2088 3600">
    <p class='ocr_par' dir='ltr' id='par_1_69' title="bbox 518 3526 2088 3600">
     <span class='ocr_line' id='line_1_69' title="bbox 518 3526 2088 3600; baseline -0.004 -16"><span class='ocrx_word' id='word_1_494' title='bbox 518 3540 578 3586; x_wconf 85' lang='lat' dir='ltr'><strong>et</strong></span> <span class='ocrx_word' id='word_1_495' title='bbox 616 3546 712 3600; x_wconf 90' lang='lat' dir='ltr'><strong>per</strong></span> <span class='ocrx_word' id='word_1_496' title='bbox 743 3545 866 3600; x_wconf 75' lang='lat' dir='ltr'><strong>quze</strong></span> <span class='ocrx_word' id='word_1_497' title='bbox 907 3528 1160 3584; x_wconf 86' lang='lat' dir='ltr'><strong>diabolus</strong></span> <span class='ocrx_word' id='word_1_498' title='bbox 1207 3543 1361 3583; x_wconf 88' lang='lat' dir='ltr'><strong>arma</strong></span> <span class='ocrx_word' id='word_1_499' title='bbox 1405 3526 1795 3589; x_wconf 81' lang='lat' dir='ltr'><strong>decertaverat,</strong></span> <span class='ocrx_word' id='word_1_500' title='bbox 1825 3540 1922 3596; x_wconf 91' lang='lat' dir='ltr'><strong>per</strong></span> <span class='ocrx_word' id='word_1_501' title='bbox 1954 3540 2088 3579; x_wconf 90' lang='lat' dir='ltr'><strong>con-</strong></span> 
     </span>
    </p>
   </div>
   <div class='ocr_carea' id='block_1_70' title="bbox 525 3619 2090 3689">
    <p class='ocr_par' dir='ltr' id='par_1_70' title="bbox 525 3619 2090 3689">
     <span class='ocr_line' id='line_1_70' title="bbox 525 3619 2090 3689; baseline -0.004 -12"><span class='ocrx_word' id='word_1_502' title='bbox 525 3622 693 3677; x_wconf 86' lang='lat' dir='ltr'><strong>traria</strong></span> <span class='ocrx_word' id='word_1_503' title='bbox 749 3636 848 3676; x_wconf 89' lang='lat' dir='ltr'><strong>nos</strong></span> <span class='ocrx_word' id='word_1_504' title='bbox 894 3620 1149 3676; x_wconf 76' lang='lat' dir='ltr'><strong>Christus</strong></span> <span class='ocrx_word' id='word_1_505' title='bbox 1188 3619 1461 3686; x_wconf 72' lang='lat' dir='ltr'><strong>liberavit,</strong></span> <span class='ocrx_word' id='word_1_506' title='bbox 1514 3628 1799 3689; x_wconf 84' lang='lat' dir='ltr'><strong>assumpto</strong></span> <span class='ocrx_word' id='word_1_507' title='bbox 1862 3633 2090 3689; x_wconf 89' lang='lat' dir='ltr'><strong>corpore</strong></span> 
     </span>
    </p>
   </div>
   <div class='ocr_carea' id='block_1_71' title="bbox 518 3709 2087 3782">
    <p class='ocr_par' dir='ltr' id='par_1_71' title="bbox 518 3709 2087 3782">
     <span class='ocr_line' id='line_1_71' title="bbox 518 3709 2087 3782; baseline -0.004 -15"><span class='ocrx_word' id='word_1_508' title='bbox 518 3712 671 3782; x_wconf 80' lang='lat' dir='ltr'><strong>quod</strong></span> <span class='ocrx_word' id='word_1_509' title='bbox 699 3710 809 3782; x_wconf 89' lang='lat' dir='ltr'><strong>pati</strong></span> <span class='ocrx_word' id='word_1_510' title='bbox 833 3725 1035 3781; x_wconf 88' lang='lat' dir='ltr'><strong>posset,</strong></span> <span class='ocrx_word' id='word_1_511' title='bbox 1070 3722 1128 3768; x_wconf 89' lang='lat' dir='ltr'><strong>ut</strong></span> <span class='ocrx_word' id='word_1_512' title='bbox 1150 3722 1434 3779; x_wconf 88' lang='lat' dir='ltr'><strong>nostrum;</strong></span> <span class='ocrx_word' id='word_1_513' title='bbox 1459 3720 1521 3765; x_wconf 89' lang='lat' dir='ltr'><strong>ut</strong></span> <span class='ocrx_word' id='word_1_514' title='bbox 1549 3709 1817 3766; x_wconf 78' lang='lat' dir='ltr'><strong>deﬁcienti</strong></span> <span class='ocrx_word' id='word_1_515' title='bbox 1851 3710 2087 3765; x_wconf 88' lang='lat' dir='ltr'><strong>humano</strong></span> 
     </span>
    </p>
   </div>
   <div class='ocr_carea' id='block_1_72' title="bbox 524 3802 2085 3875">
    <p class='ocr_par' dir='ltr' id='par_1_72' title="bbox 524 3802 2085 3875">
     <span class='ocr_line' id='line_1_72' title="bbox 524 3802 2085 3875; baseline -0.005 -15"><span class='ocrx_word' id='word_1_516' title='bbox 524 3805 707 3874; x_wconf 82' lang='lat' dir='ltr'><strong>generi</strong></span> <span class='ocrx_word' id='word_1_517' title='bbox 761 3804 1019 3875; x_wconf 86' lang='lat' dir='ltr'><strong>majorem</strong></span> <span class='ocrx_word' id='word_1_518' title='bbox 1074 3804 1303 3874; x_wconf 76' lang='lat' dir='ltr'><strong>gratiam</strong></span> <span class='ocrx_word' id='word_1_519' title='bbox 1342 3802 1435 3875; x_wconf 83' lang='lat' dir='ltr'><strong>[aL</strong></span> <span class='ocrx_word' id='word_1_520' title='bbox 1479 3802 1759 3873; x_wconf 78' lang='lat' dir='ltr'><strong>gaudium]</strong></span> <span class='ocrx_word' id='word_1_521' title='bbox 1810 3802 2085 3856; x_wconf 87' lang='lat' dir='ltr'><strong>tribueret.</strong></span> 
     </span>
    </p>
   </div>
   <div class='ocr_carea' id='block_1_73' title="bbox 525 3894 2083 3966">
    <p class='ocr_par' dir='ltr' id='par_1_73' title="bbox 525 3894 2083 3966">
     <span class='ocr_line' id='line_1_73' title="bbox 525 3894 2083 3966; baseline -0.001 -17"><span class='ocrx_word' id='word_1_522' title='bbox 525 3896 590 3951; x_wconf 75' lang='lat' dir='ltr'><strong>Et</strong></span> <span class='ocrx_word' id='word_1_523' title='bbox 623 3896 713 3951; x_wconf 91' lang='lat' dir='ltr'><strong>ubi</strong></span> <span class='ocrx_word' id='word_1_524' title='bbox 743 3895 1038 3950; x_wconf 85' lang='lat' dir='ltr'><strong>abundavit</strong></span> <span class='ocrx_word' id='word_1_525' title='bbox 1063 3907 1368 3965; x_wconf 83' lang='lat' dir='ltr'><strong>peccatum,</strong></span> <span class='ocrx_word' id='word_1_526' title='bbox 1409 3894 2083 3966; x_wconf 85' lang='lat' dir='ltr'><strong>superabundavitgratia.</strong></span> 
     </span>
    </p>
   </div>
   <div class='ocr_carea' id='block_1_74' title="bbox 523 3984 2090 4060">
    <p class='ocr_par' dir='ltr' id='par_1_74' title="bbox 523 3984 2090 4060">
     <span class='ocr_line' id='line_1_74' title="bbox 523 3984 2090 4060; baseline -0.004 -14"><span class='ocrx_word' id='word_1_527' title='bbox 523 3990 919 4046; x_wconf 77' lang='lat' dir='ltr'><strong>Convenienter</strong></span> <span class='ocrx_word' id='word_1_528' title='bbox 948 3988 1111 4060; x_wconf 80' lang='lat' dir='ltr'><strong>igitur</strong></span> <span class='ocrx_word' id='word_1_529' title='bbox 1135 3989 1311 4059; x_wconf 86' lang='lat' dir='ltr'><strong>gratia</strong></span> <span class='ocrx_word' id='word_1_530' title='bbox 1332 3987 1398 4040; x_wconf 85' lang='lat' dir='ltr'><strong>ad</strong></span> <span class='ocrx_word' id='word_1_531' title='bbox 1424 3987 1828 4042; x_wconf 89' lang='lat' dir='ltr'><strong>sanctissimam</strong></span> <span class='ocrx_word' id='word_1_532' title='bbox 1856 3995 1939 4041; x_wconf 91' lang='lat' dir='ltr'><strong>est</strong></span> <span class='ocrx_word' id='word_1_533' title='bbox 1968 3984 2090 4039; x_wconf 87' lang='lat' dir='ltr'><strong>Vir-</strong></span> 
     </span>
    </p>
   </div>
   <div class='ocr_carea' id='block_1_75' title="bbox 524 4077 2088 4153">
    <p class='ocr_par' dir='ltr' id='par_1_75' title="bbox 524 4077 2088 4153">
     <span class='ocr_line' id='line_1_75' title="bbox 524 4077 2088 4153; baseline -0.003 -18"><span class='ocrx_word' id='word_1_534' title='bbox 524 4081 703 4153; x_wconf 84' lang='lat' dir='ltr'><strong>ginem</strong></span> <span class='ocrx_word' id='word_1_535' title='bbox 740 4080 926 4135; x_wconf 84' lang='lat' dir='ltr'><strong>missa.</strong></span> <span class='ocrx_word' id='word_1_536' title='bbox 964 4077 1056 4134; x_wconf 86' lang='lat' dir='ltr'><strong>Sic</strong></span> <span class='ocrx_word' id='word_1_537' title='bbox 1083 4079 1228 4133; x_wconf 91' lang='lat' dir='ltr'><strong>enim</strong></span> <span class='ocrx_word' id='word_1_538' title='bbox 1250 4087 1306 4133; x_wconf 92' lang='lat' dir='ltr'><strong>et</strong></span> <span class='ocrx_word' id='word_1_539' title='bbox 1338 4079 1662 4147; x_wconf 80' lang='lat' dir='ltr'><strong>evangelica:</strong></span> <span class='ocrx_word' id='word_1_540' title='bbox 1688 4078 1931 4133; x_wconf 73' lang='lat' dir='ltr'><strong>historia:</strong></span> <span class='ocrx_word' id='word_1_541' title='bbox 1958 4093 2088 4133; x_wconf 86' lang='lat' dir='ltr'><strong>con-</strong></span> 
     </span>
    </p>
   </div>
   <div class='ocr_carea' id='block_1_76' title="bbox 525 4169 2086 4234">
    <p class='ocr_par' dir='ltr' id='par_1_76' title="bbox 525 4169 2086 4234">
     <span class='ocr_line' id='line_1_76' title="bbox 525 4169 2086 4234; baseline -0.002 -7"><span class='ocrx_word' id='word_1_542' title='bbox 525 4175 660 4229; x_wconf 86' lang='lat' dir='ltr'><strong>tinet</strong></span> <span class='ocrx_word' id='word_1_543' title='bbox 686 4172 969 4228; x_wconf 87' lang='lat' dir='ltr'><strong>oraculum</strong></span> <span class='ocrx_word' id='word_1_544' title='bbox 1000 4171 1187 4225; x_wconf 88' lang='lat' dir='ltr'><strong>dicens</strong></span> <span class='ocrx_word' id='word_1_545' title='bbox 1222 4189 1237 4225; x_wconf 90' lang='lat'>:</span> <span class='ocrx_word' id='word_1_546' title='bbox 1269 4169 1448 4225; x_wconf 70' lang='lat' dir='ltr'><strong>Hense</strong></span> <span class='ocrx_word' id='word_1_547' title='bbox 1482 4179 1660 4223; x_wconf 87' lang='lat' dir='ltr'><strong>autem</strong></span> <span class='ocrx_word' id='word_1_548' title='bbox 1692 4178 1861 4234; x_wconf 72' lang='lat' dir='ltr'><strong>sexto,</strong></span> <span class='ocrx_word' id='word_1_549' title='bbox 1891 4169 2086 4224; x_wconf 86' lang='lat' dir='ltr'><strong>missus</strong></span> 
     </span>
    </p>
   </div>
   <div class='ocr_carea' id='block_1_77' title="bbox 516 4262 2085 4336">
    <p class='ocr_par' dir='ltr' id='par_1_77' title="bbox 516 4262 2085 4336">
     <span class='ocr_line' id='line_1_77' title="bbox 516 4262 2085 4336; baseline -0.004 -15"><span class='ocrx_word' id='word_1_550' title='bbox 516 4277 598 4321; x_wconf 84' lang='lat' dir='ltr'><strong>est</strong></span> <span class='ocrx_word' id='word_1_551' title='bbox 636 4264 848 4336; x_wconf 83' lang='lat' dir='ltr'><strong>angelus</strong></span> <span class='ocrx_word' id='word_1_552' title='bbox 889 4263 1099 4319; x_wconf 79' lang='lat' dir='ltr'><strong>Gabriel</strong></span> <span class='ocrx_word' id='word_1_553' title='bbox 1146 4264 1215 4316; x_wconf 87' lang='lat' dir='ltr'><strong>ad</strong></span> <span class='ocrx_word' id='word_1_554' title='bbox 1248 4264 1503 4333; x_wconf 85' lang='lat' dir='ltr'><strong>virginem</strong></span> <span class='ocrx_word' id='word_1_555' title='bbox 1545 4262 1917 4331; x_wconf 78' lang='lat' dir='ltr'><strong>desponsatam</strong></span> <span class='ocrx_word' id='word_1_556' title='bbox 1951 4264 2085 4330; x_wconf 86' lang='lat' dir='ltr'><strong>viro,</strong></span> 
     </span>
    </p>
   </div>
   <div class='ocr_carea' id='block_1_78' title="bbox 522 4353 2084 4424">
    <p class='ocr_par' dir='ltr' id='par_1_78' title="bbox 522 4353 2084 4424">
     <span class='ocr_line' id='line_1_78' title="bbox 522 4353 2084 4424; baseline -0.005 -12"><span class='ocrx_word' id='word_1_557' title='bbox 522 4360 607 4412; x_wconf 82' lang='lat' dir='ltr'><strong>cui</strong></span> <span class='ocrx_word' id='word_1_558' title='bbox 635 4373 819 4411; x_wconf 87' lang='lat' dir='ltr'><strong>nomen</strong></span> <span class='ocrx_word' id='word_1_559' title='bbox 865 4365 978 4409; x_wconf 86' lang='lat' dir='ltr'><strong>erat</strong></span> <span class='ocrx_word' id='word_1_560' title='bbox 1011 4353 1225 4424; x_wconf 74' lang='lat' dir='ltr'><strong>Joseplt,</strong></span> <span class='ocrx_word' id='word_1_561' title='bbox 1253 4369 1317 4407; x_wconf 75' lang='lat' dir='ltr'><strong>ea:</strong></span> <span class='ocrx_word' id='word_1_562' title='bbox 1364 4355 1519 4407; x_wconf 88' lang='lat' dir='ltr'><strong>domo</strong></span> <span class='ocrx_word' id='word_1_563' title='bbox 1549 4368 1599 4408; x_wconf 79' lang='lat' dir='ltr'><strong>et</strong></span> <span class='ocrx_word' id='word_1_564' title='bbox 1631 4354 1841 4424; x_wconf 79' lang='lat' dir='ltr'><strong>familia</strong></span> <span class='ocrx_word' id='word_1_565' title='bbox 1873 4353 2040 4407; x_wconf 80' lang='lat' dir='ltr'><strong>David</strong></span> <span class='ocrx_word' id='word_1_566' title='bbox 2064 4370 2084 4418; x_wconf 85' lang='lat'><strong><em>;</em></strong></span> 
     </span>
    </p>
   </div>
   <div class='ocr_carea' id='block_1_79' title="bbox 2190 3257 3705 3333">
    <p class='ocr_par' dir='ltr' id='par_1_79' title="bbox 2190 3257 3705 3333">
     <span class='ocr_line' id='line_1_79' title="bbox 2190 3257 3705 3333; baseline -0.004 -18"><span class='ocrx_word' id='word_1_567' title='bbox 2190 3264 2322 3333; x_wconf 80' lang='grc' dir='ltr'>ἡμῖν</span> <span class='ocrx_word' id='word_1_568' title='bbox 2353 3260 2534 3332; x_wconf 82' lang='grc' dir='ltr'>σῶμα,</span> <span class='ocrx_word' id='word_1_569' title='bbox 2570 3261 2656 3314; x_wconf 81' lang='grc' dir='ltr'><strong>ἵνα</strong></span> <span class='ocrx_word' id='word_1_570' title='bbox 2681 3259 2758 3331; x_wconf 84' lang='grc' dir='ltr'>τῷ</span> <span class='ocrx_word' id='word_1_571' title='bbox 2789 3260 3027 3313; x_wconf 83' lang='grc' dir='ltr'>λείποντι</span> <span class='ocrx_word' id='word_1_572' title='bbox 3063 3260 3286 3332; x_wconf 75' lang='grc' dir='ltr'>μείζονα</span> <span class='ocrx_word' id='word_1_573' title='bbox 3326 3261 3475 3333; x_wconf 81' lang='grc' dir='ltr'>χάριν</span> <span class='ocrx_word' id='word_1_574' title='bbox 3506 3257 3607 3330; x_wconf 65' lang='grc' dir='ltr'><strong>[ἄλ.</strong></span> <span class='ocrx_word' id='word_1_575' title='bbox 3636 3271 3705 3325; x_wconf 79' lang='grc' dir='ltr'>χα-</span> 
     </span>
    </p>
   </div>
   <div class='ocr_carea' id='block_1_80' title="bbox 2194 3342 3701 3422">
    <p class='ocr_par' dir='ltr' id='par_1_80' title="bbox 2194 3342 3701 3422">
     <span class='ocr_line' id='line_1_80' title="bbox 2194 3342 3701 3422; baseline 0 -19"><span class='ocrx_word' id='word_1_576' title='bbox 2194 3348 2318 3422; x_wconf 84' lang='grc' dir='ltr'>ρὰν]</span> <span class='ocrx_word' id='word_1_577' title='bbox 2349 3350 2676 3422; x_wconf 78' lang='grc' dir='ltr'>δωρήςηται.</span> <span class='ocrx_word' id='word_1_578' title='bbox 2727 3350 2836 3403; x_wconf 90' lang='lat' dir='ltr'><strong>Kal</strong></span> <span class='ocrx_word' id='word_1_579' title='bbox 2880 3350 3014 3403; x_wconf 83' lang='grc' dir='ltr'>ὅπου</span> <span class='ocrx_word' id='word_1_580' title='bbox 3061 3350 3388 3404; x_wconf 76' lang='grc' dir='ltr'>ἐπλεόνασεν</span> <span class='ocrx_word' id='word_1_581' title='bbox 3420 3351 3451 3420; x_wconf 85' lang='grc' dir='ltr'><strong>ή</strong></span> <span class='ocrx_word' id='word_1_582' title='bbox 3482 3342 3701 3418; x_wconf 73' lang='grc' dir='ltr'>ἁμαρτίαν</span> 
     </span>
    </p>
   </div>
   <div class='ocr_carea' id='block_1_81' title="bbox 2193 3432 3703 3517">
    <p class='ocr_par' dir='ltr' id='par_1_81' title="bbox 2193 3432 3703 3517">
     <span class='ocr_line' id='line_1_81' title="bbox 2193 3432 3703 3517; baseline -0.005 -22"><span class='ocrx_word' id='word_1_583' title='bbox 2193 3441 2715 3514; x_wconf 84' lang='grc' dir='ltr'>ὑπερεπερίσσευσεν</span> <span class='ocrx_word' id='word_1_584' title='bbox 2737 3441 2956 3512; x_wconf 81' lang='grc' dir='ltr'>ἡχάρις.</span> <span class='ocrx_word' id='word_1_585' title='bbox 2981 3442 3313 3514; x_wconf 86' lang='grc' dir='ltr'>Πρεπόντως</span> <span class='ocrx_word' id='word_1_586' title='bbox 3331 3442 3387 3494; x_wconf 84' lang='grc' dir='ltr'>δὲ</span> <span class='ocrx_word' id='word_1_587' title='bbox 3403 3441 3592 3517; x_wconf 51' lang='lat' dir='ltr'><strong>napi;</strong></span> <span class='ocrx_word' id='word_1_588' title='bbox 3602 3432 3703 3504; x_wconf 78' lang='grc' dir='ltr'>πρὸς</span> 
     </span>
    </p>
   </div>
   <div class='ocr_carea' id='block_1_82' title="bbox 2190 3524 3704 3607">
    <p class='ocr_par' dir='ltr' id='par_1_82' title="bbox 2190 3524 3704 3607">
     <span class='ocr_line' id='line_1_82' title="bbox 2190 3524 3704 3607; baseline -0.005 -18"><span class='ocrx_word' id='word_1_589' title='bbox 2190 3535 2286 3607; x_wconf 75' lang='grc' dir='ltr'>τὴν</span> <span class='ocrx_word' id='word_1_590' title='bbox 2344 3534 2500 3604; x_wconf 85' lang='grc' dir='ltr'>ἁγίαν</span> <span class='ocrx_word' id='word_1_591' title='bbox 2535 3533 2808 3604; x_wconf 75' lang='grc' dir='ltr'>Παρθένον</span> <span class='ocrx_word' id='word_1_592' title='bbox 2856 3533 3212 3588; x_wconf 85' lang='grc' dir='ltr'>ἀπέσταλται.</span> <span class='ocrx_word' id='word_1_593' title='bbox 3273 3533 3456 3597; x_wconf 77' lang='grc' dir='ltr'>Οὕτως</span> <span class='ocrx_word' id='word_1_594' title='bbox 3498 3530 3591 3601; x_wconf 86' lang='grc' dir='ltr'>γὰρ</span> <span class='ocrx_word' id='word_1_595' title='bbox 3639 3524 3704 3579; x_wconf 70' lang='grc' dir='ltr'><strong>καὶ</strong></span> 
     </span>
    </p>
   </div>
   <div class='ocr_carea' id='block_1_83' title="bbox 2192 3612 3704 3697">
    <p class='ocr_par' dir='ltr' id='par_1_83' title="bbox 2192 3612 3704 3697">
     <span class='ocr_line' id='line_1_83' title="bbox 2192 3612 3704 3697; baseline -0.001 -18"><span class='ocrx_word' id='word_1_596' title='bbox 2192 3626 2430 3697; x_wconf 85' lang='grc' dir='ltr'>περιέχει</span> <span class='ocrx_word' id='word_1_597' title='bbox 2472 3625 2570 3695; x_wconf 83' lang='grc' dir='ltr'><strong>τῆς</strong></span> <span class='ocrx_word' id='word_1_598' title='bbox 2615 3622 2974 3693; x_wconf 82' lang='grc' dir='ltr'>εύαγγελικῆς</span> <span class='ocrx_word' id='word_1_599' title='bbox 3023 3623 3268 3694; x_wconf 88' lang='grc' dir='ltr'>ἱστορίας</span> <span class='ocrx_word' id='word_1_600' title='bbox 3317 3624 3378 3677; x_wconf 88' lang='grc' dir='ltr'><strong>τὸ</strong></span> <span class='ocrx_word' id='word_1_601' title='bbox 3427 3621 3600 3690; x_wconf 74' lang='grc' dir='ltr'>λόγιονο</span> <span class='ocrx_word' id='word_1_602' title='bbox 3646 3612 3704 3677; x_wconf 73' lang='grc' dir='ltr'><strong>Τῷ</strong></span> 
     </span>
    </p>
   </div>
   <div class='ocr_carea' id='block_1_84' title="bbox 2184 3706 3704 3788">
    <p class='ocr_par' dir='ltr' id='par_1_84' title="bbox 2184 3706 3704 3788">
     <span class='ocr_line' id='line_1_84' title="bbox 2184 3706 3704 3788; baseline 0.003 -19"><span class='ocrx_word' id='word_1_603' title='bbox 2184 3716 2332 3788; x_wconf 75' lang='grc' dir='ltr'>μηνὶ</span> <span class='ocrx_word' id='word_1_604' title='bbox 2366 3716 2434 3770; x_wconf 86' lang='grc' dir='ltr'><strong>δὲ</strong></span> <span class='ocrx_word' id='word_1_605' title='bbox 2470 3714 2551 3781; x_wconf 85' lang='grc' dir='ltr'>τῷ</span> <span class='ocrx_word' id='word_1_606' title='bbox 2575 3715 2751 3783; x_wconf 75' lang='grc' dir='ltr'>ἕκτῳ,</span> <span class='ocrx_word' id='word_1_607' title='bbox 2796 3713 3108 3783; x_wconf 74' lang='grc' dir='ltr'>ἀπεστάλη</span> <span class='ocrx_word' id='word_1_608' title='bbox 3143 3718 3177 3769; x_wconf 82' lang='grc' dir='ltr'><em>ὀ</em></span> <span class='ocrx_word' id='word_1_609' title='bbox 3210 3714 3463 3786; x_wconf 70' lang='grc' dir='ltr'>ἄγγελος</span> <span class='ocrx_word' id='word_1_610' title='bbox 3498 3706 3704 3777; x_wconf 63' lang='grc' dir='ltr'><strong>Γαϐριὴλ</strong></span> 
     </span>
    </p>
   </div>
   <div class='ocr_carea' id='block_1_85' title="bbox 2189 3795 3705 3877">
    <p class='ocr_par' dir='ltr' id='par_1_85' title="bbox 2189 3795 3705 3877">
     <span class='ocr_line' id='line_1_85' title="bbox 2189 3795 3705 3877; baseline -0.008 -16"><span class='ocrx_word' id='word_1_611' title='bbox 2189 3808 2334 3877; x_wconf 81' lang='grc' dir='ltr'>πρὸς</span> <span class='ocrx_word' id='word_1_612' title='bbox 2368 3806 2666 3875; x_wconf 75' lang='grc' dir='ltr'>παρθένον</span> <span class='ocrx_word' id='word_1_613' title='bbox 2680 3804 3223 3876; x_wconf 62' lang='grc' dir='ltr'><strong>,ιιεμνίισ’τιευμένηο)⁸</strong></span> <span class='ocrx_word' id='word_1_614' title='bbox 3252 3806 3423 3874; x_wconf 79' lang='grc' dir='ltr'>ἀνδρὶ</span> <span class='ocrx_word' id='word_1_615' title='bbox 3441 3845 3454 3869; x_wconf 92' lang='grc'><strong>,</strong></span> <span class='ocrx_word' id='word_1_616' title='bbox 3497 3795 3541 3869; x_wconf 82' lang='grc' dir='ltr'>ᾧ</span> <span class='ocrx_word' id='word_1_617' title='bbox 3564 3800 3705 3866; x_wconf 77' lang='grc' dir='ltr'>ὄνομα</span> 
     </span>
    </p>
   </div>
   <div class='ocr_carea' id='block_1_86' title="bbox 2202 3888 3704 3970">
    <p class='ocr_par' dir='ltr' id='par_1_86' title="bbox 2202 3888 3704 3970">
     <span class='ocr_line' id='line_1_86' title="bbox 2202 3888 3704 3970; baseline -0.006 -15"><span class='ocrx_word' id='word_1_618' title='bbox 2202 3900 2433 3970; x_wconf 69' lang='grc' dir='ltr'>Ἰωσὴφ,</span> <span class='ocrx_word' id='word_1_619' title='bbox 2482 3899 2551 3962; x_wconf 81' lang='grc' dir='ltr'><strong>ἐξ</strong></span> <span class='ocrx_word' id='word_1_620' title='bbox 2598 3898 2767 3953; x_wconf 79' lang='grc' dir='ltr'>οἴκου</span> <span class='ocrx_word' id='word_1_621' title='bbox 2825 3898 2925 3953; x_wconf 81' lang='grc' dir='ltr'>καὶ</span> <span class='ocrx_word' id='word_1_622' title='bbox 2976 3897 3228 3967; x_wconf 80' lang='grc' dir='ltr'>πατριᾶς</span> <span class='ocrx_word' id='word_1_623' title='bbox 3268 3898 3481 3954; x_wconf 77' lang='grc' dir='ltr'>Δαϐίδ·</span> <span class='ocrx_word' id='word_1_624' title='bbox 3530 3894 3613 3948; x_wconf 80' lang='grc' dir='ltr'>καὶ</span> <span class='ocrx_word' id='word_1_625' title='bbox 3658 3888 3704 3941; x_wconf 78' lang='grc' dir='ltr'>τὸ</span> 
     </span>
    </p>
   </div>
   <div class='ocr_carea' id='block_1_87' title="bbox 2190 3979 3705 4061">
    <p class='ocr_par' dir='ltr' id='par_1_87' title="bbox 2190 3979 3705 4061">
     <span class='ocr_line' id='line_1_87' title="bbox 2190 3979 3705 4061; baseline -0.006 -16"><span class='ocrx_word' id='word_1_626' title='bbox 2190 3993 2375 4061; x_wconf 78' lang='grc' dir='ltr'>ὄνομα</span> <span class='ocrx_word' id='word_1_627' title='bbox 2400 3990 2511 4060; x_wconf 80' lang='grc' dir='ltr'>τῆς</span> <span class='ocrx_word' id='word_1_628' title='bbox 2533 3989 2854 4058; x_wconf 80' lang='grc' dir='ltr'>παρθένου,</span> <span class='ocrx_word' id='word_1_629' title='bbox 2885 3988 3141 4059; x_wconf 82' lang='grc' dir='ltr'>Μαριὰμ,</span> <span class='ocrx_word' id='word_1_630' title='bbox 3175 3992 3273 4044; x_wconf 75' lang='grc' dir='ltr'><strong>καὶ</strong></span> <span class='ocrx_word' id='word_1_631' title='bbox 3296 3989 3365 4043; x_wconf 78' lang='grc' dir='ltr'>τὰ</span> <span class='ocrx_word' id='word_1_632' title='bbox 3399 3985 3565 4041; x_wconf 82' lang='grc' dir='ltr'>λοιπά.</span> <span class='ocrx_word' id='word_1_633' title='bbox 3597 3979 3705 4052; x_wconf 68' lang='grc' dir='ltr'>Πρῶ</span> 
     </span>
    </p>
   </div>
   <div class='ocr_carea' id='block_1_88' title="bbox 2188 4070 3707 4157">
    <p class='ocr_par' dir='ltr' id='par_1_88' title="bbox 2188 4070 3707 4157">
     <span class='ocr_line' id='line_1_88' title="bbox 2188 4070 3707 4157; baseline -0.002 -20"><span class='ocrx_word' id='word_1_634' title='bbox 2188 4102 2278 4149; x_wconf 88' lang='grc' dir='ltr'><strong>τος</strong></span> <span class='ocrx_word' id='word_1_635' title='bbox 2315 4084 2372 4138; x_wconf 84' lang='grc' dir='ltr'>δὲ</span> <span class='ocrx_word' id='word_1_636' title='bbox 2403 4084 2508 4157; x_wconf 84' lang='grc' dir='ltr'>μὴν</span> <span class='ocrx_word' id='word_1_637' title='bbox 2535 4077 2688 4148; x_wconf 74' lang='grc' dir='ltr'>οὗτος</span> <span class='ocrx_word' id='word_1_638' title='bbox 2719 4082 2857 4153; x_wconf 83' lang='grc' dir='ltr'>πρὸς</span> <span class='ocrx_word' id='word_1_639' title='bbox 2892 4082 2990 4154; x_wconf 80' lang='grc' dir='ltr'>τὴν</span> <span class='ocrx_word' id='word_1_640' title='bbox 3035 4083 3199 4152; x_wconf 83' lang='grc' dir='ltr'>ἁγίαν</span> <span class='ocrx_word' id='word_1_641' title='bbox 3250 4080 3533 4154; x_wconf 72' lang='grc' dir='ltr'>Παρθένονσ</span> <span class='ocrx_word' id='word_1_642' title='bbox 3571 4070 3707 4134; x_wconf 70' lang='grc' dir='ltr'>καθώς</span> 
     </span>
    </p>
   </div>
   <div class='ocr_carea' id='block_1_89' title="bbox 2189 4163 3704 4248">
    <p class='ocr_par' dir='ltr' id='par_1_89' title="bbox 2189 4163 3704 4248">
     <span class='ocr_line' id='line_1_89' title="bbox 2189 4163 3704 4248; baseline -0.004 -19"><span class='ocrx_word' id='word_1_643' title='bbox 2189 4192 2350 4248; x_wconf 85' lang='grc' dir='ltr'>φησιν</span> <span class='ocrx_word' id='word_1_644' title='bbox 2383 4177 2440 4229; x_wconf 82' lang='grc' dir='ltr'><strong>ἐν</strong></span> <span class='ocrx_word' id='word_1_645' title='bbox 2483 4177 2546 4246; x_wconf 82' lang='grc' dir='ltr'>τῇ</span> <span class='ocrx_word' id='word_1_646' title='bbox 2595 4176 2790 4245; x_wconf 83' lang='grc' dir='ltr'>νομικῇ</span> <span class='ocrx_word' id='word_1_647' title='bbox 2840 4172 3035 4243; x_wconf 79' lang='grc' dir='ltr'><strong>βίϐλῳ⁹</strong></span> <span class='ocrx_word' id='word_1_648' title='bbox 3101 4175 3170 4225; x_wconf 89' lang='grc' dir='ltr'><em>Ὃ</em></span> <span class='ocrx_word' id='word_1_649' title='bbox 3211 4171 3342 4242; x_wconf 75' lang='grc' dir='ltr'><strong>μὴν</strong></span> <span class='ocrx_word' id='word_1_650' title='bbox 3380 4166 3544 4235; x_wconf 83' lang='grc' dir='ltr'>οὗτος</span> <span class='ocrx_word' id='word_1_651' title='bbox 3570 4163 3704 4234; x_wconf 65' lang='grc' dir='ltr'><strong>ὑμῖν,</strong></span> 
     </span>
    </p>
   </div>
   <div class='ocr_carea' id='block_1_90' title="bbox 2187 4249 3707 4337">
    <p class='ocr_par' dir='ltr' id='par_1_90' title="bbox 2187 4249 3707 4337">
     <span class='ocr_line' id='line_1_90' title="bbox 2187 4249 3707 4337; baseline -0.011 -15"><span class='ocrx_word' id='word_1_652' title='bbox 2187 4266 2343 4337; x_wconf 77' lang='grc' dir='ltr'>ἀρχὴ</span> <span class='ocrx_word' id='word_1_653' title='bbox 2362 4265 2592 4335; x_wconf 74' lang='grc' dir='ltr'>μηνῶν,</span> <span class='ocrx_word' id='word_1_654' title='bbox 2615 4263 2849 4334; x_wconf 80' lang='grc' dir='ltr'>πρῶτός</span> <span class='ocrx_word' id='word_1_655' title='bbox 2871 4263 3041 4318; x_wconf 83' lang='grc' dir='ltr'>ἐστιν</span> <span class='ocrx_word' id='word_1_656' title='bbox 3065 4262 3230 4333; x_wconf 81' lang='grc' dir='ltr'>ὑμῖν,</span> <span class='ocrx_word' id='word_1_657' title='bbox 3254 4264 3327 4316; x_wconf 80' lang='grc' dir='ltr'><strong>ἐν</strong></span> <span class='ocrx_word' id='word_1_658' title='bbox 3347 4261 3466 4327; x_wconf 85' lang='grc' dir='ltr'>τοῖς</span> <span class='ocrx_word' id='word_1_659' title='bbox 3476 4257 3609 4331; x_wconf 78' lang='grc' dir='ltr'>μησί</span> <span class='ocrx_word' id='word_1_660' title='bbox 3633 4249 3707 4307; x_wconf 82' lang='grc' dir='ltr'>τοῦ</span> 
     </span>
    </p>
   </div>
   <div class='ocr_carea' id='block_1_91' title="bbox 2186 4340 3705 4429">
    <p class='ocr_par' dir='ltr' id='par_1_91' title="bbox 2186 4340 3705 4429">
     <span class='ocr_line' id='line_1_91' title="bbox 2186 4340 3705 4429; baseline -0.009 -15"><span class='ocrx_word' id='word_1_661' title='bbox 2186 4360 2483 4414; x_wconf 83' lang='grc' dir='ltr'>ἐνιαυτοῦ.</span> <span class='ocrx_word' id='word_1_662' title='bbox 2528 4358 2731 4428; x_wconf 66' lang='grc' dir='ltr'>Πάσχα,</span> <span class='ocrx_word' id='word_1_663' title='bbox 2766 4356 2920 4425; x_wconf 75' lang='grc' dir='ltr'>ἅγιον</span> <span class='ocrx_word' id='word_1_664' title='bbox 2959 4355 3257 4429; x_wconf 80' lang='grc' dir='ltr'>ἑορτάσατε</span> <span class='ocrx_word' id='word_1_665' title='bbox 3451 4340 3705 4423; x_wconf 55' lang='lat' dir='ltr'><strong>tamen]</strong></span> 
     </span>
    </p>
   </div>
   <div class='ocr_carea' id='block_1_92' title="bbox 522 4433 2092 4524">
    <p class='ocr_par' dir='ltr' id='par_1_92' title="bbox 522 4444 2084 4518">
     <span class='ocr_line' id='line_1_92' title="bbox 522 4444 2084 4518; baseline -0.002 -16"><span class='ocrx_word' id='word_1_666' title='bbox 522 4459 571 4502; x_wconf 84' lang='lat' dir='ltr'><strong>et</strong></span> <span class='ocrx_word' id='word_1_667' title='bbox 601 4465 786 4504; x_wconf 85' lang='lat' dir='ltr'><strong>nomen</strong></span> <span class='ocrx_word' id='word_1_668' title='bbox 806 4449 1048 4518; x_wconf 81' lang='lat' dir='ltr'><strong>virginis,</strong></span> <span class='ocrx_word' id='word_1_669' title='bbox 1073 4444 1252 4500; x_wconf 72' lang='lat' dir='ltr'><strong>Maria</strong></span> <span class='ocrx_word' id='word_1_670' title='bbox 1280 4446 1347 4510; x_wconf 74' lang='lat'><strong>“,</strong></span> <span class='ocrx_word' id='word_1_671' title='bbox 1377 4454 1431 4500; x_wconf 94' lang='lat' dir='ltr'><strong>et</strong></span> <span class='ocrx_word' id='word_1_672' title='bbox 1449 4445 1680 4516; x_wconf 84' lang='lat' dir='ltr'><strong>reliqua.</strong></span> <span class='ocrx_word' id='word_1_673' title='bbox 1715 4445 1935 4499; x_wconf 86' lang='lat' dir='ltr'><strong>Primus</strong></span> <span class='ocrx_word' id='word_1_674' title='bbox 1957 4460 2084 4500; x_wconf 88' lang='lat' dir='ltr'><strong>vero</strong></span> 
     </span>
    </p>
   </div>
   <div class='ocr_carea' id='block_1_93' title="bbox 2192 4433 3707 4524">
    <p class='ocr_par' dir='ltr' id='par_1_93' title="bbox 2192 4433 3707 4524">
     <span class='ocr_line' id='line_1_93' title="bbox 2192 4433 3707 4524; baseline -0.012 -18"><span class='ocrx_word' id='word_1_675' title='bbox 2192 4452 2265 4524; x_wconf 81' lang='grc' dir='ltr'><strong>τῷ</strong></span> <span class='ocrx_word' id='word_1_676' title='bbox 2297 4450 2485 4523; x_wconf 85' lang='grc' dir='ltr'>Κυρίῳ</span> <span class='ocrx_word' id='word_1_677' title='bbox 2532 4452 2612 4513; x_wconf 87' lang='grc' dir='ltr'>εἰς</span> <span class='ocrx_word' id='word_1_678' title='bbox 2653 4448 2834 4511; x_wconf 88' lang='grc' dir='ltr'>πάσας</span> <span class='ocrx_word' id='word_1_679' title='bbox 2864 4448 2963 4512; x_wconf 89' lang='grc' dir='ltr'>τὰς</span> <span class='ocrx_word' id='word_1_680' title='bbox 3005 4446 3196 4516; x_wconf 80' lang='grc' dir='ltr'>γενεάς</span> <span class='ocrx_word' id='word_1_681' title='bbox 3242 4445 3417 4517; x_wconf 82' lang='grc' dir='ltr'>ὑμῶν.</span> <span class='ocrx_word' id='word_1_682' title='bbox 3461 4443 3630 4501; x_wconf 80' lang='grc' dir='ltr'>Ἕκτος</span> <span class='ocrx_word' id='word_1_683' title='bbox 3666 4433 3707 4486; x_wconf 77' lang='grc' dir='ltr'><strong>δὲ</strong></span> 
     </span>
    </p>
   </div>
   <div class='ocr_carea' id='block_1_94' title="bbox 522 4537 2080 4609">
    <p class='ocr_par' dir='ltr' id='par_1_94' title="bbox 522 4537 2080 4609">
     <span class='ocr_line' id='line_1_94' title="bbox 522 4537 2080 4609; baseline -0.001 -16"><span class='ocrx_word' id='word_1_684' title='bbox 522 4540 613 4594; x_wconf 89' lang='lat' dir='ltr'><strong>hic</strong></span> <span class='ocrx_word' id='word_1_685' title='bbox 645 4548 731 4594; x_wconf 86' lang='lat' dir='ltr'><strong>est</strong></span> <span class='ocrx_word' id='word_1_686' title='bbox 778 4540 1003 4606; x_wconf 89' lang='lat' dir='ltr'><strong>mensis,</strong></span> <span class='ocrx_word' id='word_1_687' title='bbox 1045 4553 1154 4609; x_wconf 89' lang='lat' dir='ltr'><strong>quo</strong></span> <span class='ocrx_word' id='word_1_688' title='bbox 1205 4537 1277 4594; x_wconf 80' lang='lat' dir='ltr'><strong>ad</strong></span> <span class='ocrx_word' id='word_1_689' title='bbox 1343 4538 1744 4594; x_wconf 87' lang='lat' dir='ltr'><strong>sanctissimam</strong></span> <span class='ocrx_word' id='word_1_690' title='bbox 1803 4537 2080 4607; x_wconf 73' lang='lat' dir='ltr'><strong>Virginem</strong></span> 
     </span>
    </p>
   </div>
   <div class='ocr_carea' id='block_1_95' title="bbox 521 4629 2082 4701">
    <p class='ocr_par' dir='ltr' id='par_1_95' title="bbox 521 4629 2082 4701">
     <span class='ocr_line' id='line_1_95' title="bbox 521 4629 2082 4701; baseline 0 -17"><span class='ocrx_word' id='word_1_691' title='bbox 521 4630 727 4685; x_wconf 87' lang='lat' dir='ltr'><strong>missus</strong></span> <span class='ocrx_word' id='word_1_692' title='bbox 747 4640 832 4685; x_wconf 90' lang='lat' dir='ltr'><strong>est</strong></span> <span class='ocrx_word' id='word_1_693' title='bbox 868 4631 1265 4701; x_wconf 83' lang='lat' dir='ltr'><strong>archangelus;</strong></span> <span class='ocrx_word' id='word_1_694' title='bbox 1306 4629 1446 4685; x_wconf 91' lang='lat' dir='ltr'><strong>sicut</strong></span> <span class='ocrx_word' id='word_1_695' title='bbox 1476 4637 1531 4685; x_wconf 90' lang='lat' dir='ltr'><strong>et</strong></span> <span class='ocrx_word' id='word_1_696' title='bbox 1562 4630 1615 4684; x_wconf 91' lang='lat' dir='ltr'><strong>in</strong></span> <span class='ocrx_word' id='word_1_697' title='bbox 1650 4630 1805 4701; x_wconf 81' lang='lat' dir='ltr'><strong>legali</strong></span> <span class='ocrx_word' id='word_1_698' title='bbox 1839 4630 1978 4684; x_wconf 89' lang='lat' dir='ltr'><strong>libro</strong></span> <span class='ocrx_word' id='word_1_699' title='bbox 2007 4629 2082 4684; x_wconf 89' lang='lat' dir='ltr'><strong>ait</strong></span> 
     </span>
    </p>
   </div>
   <div class='ocr_carea' id='block_1_96' title="bbox 523 4719 2079 4792">
    <p class='ocr_par' dir='ltr' id='par_1_96' title="bbox 523 4719 2079 4792">
     <span class='ocr_line' id='line_1_96' title="bbox 523 4719 2079 4792; baseline 0 -15"><span class='ocrx_word' id='word_1_700' title='bbox 523 4719 802 4790; x_wconf 88' lang='lat' dir='ltr'><strong>Scriptura</strong></span> <span class='ocrx_word' id='word_1_701' title='bbox 837 4740 850 4776; x_wconf 88' lang='lat'><strong>:</strong></span> <span class='ocrx_word' id='word_1_702' title='bbox 883 4721 1079 4777; x_wconf 78' lang='lat' dir='ltr'><strong>Mensis</strong></span> <span class='ocrx_word' id='word_1_703' title='bbox 1129 4723 1228 4776; x_wconf 88' lang='lat' dir='ltr'><strong>iste</strong></span> <span class='ocrx_word' id='word_1_704' title='bbox 1259 4721 1401 4776; x_wconf 83' lang='lat' dir='ltr'><strong>vobis</strong></span> <span class='ocrx_word' id='word_1_705' title='bbox 1443 4722 1762 4792; x_wconf 83' lang='lat' dir='ltr'><strong>principium</strong></span> <span class='ocrx_word' id='word_1_706' title='bbox 1800 4725 2079 4787; x_wconf 82' lang='lat' dir='ltr'><strong>mensium,</strong></span> 
     </span>
    </p>
   </div>
   <div class='ocr_carea' id='block_1_97' title="bbox 522 4811 2079 4881">
    <p class='ocr_par' dir='ltr' id='par_1_97' title="bbox 522 4811 2079 4881">
     <span class='ocr_line' id='line_1_97' title="bbox 522 4811 2079 4881; baseline 0.004 -17"><span class='ocrx_word' id='word_1_707' title='bbox 522 4812 723 4881; x_wconf 81' lang='lat' dir='ltr'><strong>primus</strong></span> <span class='ocrx_word' id='word_1_708' title='bbox 748 4820 825 4865; x_wconf 83' lang='lat' dir='ltr'><strong>est</strong></span> <span class='ocrx_word' id='word_1_709' title='bbox 867 4811 1011 4865; x_wconf 80' lang='lat' dir='ltr'><strong>vobis</strong></span> <span class='ocrx_word' id='word_1_710' title='bbox 1058 4812 1115 4865; x_wconf 89' lang='lat' dir='ltr'><strong>in</strong></span> <span class='ocrx_word' id='word_1_711' title='bbox 1156 4813 1416 4868; x_wconf 86' lang='lat' dir='ltr'><strong>mensibus</strong></span> <span class='ocrx_word' id='word_1_712' title='bbox 1455 4814 1583 4867; x_wconf 86' lang='lat' dir='ltr'><strong>anni</strong></span> <span class='ocrx_word' id='word_1_713' title='bbox 1605 4816 1668 4868; x_wconf 82' lang='grc'><strong>¹⁵.</strong></span> <span class='ocrx_word' id='word_1_714' title='bbox 1700 4812 1914 4870; x_wconf 87' lang='lat' dir='ltr'><strong>Pascha</strong></span> <span class='ocrx_word' id='word_1_715' title='bbox 1948 4830 2079 4870; x_wconf 78' lang='lat' dir='ltr'><strong>san~</strong></span> 
     </span>
    </p>
   </div>
   <div class='ocr_carea' id='block_1_98' title="bbox 521 4900 2080 4974">
    <p class='ocr_par' dir='ltr' id='par_1_98' title="bbox 521 4900 2080 4974">
     <span class='ocr_line' id='line_1_98' title="bbox 521 4900 2080 4974; baseline 0.003 -17"><span class='ocrx_word' id='word_1_716' title='bbox 521 4913 670 4958; x_wconf 86' lang='lat' dir='ltr'><strong>clum</strong></span> <span class='ocrx_word' id='word_1_717' title='bbox 690 4901 956 4956; x_wconf 88' lang='lat' dir='ltr'><strong>celebrate</strong></span> <span class='ocrx_word' id='word_1_718' title='bbox 985 4900 1082 4973; x_wconf 82' lang='grc' dir='ltr'><strong>[αι.</strong></span> <span class='ocrx_word' id='word_1_719' title='bbox 1100 4902 1464 4974; x_wconf 89' lang='lat' dir='ltr'><strong>celebrabitis]</strong></span> <span class='ocrx_word' id='word_1_720' title='bbox 1499 4902 1752 4971; x_wconf 89' lang='lat' dir='ltr'><strong>Domino,</strong></span> <span class='ocrx_word' id='word_1_721' title='bbox 1781 4905 1837 4960; x_wconf 92' lang='lat' dir='ltr'><strong>in</strong></span> <span class='ocrx_word' id='word_1_722' title='bbox 1868 4907 2080 4961; x_wconf 92' lang='lat' dir='ltr'><strong>cunctis</strong></span> 
     </span>
    </p>
   </div>
   <div class='ocr_carea' id='block_1_99' title="bbox 523 4986 2079 5068">
    <p class='ocr_par' dir='ltr' id='par_1_99' title="bbox 523 4986 2079 5068">
     <span class='ocr_line' id='line_1_99' title="bbox 523 4986 2079 5068; baseline 0.001 -19"><span class='ocrx_word' id='word_1_723' title='bbox 523 4986 963 5064; x_wconf 79' lang='lat' dir='ltr'><strong>generationibus</strong></span> <span class='ocrx_word' id='word_1_724' title='bbox 1002 4993 1217 5047; x_wconf 90' lang='lat' dir='ltr'><strong>vestris.</strong></span> <span class='ocrx_word' id='word_1_725' title='bbox 1262 4991 1458 5049; x_wconf 85' lang='lat' dir='ltr'><strong>Sextus</strong></span> <span class='ocrx_word' id='word_1_726' title='bbox 1509 5010 1638 5048; x_wconf 90' lang='lat' dir='ltr'><strong>vero</strong></span> <span class='ocrx_word' id='word_1_727' title='bbox 1692 4997 1899 5053; x_wconf 89' lang='lat' dir='ltr'><strong>mensis</strong></span> <span class='ocrx_word' id='word_1_728' title='bbox 1936 4999 2079 5068; x_wconf 85' lang='lat' dir='ltr'><strong>apud</strong></span> 
     </span>
    </p>
   </div>
   <div class='ocr_carea' id='block_1_100' title="bbox 524 5081 2080 5158">
    <p class='ocr_par' dir='ltr' id='par_1_100' title="bbox 524 5081 2080 5158">
     <span class='ocr_line' id='line_1_100' title="bbox 524 5081 2080 5158; baseline 0.002 -18"><span class='ocrx_word' id='word_1_729' title='bbox 524 5084 863 5141; x_wconf 77' lang='lat' dir='ltr'><strong>Zachariam.</strong></span> <span class='ocrx_word' id='word_1_730' title='bbox 891 5081 1083 5147; x_wconf 82' lang='lat' dir='ltr'><strong>Merito</strong></span> <span class='ocrx_word' id='word_1_731' title='bbox 1112 5083 1276 5154; x_wconf 79' lang='lat' dir='ltr'><strong>igitur</strong></span> <span class='ocrx_word' id='word_1_732' title='bbox 1318 5084 1661 5139; x_wconf 82' lang='lat' dir='ltr'><strong>sanctissima</strong></span> <span class='ocrx_word' id='word_1_733' title='bbox 1690 5085 1855 5158; x_wconf 83' lang='lat' dir='ltr'><strong>Virgo</strong></span> <span class='ocrx_word' id='word_1_734' title='bbox 1888 5103 1955 5142; x_wconf 83' lang='lat' dir='ltr'><strong>ex</strong></span> <span class='ocrx_word' id='word_1_735' title='bbox 1988 5103 2080 5157; x_wconf 85' lang='lat' dir='ltr'><strong>ge-</strong></span> 
     </span>
    </p>
   </div>
   <div class='ocr_carea' id='block_1_101' title="bbox 432 5173 2081 5257">
    <p class='ocr_par' dir='ltr' id='par_1_101' title="bbox 432 5173 2081 5257">
     <span class='ocr_line' id='line_1_101' title="bbox 432 5173 2081 5257; baseline -0.001 -22"><span class='ocrx_word' id='word_1_736' title='bbox 432 5246 439 5257; x_wconf 39' lang='lat'><em>.</em></span> <span class='ocrx_word' id='word_1_737' title='bbox 523 5194 653 5236; x_wconf 88' lang='lat' dir='ltr'><strong>nere</strong></span> <span class='ocrx_word' id='word_1_738' title='bbox 678 5176 844 5234; x_wconf 84' lang='lat' dir='ltr'><strong>David</strong></span> <span class='ocrx_word' id='word_1_739' title='bbox 882 5173 1005 5251; x_wconf 82' lang='lat' dir='ltr'><strong>fuit,</strong></span> <span class='ocrx_word' id='word_1_740' title='bbox 1032 5183 1086 5229; x_wconf 89' lang='lat' dir='ltr'><strong>et</strong></span> <span class='ocrx_word' id='word_1_741' title='bbox 1113 5173 1423 5230; x_wconf 88' lang='lat' dir='ltr'><strong>Bethlehem</strong></span> <span class='ocrx_word' id='word_1_742' title='bbox 1456 5177 1687 5245; x_wconf 78' lang='lat' dir='ltr'><strong>patriam</strong></span> <span class='ocrx_word' id='word_1_743' title='bbox 1721 5178 1988 5247; x_wconf 89' lang='lat' dir='ltr'><strong>possedit,</strong></span> <span class='ocrx_word' id='word_1_744' title='bbox 2017 5194 2081 5234; x_wconf 90' lang='lat' dir='ltr'><strong>ac</strong></span> 
     </span>
    </p>
   </div>
   <div class='ocr_carea' id='block_1_102' title="bbox 519 5266 2078 5343">
    <p class='ocr_par' dir='ltr' id='par_1_102' title="bbox 519 5266 2078 5343">
     <span class='ocr_line' id='line_1_102' title="bbox 519 5266 2078 5343; baseline -0.003 -13"><span class='ocrx_word' id='word_1_745' title='bbox 519 5271 719 5343; x_wconf 66' lang='lat' dir='ltr'><strong>Ioseph</strong></span> <span class='ocrx_word' id='word_1_746' title='bbox 749 5268 1048 5328; x_wconf 88' lang='lat' dir='ltr'><strong>secundum</strong></span> <span class='ocrx_word' id='word_1_747' title='bbox 1098 5266 1587 5337; x_wconf 78' lang='lat' dir='ltr'><strong>consanguinitatis</strong></span> <span class='ocrx_word' id='word_1_748' title='bbox 1627 5269 1771 5340; x_wconf 85' lang='lat' dir='ltr'><strong>leges</strong></span> <span class='ocrx_word' id='word_1_749' title='bbox 1814 5269 1940 5339; x_wconf 91' lang='lat' dir='ltr'><strong>jure</strong></span> <span class='ocrx_word' id='word_1_750' title='bbox 1982 5271 2078 5325; x_wconf 91' lang='lat' dir='ltr'><strong>de-</strong></span> 
     </span>
    </p>
   </div>
   <div class='ocr_carea' id='block_1_103' title="bbox 524 5355 2080 5436">
    <p class='ocr_par' dir='ltr' id='par_1_103' title="bbox 524 5355 2080 5436">
     <span class='ocr_line' id='line_1_103' title="bbox 524 5355 2080 5436; baseline -0.003 -16"><span class='ocrx_word' id='word_1_751' title='bbox 524 5372 803 5436; x_wconf 87' lang='lat' dir='ltr'><strong>sponsata.</strong></span> <span class='ocrx_word' id='word_1_752' title='bbox 841 5359 907 5414; x_wconf 86' lang='lat' dir='ltr'><strong>Et</strong></span> <span class='ocrx_word' id='word_1_753' title='bbox 942 5366 1130 5414; x_wconf 89' lang='lat' dir='ltr'><strong>custos</strong></span> <span class='ocrx_word' id='word_1_754' title='bbox 1151 5355 1269 5426; x_wconf 88' lang='lat' dir='ltr'><strong>ejus</strong></span> <span class='ocrx_word' id='word_1_755' title='bbox 1288 5366 1406 5411; x_wconf 87' lang='lat' dir='ltr'><strong>erat</strong></span> <span class='ocrx_word' id='word_1_756' title='bbox 1428 5373 1682 5428; x_wconf 88' lang='lat' dir='ltr'><strong>sponsus,</strong></span> <span class='ocrx_word' id='word_1_757' title='bbox 1715 5368 1877 5428; x_wconf 85' lang='lat' dir='ltr'><strong>atque</strong></span> <span class='ocrx_word' id='word_1_758' title='bbox 1905 5362 2080 5415; x_wconf 87' lang='lat' dir='ltr'><strong>incor-</strong></span> 
     </span>
    </p>
   </div>
   <div class='ocr_carea' id='block_1_104' title="bbox 522 5450 2081 5525">
    <p class='ocr_par' dir='ltr' id='par_1_104' title="bbox 522 5450 2081 5525">
     <span class='ocr_line' id='line_1_104' title="bbox 522 5450 2081 5525; baseline 0 -17"><span class='ocrx_word' id='word_1_759' title='bbox 522 5454 793 5525; x_wconf 86' lang='lat' dir='ltr'><strong>ruptionis</strong></span> <span class='ocrx_word' id='word_1_760' title='bbox 818 5451 990 5522; x_wconf 89' lang='lat' dir='ltr'><strong>ipsius</strong></span> <span class='ocrx_word' id='word_1_761' title='bbox 1017 5451 1349 5505; x_wconf 83' lang='lat' dir='ltr'><strong>intemeratae</strong></span> <span class='ocrx_word' id='word_1_762' title='bbox 1374 5450 1730 5506; x_wconf 87' lang='lat' dir='ltr'><strong>cohabitator.</strong></span> <span class='ocrx_word' id='word_1_763' title='bbox 1758 5451 1825 5507; x_wconf 88' lang='lat' dir='ltr'><strong>Et</strong></span> <span class='ocrx_word' id='word_1_764' title='bbox 1852 5453 2081 5508; x_wconf 84' lang='lat' dir='ltr'><strong>sanctis-</strong></span> 
     </span>
    </p>
   </div>
   <div class='ocr_carea' id='block_1_105' title="bbox 519 5542 2076 5616">
    <p class='ocr_par' dir='ltr' id='par_1_105' title="bbox 519 5542 2076 5616">
     <span class='ocr_line' id='line_1_105' title="bbox 519 5542 2076 5616; baseline -0.001 -16"><span class='ocrx_word' id='word_1_765' title='bbox 519 5546 675 5601; x_wconf 64' lang='lat' dir='ltr'><strong>simae</strong></span> <span class='ocrx_word' id='word_1_766' title='bbox 702 5544 907 5616; x_wconf 81' lang='lat' dir='ltr'><strong>Virgini</strong></span> <span class='ocrx_word' id='word_1_767' title='bbox 936 5543 1089 5603; x_wconf 85' lang='lat' dir='ltr'><strong>valde</strong></span> <span class='ocrx_word' id='word_1_768' title='bbox 1117 5556 1277 5599; x_wconf 88' lang='lat' dir='ltr'><strong>suum</strong></span> <span class='ocrx_word' id='word_1_769' title='bbox 1300 5542 1602 5611; x_wconf 87' lang='lat' dir='ltr'><strong>quadrabat</strong></span> <span class='ocrx_word' id='word_1_770' title='bbox 1627 5559 1824 5601; x_wconf 90' lang='lat' dir='ltr'><strong>nomen</strong></span> <span class='ocrx_word' id='word_1_771' title='bbox 1860 5561 1875 5599; x_wconf 87' lang='lat'><strong>:</strong></span> <span class='ocrx_word' id='word_1_772' title='bbox 1908 5544 2076 5599; x_wconf 82' lang='lat' dir='ltr'><strong>Maria</strong></span> 
     </span>
    </p>
   </div>
   <div class='ocr_carea' id='block_1_106' title="bbox 2197 4527 3707 4615">
    <p class='ocr_par' dir='ltr' id='par_1_106' title="bbox 2197 4527 3707 4615">
     <span class='ocr_line' id='line_1_106' title="bbox 2197 4527 3707 4615; baseline -0.02 -10"><span class='ocrx_word' id='word_1_773' title='bbox 2197 4543 2302 4615; x_wconf 82' lang='grc' dir='ltr'><strong>μὴν</strong></span> <span class='ocrx_word' id='word_1_774' title='bbox 2332 4543 2466 4615; x_wconf 82' lang='grc' dir='ltr'>πρὸς</span> <span class='ocrx_word' id='word_1_775' title='bbox 2497 4540 2789 4613; x_wconf 88' lang='grc' dir='ltr'>Ζαχαρίαν.</span> <span class='ocrx_word' id='word_1_776' title='bbox 2823 4539 3060 4600; x_wconf 85' lang='grc' dir='ltr'>Εἰκότως</span> <span class='ocrx_word' id='word_1_777' title='bbox 3091 4537 3149 4590; x_wconf 82' lang='grc' dir='ltr'><strong>δὲ</strong></span> <span class='ocrx_word' id='word_1_778' title='bbox 3180 4540 3213 4609; x_wconf 79' lang='grc' dir='ltr'><strong>ἡ</strong></span> <span class='ocrx_word' id='word_1_779' title='bbox 3239 4538 3372 4606; x_wconf 86' lang='grc' dir='ltr'>ἁγία</span> <span class='ocrx_word' id='word_1_780' title='bbox 3403 4532 3644 4604; x_wconf 82' lang='grc' dir='ltr'>Παρθένος</span> <span class='ocrx_word' id='word_1_781' title='bbox 3662 4527 3707 4576; x_wconf 80' lang='grc' dir='ltr'>ἐκ</span> 
     </span>
    </p>
   </div>
   <div class='ocr_carea' id='block_1_107' title="bbox 2192 4616 3707 4704">
    <p class='ocr_par' dir='ltr' id='par_1_107' title="bbox 2192 4616 3707 4704">
     <span class='ocr_line' id='line_1_107' title="bbox 2192 4616 3707 4704; baseline -0.01 -16"><span class='ocrx_word' id='word_1_782' title='bbox 2192 4635 2382 4704; x_wconf 82' lang='grc' dir='ltr'>γένους</span> <span class='ocrx_word' id='word_1_783' title='bbox 2426 4632 2589 4687; x_wconf 79' lang='grc' dir='ltr'>Δαϐὶδ</span> <span class='ocrx_word' id='word_1_784' title='bbox 2630 4631 2939 4702; x_wconf 84' lang='grc' dir='ltr'>ἐτύγχανεν,</span> <span class='ocrx_word' id='word_1_785' title='bbox 2981 4629 3075 4683; x_wconf 76' lang='grc' dir='ltr'><strong>καὶ</strong></span> <span class='ocrx_word' id='word_1_786' title='bbox 3106 4629 3204 4700; x_wconf 77' lang='grc' dir='ltr'><strong>τὴν</strong></span> <span class='ocrx_word' id='word_1_787' title='bbox 3235 4626 3480 4699; x_wconf 75' lang='grc' dir='ltr'>Βηθλεὲμ</span> <span class='ocrx_word' id='word_1_788' title='bbox 3522 4616 3707 4690; x_wconf 79' lang='grc' dir='ltr'>πατρίδι</span> 
     </span>
    </p>
   </div>
   <div class='ocr_carea' id='block_1_108' title="bbox 2190 4706 3704 4796">
    <p class='ocr_par' dir='ltr' id='par_1_108' title="bbox 2190 4706 3704 4796">
     <span class='ocr_line' id='line_1_108' title="bbox 2190 4706 3704 4796; baseline -0.009 -18"><span class='ocrx_word' id='word_1_789' title='bbox 2190 4724 2469 4796; x_wconf 83' lang='grc' dir='ltr'>ἐκέκτητο,</span> <span class='ocrx_word' id='word_1_790' title='bbox 2500 4724 2593 4776; x_wconf 79' lang='grc' dir='ltr'>καὶ</span> <span class='ocrx_word' id='word_1_791' title='bbox 2619 4721 2697 4792; x_wconf 80' lang='grc' dir='ltr'>τῷ</span> <span class='ocrx_word' id='word_1_792' title='bbox 2734 4720 2930 4792; x_wconf 77' lang='grc' dir='ltr'>Ἰωσὴφ</span> <span class='ocrx_word' id='word_1_793' title='bbox 2953 4719 3093 4774; x_wconf 85' lang='grc' dir='ltr'><strong>κατά</strong></span> <span class='ocrx_word' id='word_1_794' title='bbox 3119 4720 3317 4790; x_wconf 89' lang='grc' dir='ltr'>νόμους</span> <span class='ocrx_word' id='word_1_795' title='bbox 3338 4713 3629 4786; x_wconf 75' lang='grc' dir='ltr'>συγγενείας</span> <span class='ocrx_word' id='word_1_796' title='bbox 3647 4706 3704 4758; x_wconf 79' lang='grc' dir='ltr'><strong>δι·</strong></span> 
     </span>
    </p>
   </div>
   <div class='ocr_carea' id='block_1_109' title="bbox 2190 4798 3707 4885">
    <p class='ocr_par' dir='ltr' id='par_1_109' title="bbox 2190 4798 3707 4885">
     <span class='ocr_line' id='line_1_109' title="bbox 2190 4798 3707 4885; baseline -0.006 -18"><span class='ocrx_word' id='word_1_797' title='bbox 2190 4815 2358 4878; x_wconf 87' lang='grc' dir='ltr'>καίως</span> <span class='ocrx_word' id='word_1_798' title='bbox 2390 4814 2813 4885; x_wconf 80' lang='grc' dir='ltr'>ἐμεμνήστευτο.</span> <span class='ocrx_word' id='word_1_799' title='bbox 2850 4811 2959 4864; x_wconf 80' lang='grc' dir='ltr'><strong>Καὶ</strong></span> <span class='ocrx_word' id='word_1_800' title='bbox 2991 4808 3165 4880; x_wconf 80' lang='grc' dir='ltr'>φύλαξ</span> <span class='ocrx_word' id='word_1_801' title='bbox 3190 4805 3260 4880; x_wconf 80' lang='grc' dir='ltr'>ἦν</span> <span class='ocrx_word' id='word_1_802' title='bbox 3290 4810 3319 4861; x_wconf 86' lang='grc' dir='ltr'><strong>ὁ</strong></span> <span class='ocrx_word' id='word_1_803' title='bbox 3355 4809 3610 4880; x_wconf 77' lang='grc' dir='ltr'>μνήστωρ,</span> <span class='ocrx_word' id='word_1_804' title='bbox 3638 4798 3707 4852; x_wconf 65' lang='grc' dir='ltr'>καὶ</span> 
     </span>
    </p>
   </div>
   <div class='ocr_carea' id='block_1_110' title="bbox 2188 4893 3705 4978">
    <p class='ocr_par' dir='ltr' id='par_1_110' title="bbox 2188 4893 3705 4978">
     <span class='ocr_line' id='line_1_110' title="bbox 2188 4893 3705 4978; baseline -0.01 -19"><span class='ocrx_word' id='word_1_805' title='bbox 2188 4908 2217 4959; x_wconf 90' lang='grc' dir='ltr'><strong>ό</strong></span> <span class='ocrx_word' id='word_1_806' title='bbox 2247 4904 2553 4978; x_wconf 85' lang='grc' dir='ltr'>ἀφθαρσίας</span> <span class='ocrx_word' id='word_1_807' title='bbox 2582 4903 2860 4975; x_wconf 87' lang='grc' dir='ltr'>ἀκηράτου</span> <span class='ocrx_word' id='word_1_808' title='bbox 2897 4901 3165 4966; x_wconf 90' lang='grc' dir='ltr'>σύνοικος.</span> <span class='ocrx_word' id='word_1_809' title='bbox 3201 4901 3315 4954; x_wconf 89' lang='lat' dir='ltr'><strong>Kal</strong></span> <span class='ocrx_word' id='word_1_810' title='bbox 3346 4901 3411 4970; x_wconf 77' lang='grc' dir='ltr'>τῇ</span> <span class='ocrx_word' id='word_1_811' title='bbox 3453 4897 3571 4966; x_wconf 69' lang='grc' dir='ltr'>ἁγίᾳ</span> <span class='ocrx_word' id='word_1_812' title='bbox 3591 4893 3705 4959; x_wconf 80' lang='grc' dir='ltr'>Παρ-</span> 
     </span>
    </p>
   </div>
   <div class='ocr_carea' id='block_1_111' title="bbox 2188 4984 3706 5069">
    <p class='ocr_par' dir='ltr' id='par_1_111' title="bbox 2188 4984 3706 5069">
     <span class='ocr_line' id='line_1_111' title="bbox 2188 4984 3706 5069; baseline -0.003 -18"><span class='ocrx_word' id='word_1_813' title='bbox 2188 4998 2328 5069; x_wconf 81' lang='grc' dir='ltr'>θένῳ</span> <span class='ocrx_word' id='word_1_814' title='bbox 2352 4997 2471 5051; x_wconf 85' lang='grc' dir='ltr'>λίαν</span> <span class='ocrx_word' id='word_1_815' title='bbox 2500 4996 2705 5068; x_wconf 88' lang='grc' dir='ltr'>πρέπον</span> <span class='ocrx_word' id='word_1_816' title='bbox 2730 4996 2922 5066; x_wconf 75' lang='grc' dir='ltr'>ὄνομα.</span> <span class='ocrx_word' id='word_1_817' title='bbox 2958 4993 3147 5066; x_wconf 87' lang='grc' dir='ltr'>Μαρία</span> <span class='ocrx_word' id='word_1_818' title='bbox 3167 4991 3276 5064; x_wconf 85' lang='grc' dir='ltr'><strong>γάρ</strong></span> <span class='ocrx_word' id='word_1_819' title='bbox 3300 4990 3581 5059; x_wconf 82' lang='grc' dir='ltr'>ὲκέκλητο’</span> <span class='ocrx_word' id='word_1_820' title='bbox 3602 4984 3706 5047; x_wconf 70' lang='grc' dir='ltr'>ὅπερ</span> 
     </span>
    </p>
   </div>
   <div class='ocr_carea' id='block_1_112' title="bbox 2186 5071 3705 5162">
    <p class='ocr_par' dir='ltr' id='par_1_112' title="bbox 2186 5071 3705 5162">
     <span class='ocr_line' id='line_1_112' title="bbox 2186 5071 3705 5162; baseline -0.009 -18"><span class='ocrx_word' id='word_1_821' title='bbox 2186 5091 2250 5162; x_wconf 84' lang='grc' dir='ltr'><strong>δὴ</strong></span> <span class='ocrx_word' id='word_1_822' title='bbox 2294 5087 2594 5159; x_wconf 75' lang='grc' dir='ltr'>φωτισμὸς</span> <span class='ocrx_word' id='word_1_823' title='bbox 2624 5085 3003 5159; x_wconf 77' lang='grc' dir='ltr'>ἑρμηνεύεται.</span> <span class='ocrx_word' id='word_1_824' title='bbox 3041 5085 3107 5138; x_wconf 88' lang='grc' dir='ltr'>Τί</span> <span class='ocrx_word' id='word_1_825' title='bbox 3158 5084 3266 5155; x_wconf 82' lang='grc' dir='ltr'><strong>γάρ</strong></span> <span class='ocrx_word' id='word_1_826' title='bbox 3313 5082 3406 5137; x_wconf 75' lang='grc' dir='ltr'>τοῦ</span> <span class='ocrx_word' id='word_1_827' title='bbox 3441 5078 3600 5150; x_wconf 79' lang='grc' dir='ltr'>φωτὸς</span> 
     </span>
    </p>
   </div>
   <div class='ocr_carea' id='block_1_113' title="bbox 2187 5159 3707 5253">
    <p class='ocr_par' dir='ltr' id='par_1_113' title="bbox 2187 5159 3707 5253">
     <span class='ocr_line' id='line_1_113' title="bbox 2187 5159 3707 5253; baseline -0.009 -18"><span class='ocrx_word' id='word_1_828' title='bbox 2187 5159 2481 5253; x_wconf 81' lang='grc' dir='ltr'>παρθενίας</span> <span class='ocrx_word' id='word_1_829' title='bbox 2496 5178 2869 5251; x_wconf 87' lang='grc' dir='ltr'>λαμπρότερον</span> <span class='ocrx_word' id='word_1_830' title='bbox 2886 5195 2901 5243; x_wconf 86' lang='grc'><strong>;</strong></span> <span class='ocrx_word' id='word_1_831' title='bbox 2922 5178 3081 5232; x_wconf 81' lang='grc' dir='ltr'>Ὅθεν</span> <span class='ocrx_word' id='word_1_832' title='bbox 3096 5177 3191 5230; x_wconf 73' lang='grc' dir='ltr'>καὶ</span> <span class='ocrx_word' id='word_1_833' title='bbox 3213 5175 3311 5238; x_wconf 84' lang='grc' dir='ltr'>τὰς</span> <span class='ocrx_word' id='word_1_834' title='bbox 3328 5172 3520 5246; x_wconf 73' lang='grc' dir='ltr'>ἀρετὰς</span> <span class='ocrx_word' id='word_1_835' title='bbox 3546 5159 3707 5237; x_wconf 61' lang='lat' dir='ltr'><strong>mp“-</strong></span> 
     </span>
    </p>
   </div>
   <div class='ocr_carea' id='block_1_114' title="bbox 2185 5263 3707 5341">
    <p class='ocr_par' dir='ltr' id='par_1_114' title="bbox 2185 5263 3707 5341">
     <span class='ocr_line' id='line_1_114' title="bbox 2185 5263 3707 5341; baseline -0.011 -15"><span class='ocrx_word' id='word_1_836' title='bbox 2185 5288 2309 5334; x_wconf 88' lang='grc' dir='ltr'>νους</span> <span class='ocrx_word' id='word_1_837' title='bbox 2341 5269 2712 5341; x_wconf 77' lang='grc' dir='ltr'>ὀνομάζουσιν,</span> <span class='ocrx_word' id='word_1_838' title='bbox 2728 5270 2777 5322; x_wconf 87' lang='grc' dir='ltr'>οἱ</span> <span class='ocrx_word' id='word_1_839' title='bbox 2800 5267 2899 5333; x_wconf 71' lang='grc' dir='ltr'><strong>τὰς</strong></span> <span class='ocrx_word' id='word_1_840' title='bbox 2910 5268 3095 5333; x_wconf 81' lang='grc' dir='ltr'>οὐσίας</span> <span class='ocrx_word' id='word_1_841' title='bbox 3120 5267 3300 5320; x_wconf 82' lang='grc' dir='ltr'>αὐτῶν</span> <span class='ocrx_word' id='word_1_842' title='bbox 3328 5263 3537 5334; x_wconf 84' lang='grc' dir='ltr'>ἀγαθῶς</span> <span class='ocrx_word' id='word_1_843' title='bbox 3561 5268 3707 5324; x_wconf 75' lang='grc' dir='ltr'>στοχα-</span> 
     </span>
    </p>
   </div>
   <div class='ocr_carea' id='block_1_115' title="bbox 2188 5358 3700 5432">
    <p class='ocr_par' dir='ltr' id='par_1_115' title="bbox 2188 5358 3700 5432">
     <span class='ocr_line' id='line_1_115' title="bbox 2188 5358 3700 5432; baseline -0.005 -18"><span class='ocrx_word' id='word_1_844' title='bbox 2188 5359 2422 5432; x_wconf 77' lang='grc' dir='ltr'>ζόμενοι.</span> <span class='ocrx_word' id='word_1_845' title='bbox 2457 5362 2519 5414; x_wconf 80' lang='lat' dir='ltr'><strong>El</strong></span> <span class='ocrx_word' id='word_1_846' title='bbox 2551 5361 2606 5414; x_wconf 87' lang='grc' dir='ltr'><strong>δὲ</strong></span> <span class='ocrx_word' id='word_1_847' title='bbox 2638 5360 2886 5414; x_wconf 81' lang='grc' dir='ltr'>τοσοῦτον</span> <span class='ocrx_word' id='word_1_848' title='bbox 2906 5360 3127 5429; x_wconf 85' lang='grc' dir='ltr'>ἀγαθὸν,</span> <span class='ocrx_word' id='word_1_849' title='bbox 3157 5358 3422 5431; x_wconf 76' lang='grc' dir='ltr'>παρθένον</span> <span class='ocrx_word' id='word_1_850' title='bbox 3454 5358 3581 5427; x_wconf 80' lang='grc' dir='ltr'>ἐχειν</span> <span class='ocrx_word' id='word_1_851' title='bbox 3599 5360 3700 5417; x_wconf 73' lang='grc' dir='ltr'>καρο</span> 
     </span>
    </p>
   </div>
   <div class='ocr_carea' id='block_1_116' title="bbox 2186 5440 3705 5537">
    <p class='ocr_par' dir='ltr' id='par_1_116' title="bbox 2186 5440 3705 5537">
     <span class='ocr_line' id='line_1_116' title="bbox 2186 5440 3705 5537; baseline -0.008 -31"><span class='ocrx_word' id='word_1_852' title='bbox 2186 5453 2325 5519; x_wconf 87' lang='grc' dir='ltr'>δίαν,</span> <span class='ocrx_word' id='word_1_853' title='bbox 2356 5452 2607 5537; x_wconf 35' lang='grc' dir='ltr'>ἠλίκονίὴ</span> <span class='ocrx_word' id='word_1_854' title='bbox 2640 5452 2774 5524; x_wconf 77' lang='grc' dir='ltr'>σὰρξ</span> <span class='ocrx_word' id='word_1_855' title='bbox 2804 5453 2941 5523; x_wconf 86' lang='grc' dir='ltr'><strong>μετά</strong></span> <span class='ocrx_word' id='word_1_856' title='bbox 2982 5454 3081 5524; x_wconf 84' lang='grc' dir='ltr'>τῆς</span> <span class='ocrx_word' id='word_1_857' title='bbox 3105 5452 3281 5523; x_wconf 76' lang='grc' dir='ltr'>ψυχῆς</span> <span class='ocrx_word' id='word_1_858' title='bbox 3323 5451 3421 5521; x_wconf 83' lang='grc' dir='ltr'>τὴν</span> <span class='ocrx_word' id='word_1_859' title='bbox 3456 5440 3705 5537; x_wconf 69' lang='grc' dir='ltr'>παρθενίαν</span> 
     </span>
    </p>
   </div>
   <div class='ocr_carea' id='block_1_117' title="bbox 2187 5527 3702 5616">
    <p class='ocr_par' dir='ltr' id='par_1_117' title="bbox 2187 5527 3702 5616">
     <span class='ocr_line' id='line_1_117' title="bbox 2187 5527 3702 5616; baseline -0.011 -17"><span class='ocrx_word' id='word_1_860' title='bbox 2187 5544 2505 5614; x_wconf 83' lang='grc' dir='ltr'>ἁσκήσασα;</span> <span class='ocrx_word' id='word_1_861' title='bbox 2540 5527 2721 5610; x_wconf 63' lang='lat' dir='ltr'><strong>Dii-cm;</strong></span> <span class='ocrx_word' id='word_1_862' title='bbox 2751 5546 2843 5597; x_wconf 75' lang='grc' dir='ltr'><strong>καὶ</strong></span> <span class='ocrx_word' id='word_1_863' title='bbox 2874 5548 2906 5616; x_wconf 80' lang='grc' dir='ltr'>ἡ</span> <span class='ocrx_word' id='word_1_864' title='bbox 2935 5545 3063 5613; x_wconf 89' lang='grc' dir='ltr'>ἁγία</span> <span class='ocrx_word' id='word_1_865' title='bbox 3094 5545 3281 5616; x_wconf 82' lang='grc' dir='ltr'>Μαρία</span> <span class='ocrx_word' id='word_1_866' title='bbox 3308 5545 3367 5596; x_wconf 76' lang='grc' dir='ltr'><strong>ἐν</strong></span> <span class='ocrx_word' id='word_1_867' title='bbox 3402 5537 3552 5612; x_wconf 75' lang='grc' dir='ltr'>σαρκὶ</span> <span class='ocrx_word' id='word_1_868' title='bbox 3577 5527 3702 5592; x_wconf 73' lang='grc' dir='ltr'>οὖσα.</span> 
     </span>
    </p>
   </div>
   <div class='ocr_carea' id='block_1_118' title="bbox 593 5728 2092 5800">
    <p class='ocr_par' dir='ltr' id='par_1_118' title="bbox 593 5728 2082 5800">
     <span class='ocr_line' id='line_1_118' title="bbox 593 5728 2082 5800; baseline -0.002 -13"><span class='ocrx_word' id='word_1_869' title='bbox 593 5734 636 5764; x_wconf 81' lang='grc'><strong>⁸·</strong></span> <span class='ocrx_word' id='word_1_870' title='bbox 669 5731 826 5787; x_wconf 77' lang='lat' dir='ltr'><strong>Rom.</strong></span> <span class='ocrx_word' id='word_1_871' title='bbox 860 5750 909 5800; x_wconf 84' lang='grc' dir='ltr'><strong>ν,</strong></span> <span class='ocrx_word' id='word_1_872' title='bbox 940 5733 1024 5788; x_wconf 76' lang='grc'><strong>14.</strong></span> <span class='ocrx_word' id='word_1_873' title='bbox 1102 5733 1144 5764; x_wconf 74' lang='grc'><strong>⁸³</strong></span> <span class='ocrx_word' id='word_1_874' title='bbox 1176 5730 1304 5787; x_wconf 83' lang='lat' dir='ltr'><strong>Luc.</strong></span> <span class='ocrx_word' id='word_1_875' title='bbox 1337 5747 1390 5785; x_wconf 69' lang='grc' dir='ltr'><strong>ι.⁴</strong></span> <span class='ocrx_word' id='word_1_876' title='bbox 1455 5730 1498 5762; x_wconf 73' lang='grc'><strong>⁸⁵</strong></span> <span class='ocrx_word' id='word_1_877' title='bbox 1523 5729 1655 5787; x_wconf 87' lang='lat' dir='ltr'><strong>Luc.</strong></span> <span class='ocrx_word' id='word_1_878' title='bbox 1682 5744 1722 5796; x_wconf 85' lang='grc' dir='ltr'>ι,</span> <span class='ocrx_word' id='word_1_879' title='bbox 1750 5728 1840 5799; x_wconf 76' lang='lat'><strong>26,</strong></span> <span class='ocrx_word' id='word_1_880' title='bbox 1870 5730 1960 5784; x_wconf 75' lang='lat'><strong>27.</strong></span> <span class='ocrx_word' id='word_1_881' title='bbox 2038 5732 2082 5765; x_wconf 84' lang='grc'><strong>¹⁸</strong></span> 
     </span>
    </p>
   </div>
   <div class='ocr_carea' id='block_1_119' title="bbox 2192 5728 2500 5800">
    <p class='ocr_par' dir='ltr' id='par_1_119' title="bbox 2192 5730 2500 5798">
     <span class='ocr_line' id='line_1_119' title="bbox 2192 5730 2500 5798; baseline -0.003 -12"><span class='ocrx_word' id='word_1_882' title='bbox 2192 5732 2276 5787; x_wconf 87' lang='lat' dir='ltr'><strong>od.</strong></span> <span class='ocrx_word' id='word_1_883' title='bbox 2312 5747 2412 5798; x_wconf 76' lang='lat' dir='ltr'><strong>xu,</strong></span> <span class='ocrx_word' id='word_1_884' title='bbox 2444 5730 2500 5785; x_wconf 64' lang='grc' dir='ltr'><strong>ἓ.</strong></span> 
     </span>
    </p>
   </div>
  </div>
