3950 6326
279 303 422 360 "'65

1186 299 1472 358 HOMILlA
1509 298 1552 354 Il
1592 297 1663 354 IN
1702 296 2126 356 ANNUNTIAT.
2150 296 2353 354 ~VIRG.
2389 294 2650 355 MARUE.

3403 309 3539 368 1166

274 419 378 492 τὴν
409 417 684 493 ἄφθαρτον
725 418 997 474 πολιτείαν
1034 420 1317 491 ἐκέκτητο,
1355 421 1448 474 καὶ
1477 418 1546 474 τὰ
1578 417 1855 492 παράτοῦ

1968 418 2111 472 enim
2144 430 2454 489 nuncupata
2487 430 2624 485 erat,
2658 423 2803 491 quod
2833 422 3161 481 illuminatio
3210 428 3538 500 interpreta-

277 513 621 585 ἀρχαγγέλου
651 513 927 583 λεχθέντα,
963 512 1140 567 πίστει
1167 513 1398 584 ἐδέχετο.
1425 513 1535 566 Καὶ
1564 511 1687 566 τότε
1722 510 1861 582 μετά

279 591 519 678 σπουδῆς
554 608 689 679 πρὸς
731 608 828 677 τὴν
874 607 1152 660 Ἐλισάϐετ
1194 607 1292 679 τὴν
1341 605 1626 675 συγγενίδα
1657 605 1858 676 αὐτῆς,

279 702 361 764 εἰς
391 699 492 771 τὴν
518 699 730 771 ὀρεινὴν
764 702 1073 772 ἐπορεύετο.
1106 700 1218 754 Καὶ
1239 698 1601 755 εἰσελθοῦσα
1628 702 1715 765 εἰς
1757 698 1863 752 τὸν

280 787 454 845 οἶκον
508 790 615 844 τοῦ
668 793 952 860 Ζαχαρία,
992 792 1316 860 ἠσπάσατο
1366 792 1482 861 τὴν
1524 792 1858 858 Ἐλισάόετ,

282 882 641 955 μιμησαμένη
664 882 752 936 τὸν
774 883 1021 953 ἄγγελον.
1058 884 1154 950 Ὧς
1172 884 1228 939 δὲ
1248 884 1515 954 ἤκουσεν
1534 884 1641 939 τὸν
1661 886 1860 939 ἀσπα-

279 975 442 1046 σμὸν
464 977 575 1045 τῆς
602 975 829 1045 Μαρίας
854 979 894 1046 ἠ
934 976 1262 1042 Ἐλισάϐετ,
1284 976 1607 1047 ἐσκίρτησε
1636 977 1701 1032 τὸ
1720 978 1862 1048 ,βρέ-

279 1088 396 1139 ρος
425 1073 485 1125 ὲν
517 1070 836 1139 ἀγαλλιάσει
869 1071 942 1125 ἐν
964 1070 1040 1139 τῇ
1072 1073 1272 1140 κοιλίᾳ
1315 1069 1523 1139 αὐτῆς,
1550 1071 1649 1126 καὶ
1669 1072 1858 1140 ἐπλή-

278 1165 400 1230 σθη
420 1164 765 1231 Πνεύματος
791 1162 964 1232 ἁγίου
986 1164 1026 1230 τ’,
1054 1162 1382 1216 Ἐλισάϐετ.
1415 1161 1623 1217 Οὐκοῦν
1653 1164 1687 1234 ἡ
1708 1162 1859 1233 φωνὴ

278 1256 378 1326 τῆς
392 1254 612 1327 Μαρίας
638 1256 928 1326 ἐνήργησε,
953 1256 1047 1308 καὶ⁸
1077 1254 1394 1326 Πνεύματος
1421 1254 1577 1324 ἁγίου
1594 1254 1690 1326 τὴν
1723 1254 1861 1307 Ἐλι-

1965 519 2073 564 tur.
2111 508 2252 575 Quid
2289 510 2435 564 enim
2484 513 2775 581 splendore
2834 515 3167 587 virginitatis
3224 518 3538 580 illustrius?

1964 603 2310 671 Quapropter
2354 610 2409 656 et
2454 602 2685 659 virtutes
2735 604 2975 675 virgines
3016 608 3392 677 denominant,
3442 615 3536 683 qui

1964 702 2111 748 recte
2155 694 2426 749 essentias
2472 709 2661 749 earum
2690 696 3012 767 conjiciunt.
3048 699 3205 766 Quod
3240 702 3289 757 si
3327 712 3537 760 tantum

1968 793 2053 839 cst
2078 780 2285 839 bonum
2318 785 2516 840 habere
2541 797 2638 841 cor
2667 788 2979 859 virginitate
3012 793 3296 861 praeditum
3317 834 3332 861 ,
3360 812 3540 866 quan-

1961 885 2075 929 tum
2108 877 2323 931 tandem
2359 876 2464 931 erit
2493 894 2644 943 caro,
2670 894 2792 949 quae
2838 896 2964 935 cum
3014 881 3199 940 animo
3257 885 3540 957 virginita-

1963 978 2069 1024 tem
2110 969 2379 1024 coluerit?
2436 966 2528 1025 Sic
2577 979 2631 1024 et
2680 980 2868 1027 sancta
2919 971 3087 1030 Maria
3135 975 3191 1030 in
3222 992 3388 1032 carne
3407 979 3539 1034 dum

1960 1067 2127 1126 esset,
2162 1060 2329 1114 vitam
2357 1058 2731 1132 incorruptam
2776 1071 2941 1132 atque
2968 1064 3377 1123 immaculatam
3406 1086 3536 1140 pos-

1961 1149 2193 1214 sidebat,
2224 1165 2288 1204 ac
2317 1151 2483 1205 verba
2513 1152 2582 1206 ab
2615 1148 2945 1223 archangclo
2973 1154 3118 1210 dicta
3143 1157 3198 1212 in
3227 1158 3332 1215 fide
3359 1163 3540 1217 susci-

1959 1242 2164 1313 piehat.
2217 1238 2484 1313 Tuncque
2554 1259 2680 1298 cum
2741 1244 3095 1304 festinatione
3148 1249 3215 1304 ad
3262 1246 3537 1308 Elisaheth

280 1346 448 1401 σάὁετ
501 1347 765 1418 ἐνέπλησε
808 1346 932 1417 [ἄλ.
979 1347 1325 1421 ἐπλήρωσε]·
1384 1348 1759 1420 καὶεκαθάπερ
1798 1347 1855 1415 ἐξ

1967 1341 2256 1405 cognatam
2307 1350 2464 1390 suam
2511 1336 2888 1392 contendebat.
2927 1334 2997 1391 Et
3046 1340 3282 1410 ingressa
3324 1343 3539 1397 domum

276 1440 506 1495 ἀεννάου
543 1441 727 1511 πηγῆς
759 1439 848 1494 διὰ
884 1441 983 1511 τῆς
1029 1439 1273 1510 γλώττης
1306 1441 1551 1512 ποταμὸν
1583 1442 1855 1513 χαρισμά-

1968 1424 2277 1513 Zachariae,
2328 1430 2581 1484 salutavit
2635 1426 2942 1498 Elisabetlz,
3001 1432 3253 1503 angelum
3307 1435 3533 1491 imitata.

274 1550 407 1596 των,
450 1533 540 1587 διὰ
570 1510 692 1604 ιτῆς
723 1534 1059 1606 προφητείας
1089 1536 1154 1604 τῇ
1202 1510 1476 1603 συγγενίδι
1520 1510 1854 1605 ἐξέπεμψεν

1981 1510 2048 1572 Ut
2088 1528 2270 1573 autem
2313 1520 2515 1573 audivit
2579 1521 2956 1576 salutationem
3008 1520 3200 1581 Maria:
3238 1520 3533 1594 Elisabeth,

276 1626 375 1680 καὶ
398 1628 511 1690 τοῖς
539 1627 665 1680 ποσὶ
691 1624 786 1679 τοῦ
805 1626 1039 1699 βρέφους
1060 1630 1126 1697 τῇ
1142 1626 1338 1698 γαστρὶ
1361 1625 1682 1697 δεδεμένοις,
1704 1625 1855 1679 ἀλλε-

1973 1614 2256 1668 ραειιίιαυίι
2300 1615 2477 1684 infans
2522 1630 2631 1684 prae
2656 1614 2829 1684 jubilo
2852 1617 2906 1669 in
2931 1625 3080 1669 utero
3105 1619 3238 1688 ejus,
3270 1627 3320 1673 et
3342 1625 3538 1691 repleta

277 1719 404 1772 σθαι
436 1720 531 1773 καὶ
571 1720 799 1792 σκιρτᾷν
830 1719 1261 1790 παρεσκεύασεν.
1313 1719 1487 1791 Ὅπερ
1527 1714 1595 1790 ἦν
1637 1720 1855 1791 χορείας

1959 1717 2035 1761 est
2089 1706 2296 1777 Spiritu
2349 1716 2531 1761 sancto
2566 1706 2923 1761 Elisabetlz“.
2966 1708 3082 1764 Vox
3134 1711 3303 1782 igitur
3352 1706 3538 1769 Maria:

276 1807 555 1881 θαύματος
586 1789 872 1881 σύμϐολον.
913 1789 1081 1863 Ἔνθα
1110 1808 1275 1882 γάρὴ
1312 1789 1724 1881 κεχαριτωμένη
1752 1826 1855 1863 πα-

1959 1798 2146 1855 efﬁcax
2183 1798 2307 1866 fuit,
2338 1808 2393 1854 et
2416 1798 2621 1869 Spiritu
2648 1810 2842 1854 sancto
2870 1802 3095 1872 replevit
3116 1801 3393 1859 Elisabeth
3418 1820 3432 1858 :
3470 1822 3536 1862 ac

276 1903 662 1974 ραγεγένηται,
718 1904 894 1975 χαρᾶς
944 1902 1015 1956 τὰ
1056 1903 1237 1957 πάντα
1281 1904 1654 1975 πεπλήρωται.
1699 1904 1854 1957 Ἀνε-

274 1992 521 2063 φώνησε
535 1995 594 2048 δὲ
626 1992 1036 2065 φωνῇμεγάλῃ
1090 1998 1124 2066 ἡ
1172 1994 1470 2055 Ἐλισάόετ,
1521 1995 1621 2049 καὶ
1650 1990 1849 2049 εἶπενο

274 2086 670 2156 Εὐλογημένη
719 2086 800 2141 σὺ
844 2085 914 2140 ἐν
951 2086 1211 2156 γυναιξὶ,
1240 2088 1339 2141 καὶ
1384 2086 1790 2156 εὐλογημένος
1822 2091 1856 2143 ό

260 2179 505 2247 ,καρπὸς
538 2178 648 2246 τῆς
678 2178 912 2245 κοιλίας
942 2193 1088 2233 σοιν
1136 2178 1235 2233 καὶ
1279 2180 1467 2232 πόθεν
1499 2197 1608 2248 μοι
1635 2180 1814 2235 τοῦτο
1836 2222 1851 2245 ,

272 2271 376 2322 ἵνα
401 2269 551 2337 ἔλθῃ
573 2270 612 2337 ἠ
635 2267 832 2339 μήτηρ
866 2269 972 2323 τοῦ
1001 2271 1222 2337 Κυρίου
1263 2287 1383 2340 μου
1410 2270 1561 2340 πρὸς
1592 2272 1672 2342 μέ
1689 2289 1709 2337 ;
1740 2275 1857 2327 Εὐ-

270 2360 579 2430 λογημένη
611 2361 693 2414 σὺ
720 2360 791 2414 ἐν
820 2360 1080 2430 γυναιξί.
1119 2362 1190 2415 Σὺ
1223 2361 1333 2434 γὰρ
1365 2365 1557 2428 αὐταῖς
1588 2366 1731 2437 ἀρχὴ
1757 2367 1856 2437 τῆς

272 2451 632 2515 ἀναπλάσεως
679 2449 815 2525 [ἄλ.
869 2452 1249 2525 ἀναστάσεως]
1304 2454 1554 2523 γέγονας.
1599 2457 1672 2509 Σὺ
1707 2459 1842 2528 παῤ-

276 2542 473 2615 ρησίαν
501 2544 635 2615 ἡμῖν
655 2544 752 2615 τῆς
776 2544 858 2607 είς
887 2544 1213 2614 παράδεισον
1242 2546 1447 2599 εἰσόδου
1469 2546 1727 2612 δέδωκας,
1762 2549 1857 2603 καὶ

274 2636 374 2708 τήν
418 2637 653 2708 ἀρχαίαν
696 2636 884 2707 ὀδύνην
915 2635 1159 2703 ὲδίωξας.
1197 2637 1392 2692 Οὐκέτι
1433 2638 1543 2711 γὰρ
1585 2640 1726 2712 μετὰ
1759 2641 1853 2706 σὲ,

275 2731 339 2784 τὸ
371 2730 526 2799 γένος
552 2730 661 2784 τῶν
684 2731 956 2799 γυναικῶν
986 2731 1319 2798 ὀνειδίζεται.
1356 2734 1553 2787 Οὐκέτι
1576 2735 1627 2787 οἱ
1661 2735 1857 2807 κληρο-

278 2822 434 2892 νόμοι
474 2822 575 2893 τῆς
621 2821 767 2886 Εὐας
817 2821 1105 2893 φοϐοῦνται
1148 2824 1246 2895 τὴν
1296 2825 1530 2897 ἀρχαίαν
1588 2826 1852 2898 κατάραν,

275 2914 398 2967 οὐδὲ
422 2912 519 2968 τοῦ
551 2913 772 2967 τοκετοῦ
801 2913 898 2986 τὴν
938 2914 1122 2970 ὠδῖνα.
1176 2916 1392 2989 Ἐπειδὴ
1420 2918 1654 2988 Χριστὸς
1690 2918 1719 2969 ὁ
1756 2917 1851 2972 τοῦ

275 3004 468 3073 γένους
492 3004 651 3075 ἡμῶν
683 3004 997 3076 Λυτρωτὴς,
1023 3008 1052 3059 ὁ
1072 3004 1262 3077 Σωτὴρ
1287 3006 1416 3078 ὅλης
1438 3008 1537 3079 τῆς
1565 3008 1799 3077 φύσεως,
1824 3011 1854 3063 ὁ

1960 1892 2107 1946 velut
2159 1906 2227 1945 ex
2272 1892 2496 1961 perenni
2531 1886 2771 1961 quodam
2824 1891 3001 1958 fonte,
3030 1893 3395 1951 instrumento
3428 1896 3534 1951 lin-

1958 2000 2095 2056 guae,
2125 1982 2328 2039 ﬂumen
2360 1984 2754 2041 charismatum
2801 2000 2898 2054 per
2929 1986 3267 2057 prophetiam
3286 1999 3535 2061 cognatae

1958 2091 2072 2132 sua:
2096 2076 2320 2131 emisit:
2357 2085 2410 2130 et
2456 2077 2684 2146 pedibus
2719 2076 2950 2133 infantis
2986 2079 3041 2133 in
3077 2088 3232 2134 utero
3263 2078 3533 2153 colligatis

1959 2165 2057 2240 [αι.
2087 2167 2371 2240 colligati],
2409 2169 2609 2224 saltum
2654 2178 2710 2224 et
2749 2171 3171 2226 exsultationem
3219 2174 3532 2243 suppedita-

1956 2260 2052 2315 vit.
2106 2258 2265 2326 Quod
2317 2260 2535 2330 quidem
2585 2262 2900 2319 miraculosi
2946 2266 3167 2336 tripudii
3224 2269 3531 2339 symbolum

1958 2354 2287 2424 signumque
2339 2364 2477 2408 erat.
2531 2354 2666 2408 Nam
2720 2357 2811 2410 ubi
2865 2359 3041 2420 gratia
3094 2360 3251 2428 plena
3290 2362 3530 2426 advenit,

1958 2442 2157 2513 gaudio
2179 2451 2375 2497 cuncta
2405 2444 2607 2513 repleta
2634 2453 2782 2499 sunt.
2829 2444 3165 2503 Exclamavit
3201 2459 3381 2505 autem
3422 2470 3535 2507 ma-

1957 2551 2064 2604 gna
2092 2551 2211 2588 voce
2240 2533 2515 2589 Elisabetb
2547 2577 2563 2601 ,
2597 2553 2659 2589 ac
2690 2538 2828 2591 dixit
2853 2538 3178 2595 :Bened‘icta
3222 2553 3278 2596 tu
3322 2545 3375 2597 in
3420 2559 3536 2599 mu-

1958 2625 2197 2688 lieribus,
2240 2636 2289 2679 et
2327 2622 2626 2683 benedictus
2655 2626 2861 2697 fructus
2901 2632 3095 2687 ventris
3135 2636 3233 2687 tui.
3290 2634 3360 2688 Et
3394 2636 3535 2690 unde

1958 2719 2054 2770 lue
2089 2717 2239 2782 mihi,
2263 2727 2320 2771 ut
2355 2718 2528 2772 veniat
2551 2731 2721 2774 mater
2746 2721 2957 2775 Domini
3001 2720 3102 2777 mei
3129 2726 3199 2778 ad
3221 2742 3301 2779 me
3323 2728 3365 2757 ¹⁷
3388 2724 3411 2781 ?
3438 2727 3536 2782 Be-

1959 2808 2169 2862 nedicta
2218 2810 2362 2863 tuin
2393 2810 2727 2866 mulieribus.
2756 2808 2835 2869 Tu
2888 2816 3090 2885 quippe
3146 2817 3280 2887 ipsis
3330 2819 3534 2889 princi-

1956 2898 2108 2969 pium
2164 2901 2526 2971 reparationis
2578 2900 2677 2974 [αι.
2731 2906 3171 2980 resurreetionis]
3225 2908 3412 2965 effecta
3450 2925 3531 2967 es.

1960 2988 2043 3047 Tu
2076 2992 2333 3047 fiduciam
2364 2994 2417 3047 in
2454 2995 2770 3063 paradisum
2806 2997 3063 3054 introitus
3096 3001 3255 3056 nobis
3311 3002 3531 3070 dedisti,

277 3096 644 3168 πνευματικὸς
676 3096 867 3167 Ἀδὰμ,
893 3098 922 3150 ὁ
942 3095 1036 3149 τοῦ
1065 3096 1251 3167 χοϊκοῦ
1265 3100 1366 3168 τὴν
1388 3098 1601 3170 πληγὴν
1631 3099 1854 3170 ἰασάμε-

1959 3092 2013 3139 et
2039 3085 2325 3154 antiquum
2352 3085 2593 3140 dolorem
2626 3087 2944 3160 luctumque
2976 3086 3199 3161 fugasti.
3228 3088 3348 3148 Non
3379 3095 3528 3150 enim

276 3202 367 3250 νος
392 3189 457 3240 ἐκ
480 3186 582 3256 τῆς
618 3185 781 3254 ἁγίας
810 3185 1045 3256 γαστρός
1074 3203 1168 3239 σου
1203 3187 1549 3258 προέρχεται.
1584 3191 1853 3258 Εὐλογη-

274 3278 428 3350 μένη
470 3278 554 3334 σὺ
580 3277 651 3332 ἐν
678 3276 937 3348 γυναιξὶ,
996 3278 1093 3332 καὶ
1123 3277 1527 3349 εὐλογημένος
1553 3283 1587 3334 ὀ
1627 3280 1855 3349 καρπὸς

275 3371 388 3443 τῆς
421 3372 652 3439 κοιλίας
686 3386 824 3425 σου.
871 3370 929 3423 Ὀ
959 3368 1066 3444 γὰρ
1099 3372 1319 3428 πάντων
1348 3371 1458 3426 τῶν
1500 3372 1722 3442 ἀγαθῶν
1750 3392 1853 3443 φυ-

274 3463 538 3536 τουργὸς,
589 3461 682 3526 σὸς
745 3460 955 3533 καρπὸς
1007 3461 1398 3517 ἀναδέδεικται.
1458 3462 1701 3535 Λαμπρὰ
1756 3465 1854 3536 μὲν

274 3554 491 3626 ὁρῶμεν
523 3556 617 3609 καὶ
648 3553 746 3624 τῆς
777 3552 1001 3624 στείρας
1031 3552 1099 3605 τὰ
1133 3554 1376 3625 ῥήματα’
1412 3553 1768 3628 λαμπρότερα
1795 3556 1855 3609 δὲ

278 3646 441 3699 πάλιν
484 3646 519 3715 ἡ
566 3644 698 3713 ἁγία
748 3643 1049 3713 ἐφθέγξατο
1100 3643 1397 3715 Παρθένος,
1446 3648 1542 3701 xu).
1589 3647 1734 3720 ᾠδὴν
1779 3648 1856 3720 τῷ

275 3739 396 3811 Θεῷ
422 3738 791 3811 εὐχαριστίας,
831 3737 925 3789 καλ¹
952 3736 1200 3803 εὐωδίας,
1229 3739 1325 3792 καὶ
1352 3738 1629 3808 θεολογίας
1657 3740 1856 3812 γέμου-

279 3848 378 3884 σαν
417 3830 495 3901 τῷ
526 3828 644 3900 Θεῷ
677 3829 1021 3901 ἀνατίθησιν·
1059 3830 1197 3901 μετὰ
1227 3830 1336 3884 τῶν
1376 3833 1617 3905 ἀρχαίων
1654 3832 1722 3887 τά
1762 3834 1857 3889 νέα

275 3922 749 3992 καταγγέλλουσα⁹
785 3921 924 3994 μετά
956 3921 1063 3975 τῶν
1098 3924 1193 3976 ἀπ’
1223 3922 1417 3987 αἰῶνος
1447 3923 1518 3976 τά
1547 3926 1642 3979 ἐπὶ
1677 3944 1858 3980 συντε-

275 4010 396 4081 λείᾳ
427 4009 535 4062 τῶν
555 4008 767 4062 αἰώνων
794 4007 1154 4081 κηρύττουσα,
1173 4012 1265 4064 καὶ
1293 4013 1350 4064 ὲν
1381 4011 1575 4084 βραχεῖ
1601 4014 1679 4086 τῷ
1712 4016 1856 4089 λόγῳ

276 4101 878 4171 ἀνακεφαλαιωσαμένη
923 4099 1017 4154 τοῦ
1048 4101 1281 4174 Χριστοῦ
1314 4102 1383 4157 τὰ
1418 4107 1710 4178 μυστήρια.
1753 4105 1853 4162 Εἷ-

276 4211 393 4249 αεν
423 4196 479 4249 δὲ
509 4194 745 4263 Μαριάμ
765 4211 778 4224 ·
820 4196 1153 4265 Μεγαλύνει
1196 4198 1235 4265 ἠ
1268 4198 1439 4268 ψυχή
1460 4217 1580 4268 μου
1605 4199 1713 4253 τὸν
1747 4204 1857 4257 Κύ-

272 4307 426 4358 ριον.
456 4290 564 4344 Καὶ
583 4289 959 4358 ἠγαλλίασεν
975 4289 1042 4342 τὸ
1070 4291 1307 4360 πνεῦμά
1329 4310 1449 4361 μου
1478 4294 1577 4347 ἐπὶ
1610 4294 1691 4361 τῷ
1734 4296 1856 4363 Θεῷ

275 4381 358 4448 τῷ
386 4381 611 4450 σωτῆρί
628 4399 768 4451 μου,
794 4383 888 4435 καὶ⁵
913 4381 982 4435 τὰ
1009 4381 1153 4454 ἑξῆς.
1194 4383 1565 4440 Ἀντελάόετο
1607 4388 1856 4458 Ἰσραὴλ

1959 3176 2196 3246 amplius
2224 3185 2349 3247 post
2404 3187 2457 3232 te
2490 3178 2782 3234 mulierum
2817 3197 2990 3251 genus
3025 3184 3398 3254 vituperatur;
3424 3202 3533 3242 non

1959 3271 2196 3341 amplius
2246 3271 2487 3327 heredes
2518 3271 2644 3327 Evae
2682 3272 2963 3344 antiquam
2995 3275 3435 3332 maledictioncm
3469 3279 3537 3332 ti-

1961 3374 2131 3431 ment,
2149 3379 2326 3435 ueque
2354 3374 2545 3435 partus
2573 3365 2818 3421 dolorem
2846 3367 3238 3437 reformidant;
3273 3372 3533 3440 quoniam

1958 3455 2212 3511 Christus
2243 3456 2469 3511 humani
2500 3459 2715 3529 generis
2742 3457 3091 3529 Redemptor,
3126 3459 3379 3517 Salvator
3411 3463 3535 3516 uui-

1959 3560 2129 3601 versa:
2187 3556 2416 3611 naturae,
2469 3548 2731 3618 spiritalis
2796 3550 2992 3614 Adam,
3043 3552 3242 3606 terreni
3297 3553 3536 3609 hominis

1959 3639 2159 3695 vulnus
2193 3655 2413 3715 curans,
2449 3655 2515 3695 ex
2551 3650 2743 3696 sancto
2798 3651 2891 3696 tuo
2934 3651 3090 3698 utero
3131 3646 3395 3714 procedit.
3428 3646 3534 3700 Be-

1959 3732 2169 3785 nedicta
2197 3741 2253 3784 tu
2297 3732 2351 3785 in
2385 3728 2716 3799 mulieribus,
2740 3743 2789 3787 et
2822 3733 3124 3789 benedictus
3172 3737 3378 3806 fructus
3418 3756 3531 3794 vett-

1961 3823 2058 3875 tris
2119 3822 2221 3878 tui.
2268 3820 2523 3878 Omnium
2579 3825 2728 3879 enim
2769 3825 3037 3879 bonorum
3089 3828 3364 3897 plautator
3407 3839 3534 3886 tuus
3626 3892 3627 3897 η

1959 3910 2171 3967 fructus
2218 3912 2445 3968 effectus
2501 3922 2604 3968 est.
2659 3912 2935 3969 Praeclara
2986 3916 3208 3986 quidem
3264 3916 3533 3985 videmus,

1958 4009 2123 4063 etiam
2155 4009 2359 4064 sterilis
2389 4004 2667 4065 Elisabcth
2718 4009 2919 4077 verba;
2951 4021 3007 4064 at
3047 4011 3341 4067 illustriora
3368 4015 3533 4070 vicis-

1968 4101 2074 4156 sim
2130 4102 2481 4157 sanctissima
2534 4103 2822 4173 prolocuta
2851 4112 2933 4159 est
2964 4098 3152 4176 Virgo,
3179 4116 3233 4160 et
3258 4108 3533 4164 canticum

1959 4191 2071 4247 Deo
2142 4194 2444 4264 gratiarum
2522 4195 2789 4261 actionis,
2861 4195 3102 4268 bonique
3173 4199 3397 4265 odoris,
3470 4217 3536 4257 ac

1958 4285 2250 4356 theologia:
2278 4287 2498 4356 plenum
2530 4286 2803 4355 retribuit,
2830 4304 2952 4343 cum
2990 4288 3230 4360 antiquis
3264 4307 3402 4346 nova
3437 4308 3536 4346 an-

1964 4377 2250 4444 nuntians,
2296 4393 2420 4432 cum
2470 4377 2539 4432 iis
2580 4394 2704 4449 qua:
2735 4394 2767 4433 a
2810 4376 3010 4435 saeculo
3053 4390 3108 4435 et
3149 4382 3219 4436 ab
3263 4382 3439 4448 initio,
3470 4400 3532 4438 ea

276 4475 492 4541 παιδὸς
522 4473 728 4539 αὐτοῦ,
754 4472 1101 4544 μνησθῆναι
1139 4476 1351 4543 ἐλέους
1376 4478 1565 4531 αὑτοῦ
1588 4519 1603 4544 ,
1649 4480 1751 4535 καὶ
1778 4477 1854 4553 ἧς

1962 4481 2085 4537 quae
2160 4467 2216 4521 in
2274 4467 2601 4523 saeculorum
2684 4471 3160 4526 consummatione
3218 4471 3535 4528 acciderunt

277 4569 445 4623 ἔθετο
476 4567 587 4638 [ἄλ.
623 4564 871 4639 διέθετο]
904 4567 1193 4637 διαθήκης
1220 4566 1301 4633 τῷ
1344 4569 1620 4641 Ἀϐραὰμ,
1655 4575 1753 4628 καὶ
1776 4558 1856 4642 τῷ

277 4658 573 4727 σπέρματι
597 4656 806 4723 αὐτοῦ,
838 4657 950 4724 ἕως
974 4658 1206 4725 αἰῶνος.
1238 4660 1475 4731 Θεωρεῖς
1508 4662 1626 4727 πῶς
1657 4666 1689 4737 ἡ
1726 4666 1855 4735 άγία

279 4750 575 4821 Παρθένος,
600 4750 692 4804 καὶ
725 4750 822 4822 τὴν
850 4750 1250 4822 πατριαρχικὴν
1284 4752 1618 4824 ὑπερέϐαλεν
1649 4756 1854 4811 τελειό-

279 4860 441 4912 τητα,
472 4846 566 4898 καὶ
594 4843 800 4915 βεϐαιοῖ
826 4843 924 4915 τὴν
968 4843 1107 4914 πρὸς
1153 4842 1403 4915 Ἀδραάμ
1435 4844 1528 4898 τοῦ
1572 4846 1708 4900 Θεοῦ
1741 4848 1856 4903 δια-

281 4934 456 5008 θήκην
475 4974 490 4998 ,
543 4936 822 5004 λέγοντος·
874 4936 1038 5002 Αὕτη
1069 4936 1108 5003 ἡ
1136 4935 1423 5003 διαθήκη,
1468 4935 1549 5004 ἢν
1574 4937 1856 5005 διαθήσο-

274 5045 387 5099 μαι
438 5027 747 5097 ἀναμέσον
794 5026 941 5096 ἐμοῦ
978 5026 1078 5080 καὶ
1121 5024 1256 5079 σοῦ.
1322 5027 1415 5080 Διὸ
1468 5027 1636 5082 ἐλθὼν
1698 5032 1856 5101 κυροῖ

281 5123 420 5196 [ἄλ.
451 5120 683 5193 πληροῖ]
717 5119 983 5192 τὴνθπρὸς
1039 5117 1290 5191 Ἀϐραὰμ
1327 5119 1616 5192 διαθήκην,
1662 5140 1855 5193 μυστι-

282 5213 399 5277 κῶς
445 5213 504 5267 τὸ
542 5214 768 5284 σημεῖον
811 5212 910 5283 τῆς
941 5211 1240 5283 περιτομῆς
1282 5211 1677 5283 ἀναδεξάμενος
1696 5255 1711 5278 ,
1760 5214 1853 5268 καὶ

283 5305 557 5377 πλήρωμα
606 5304 768 5375 νόμον
832 5306 922 5360 καὶ
1001 5303 1295 5377 προφητῶν
1344 5304 1657 5375 γενόμενος.
1707 5305 1851 5359 Ταύ-

1960 4558 2294 4631 przedicans,
2367 4560 2660 4631 brevique.
2694 4577 2945 4617 ser-mone
3018 4561 3223 4618 Christi
3274 4567 3534 4636 mysteria

1961 4654 2275 4705 summatim
2315 4653 2711 4722 perstringens.
2746 4655 2835 4707 Ait
2869 4663 3050 4709 autem
3080 4651 3257 4708 Maria
3279 4673 3297 4709 :
3324 4655 3536 4727 Magni-

1957 4750 2084 4818 ﬁcat
2134 4749 2318 4802 anima
2374 4764 2491 4802 mea
2550 4746 2854 4802 Dominum.
2881 4748 2950 4802 Et
3000 4750 3284 4804 exsultavit
3316 4752 3534 4820 spiritus

1959 4854 2102 4892 meus
2149 4838 2204 4890 in
2248 4837 2358 4892 Dea
2399 4838 2629 4892 salutari
2658 4856 2792 4903 meo,
2814 4848 2866 4894 et
2889 4855 3012 4907 qua":
3055 4850 3380 4912 sequuntur.
3409 4839 3537 4897 Sus-

1957 4933 2091 5001 cepit
2151 4931 2327 4987 Israel
2353 4946 2572 5000 puerum
2603 4947 2780 4997 suum,
2819 4933 3125 4988 recordatus
3157 4935 3537 4989 misericordiw

1956 5041 2106 5088 sua,
2148 5040 2211 5077 ac
2255 5024 2553 5078 testamenti
2600 5024 2740 5093 quod
2778 5025 3036 5093 disposuit
3097 5043 3216 5079 cum
3266 5026 3534 5079 Abraham

1955 5126 2004 5170 et
2038 5117 2231 5170 semine
2253 5117 2365 5186 ejus
2393 5118 2448 5170 in
2471 5116 2671 5170 stecula
2695 5116 2759 5170 ¹⁸.
2789 5114 2946 5173 Vides
2973 5133 3083 5188 quo
3113 5129 3273 5188 pacto
3300 5121 3502 5173 sanctis
3520 5148 3533 5157 -

1959 5210 2097 5264 sima
2127 5206 2297 5281 Virgo
2352 5211 2515 5264 etiam
2565 5210 2989 5279 patriarchicam
3043 5212 3381 5282 superaverit
3406 5226 3529 5280 per‘

1958 5300 2813 5374 fectionem,conﬁrmaveritque
2866 5312 3252 5360 testamentum
3310 5301 3404 5357 Dei
3464 5303 3533 5356 ad

282 5410 380 5465 της
414 5390 507 5448 οὖν
550 5394 650 5465 τῆς
704 5392 1039 5466 προφητείας
1272 5395 1477 5467 ταύτην
1540 5392 1634 5451 οὖν
1678 5394 1855 5473 ᾠδὴν]

1962 5395 2260 5462 Abraham,
2291 5396 2522 5452 dicentis
2556 5414 2571 5451 :
2607 5396 2724 5450 Hoc
2751 5407 2829 5451 est
2857 5406 3246 5460 testamentum,
3264 5395 3402 5467 quod
3423 5404 3532 5449 sta-

281 5488 382 5560 τὴν
445 5485 586 5559 ᾠδὴν
627 5487 660 5557 ἡ
704 5486 836 5555 ἀγία
898 5486 1158 5549 Θεοτόκος
1224 5484 1301 5557 τῷ
1363 5485 1482 5558 Θεῷ
1537 5488 1855 5558 ἀνέπεμπεν

1965 5501 2112 5545 tuam
2160 5493 2297 5546 inter
2338 5509 2418 5546 me
2452 5502 2501 5547 et
2539 5502 2589 5546 te
2611 5493 2676 5547 ¹ο⁹.
2711 5491 2947 5563 Ideoque
2989 5491 3237 5557 veniens,
3265 5506 3425 5546 suum
3467 5491 3535 5545 ad

283 5578 419 5651 ίᾶλ.
473 5578 796 5651 ἀπένειμε],
856 5579 1118 5648 λέγουσα’
1178 5581 1515 5650 Μεγαλύνει
1579 5583 1619 5649 ἡ
1680 5581 1852 5650 ψυχή

1962 5585 2235 5638 Abraham
2294 5585 2580 5640 confirmat
2623 5585 2722 5657 [αι.
2772 5584 3054 5657 adimplet]
3126 5592 3534 5653 testamentum,

358 5764 400 5794 "
425 5758 555 5816 Luc.
591 5778 626 5827 I,
656 5761 745 5829 40,
774 5761 861 5816 41.
944 5760 984 5795 ⁸⁷
1012 5761 1145 5819 Ibid.
1182 5763 1267 5829 4‘2,
1300 5762 1387 5819 45.
1473 5765 1517 5799 ⁸⁸
1550 5765 1683 5822 Ibid.
1718 5765 1786 5821 46
1813 5783 1855 5824 5t

1959 5809 1965 5823 .
2046 5770 2087 5803 ¹⁹
2116 5770 2251 5827 Gen.
2279 5789 2410 5839 xvu,
2441 5774 2496 5827 Η
2523 5771 2715 5842 diem.
2744 5789 2819 5842 tv,
2848 5772 2935 5827 ll.
