3950 6326
518 319 651 375 1167

1173 322 1228 376 S.
1270 322 1595 380 GREGORII
1633 324 1996 382 THAUMAT.
2034 324 2185 381 OPP.
2227 325 2408 383 PARS
2446 325 2752 384 ALTERA.
2792 357 2864 370 -—
2904 329 3133 387 DUBIA.

3597 335 3707 393 H65

516 440 740 513 mystice
768 442 984 514 signum
1019 441 1456 502 circumcisionis
1502 448 1796 519 accipiens,
1838 459 1893 505 et
1921 450 2082 522 pleni-

2190 469 2311 520 μου
2373 451 2482 505 τὸν
2534 454 2774 522 Κύριον.
2826 453 2935 509 Kal
2997 454 3365 524 ἠγαλλίασεν
3407 455 3470 512 τὸ
3514 459 3711 531 πνεῦμὰ

515 534 647 590 tudo
696 534 831 603 legis
874 549 938 589 ac
982 535 1374 606 prophetarum
1424 538 1669 597 etlectus.
1708 540 1884 610 Hujus
1927 544 2082 616 igitur

2188 561 2341 613 μου,
2398 544 2495 600 ἐπὶ
2547 545 2629 611 τῷ
2681 543 2804 612 Θεῷ
2855 544 3079 615 σωτῆρί
3126 565 3261 617 μου.
3306 548 3428 602 Ὀτι
3470 550 3713 619 ἐποίησέ-ι·

515 627 813 698 prophetiae
844 627 1115 681 canticum
1145 626 1243 699 [al.
1277 628 1381 685 hoc
1408 630 1573 702 igitur
1596 634 1900 709 canticum]
1968 652 2095 693 sau-

514 729 599 774 cta
619 719 709 773 Dei
722 720 964 774 Genitrix
983 718 1090 774 Deo
1108 722 1416 777 remittebat
1442 723 1540 795 [al.
1560 727 1855 800 retribuit],
1872 729 2058 784 dicens
2079 749 2091 783 :

518 811 833 883 Magniﬁcat
874 813 1055 865 anima
1084 828 1199 866 mea
1233 812 1542 872 Dominum.
1570 815 1642 870 Et
1672 819 1957 874 exsultavit
1980 822 2087 890 spi-

515 908 651 961 ritus
685 923 827 959 meus
857 908 910 959 in
951 905 1057 959 Deo
1086 906 1318 962 salutari
1349 924 1481 963 meo.
1514 908 1654 974 Quia
1679 910 1803 981 fecit
1834 911 1965 965 milli
1987 929 2096 967 ma-

515 1017 618 1070 gna
638 1000 728 1070 qui
751 1010 931 1069 potens
958 1009 1057 1064 est,
1094 1009 1143 1054 et
1167 1009 1412 1054 sanctum
1435 1018 1619 1056 nomen
1661 1005 1774 1074 ejus
1792 1005 1859 1058 ’°.
1889 1003 2080 1076 Deipa-

512 1109 630 1149 ram
658 1094 854 1163 quippe
872 1109 956 1148 me
977 1091 1205 1159 faciens,
1221 1094 1460 1150 vicissim
1481 1111 1568 1150 me
1583 1097 1846 1167 virginem
1873 1113 2094 1152 conser-

512 1186 694 1253 vavit;
720 1199 773 1240 et
804 1201 899 1256 per
921 1202 1100 1241 meum
1138 1196 1404 1254 ventrem,
1431 1196 1753 1244 cunctarum
1789 1190 2095 1260 generatio-

514 1295 667 1345 num,
711 1279 765 1333 in
799 1280 1309 1347 sanctilicationem,
1332 1284 1648 1336 summatim
1679 1283 1965 1353 colligatur
1986 1282 2095 1352 ple-

510 1372 727 1429 nitudo.
753 1370 913 1427 Omni
945 1374 1090 1426 enim
1126 1373 1271 1428 aetati
1321 1374 1621 1438 benedixit,
1659 1374 1902 1430 virorum
1946 1376 2094 1447 pari-

513 1475 593 1520 ter
636 1480 702 1520 ac
736 1464 1027 1519 mulierum
1051 1506 1065 1530 ,
1108 1464 1641 1521 adolescentulorum
1690 1480 1755 1519 ac
1786 1464 2089 1535 iuvenum,

508 1571 834 1626 senumque.
874 1554 1024 1610 Fecit
1055 1557 1346 1625 potentiam
1392 1557 1445 1610 in
1484 1556 1701 1610 brachio
1734 1573 1829 1611 suo
1867 1558 1948 1621 “,
1994 1574 2093 1627 pro

512 1646 670 1702 nobis
696 1646 963 1701 adversus
998 1654 1229 1702 mortem
1258 1656 1311 1702 et
1336 1646 1639 1712 diabolum,
1669 1657 2094 1718 nostrorumque

512 1748 856 1810 peccatorum
883 1739 1231 1809 disrumpens
1265 1737 1607 1812 [al.dirupit]
1633 1739 2087 1812 chirographum.

2189 654 2291 705 μοι
2338 636 2628 708 μεγαλεῖα
2678 641 2713 693 ό
2773 638 3030 705 δυνατὸς
3059 679 3073 705 ,
3122 640 3219 694 καὶ
3291 639 3452 710 ἄτιον
3506 643 3564 696 τῦ
3609 643 3711 699 ὀνο-

2188 745 2274 798 μα
2295 729 2497 783 αὐτοῦ.
2520 730 2793 797 ,Θεοτόκον
2821 729 2931 803 γὰρ
2954 731 3188 803 ποιήσας
3209 749 3296 802 με,
3320 733 3472 787 πάλιν
3496 734 3714 807 παρθένω

2193 818 2509 888 διεφύλαξεν
2524 836 2537 850 ’
2564 822 2658 874 καὶ
2679 820 2770 874 διὰ
2791 821 2893 892 τῆς
2921 823 3061 894 ἐμῆς
3082 824 3337 895 γαστρὸς,
3361 824 3534 878 πασῶν
3552 826 3715 893 γενεῶν

2194 909 2272 971 εἰς
2304 909 2574 980 ἁγιασμόν
2607 910 3109 980 ἀκακεφαλαιοῦται
3147 914 3208 967 τὸ
3255 913 3533 985 πλήρωμα.
3565 917 3714 971 ﬁdem

2194 997 2300 1070 γὰρ
2347 997 2557 1069 ἡλικίαν
2604 999 2940 1071 ηὑλόγησεν,
2993 1002 3201 1075 ἀνδρῶν
3251 1021 3310 1056 τε
3341 1004 3434 1059 καὶ
3472 1008 3715 1074 γυναικῶν,

2193 1090 2487 1144 νεανίσκων
2530 1090 2624 1145 καὶ
2672 1092 2907 1158 παίδων,
2964 1096 3060 1148 καὶ
3117 1097 3403 1168 γερόντων.
3449 1099 3718 1167 Ἐποίησεν

2194 1179 2417 1250 κράτος
2445 1182 2517 1235 ἐν
2539 1182 2821 1251 βραχίονι
2853 1185 3063 1251 αὐτοῦ,
3111 1186 3253 1261 ὑπὲρ
3287 1187 3457 1258 ἡμῶν,
3500 1191 3620 1244 κατὰ
3645 1192 3716 1246 τοῦ

2194 1273 2447 1337 θανάτου,
2475 1275 2572 1328 καὶ
2613 1275 2753 1329 κατὰ
2791 1276 2887 1329 τοῦ
2918 1276 3189 1344 διαϐόλου,
3224 1281 3322 1334 καὶ
3349 1279 3455 1335 τῶν
3484 1285 3717 1355 ἡμετέρων

2192 1365 2475 1438 ἁμαρτιῶν
2502 1366 2798 1439 διαρρήξας
2831 1367 2954 1439 [ἄλ.
2990 1369 3267 1444 διέρρηξε]
3300 1373 3359 1426 τὺ
3391 1372 3715 1445 χειρόγραφον.

2193 1460 2620 1528 Διεσκόρπισεν
2656 1460 3081 1530 ὑπερηφάνους
3120 1463 3220 1517 διὰ
3256 1466 3484 1531 ἐννοίας
3519 1467 3718 1535 καρδίας

2194 1545 2303 1618 [ἄλ.
2333 1546 2567 1616 διανοίᾳ
2585 1548 2693 1617 τῆς
2708 1550 2980 1624 καρδίας]
3003 1552 3224 1608 αὐτῶν⁸
3265 1555 3423 1609 αὐτόν
3449 1572 3502 1608 τε
3529 1556 3607 1609 τὸν
3631 1557 3718 1611 διὰ-

2195 1638 2347 1691 ϐολον
2393 1639 2791 1713 διεσκόρπισεν,
2827 1642 2919 1695 καὶ
2963 1643 3173 1709 πάντας
3208 1646 3336 1711 τοὺς
3383 1648 3561 1720 ἐκείνῳ
3596 1667 3720 1722 στρα-

2192 1727 2446 1793 τεύοντας
2493 1730 2769 1802 δαίμονας.
2813 1734 3049 1796 Ἐκεῖνος
3090 1735 3200 1808 γὰρ
3234 1740 3303 1809 τῇ
3344 1739 3529 1811 καρδίᾳ
3559 1742 3719 1812 κυρίως

511 1832 768 1903 Dispersit
799 1834 1047 1902 superbos
1076 1840 1243 1886 mente
1275 1833 1451 1887 cordis
1475 1835 1519 1864 ”
1543 1833 1778 1904 ipsorum
1806 1849 1824 1898 ;
1872 1835 2082 1906 disper-

2191 1817 2260 1891 ἦν
2306 1821 2677 1893 ὑπερήφανος,
2718 1824 2907 1897 ἐπειδὴ
2957 1825 3134 1895 λέγειν
3182 1830 3496 1903 ἐτόλμησεν·
3538 1832 3718 1887 Ἐπάνω

511 1926 582 1981 sit
606 1926 785 1996 ipsum
814 1923 1112 1989 diabolum,
1142 1932 1196 1980 et
1223 1932 1459 1981 cunctos
1485 1926 1533 1981 ei
1552 1925 1852 1980 militantes
1882 1925 2089 1981 daemo-

511 2034 629 2073 nes.
654 2017 747 2073 Ille
766 2018 966 2089 quippe
997 2018 1216 2088 proprie
1252 2019 1418 2074 corde
1446 2018 1715 2088 superbus
1758 2027 1898 2084 erat,
1946 2034 2086 2088 quo-

506 2112 655 2167 niam
693 2112 875 2167 dicere
896 2111 1166 2165 audebat:
1197 2109 1375 2180 Supra
1401 2111 1563 2165 nubes
1610 2110 1729 2164 caeli
1779 2126 1974 2180 ponam
1999 2126 2079 2164 so-

508 2202 640 2256 lium
669 2218 863 2265 meum,
913 2212 961 2256 et
1003 2218 1091 2255 ero
1148 2202 1339 2256 similis
1392 2201 1670 2256 Altissimo
1701 2202 1767 2257 ”.
1799 2200 2087 2268 Quomodo

508 2308 637 2348 vero
668 2308 811 2348 nunc
838 2292 1011 2362 ipsum
1044 2290 1345 2362 dissiparit,
1372 2299 1775 2361 consequenter
1822 2292 2085 2361 prepbeta

508 2387 825 2452 declaravit,
860 2386 1049 2441 dicens
1079 2400 1094 2439 :
1124 2383 1282 2438 Nunc
1309 2394 1486 2439 autem
1509 2385 1563 2438 in
1588 2384 1853 2453 infernum
1879 2383 2090 2437 descen-

507 2479 598 2533 tles
631 2478 677 2510 "
705 2476 802 2551 [al.
831 2475 1201 2549 deprimeris],
1226 2485 1279 2532 et
1305 2477 1487 2532 cuncti
1523 2476 1797 2531 exercitus
1837 2476 1936 2529 tui.
1961 2474 2087 2530 Ubi-

508 2584 615 2640 que
647 2569 792 2629 enim
822 2585 947 2623 aras
970 2607 986 2633 ,
1044 2576 1209 2639 atque
1262 2568 1489 2625 delubra
1522 2568 1678 2638 ejus,
1728 2568 2087 2637 inaniumque

509 2665 735 2717 deorum
777 2660 957 2716 cultus
985 2659 1262 2730 dispersit,
1310 2669 1365 2714 et
1414 2676 1482 2715 ex
1517 2660 1772 2731 gentibus
1822 2659 2084 2729 populum

506 2754 613 2809 sibi
645 2753 977 2825 peculiarem
1015 2761 1176 2823 atque
1222 2760 1509 2822 acceptum
1558 2750 1862 2806 constituit.
1912 2749 2087 2820 Depo-

506 2848 613 2901 suit
637 2856 869 2918 potentes
907 2845 971 2899 de
999 2844 1138 2908 sede,
1166 2853 1214 2897 et
1237 2843 1494 2897 exultavit
1523 2842 1748 2896 humiles
1781 2842 1849 2896 ²’.
1876 2840 2085 2907 Quibus

508 2953 640 2993 sane
664 2937 867 3002 verbis,
895 2934 1208 2990 Iudaeorum
1256 2933 1574 3003 eiectionem
1625 2942 1681 2987 et
1713 2934 1954 3003 gentium
1997 2934 2085 2988 in-

500 3030 906 3086 troductionem
941 3027 1178 3081 breviter
1224 3025 1422 3079 innuit.
1462 3023 1773 3079 Iudaeorum
1820 3025 1963 3079 enim
1999 3039 2086 3080 se-

511 3121 716 3186 niorcs,
752 3135 817 3175 ac
841 3117 1034 3174 scribae
1057 3117 1111 3171 in
1135 3118 1273 3187 lege,
1315 3125 1369 3171 et
1402 3116 1497 3186 qui
1527 3116 1579 3170 in
1613 3116 1837 3187 reliquis
1880 3133 2084 3189 praero-

510 3212 707 3284 gativis
740 3226 805 3265 ac
832 3208 1133 3280 privilegiis
1156 3208 1351 3267 divites
1381 3216 1557 3275 erant,
1590 3210 1735 3279 quod
1768 3210 1909 3263 male
1963 3210 2082 3265 suis

508 3304 714 3359 divitiis
741 3311 796 3358 et
815 3301 1075 3373 potentiis
1102 3301 1186 3356 usi
1227 3309 1447 3367 essent,
1490 3301 1619 3357 hinc
1662 3316 1758 3357 eos
1804 3301 1873 3357 ab
1926 3303 2078 3357 omni

508 3396 637 3452 sede
660 3394 933 3465 deposuit,
964 3394 1256 3464 prophetia:
1286 3393 1547 3448 nimirum
1580 3408 1645 3448 ac
1667 3393 1985 3461 sacerdotii,
2009 3394 2083 3449 le-

505 3489 781 3561 gislaturaz
819 3499 985 3558 atque
1027 3488 1320 3554 doctrinae,
1365 3487 1656 3557 opulentia:
1698 3486 2080 3547 haereditariae.

505 3580 898 3637 sacriﬁciorum
928 3595 991 3634 ac
1030 3578 1384 3635 festivitatum
1424 3579 1631 3649 copiae,
1684 3578 2081 3649 dignitatisque

460 3674 479 3691 ⁸
503 3674 687 3746 regie.
715 3671 811 3728 His
837 3673 1093 3728 omnibus
1122 3672 1201 3727 illi
1228 3671 1466 3741 spoliati,
1500 3669 1721 3742 profugi
1749 3685 1815 3725 ac
1861 3671 1994 3726 nudi
2024 3671 2077 3726 in

502 3766 873 3837 captivitatem
900 3765 1055 3835 ejecti
1087 3776 1249 3833 sunt;
1280 3774 1333 3821 et
1372 3765 1590 3820 illorum
1650 3765 1794 3829 loco,
1841 3765 2075 3821 humiles

504 3873 572 3913 ex
604 3857 856 3929 gentibus
887 3856 1093 3927 populi,
1127 3856 1221 3927 qui
1244 3856 1514 3928 justitiam
1547 3856 1864 3913 esuriebant
1884 3898 1899 3923 ,
1927 3856 2079 3911 exal-

504 3953 599 4007 tati
633 3960 797 4007 sunt:
830 3951 1092 4022 quoniam
1136 3950 1497 4005 humilitatem
1552 3964 1732 4015 suam,
1781 3959 1837 4004 et
1879 3949 2077 4006 divinae

499 4041 831 4114 cognitionis
855 4040 1078 4106 famem,
1102 4056 1211 4111 qua
1245 4039 1650 4108 detinebantur,
1691 4042 2071 4109 ostendentes,

498 4135 743 4190 divinum
783 4131 1044 4198 Verbum,
1076 4133 1219 4188 sicut
1244 4132 1553 4187 Chananzea
1578 4134 1751 4189 micas
1778 4132 1851 4201 ⁸⁸,
1885 4134 2072 4204 depre-

500 4227 806 4293 cabantur;
874 4232 928 4281 et
983 4233 1265 4295 propterea
1320 4223 1631 4279 divinorum
1680 4224 2070 4296 mysteriorum

498 4320 685 4392 repleti
715 4326 844 4375 sunt
869 4315 1093 4373 divitiis.
1122 4313 1258 4371 Nam
1286 4316 1599 4371 universam
1637 4315 1953 4372 divinorum
1980 4317 2074 4372 bo-

499 4428 696 4466 norum
726 4419 953 4473 sortem,
983 4409 1076 4480 qui
1122 4424 1189 4463 ex
1237 4406 1457 4479 Virgine
1486 4416 1648 4464 natus
1698 4417 1783 4464 est
1813 4410 2068 4466 Christus

2193 1912 2314 1966 τῶν
2344 1912 2618 1983 νεφελῶν
2642 1916 2747 1971 τοῦ
2775 1918 3035 1984 οὐρανοῦ
3068 1917 3237 1985 θήσω
3268 1921 3378 1974 τὸν
3404 1924 3717 1993 opera-pou,

2194 2006 2289 2060 καὶ
2330 2008 2543 2077 ἔσομαι
2571 2008 2772 2077 ὅμοιος
2800 2009 2879 2076 τῷ
2921 2011 3197 2080 Ὺψίστῳ.
3234 2013 3363 2079 Πῶς
3390 2015 3448 2069 δὲ
3481 2017 3566 2069 νῦν
3592 2015 3718 2070 αὑτὸν

2192 2099 2504 2164 διέσπασεν,
2536 2100 2624 2154 διὰ
2666 2100 2773 2155 τῶν
2818 2103 2944 2174 ἑξῆς
2973 2104 3002 2155 ὁ
3043 2112 3334 2178 προφήτης
3370 2108 3637 2178 ἐδήλωσεν,
3663 2108 3720 2159 ei-

2195 2193 2332 2247 πὼψ
2361 2194 2492 2249 Νῦν
2516 2193 2585 2247 δὲ
2612 2197 2698 2261 είς
2729 2195 2883 2265 ᾅδην
2905 2198 3220 2268 καταϐήσῃ
3249 2199 3359 2271 [ελ.
3385 2204 3469 2268 είς
3497 2200 3624 2268 ᾅδου
3644 2218 3718 2254 κα-

2193 2284 2650 2359 ταϐιϐασθήσῃ],
2706 2288 2800 2341 καὶ
2851 2288 3029 2343 πάντα
3083 2290 3152 2344 τὰ
3218 2292 3590 2364 στρατεύματὰ
3631 2310 3716 2348 σου.

2193 2376 2476 2448 Πανταχοῢ
2507 2378 2613 2452 γὰρ
2643 2380 2770 2444 τοὺς
2797 2380 3014 2452 βωμοὺς
3046 2383 3231 2447 αὐτοῦ,
3270 2385 3363 2438 καὶ
3403 2384 3497 2449 τὰς
3531 2386 3622 2439 τῶν
3648 2404 3719 2455 μα·

2192 2468 2357 2522 ταίων
2400 2468 2538 2523 θεῶν
2589 2470 2844 2543 λατρείας
2897 2473 3310 2547 διεσκόρπισεν·
3358 2480 3451 2532 καὶ
3492 2480 3546 2546 ἐξ
3589 2479 3718 2532 ἐθνῶν

2192 2560 2319 2614 λαὸν
2348 2561 2657 2633 περιούσιον
2685 2564 2864 2635 ἐαυτῷ
2907 2568 3333 2626 κατεσκεύασεν.
3364 2570 3624 2626 Καθεῖλεν
3642 2570 3719 2623 δυ·

2191 2649 2422 2718 νάστας
2447 2652 2563 2706 ἀπὸ
2589 2653 2839 2721 θρόνων,
2871 2657 2968 2711 καὶ
2996 2658 3251 2727 ὕψωσεν
3286 2663 3604 2727 ταπεινούς.
3628 2661 3719 2713 Τοι-

2191 2743 2393 2816 γαροῦν
2436 2745 2534 2816 τὴν
2576 2745 2682 2801 τῶν
2746 2746 3015 2803 Ἰουδαίων
3062 2750 3327 2825 ἐκϐολὴν,
3380 2753 3472 2808 καὶ
3510 2752 3595 2824 τὴν
3636 2752 3717 2804 τῶν

2192 2836 2363 2891 ἐθνῶν
2408 2838 2717 2910 εἰσαγωγὴν
2765 2841 2823 2893 ἐν
2871 2841 3118 2914 ἐπιτόμῳ
3153 2845 3448 2917 ἐμήνυσεν.
3506 2845 3716 2899 Ἰουδαίων

2192 2926 2301 2999 γὰρ
2350 2928 2676 3001 πρεσϐύται,
2729 2931 2824 2984 καὶ
2876 2937 3224 3004 γραμματεῖς
3277 2937 3336 2989 ἐν
3388 2936 3548 3007 νόμῳ,
3592 2933 3714 2989 italo!

2191 3023 2311 3083 ταῖς
2364 3019 2576 3085 λοιπαῖς
2638 3021 2955 3094 πρεσϐείαις
3024 3025 3387 3093 πλουτοῦντες
3458 3029 3714 3098 ἐτύγχανον,

2191 3112 2380 3184 ὅτιπερ
2408 3113 2595 3177 κακῶς
2626 3114 2705 3185 τῷ
2740 3115 2952 3187 πλούτῳ
2981 3118 3073 3171 καὶ
3101 3120 3167 3189 τῇ
3216 3118 3505 3193 δυναστείᾳ
3527 3118 3717 3186 παρανό-

2193 3221 2308 3274 μως
2341 3205 2656 3277 ἐκέχρηντο,
2692 3208 2944 3261 ἐντεῦθεν
2974 3211 3171 3275 αὐτοὺς
3206 3213 3323 3266 ἀπὺ
3356 3213 3547 3277 παντὸς
3572 3212 3715 3283 θρόνον

2188 3286 2469 3364 καθεῖλεν,
2492 3302 2828 3372 προφητείας
2860 3319 2918 3354 τε
2955 3304 3048 3356 καὶ
3085 3305 3410 3377 ἱερωσύνης,
3455 3303 3716 3377 νομοθεσίας

2183 3405 2245 3441 τε
2302 3390 2397 3444 καὶ
2429 3391 2799 3458 διδασκαλίας,
2824 3395 2921 3448 καὶ
2942 3395 3195 3469 πατρῴου
3213 3399 3469 3463 πλούτου,
3490 3398 3656 3452 θυσιῶν
3672 3411 3714 3447 τε

2185 3482 2282 3535 καὶ
2313 3482 2550 3553 πλήθους
2576 3484 2799 3557 ἐορτῶν,
2827 3486 2921 3541 καὶ
2952 3487 3047 3541 τοῦ
3078 3489 3179 3559 τῆς
3214 3490 3494 3560 βασιλείας
3524 3488 3714 3559 clinopa-

2183 3591 2292 3638 τος.
2335 3572 2554 3630 Τούτων
2603 3577 2860 3631 ἁπάντων
2899 3580 3095 3633 ἐκεῖνοι
3141 3582 3330 3647 κενοὶ,
3381 3582 3473 3635 καὶ
3510 3578 3713 3653 φυγάδες,

2183 3670 2277 3723 καὶ
2307 3670 2505 3741 γυμνοὶ
2545 3672 2628 3736 είς
2668 3672 3043 3744 αἰχμαλωσίαν
3070 3673 3533 3749 ἐξαπεστάλησαν·
3565 3688 3710 3727 ταπει-

2181 3762 2262 3815 νοὶ
2304 3760 2382 3826 δὲ,
2420 3763 2534 3816 ἀντ’
2575 3763 2776 3828 αὐτῶν,
2817 3767 2865 3818 οἱ
2916 3764 2975 3832 ἐξ
3019 3764 3188 3820 ἐθνῶν
3231 3767 3379 3832 λαοὶ,
3429 3766 3714 3834 δικαιοσύνην

2180 3853 2493 3918 πεινῶντες,
2526 3854 2840 3925 ύψώθησαν·
2870 3857 3059 3930 ἐπειδὴ
3108 3858 3207 3930 τὴν
3254 3859 3467 3915 ἑαυτῶν
3502 3858 3715 3913 ταπείνω-

2184 3962 2289 4011 σιν,
2318 3948 2416 4000 καὶ
2444 3948 2534 4000 τὸν
2579 3947 2873 4019 συνέχοντα
2908 3949 3107 4016 αὐτοὺς
3132 3950 3235 4021 τῆς
3266 3951 3578 4023 θεογνωσίας
3598 3948 3714 4019 λιμὸν

2182 4037 2571 4102 ἐπιδείξαντες,
2606 4038 2700 4091 τοῦ
2742 4038 2883 4093 θείου
2929 4039 3109 4109 λόγου,
3154 4040 3315 4113 δίκην
3355 4042 3558 4113 ψιχίων,
3588 4034 3713 4091 καθά-

2181 4148 2287 4202 περ
2312 4132 2617 4197 Χαναναία,
2650 4132 3001 4205 ἐπρέσϐευον·
3032 4134 3127 4187 καὶ
3150 4133 3240 4188 διὰ
3275 4135 3450 4199 τοῦτο,
3485 4133 3570 4186 τοῦ
3593 4127 3715 4183 πλού·

2179 4240 2271 4277 του
2314 4224 2421 4278 τῶν
2467 4224 2628 4279 θείων
2686 4223 3000 4297 μυστηρίων
3053 4224 3435 4299 ἐπλήσθησαν
3490 4226 3595 4278 ελον
3632 4219 3713 4289 γὰρ

2179 4316 2269 4370 τὸν
2302 4316 2505 4389 κλῆρον
2538 4317 2646 4371 τῶν
2672 4316 2832 4374 θείων
2858 4317 3080 4388 ἀγαθῶν
3104 4320 3132 4372 ό
3162 4320 3226 4371 ἐκ
3248 4318 3523 4390 Παρθένου
3550 4313 3713 4386 τεχθεὶς

2179 4410 2412 4481 Χριστὸς
2475 4412 2505 4464 ὁ
2549 4409 2682 4474 Θεὸς
2726 4410 2915 4481 ἡμῶν,
2963 4413 3045 4474 εἰς
3088 4411 3159 4464 τὰ
3206 4409 3337 4481 ἔθνη
3380 4408 3708 4481 μετατεθηκεν.

498 4494 636 4558 Deus
680 4512 883 4570 noster,
929 4502 983 4557 in
1032 4510 1218 4574 gentes
1264 4502 1563 4557 transtulit.
1605 4501 1848 4573 Suscepit
1898 4502 2072 4559 Israel

2196 4502 2567 4557 Ἀντελὰὅετο
2635 4503 2873 4571 Ἰσραὴλ
2926 4502 3140 4569 παιδὸς
3183 4502 3393 4556 αὑτοῦ·
3438 4502 3525 4555 xui.
3558 4500 3610 4554 οὐ
3643 4493 3709 4549 τοῦ

494 4610 716 4662 puerum
746 4610 900 4649 suum
925 4595 1002 4658 ³⁷,
1056 4604 1110 4649 et
1165 4611 1274 4649 non
1328 4594 1578 4665 quemvis
1631 4594 1928 4662 lsraelem,
1982 4599 2076 4653 sed

2187 4596 2429 4667 τυχόντος
2471 4595 2709 4668 Ἰσραήλ·
2747 4595 2883 4650 ἀλλὰ
2928 4594 3024 4649 τοῦ
3061 4596 3249 4660 παιδὸς
3286 4594 3470 4659 αὐτοῦ,
3506 4596 3633 4654 ὅστις
3654 4586 3710 4657 τῷ

495 4699 728 4754 puerum
754 4701 950 4751 suum;
977 4684 1069 4755 qui
1118 4687 1290 4754 reipsa
1331 4682 1545 4741 lsraelis
1574 4687 1911 4742 nobilitatem
1947 4689 2079 4743 illu-

2187 4687 2325 4759 ἔργῳ
2372 4686 2699 4757 ἐξευγενίζει
2755 4689 2850 4742 τοῦ
2902 4688 3117 4760 Ἰσραὴλ
3161 4689 3258 4760 τὴν
3305 4690 3583 4758 εὐγένειαν.
3630 4679 3710 4736 Καὶ

496 4783 669 4831 strat:
704 4785 866 4847 atque
894 4778 1017 4833 ideo
1051 4779 1226 4847 ipsum
1256 4776 1422 4831 (ilium
1448 4786 1501 4831 et
1547 4778 1811 4832 haeredem
1846 4777 1937 4833 Dei
1972 4778 2074 4834 Ge-

2187 4778 2264 4832 Ξιὰ
2303 4777 2480 4843 τοῦτο,
2517 4779 2683 4833 παῖδα
2735 4779 2829 4833 καὶ⁷
2878 4779 3216 4850 κληρονόμον
3251 4779 3414 4833 αὐτὸν
3447 4773 3708 4850 ήθεσιτόκος

492 4867 660 4923 nitri:
691 4867 981 4937 appellavit
1013 4868 1109 4941 [al.
1136 4866 1476 4940 declaravit].
1505 4869 1643 4923 Cum
1686 4870 1833 4924 enim
1873 4871 1927 4923 in
1983 4871 2072 4925 lit-

2187 4873 2436 4927 ἐκάλεσεν
2649 4870 2961 4943 ἐδήλωσεν].
3005 4871 3298 4941 Κάμνοντα
3348 4871 3457 4945 γὰρ
3484 4859 3706 4940 εὑρὼντῷ

494 4969 606 5014 tera
652 4967 707 5013 et
775 4959 892 5029 lege
956 4959 1106 5013 illum
1167 4961 1504 5014 laborantem
1570 4960 1909 5025 invenisset,
1973 4976 2070 5031 per

2187 4965 2490 5039 γράμματι,
2523 4963 2617 5018 καὶ
2645 4964 2722 5035 τῷ
2742 4963 2893 5034 νόμῳ
2923 4963 3220 5028 κοπιῶντα,
3266 4966 3333 5035 τῇ
3372 4962 3542 5033 χάριτι
3578 4967 3706 5022 mpe-

493 5050 721 5119 gratiam
749 5052 983 5107 vocavit.
1006 5049 1192 5105 Talem
1228 5051 1392 5121 igitur
1422 5049 1677 5105 lsraelem
1704 5067 1930 5115 vocans,
1954 5069 2075 5107 sus-

491 5144 646 5211 cepit,
673 5142 978 5197 recordatus
1013 5142 1391 5196 misericordiw
1415 5160 1545 5199 suat.
1574 5142 1724 5199 Sicut
1751 5127 1960 5198 loimtus
1989 5154 2068 5199 est

491 5237 562 5289 ad
588 5245 765 5305 patres
790 5243 1016 5302 nostros,
1050 5234 1351 5301 Abraham,
1392 5245 1443 5291 et
1488 5237 1676 5291 semini
1714 5239 1826 5309 ejus
1859 5240 1915 5292 iu
1960 5256 2067 5294 ste-

489 5330 611 5383 cula
634 5330 699 5383 ³⁸.
734 5328 792 5382 In
823 5328 1012 5399 paucis
1050 5329 1215 5399 igitur
1258 5329 1411 5384 hisce
1451 5329 1809 5397 dictionibus,
1848 5332 2070 5388 univer-

489 5437 613 5477 sum
665 5421 1090 5490 dispensationis
1133 5422 1517 5492 complectitur
1561 5424 1901 5495 mysterium.
1951 5423 2066 5479 Sal-

490 5527 618 5568 vare
654 5512 854 5584 quippe
879 5526 1052 5583 genus
1074 5512 1398 5578 humanum,
1425 5524 1479 5570 et
1515 5523 1903 5572 testamentum
1937 5532 2060 5571 cum

2178 5058 2427 5113 κάλεσενο
2463 5054 2657 5109 οὐκοῦν
2683 5055 2774 5108 τὸν
2798 5054 3034 5108 τοιοῦτον
3074 5055 3289 5127 Ἰσραὴλ
3316 5054 3559 5114 καλέσας,
3580 5048 3707 5102 ἀντε-

2178 5151 2395 5206 λάϐετο
2421 5190 2436 5214 ,
2486 5148 2833 5219 μνησθῆναι
2890 5148 3137 5217 ἐλέους.
3201 5148 3405 5213 Καθὼς
3451 5142 3705 5206 ἐλάλησεν

2179 5243 2332 5311 πρὸς
2361 5242 2504 5309 τοὺς
2531 5240 2792 5309 πατέρας
2822 5239 3009 5310 ἡμῶν,
3038 5241 3120 5307 τῷ
3155 5239 3417 5309 Ἀϐραὰμ,
3447 5235 3536 5291 καὶ
3559 5228 3703 5295 σπέρ-

2172 5351 2314 5404 ματι
2346 5333 2553 5398 αὐτοῦ,
2591 5332 2702 5399 ἕως
2750 5331 2985 5399 αἰῶνος.
3025 5333 3115 5386 Ἐν
3149 5333 3371 5396 ταύταις
3414 5330 3468 5384 δὲ
3489 5327 3595 5387 ταῖς
3623 5318 3704 5373 δλί’

2176 5445 2301 5496 γαις
2333 5426 2565 5494 λέξεσιν,
2612 5426 2733 5480 ὅλον
2775 5425 2839 5478 τὸ
2884 5425 2986 5495 τῆς
3033 5426 3344 5498 οἰκονομίας
3391 5413 3703 5489 ἀναλαμϐάνει

2180 5518 2497 5589 μυστήριον.
2544 5516 2821 5573 Διασῶσαι
2865 5516 2973 5588 γὰρ
3004 5515 3064 5569 τὸ
3096 5516 3253 5585 γένος
3292 5530 3400 5568 των
3431 5506 3700 5581 ἀνθρώπων,

562 5720 1145 5795 ξοιυωλιδβεψιη
1195 5722 1518 5795 fibram.
1595 5724 1797 5779 "Ibid.
1871 5723 2047 5779 “lsa.

2187 5725 2305 5791 ,tt.
2386 5724 2588 5780 “lbid.
2626 5725 2709 5781 is.
2788 5724 2987 5781 "Luc.
3026 5725 3183 5792 1,52.
3258 5705 3697 5781 "mnuum.

491 5792 535 5827 ⁸⁷
565 5791 695 5847 Luc.
736 5808 774 5860 ι,
804 5792 891 5847 54.
964 5791 1171 5850 "Ibid.
1199 5792 1267 5848 54
1316 5792 1384 5846 55

3869 5062 3871 5185 ψ
