3950 6326
296 337 439 396 “69

1198 335 1480 391 HOMILIA
1517 334 1561 389 ll
1595 333 1664 389 IN
1700 332 2122 390 ANNUNTIAT.
2160 333 2347 391 νιιια.
2384 334 2643 390 MANE.

3403 326 3538 388 H70

294 462 393 518 καὶ
423 460 521 530 τὴν
553 458 814 530 διαθήκην
847 455 948 527 τὴν
979 455 1113 528 πρὸς
1158 459 1281 520 τοὺς
1312 456 1553 527 πατέρας
1585 454 1867 529 πληρῶσαι

1971 455 2214 525 patribus
2262 458 2618 511 constitutum
2689 455 2981 526 adimplere
3016 452 3269 511 Christus
3313 453 3537 516 volens,

297 558 620 630 βουλόμενος
666 558 694 610 6
731 554 981 626 Χριστὸς,
1035 552 1329 621 οὐρανοὺς
1376 551 1505 606 ποτὲ
1555 550 1651 622 μὲν
1709 551 1871 603 ἔκλι-

296 668 430 716 νεν,
479 648 578 703 καὶ
632 646 871 715 κατέϐη.
923 647 1109 709 ὒῦτως
1150 647 1206 700 δὲ
1260 646 1335 709 ὡς
1385 644 1667 718 χωροῦμεν
1712 644 1873 716 ἡμεῖς

298 742 692 814 ἐμφανίζεται,
744 743 828 795 ίνα
878 741 1001 795 ἰδεῖν
1035 740 1217 804 αὑτὸν,
1252 740 1346 793 καὶ
1389 737 1729 810 ψηλαφῆσαι,
1779 736 1872 789 καὶ

299 833 530 888 ἀκοῦσαι
556 833 842 898 λαλοῦντος
885 833 1209 906 ἰσχύσωμεν.
1244 832 1352 885 Καὶ
1382 831 1469 885 διὰ
1498 831 1653 884 τοῦτο
1683 831 1712 883 6
1742 828 1872 893 Θεὸς

297 923 471 993 Λόγος
490 925 669 996 σάρκα
694 925 787 978 καὶ
813 924 1012 978 τέλειον
1039 922 1317 996 ἄνθρωπον
1344 924 1407 976 ἐκ
1434 921 1688 991 γυναικὸς
1715 919 1873 990 ἁγίας

302 1016 577 1089 Παρθένου
616 1015 905 1071 ἀναλαϐεῖν
940 1016 1297 1089 κατηξίωσεν,
1332 1015 1427 1069 καὶ
1477 1014 1738 1087 ἐγεννήθη
1782 1015 1874 1069 άν-

298 1110 538 1180 θρωπος,
574 1110 660 1164 ἵνα
694 1110 882 1181 ἐκτίσῃ
925 1110 988 1162 τὸ
1019 1108 1283 1183 ἡμέτερον
1323 1110 1572 1180 ὄφλημα,
1608 1109 1702 1162 καί¹
1736 1108 1872 1179 πλη⁹

301 1199 455 1274 ρώσῃ
494 1200 684 1272 μέχρις
728 1200 942 1264 ἑαυτοῦ,
990 1204 1089 1271 τῆς
1134 1201 1269 1272 πρὸς
1314 1201 1561 1274 Ἀϐραὰμ
1584 1199 1867 1273 διαθήκης,

300 1292 603 1364 περιτομῆς
630 1309 690 1345 τε
718 1293 811 1345 καὶ
832 1293 938 1346 τῶν
962 1292 1158 1364 ἐφεξῆς
1181 1295 1424 1365 νομίμων
1452 1294 1519 1348 τά
1543 1294 1867 1365 ἐντάλματα.

299 1384 455 1438 Μετὰ
494 1383 551 1436 δὲ
595 1386 720 1449 τοὺς
763 1385 955 1453 λόγους
990 1384 1230 1450 τούτους,
1267 1388 1299 1458 ἡ
1335 1387 1463 1455 άγία
1493 1387 1765 1460 Παρθένος
1792 1389 1872 1450 εἰς

296 1476 398 1547 τὴν
458 1474 712 1549 Ναζαρὲτ
754 1477 1064 1550 ἐπορεύετοο
1116 1477 1323 1532 ἐκεῖθεν
1377 1479 1433 1532 δὲ
1484 1479 1644 1533 πάλιν
1698 1480 1872 1551 δόγμα

298 1566 578 1638 Καίσαρος
638 1568 717 1631 εἰς
760 1569 861 1639 τὴν
910 1568 1157 1640 Βηθλεὲμ
1201 1569 1441 1623 ἀνελθεῖν
1490 1570 1657 1643 αὐτὴν
1698 1588 1869 1642 παρε-

299 1656 587 1710 σκεύασεν·
639 1657 776 1728 αὕτη
817 1658 872 1712 δὲ
919 1660 994 1724 ὡς
1040 1660 1148 1714 ἀπὸ
1183 1660 1283 1732 τῆς
1325 1661 1608 1731 βασιλικῆς
1635 1663 1870 1733 πατριᾶς

296 1751 750 1822 προϋπάρχουσα,
783 1754 862 1815 εἰς
884 1750 981 1824 τὴν
1011 1752 1292 1826 βασιλικὴν
1318 1754 1411 1807 τοῦ
1437 1754 1602 1809 Δαὸἰδ
1636 1755 1869 1828 πατριάν

299 1841 439 1913 μετὰ
484 1843 681 1915 Ἰωσὴφ
726 1842 822 1897 τοῦ
872 1845 1181 1917 μνηστῆρος
1228 1845 1523 1901 ἐστέλλετο.
1553 1847 1664 1901 Καὶ
1690 1847 1749 1901 τὸ
1776 1846 1870 1903 τοῦ

297 1934 499 1997 παντὸς
546 1935 802 1991 ἐπέκεινα
864 1935 1139 2008 θαύματος
1209 1938 1489 2009 ἠκολούθει
1556 1942 1868 2014 μυστήριον.

295 2027 573 2100 Παρθένος
615 2029 895 2094 τίκτουσα,
948 2031 1042 2084 καὶ
1087 2032 1245 2103 χερσὶ
1281 2032 1619 2103 βαστάζουσα
1647 2035 1738 2088 τὸν
1777 2036 1874 2108 ρή-

299 2138 430 2192 ματι
469 2124 649 2176 πᾶσαν
687 2122 784 2195 τὴν
833 2124 1009 2178 κτίσιν
1050 2124 1408 2196 βαστάζοντα.
1452 2126 1562 2181 Καὶ
1610 2126 1751 2182 οὐδὲ
1778 2131 1873 2183 τό·

293 2230 410 2280 πος
452 2210 533 2284 ἦν
581 2217 786 2283 αὐτοῖς
831 2217 902 2270 ἐν
949 2217 1031 2284 τῷ
1087 2221 1474 2290 καταλύματι.
1541 2221 1716 2275 Τόπον
1773 2222 1873 2275 ούκ

292 2301 438 2376 εἶχεν
462 2309 491 2361 6
517 2308 696 2362 πᾶσαν
737 2309 835 2381 τῆν
867 2309 967 2382 γὴν
1005 2310 1082 2382 τῷ
1122 2312 1321 2384 ῥήματι
1384 2311 1737 2383 θεμελιώσας.
1769 2314 1872 2368 Γά-

290 2397 452 2452 λακτι
494 2399 765 2472 τρέφουσα
808 2399 894 2455 τὸν
940 2403 1118 2456 πᾶσαν
1161 2404 1328 2476 πνοὴν
1359 2404 1746 2476 διατρέφοντα,
1777 2406 1872 2460 καὶ

290 2490 680 2560 ζωογονοῦντα.
716 2491 1057 2562 Σπαργάνοις
1082 2493 1351 2565 δεσμοῦσα
1406 2494 1496 2548 τὸν
1527 2494 1669 2566 λόγῳ
1692 2497 1871 2550 πᾶσαν

291 2582 392 2651 τὴν
436 2581 614 2635 κτίσιν
670 2581 1017 2653 δεσμεύοντα.
1071 2584 1160 2637 Ἐν
1216 2586 1389 2657 φάτνῃ
1449 2585 1722 2640 ἀνέκλινεν
1783 2586 1871 2641 τὸν

292 2676 390 2727 ἐπὶ
416 2673 684 2746 καθέδρας
709 2675 971 2748 χερουῦὶμ
1000 2676 1379 2747 ἐποχούμενον.
1408 2677 1526 2742 Φῶς
1553 2676 1611 2745 ἐξ
1641 2677 1869 2751 ούρανοῦ

291 2767 636 2838 περιέλαμπε
691 2767 782 2822 τὸν
810 2768 988 2822 πᾶσαν
1016 2768 1113 2841 τὴν
1144 2770 1320 2825 κτίσιν
1351 2770 1678 2841 φωτίσαντα.
1702 2772 1873 2843 Στρα-

290 2863 405 2916 τιαὶ
430 2861 677 2933 οὐράνιαι
695 2861 1068 2930 δοξολογούσαι
1088 2861 1421 2934 παρίσταντο
1439 2863 1516 2935 τῷ
1535 2864 1640 2936 πρὸ
1660 2862 1873 2919 αἰώνων

292 2954 351 3006 ἐν
391 2952 640 3024 οὐρανοῖς
678 2950 1038 3021 δοξαζομένῳ.
1086 2950 1284 3023 Ἀστὴρ
1323 2952 1594 3024 δᾳδουχῶν
1629 2955 1870 3026 κατεμή-

291 3062 419 3099 νυεν
451 3044 574 3108 τοὺς
603 3046 668 3098 ἐκ
699 3045 803 3114 γῆς
836 3042 1114 3115 πόρρωθεν
1144 3042 1393 3109 ἐλθόντας
1423 3046 1558 3115 πρὸς
1587 3046 1676 3100 τὸν
1706 3046 1871 3111 ὅντως

1975 547 2127 601 calas
2156 547 2374 604 tandem
2418 548 2703 613 inclinavit,
2725 557 2774 602 σει
2815 548 3081 604 descendit
3108 548 3173 601 “.
3212 545 3305 609 Sic
3358 553 3537 601 autem

1974 640 2269 695 secundum
2300 642 2655 710 capacitatem
2688 651 2928 696 nostram
2969 656 3028 697 se
3077 640 3234 696 nobis
3279 637 3536 698 ostendit,

1977 739 2035 786 ιιι
2061 732 2236 802 ipsum
2266 733 2450 789 videre
2502 749 2567 789 ac
2597 743 2853 805 tangere,
2893 741 2949 788 et
2991 734 3301 804 loquentem
3354 730 3539 786 audire

1974 826 2269 896 possimus.
2318 825 2395 882 Et'
2428 840 2710 897 propterea
2761 826 2905 883 Deus
2948 825 3182 881 Verbum
3235 839 3454 881 carnem
3487 832 3539 878 et

1975 916 2268 988 perfectam
2303 919 2596 974 humanam
2628 930 2879 974 naturam
2926 935 2993 974 ex
3033 920 3258 974 muliere
3306 917 3539 974 sanctis-

1973 1011 2113 1065 sima
2152 1009 2367 1082 Virgine
2394 1027 2675 1067 assumere
2693 1010 2952 1084 dignatus
2974 1021 3078 1079 est,
3108 1020 3162 1066 et
3192 1012 3356 1066 homo
3379 1018 3540 1065 natus

1973 1113 2076 1168 est,
2107 1113 2165 1159 ut
2195 1105 2433 1160 debitum
2464 1115 2717 1162 nostrum
2760 1106 3112 1176 persolveret,
3158 1114 3212 1159 et
3245 1119 3419 1174 usque
3470 1103 3540 1160 ad

1973 1211 2032 1250 se
2064 1196 2263 1265 ipsum,
2300 1204 2681 1253 testamentum
2712 1213 2835 1252 cum
2861 1196 3137 1252 Abraham
3191 1196 3537 1266 dispositum,

1973 1288 2429 1356 circumcisionis,
2483 1306 2547 1345 ac
2584 1300 2903 1345 caeterorum
2939 1290 3196 1362 legalium
3244 1295 3541 1361 praecepto-

1973 1395 2094 1434 rum
2121 1381 2440 1452 adimpleret
2475 1382 2541 1437 ³ο.
2581 1382 2710 1438 Post
2744 1383 2845 1438 bos
2889 1398 3054 1452 porro
3096 1396 3378 1438 sermones
3418 1396 3542 1436 cou-

1972 1474 2136 1529 cessit
2187 1475 2243 1529 in
2301 1473 2568 1531 Nazareth
2623 1475 2968 1531 sanctissima
3000 1473 3201 1546 Virgo;
3241 1474 3366 1528 inde
3412 1488 3542 1528 vero

1972 1583 2168 1623 rursus
2192 1568 2244 1622 in
2275 1567 2587 1625 Bethlebem
2612 1585 2707 1639 per
2728 1569 2966 1624 edictum
2997 1568 3233 1624 Caesaris
3250 1567 3543 1623 ascendere

1973 1670 2163 1715 coacta
2197 1670 2318 1725 est;
2349 1662 2463 1732 ipsa
2501 1672 2680 1717 autem
2716 1672 2977 1733 tanquam
3031 1677 3099 1717 ex
3146 1662 3295 1732 regia
3326 1660 3536 1716 familia

1972 1754 2292 1823 procedens,
2339 1755 2392 1809 in
2440 1754 2646 1826 regiam
2697 1754 2863 1810 David
2913 1755 3140 1825 patriam
3181 1769 3305 1810 cum
3341 1752 3541 1823 Joseph

1974 1862 2175 1916 sponso
2203 1838 2537 1903 mittebatur.
2563 1847 2628 1902 Et
2647 1848 2965 1920 mysterium
2996 1847 3142 1918 quod
3181 1862 3365 1903 omne
3386 1850 3557 1901 miram

1973 1939 2154 1994 culum
2206 1949 2427 2010 superat
2470 1950 2818 1995 consecutum
2872 1938 3198 2011 est:Virgo
3260 1939 3439 2009 parit,
3489 1947 3567 1993 et-

1973 2030 2226 2085 manibus
2250 2039 2426 2101 gestat
2449 2047 2573 2086 eum
2598 2031 2693 2101 qui
2746 2032 2914 2087 verbo
2964 2046 3054 2087 res
3097 2046 3289 2085 omnes
3330 2037 3543 2085 creatas

1972 2130 2165 2191 gestat.
2191 2119 2372 2193 Neque
2402 2123 2545 2177 locus
2573 2132 2686 2177 erat
2722 2125 2796 2180 eis
2830 2125 2886 2178 in
2915 2125 3201 2179 diversorio
3225 2126 3290 2178 ³¹.
3334 2123 3539 2179 Locum

1972 2227 2081 2266 non
2115 2212 2389 2278 habebat,
2436 2213 2530 2284 qui
2586 2223 2754 2269 totam
2802 2222 3005 2269 terram
3052 2216 3219 2271 verbo
3270 2214 3538 2271 fundavit.

1972 2299 2137 2356 Lacte
2168 2301 2321 2374 virgo
2352 2311 2525 2357 mater
2546 2304 2801 2373 pascebat
2829 2320 2976 2370 eum,
3003 2307 3095 2375 qui
3124 2321 3341 2359 omnem
3374 2305 3543 2359 nutrit

1971 2394 2265 2464 vivumque
2324 2396 2575 2464 producit
2633 2397 2906 2467 Spiritum.
2968 2396 3179 2454 Fasciis
3236 2398 3544 2454 involvebat

1972 2502 2118 2552 eum,
2153 2488 2246 2557 qui
2279 2489 2447 2544 verbo
2469 2504 2686 2544 omnem
2714 2490 2847 2560 ligat
2872 2500 3201 2546 creaturam.
3247 2490 3306 2547 In
3351 2506 3554 2563 praise—

1971 2579 2062 2648 pio
2086 2578 2558 2646 reclinabateum,
2587 2581 2682 2650 qui
2731 2581 2785 2634 in
2836 2582 3095 2637 cathedra
3150 2598 3314 2652 supra
3355 2585 3546 2639 cheru-

1972 2670 2082 2725 bim
2112 2670 2329 2725 vehitur
2361 2673 2427 2726 ³².
2475 2670 2595 2726 Lux
2633 2688 2663 2728 e
2706 2672 2859 2728 caalis
2902 2673 3354 2747 circumfulgebat
3394 2692 3540 2739 eum,

1971 2762 2067 2832 qui
2097 2778 2314 2843 omnem
2340 2764 2611 2818 illuminat
2638 2773 2969 2819 creaturam.
2990 2765 3250 2821 C(elestes
3272 2767 3542 2831 exercitus

1972 2854 2338 2924 glorilicantes
2380 2856 2710 2912 assistebant
2745 2857 2818 2923 ei,
2849 2857 2943 2928 qui
2970 2867 3095 2912 ante
3135 2860 3334 2915 sarcula
3378 2859 3545 2930 glori-

1971 2946 2165 3003 ﬁcatur
2188 2948 2242 3002 in
2267 2950 2438 3005 caelis.
2471 2950 2637 3005 Stella
2692 2951 2993 3021 praelucens
3033 2952 3291 3007 ducatum
3324 2962 3546 3023 prmsta-

1972 3038 2064 3094 bat
2087 3040 2166 3095 eis
2191 3040 2258 3106 ⁸³,
2290 3042 2383 3111 qui
2416 3058 2482 3096 ex
2507 3042 2829 3113 long-inquis
2847 3053 3112 3099 venerant
3136 3044 3449 3113 regionibus
3475 3047 3541 3101 ad

290 3137 577 3209 ἀνατολήν.
620 3137 709 3204 Ἐξ
734 3135 1028 3193 ’Λνατολῶν
1043 3139 1205 3209 ἤκασι
1239 3137 1671 3209 δωροφοροῦντες
1700 3139 1776 3210 τῷ
1803 3139 1870 3194 δι’

1973 3146 2096 3185 eum
2126 3131 2368 3200 quivere
2399 3134 2584 3188 oriens
2605 3143 2741 3189 erat.
2781 3134 2860 3190 Ex
2886 3136 3109 3195 Oriente
3136 3135 3385 3206 veniunt,
3426 3154 3549 3193 mu—

290 3232 444 3303 ἡμᾶς
476 3229 873 3301 πτωχεύσαντιο
902 3230 934 3300 ἡ
964 3229 1021 3282 δὲ
1048 3229 1179 3299 ἁγία
1206 3228 1463 3294 Θεοτόκος
1495 3234 1775 3303 συνετήρει
1800 3232 1869 3286 τὰ

293 3323 518 3394 Meam
562 3319 753 3383 ταῦτα,
804 3316 1185 3389 συμϐάλλουσα
1231 3319 1287 3370 ὲν
1331 3320 1398 3389 τῇ
1444 3319 1639 3390 καρδίὲι
1677 3320 1866 3390 αὐτῆς.

290 3411 371 3475 ὼς
418 3410 555 3465 ὅλων
608 3411 717 3463 τῶν
770 3409 1082 3482 μυστηρίων
1128 3408 1448 3481 ὑπάρχουσα
1497 3408 1724 3479 δοχείον.
1767 3409 1868 3463 Σοῦ

295 3502 419 3571 μὲν,
446 3494 491 3554 ὦ
532 3501 771 3569 παναγία
799 3498 1062 3571 Παρθένε,
1099 3498 1368 3571 ἁνώτερος
1395 3500 1573 3571 πάσης
1596 3500 1872 3571 εὐφημίας

288 3596 322 3647 6
352 3593 589 3658 ἔπαινος,
625 3592 711 3645 διὰ
740 3592 830 3645 τὸν
857 3594 920 3645 ὲκ
942 3590 1035 3645 006
1060 3589 1190 3644 Θεὸν
1220 3591 1397 3664 σάρκα
1422 3590 1743 3664 φορέσαντα,
1778 3591 1873 3645 καὶ

290 3686 620 3757 γεννηθέντα
668 3685 969 3756 ἄνθρωπον.
1018 3685 1108 3739 Σοὶ
1156 3686 1304 3739 πᾶσα
1338 3684 1499 3755 φύσις
1538 3684 1870 3755 ἐπουρανίων

292 3778 391 3833 καὶ
416 3779 694 3848 ἐπιγείων,
728 3778 823 3832 καὶ
850 3777 1216 3849 καταχθονίων
1247 3777 1358 3849 [ἷσ.
1402 3776 1754 3849 ὑποχθονίων]
1786 3776 1873 3829 σέ·-

291 3871 399 3936 6ας
428 3872 722 3946 προσφέρει
748 3870 807 3923 τὺ
841 3869 1167 3943 πρόσφορον.
1196 3870 1266 3924 Σὺ
1295 3867 1403 3941 γὰρ
1431 3868 1644 3941 άληθῶς
1684 3868 1871 3937 θρόνος

218 4018 227 4025 κ
292 3963 611 4036 χερουὸικδς
656 3963 1011 4028 ἀναδέδειξαι.
1043 3963 1114 4014 Σὺ
1160 3963 1217 4015 ἐν
1250 3964 1361 4027 τοῖς
1398 3960 1587 4034 ἄκροις
1614 3960 1721 4014 τῶν
1749 3978 1871 4033 νοη-

290 4056 403 4110 τῶν
438 4054 559 4126 [ᾶλ.
585 4054 761 4126 νότουι
791 4053 1093 4126 βασιλειῶν,
1139 4052 1314 4123 φωτὸς
1351 4054 1691 4125 ἀπαύγασμα
1732 4054 1871 4106 ἀπα-

294 4147 623 4219 στράπτεις·
676 4145 801 4201 ἔνθα
848 4144 1128 4210 δοξάζεται
1175 4145 1362 4218 Πατὴρ
1414 4146 1443 4199 ό
1496 4144 1748 4218 ἄναρχος,
1808 4140 1868 4202 06

292 4239 394 4311 τὴν
442 4236 667 4309 δύναμιν
712 4236 868 4308 ἔσχες
914 4236 1356 4303 ἐπισκιάζουσαν·
1416 4241 1796 4310 προσκυνεῖται
1841 4242 1869 4294 6

291 4329 457 4393 Υἱὸς,
493 4328 553 4382 ὃν
584 4328 724 4383 κατά
758 4329 934 4401 σάρκα
977 4329 1040 4381 σὺ
1071 4329 1314 4392 τέτοκας·
1361 4328 1713 4398 δοξολογεῖται
1745 4328 1864 4401 [ἄλ.

289 4418 596 4493 δοξάζεται]
624 4421 846 4492 Πνεῦμα
872 4420 934 4473 τὸ
967 4421 1139 4490 ἅγιον,
1175 4421 1311 4491 ὅπερ
1343 4421 1400 4473 ἐν
1427 4423 1493 4491 τῇ
1524 4420 1718 4492 γαστρί
1747 4438 1864 4485 σου,

1972 3238 2101 3278 nera
2133 3222 2437 3280 deferentes
2461 3227 2508 3280 ei
2549 3228 2641 3298 qui
2690 3244 2899 3300 pauper
2948 3241 3169 3302 propter
3218 3248 3319 3288 nos
3366 3230 3542 3286 factus

1969 3323 2052 3369 est
2070 3315 2135 3371 ”.
2167 3316 2526 3375 Sanctissima
2562 3336 2725 3391 porro
2754 3321 2847 3377 Dei
2889 3322 3139 3378 Genitrix
3187 3324 3545 3379 conservabat

1970 3408 2151 3463 omnia
2178 3409 2341 3464 verba
2373 3411 2510 3477 haec,
2537 3412 2826 3469 conferens
2852 3414 2905 3469 in
2953 3415 3119 3471 corde
3157 3432 3258 3472 suo
3282 3416 3368 3483 ³⁸;
3400 3416 3547 3472 velut

1970 3515 2090 3570 quae
2149 3502 2394 3558 omnium
2444 3507 2828 3577 mysteriorum
2875 3522 2973 3561 vas
3018 3523 3083 3563 ac
3128 3510 3547 3581 receptaculum.

1970 3602 2133 3647 esset.
2164 3591 2282 3649 Tua
2312 3611 2465 3661 sane,
2495 3612 2528 3651 ο
2554 3598 2903 3654 sanctissima
2933 3598 3124 3672 Virgo,
3170 3600 3293 3656 laus
3321 3616 3565 3657 omnem.

1970 3700 2196 3755 prorsus
2223 3688 2436 3744 laudem
2461 3729 2477 3755 ,
2519 3700 2737 3760 prapter
2780 3690 2950 3747 Deum
2993 3708 3060 3747 ex
3100 3702 3152 3747 te
3197 3692 3541 3749 incarnatum

1970 3792 2035 3832 ac
2058 3778 2336 3835 hominem
2371 3790 2579 3847 natum,
2607 3783 2841 3838 excedit.
2881 3782 3005 3840 Tibi
3040 3785 3222 3841 omnis
3266 3793 3539 3850 creatura,

1970 3870 2025 3924 in
2052 3872 2205 3927 caelis
2243 3887 2308 3928 ac
2341 3872 2502 3929 terris
2528 3882 2578 3929 et
2612 3874 2753 3943 apud
2793 3873 3028 3940 inferos,
3087 3877 3445 3931 reverentiam
3479 3891 3546 3931 ac

1970 3963 2175 4018 cultum
2205 3964 2617 4021 convenientem
2649 3966 2825 4023 offert.
2868 3966 2948 4022 Tu
2978 3968 3127 4023 enim
3153 3983 3279 4023 vere
3311 3967 3546 4022 thronus

1969 4058 2191 4113 evasisti
2219 4059 2569 4115 eherubicus.
2603 4057 2687 4114 Tu
2718 4060 2774 4114 in
2819 4060 3050 4117 summis
3084 4059 3421 4131 spiritalibus
3467 4076 3546 4115 re-

1971 4151 2092 4220 gnis
2119 4149 2218 4223 [αἰ.
2244 4152 2299 4205 in
2328 4153 2602 4222 supremis
2636 4155 2808 4209 austri
2838 4155 3073 4229 regnis},
3096 4155 3233 4210 lucis
3256 4156 3544 4225 splendore

1970 4255 2231 4295 coruscas
2273 4257 2288 4293 :
2333 4241 2425 4297 ubi
2471 4242 2805 4310 gloriﬁcatur
2851 4242 3009 4299 Pater
3060 4245 3241 4300 omnis
3290 4245 3541 4316 principii

1971 4332 2407 4403 experspcujus
2456 4334 2875 4393 obumbrantem
2926 4335 3166 4390 habuisti
3210 4336 3568 4406 potentiam;

1970 4424 2230 4479 adoratur
2262 4422 2458 4489 Filius,
2490 4440 2653 4494 quem
2680 4422 2980 4479 secundum
3004 4438 3224 4479 carnem
3251 4424 3545 4494 peperisti;

289 4513 391 4584 τὴν
423 4513 671 4586 γέννησιν
712 4512 821 4581 τούξ
849 4512 1083 4584 μεγάλου
1112 4512 1382 4576 Βασιλέως
1423 4512 1744 4583 ἐνήργησεν.
1775 4512 1870 4566 Διά

1977 4515 2281 4572 celebratur
2329 4513 2427 4595 [ιιι.
2473 4512 2830 4587 gloriﬁcatur]
2867 4513 3107 4585 Spiritus
3156 4523 3399 4582 sanctus,
3449 4516 3542 4586 qui

292 4606 413 4670 006,
441 4607 876 4679 κεχαριτωμένη,
905 4605 1075 4677 Τριάς
1108 4604 1237 4674 ἁγία
1284 4606 1378 4659 καὶ
1403 4604 1685 4676 ὀμοούσιος
1712 4607 1768 4658 ἐν
1790 4602 1868 4675 τῷ

288 4697 483 4769 κόσμῳ
512 4696 851 4770 γνωρίζεται.
887 4696 1039 4751 Μετά
1075 4696 1167 4750 006
1188 4736 1203 4760 ,
1234 4697 1328 4750 καὶ
1360 4698 1505 4768 ἡμᾶς
1534 4694 1868 4760 καταξίωσον

292 4789 583 4860 μετασχεῖν
644 4786 745 4857 τῆς
799 4786 1009 4850 τελείας
1064 4804 1155 4840 σου
1216 4786 1475 4859 χάριτος,
1526 4786 1583 4837 ἐν
1650 4783 1868 4856 Χριστῷ

302 4884 477 4955 Ἰησοῦ
528 4884 605 4955 τῷ
654 4885 843 4956 Κυρίῳ
893 4884 1068 4955 ἡμῶν·
1121 4883 1238 4956 μεθ’
1264 4876 1347 4948 οὗ,
1388 4882 1466 4954 τῷ
1499 4883 1676 4955 Πατρὶ
1719 4880 1865 4946 δόξα,

289 4978 408 5048 ἅμα
451 4993 512 5029 τε
561 4975 641 5049 τῷ
677 4979 820 5049 ἁγίῳ
866 4976 1175 5048 Πνεύματι’
1226 4976 1318 5030 νῦν
1359 4976 1453 5029 καὶ
1498 4976 1617 5038 ἀεὶ,
1645 4975 1738 5028 καὶ
1788 4976 1867 5036 εἰς

288 5067 495 5131 αἰῶνας
544 5066 650 5121 τῶν
700 5066 929 5121 αἰώνων.
968 5067 1139 5139 Ἀμήν
1174 5064 1295 5138 [ἀλ.
1325 5058 1370 5134 ᾧ
1410 5068 1443 5137 ή
1489 5065 1632 5130 δόξα,
1677 5065 1768 5117 καὶ
1806 5065 1867 5118 τὸ

290 5160 514 5233 κράτος,
546 5162 628 5225 εἰς
658 5160 784 5224 τοὺς
813 5158 1012 5224 αἰῶνας
1039 5158 1145 5213 τῶν
1170 5158 1395 5214 αἰώνων.
1435 5157 1653 5231 Ἀμήν].

363 5413 407 5445 ¹⁹
440 5410 585 5466 Psal.
615 5430 748 5477 xvtt,
778 5413 863 5468 10.

290 5483 336 5514 ⁸³
367 5482 559 5538 Μειιιιι.
585 5499 649 5541 ιι.
727 5483 774 5517 ⁸⁸
796 5482 843 5537 ιι
858 5483 987 5541 Cor.
1016 5498 1140 5551 vm,
1169 5484 1222 5539 9.
1300 5484 1346 5515 ⁸⁸
1376 5482 1506 5539 Luc.
1533 5499 1596 5551 ιι,
1624 5483 1714 5538 5|.

976 5413 1022 5445 ³⁸
1048 5411 1182 5467 Gen.
1212 5428 1351 5473 xvn;
1409 5412 1553 5469 Psal.
1580 5427 1703 5479 etv;
1758 5411 1920 5470 Rom.
1949 5430 2002 5471 tv
2031 5431 2045 5481 ;
2089 5412 2209 5469 Act.
2238 5428 2333 5468 vn.

1970 4609 2026 4664 in
2067 4618 2163 4664 tuo
2193 4618 2349 4664 utero
2384 4608 2724 4662 nativitatem
2768 4606 2949 4678 magni
3002 4606 3161 4679 Regis
3192 4608 3418 4679 peregit.
3443 4607 3547 4664 Per

1969 4703 2042 4764 te,
2077 4711 2110 4751 ο
2154 4698 2327 4768 gratia
2380 4696 2560 4766 plena,
2598 4694 2839 4752 Trinitas
2873 4706 3059 4752 sancta
3094 4707 3149 4752 et
3184 4699 3547 4755 consubstan—

1970 4789 2114 4844 tialis
2164 4789 2217 4842 in
2273 4789 2479 4843 mundo
2521 4791 2895 4861 cognoscitur.
2943 4788 3172 4856 Tecum,
3223 4799 3283 4847 et
3323 4807 3424 4848 nos
3465 4793 3549 4847 di—

1970 4896 2139 4953 gnare
2171 4882 2464 4952 participes
2495 4882 2707 4937 ellicere
2758 4881 3012 4952 perfectae
3063 4892 3169 4939 tuae
3222 4887 3436 4956 gratiae,
3488 4886 3561 4941 in-

1974 4973 2195 5030 Christo
2224 4973 2352 5031 Jesu
2396 4974 2630 5032 Domino
2658 4985 2847 5031 nostro
2876 4996 2889 5032 :
2919 4993 3044 5033 cum
3084 4994 3215 5049 quo,
3246 4977 3393 5034 Patri
3423 4979 3545 5051 glov

1974 5066 2076 5132 ria,
2100 5066 2376 5138 simulque
2420 5066 2648 5137 Spiritui
2697 5082 2907 5137 sancto,
2935 5085 3081 5126 nunc
3123 5081 3176 5128 et
3213 5085 3449 5142 semper,
3489 5080 3565 5126 eL

1973 5157 2030 5212 in
2061 5159 2254 5214 saecula
2301 5161 2651 5216 saeculorum.
2681 5160 2855 5233 Amen
2901 5161 3000 5235 [αι.
3048 5165 3133 5218 cui
3170 5163 3347 5233 gloria
3365 5171 3418 5219 et
3447 5176 3543 5232 po-

1972 5251 2164 5317 tentia,
2192 5252 2246 5307 in
2272 5252 2470 5308 saecula
2493 5252 2837 5309 saeculorum.
2860 5253 3081 5325 Amen].

2449 5412 2491 5443 ³¹
2530 5410 2661 5468 Luc.
2701 5428 2762 5476 ιι,
2794 5410 2843 5463 7.
2960 5412 3003 5443 ²¹
3046 5409 3189 5465 Psal.
3242 5424 3438 5477 Lxxtx,
3484 5409 3543 5465 ‘2.
