3950 6326
501 391 630 449 H'l'l
1134 398 1194 453 S.
1239 398 1568 454 GREGORll
1612 398 1964 455 THAUMAT.
2004 398 2152 453 ΟΡΡ.
2194 399 2372 454 PARS
2410 397 2705 454 ALTERA.
2742 428 2810 443 -τ-
2844 396 3069 453 DUBIA.
3566 396 3683 452 liii

1721 706 2248 798 HOMILIA
2324 710 2509 799 ΙΙΙ.

1352 898 1425 957 In
1462 896 1966 958 Annuntiatione
1999 903 2230 959 sanctae
2269 897 2554 977 Virginis
2592 898 2827 960 Marias.

2048 1090 2121 1103 _

470 1178 741 1248 ‘Ejusdem
770 1176 940 1254 sancti
961 1173 1201 1254 Gregorii
1225 1176 1453 1254 episcopi
1483 1173 2030 1254 Neocwsarew_1:ltau

2129 1221 2137 1235 _
2170 1174 2280 1228 Τοῦ
2305 1174 2492 1254 αὑτοῦ
2534 1174 2707 1254 ἀπίου
2748 1175 3093 1254 Γρηγορίουῌ
3120 1176 3689 1254 ἐξωκοίτου-Νεοκω-

554 1247 908 1319 maturgi,__in
935 1245 1410 1319 Attiiuntiationem
1444 1246 1794 1319 sanctissimis
1830 1247 1929 1300 Dei
1963 1247 2061 1301 Ge-

2232 1244 2610 1319 oapslacjoi)
2640 1244 3115 1319 Θαυμᾳτόυργοῦ,
3141 1249 3229 1313 εις
3258 1247 3364 1300 τὸν
3398 1250 3684 1319 geumat-

557 1310 760 1373 nilricis
794 1310 1027 1385 Virginis
1054 1314 1260 1380 Mariw,
1289 1332 1458 1373 sermo
1486 1313 1603 1369 III.

2228 1310 2387 1382 σμὸν
2432 1310 2542 1381 τῆς
2588 1310 2881 1383 παναῆοίας
2926 1310 3218 1370 Scordisci}
3256 1310 3568 1385 Hapdérou'
3597 1318 3687 1387 τῆς

2225 1383 2475 1437 Maolac.
2506 1385 2687 1437 λόγος
2713 1386 2924 1437 τοίτοο.

2285 1399 2475 1452 αριας,
2506 1399 2687 1453 λογος
2713 1399 2924 1452 τριτος.

557 1496 767 1553 Rursus
796 1497 937 1551 bona
964 1496 1249 1566 faustaque
1274 1497 1454 1567 gaudii
1498 1498 1688 1550 nuntia
1709 1537 1724 1559 ,
1774 1511 1965 1552 rursus
1992 1497 2060 1551 li-

2188 1479 2199 1491 .
2228 1494 2395 1550 Πάλιν
2438 1498 2611 1567 χαρᾶς
2656 1497 2978 1565 εὐαγγέλια,
3014 1498 3174 1552 πάλιν
3218 1499 3519 1571 ἐλευθερίας
3546 1501 3687 1570 μηνύ-

484 1589 706 1649 ὺειιίιιὶε
731 1589 949 1656 indicia,
974 1605 1168 1644 rursus
1204 1591 1476 1644 revocatio
1500 1628 1515 1651 ,
1563 1604 1756 1643 rursus
1800 1589 2044 1653 reversio,

2163 1603 2306 1657 ματα
2325 1627 2341 1649 ,
2390 1585 2551 1640 πάλιν
2600 1586 2913 1657 ἀνάκλησις,
2944 1587 3104 1643 πάλιν
3138 1590 3415 1654 ἐπάνοδος,
3448 1590 3593 1644 πάλιν
3615 1592 3690 1644 εύ-

481 1696 672 1735 rursus
691 1678 887 1733 laetitia:
911 1679 1221 1745 promissio,
1245 1694 1438 1733 rursus
1458 1694 1488 1732 a
1511 1678 1767 1733 servitute
1789 1677 2041 1731 liberalior

2158 1695 2194 1746 φ
2205 1677 2431 1750 ροσύνης
2447 1678 2765 1747 ἐπαγγελία,
2782 1678 2941 1734 πάλιν
2955 1679 3193 1745 δουλείας
3207 1682 3509 1754 ἀπαλλαγή.
3529 1684 3690 1751 Ἀγγε-

479 1773 718 1842 Angelus
740 1787 864 1828 cum
900 1769 1120 1840 Virgine
1147 1770 1389 1841 loquitur
1416 1790 1429 1824 :
1461 1780 1520 1826 ut
1546 1787 1655 1826 non
1679 1768 1908 1840 amplius
1932 1784 2037 1825 cun

2156 1766 2245 1830 λος
2267 1767 2403 1837 μετὰ
2426 1767 2701 1840 Παρθένου
2718 1766 2883 1825 λαλεῖ·
2903 1769 2991 1822 ἵνα
3029 1772 3227 1841 μηκέτι
3253 1774 3471 1840 γυναικὶ
3485 1773 3687 1844 ὁμιλήσῃ

482 1865 709 1919 muliere
742 1879 968 1934 serpens
996 1864 1269 1932 loquatur.
1308 1863 1485 1919 Mense
1514 1872 1680 1928 sexto,
1711 1862 1907 1933 inquit,
1937 1863 2042 1915 mis

2154 1862 2183 1912 ὁ
2201 1860 2341 1929 ὄφις.
2367 1858 2450 1925 Τῷ
2470 1860 2616 1929 μηνὶ
2637 1859 2717 1925 τῷ
2741 1859 2907 1929 ἕκτῳ,
2932 1863 3114 1933 φησιν,
3141 1863 3454 1931 ἀπεστάλη
3491 1868 3521 1919 ό
3546 1864 3687 1933 ἅγγε-

480 1974 569 2011 sus
602 1968 675 2011 est
705 1957 920 2028 angelus
952 1955 1165 2013 Gabriel
1197 1974 1231 2010 a
1261 1956 1370 2013 Deo
1402 1958 1471 2010 ad
1498 1957 1748 2027 virginem
1771 1955 2040 2025 desponsa-

2155 1955 2263 2017 λος
2285 1952 2547 2019 Γαϐριὴλ
2574 1951 2692 2006 ὑπὸ
2719 1951 2823 2005 τοῦ
2843 1953 2989 2007 Θεοῦ
3016 1954 3165 2021 πρὸς
3195 1954 3492 2023 παρθένον
3496 1971 3684 2024 aspra-

479 2060 590 2103 tam
631 2050 738 2102 viro
763 2048 829 2103 ³⁸.
863 2048 1064 2103 Missus
1088 2058 1173 2103 est
1202 2047 1442 2110 Gabriel,
1474 2060 1532 2102 ut
1567 2047 1734 2102 totius
1757 2046 1945 2101 mundi
1970 2060 2039 2101 sa-

2156 2042 2495 2112 στευμένην
2510 2043 2698 2107 ἀνδρί.
2729 2045 3031 2117 Ἀπεστάλη
3055 2045 3316 2117 Γαϐριὴλ,
3338 2047 3437 2118 τὴν
3476 2046 3685 2116 myxos-

477 2138 643 2204 lutem
662 2140 1026 2195 annuntiaret.
1051 2137 1250 2193 Missus
1265 2147 1347 2193 est
1362 2136 1599 2202 Gabriel,
1619 2146 1677 2192 ut
1694 2136 2037 2192 revocationi:

2158 2152 2277 2204 μιον
2291 2134 2523 2206 μηνύσαι
2557 2134 2845 2206 σωτηρίαν.
2864 2135 3162 2207 Ἀπεστάλη
3181 2136 3440 2207 Γαϐριὴλ,
3453 2133 3684 2208 φέρωντῷ

480 2228 937 2297 subscriptionem
952 2227 1158 2283 Adamo
1177 2227 1431 2282 deferret.
1454 2226 1654 2281 Missus
1679 2238 1762 2283 est
1785 2227 1852 2281 ad
1890 2227 2040 2297 virgi-

2167 2224 2334 2295 ’Δδάμ
2358 2224 2679 2296 ὑπογραφὴν
2731 2225 3093 2298 ἀνακλήσεως.
3143 2227 3446 2300 ’Δπεστάλη
3487 2225 3684 2295 Γαϐριὴλ

478 2333 601 2373 nem
627 2318 866 2385 Gabriel,
908 2327 966 2373 ut
1003 2320 1251 2373 mulieris
1295 2317 1648 2387 ignominiam
1696 2317 1749 2371 in
1790 2317 2038 2372 honoreir

2153 2316 2288 2388 πρὸς
2298 2316 2583 2389 παρθένονο
2602 2317 2687 2370 ἴνα
2697 2316 2793 2388 τὴν
2802 2319 3023 2388 ἀτιμίαν
3037 2318 3140 2389 τῆς
3155 2317 3462 2391 θήλυος[ἷσ.
3479 2314 3683 2388 θηλείας]

477 2419 861 2466 commutaret.
908 2409 1107 2464 Missus
1158 2420 1243 2465 est
1291 2407 1545 2472 Gabriel,
1598 2416 1658 2461 ut
1692 2407 1915 2477 dignum
1950 2422 2037 2476 pu-

2152 2411 2233 2473 εἰς
2263 2407 2427 2480 τιμὴν
2477 2408 2775 2482 μεταϐάλῃ.
2817 2409 3118 2480 Ἀπεστάλη
3152 2409 3419 2481 Γαϐριὴλ,
3450 2408 3585 2472 ἄξιον
3617 2407 3685 2459 εὐ-

476 2502 699 2559 rissimo
715 2516 916 2571 sponso
934 2502 1227 2555 thalamum
1246 2510 1481 2570 pararet.
1498 2498 1695 2554 Missus
1711 2507 1795 2553 est
1809 2497 2036 2561 Gabriel,

2149 2498 2400 2570 τρεπίσαι
2449 2497 2527 2568 τῷ
2579 2497 2802 2569 καθαρῷ
2854 2498 3068 2570 νυμφίῳ
3118 2500 3206 2553 τὸν
3256 2499 3511 2571 θάλαμον.
3558 2498 3685 2550 Ἀπε-

479 2605 537 2651 ut
568 2597 708 2653 inter
741 2605 1043 2657 creaturam
1081 2605 1135 2650 et
1160 2596 1475 2651 Creatorem
1521 2594 1796 2664 sponsalia
1829 2603 2039 2649 contra-

2149 2587 2317 2659 στάλη
2365 2587 2633 2659 Γαϐριὴλ,
2664 2588 3070 2658 νυμφεύσασθαι
3116 2589 3175 2641 τὸ
3213 2589 3441 2659 πλάσμα
3475 2588 3547 2659 τῷ
3574 2587 3683 2641 πλά-

477 2687 647 2741 heret.
677 2684 873 2741 Missus
901 2696 983 2741 est
1006 2686 1222 2741 Gabriel
1257 2686 1323 2741 ad
1360 2685 1659 2745 animatum
1695 2684 1854 2754 Regis
1882 2700 2037 2755 ange-

2150 2699 2321 2737 σαντι.
2385 2682 2685 2753 Ἀπεστάλη
2735 2682 2974 2754 Γαϐριὴλ
3030 2683 3167 2754 πρὸς
3214 2684 3280 2735 τὸ
3328 2682 3557 2753 ἔμψυχον
3606 2679 3680 2732 τοῦ

476 2779 653 2835 lorum
694 2780 973 2850 palatium.
1019 2777 1220 2834 Missus
1262 2788 1346 2832 est
1387 2776 1605 2833 Gabriel
1643 2778 1708 2832 ad
1750 2778 2036 2848 virginem.

2146 2772 2420 2836 Βασιλέως
2444 2772 2551 2826 τῶν
2573 2773 2815 2841 ἀγγέλων
2844 2772 3119 2826 παλάτιον.
3157 2773 3461 2843 Ἀπεστάλη
3483 2770 3678 2843 Γαϐριὴλ

474 2870 859 2938 desponsatam
910 2869 1129 2939 quidem
1168 2867 1404 2938 Ioseph,
1453 2869 1545 2923 sed
1592 2867 1720 2924 Jesu
1768 2869 1809 2925 Γ
1816 2869 1906 2924 ilio
1947 2869 2034 2925 Dei

2146 2862 2283 2934 πρὸς
2344 2861 2610 2935 παρθένον
2668 2862 3146 2933 μεμνηπευμὲνην
3200 2862 3304 2932 μὲν
3361 2861 3438 2933 τῷ
3488 2860 3677 2930 Ἰωσὴφ.

474 2970 763 3019 servatam.
798 2959 998 3015 Missus
1024 2969 1110 3015 est
1138 2975 1327 3015 servus
1354 2959 1708 3027 incorporeus
1759 2961 1826 3015 ad
1875 2960 2034 3033 virgi-

2145 2953 2483 3025 τηρουμένην
2514 2952 2570 3005 δὲ
2607 2952 2686 3024 τῷ
2726 2953 2900 3025 Ἰησοῦ
2940 2951 3055 3022 Υίῷ
3098 2951 3190 3006 τοῦ
3224 2951 3387 3006 Θεοῦ.
3422 2951 3676 3021 Ἀπεστάλη

475 3069 596 3113 nem
637 3053 953 3108 inviolatam
980 3061 1143 3122 atque
1184 3052 1612 3106 immaculatam.
1655 3050 1856 3107 Missus
1896 3063 1977 3107 est
2012 3069 2035 3108 a

2145 3044 2328 3113 δοῦλος
2380 3044 2669 3116 ἀσώματος
2714 3047 2852 3117 πρὸς
2896 3044 3171 3117 Παρθένον
3204 3044 3517 3117 ἀμόλυντον.
3551 3045 3677 3096 Ἄττεα

474 3154 694 3220 peccato
721 3142 878 3205 liber,
910 3141 977 3195 ad
1013 3157 1133 3195 eam
1167 3157 1289 3211 qua:
1325 3142 1505 3197 omnis
1538 3142 1907 3211 corruptionis
1949 3158 2034 3197 ex-

2150 3140 2317 3213 στάλη
2346 3142 2375 3192 δ
2404 3140 2678 3212 ἁμαρτίας
2723 3139 3024 3210 ἐλεύθερος,
3058 3139 3194 3210 πρὸς
3237 3138 3341 3211 τὴν
3374 3138 3562 3210 φθορᾶς
3583 3138 3676 3189 ἀνε-

473 3247 596 3303 pers
625 3240 759 3286 erat.
811 3229 1011 3286 Missus
1037 3241 1121 3286 est
1147 3232 1413 3302 lychnus,
1455 3232 1549 3302 qui
1598 3229 1780 3287 Solem
1818 3232 2033 3302 justitia

2147 3234 2415 3288 πίδεκτον.
2474 3232 2776 3303 Ἀπεστάλη
2817 3235 2846 3286 ό
2888 3232 3109 3304 λύχνος,
3156 3232 3381 3303 μηνύων
3417 3232 3502 3285 τὸν
3529 3229 3676 3283 Ἥλιον

472 3323 753 3385 indicaret.
787 3320 987 3377 Missus
1012 3331 1094 3377 est
1118 3321 1341 3380 diluculi
1365 3324 1542 3388 nitor,
1587 3323 1680 3393 qui
1717 3323 1823 3378 diei
1856 3325 2032 3379 lumen

2145 3327 2241 3397 τῆς
2287 3326 2645 3399 δικαιοσύνης.
2708 3308 3009 3397 Ἀπεστάλη
3057 3328 3086 3379 ὁ
3130 3325 3365 3397 ὄρθρος,
3408 3316 3674 3397 ἓτροτρέχων

470 3425 846 3494 praecurreret.
873 3413 1075 3473 Missus
1103 3426 1186 3471 est
1212 3415 1449 3482 Gabriel,
1474 3428 1533 3471 ut
1562 3433 1687 3474 eum
1714 3420 1809 3490 qui
1839 3420 1892 3473 in
1918 3420 2030 3474 sinu

2143 3416 2238 3470 τοῦ
2272 3417 2446 3485 φωτὸς
2489 3418 2587 3489 τῆς
2639 3417 2874 3488 ἡμέραςο
2922 3416 3224 3487 ’Ᾱπεστάλη
3269 3418 3299 3468 ὁ
3337 3416 3378 3468 Γ
3379 3413 3675 3485 αϐριὴλ,κη-

472 3515 556 3562 est
580 3505 776 3570 Patris,
801 3506 964 3562 etiam
996 3508 1052 3560 in
1085 3507 1275 3564 matris
1306 3509 1454 3563 ulnis
1485 3509 2032 3583 praedicaretJlissus

2148 3509 2363 3580 ρύσσων
2405 3508 2496 3562 τδν
2540 3510 2598 3562 ὲν
2644 3508 2861 3573 κόλποις
2903 3508 2997 3561 τοῦ
3032 3508 3298 3579 Πατέρος,
3334 3507 3426 3561 καὶ
3460 3509 3512 3560 ὲν
3537 3502 3671 3572 ἀγκά-

473 3606 558 3653 est
584 3596 821 3662 Gabriel,
849 3604 908 3650 ut
932 3612 1055 3651 eum
1086 3599 1179 3668 qui
1224 3598 1278 3652 in
1315 3598 1452 3654 solio
1490 3600 1743 3665 sedebat,
1790 3601 1952 3659 etiam
1986 3602 2033 3655 in

2143 3599 2260 3663 λαις
2293 3601 2391 3672 τῆς
2431 3599 2685 3673 μητέρος.
2738 3600 3041 3668 Ἀπεστάλη
3083 3600 3349 3673 Γαϐριὴλ,
3374 3601 3569 3662 δεικνὺς
3602 3596 3668 3647 τὴν

472 3687 725 3756 spelunca
748 3687 929 3756 jacere
971 3690 1299 3750 ostenderet.
1347 3689 1547 3746 Missus
1593 3701 1678 3748 est
1718 3692 1906 3757 miles,
1948 3692 2032 3763 qui

2143 3690 2202 3743 ὲν
2246 3688 2421 3761 θρόνῳ
2467 3690 2561 3742 καὶ
2600 3690 2658 3742 ὲν
2700 3689 2965 3762 σπηλαίῳ.
3023 3691 3328 3763 Ἀπεστάλη
3361 3690 3666 3763 στρατιάπηςο

473 3779 653 3848 magni
678 3777 840 3849 Regis
868 3781 1186 3851 mysterium
1237 3782 1600 3852 proclamaret
1633 3803 1646 3838 :
1694 3786 2033 3859 mysterium,

2144 3780 2279 3851 βοῶν
2323 3780 2384 3833 τὸ
2416 3777 2509 3833 τοῦ
2552 3780 2786 3851 μεγάλου
2829 3781 3092 3851 βασιλέως
3131 3784 3462 3855 μυστήριον·
3508 3778 3670 3852 μυστήι

472 3870 715 3938 inquam,
744 3871 887 3940 quod
921 3871 1024 3926 ilde
1044 3873 1390 3943 cognoscitur
1411 3915 1425 3936 ,
1467 3883 1521 3929 et
1561 3876 1881 3934 curiositate
1930 3893 2032 3933 non

2106 3859 2112 3914 ⁵
2148 3890 2295 3947 ριονν
2327 3875 2503 3945 φημὶ,
2538 3874 2597 3926 τὸ
2642 3874 2821 3928 πίστει
2873 3875 3306 3947 γνωριζόμενον,
3338 3875 3437 3929 οὐκ
3479 3870 3666 3944 ἐρευνώ-

470 3961 797 4032 indagator;
826 3965 1141 4034 mysterium
1176 3967 1320 4035 quod
1373 3968 1663 4034 adoratur,
1706 3980 1758 4024 et
1803 3970 2030 4026 humane

2150 3981 2310 4036 μενον
2354 3968 2421 4036 τῇ
2472 3963 2988 4038 πολυπραγμοσύνῃ·
3044 3964 3342 4036 μυστήριον
3387 3957 3666 4032 agemus!»

471 4052 690 4124 ingenio
727 4069 835 4107 non
864 4056 1226 4123 pouderatur;
1258 4057 1571 4127 mysterium
1597 4060 1740 4128 quod
1764 4061 1962 4117 divinis
1989 4072 2031 4117 el

2150 4074 2327 4127 μενον,
2378 4057 2439 4109 ού
2483 4056 2999 4127 ζυγοστατούμενον,
3036 4057 3335 4127 μυστήριον
3366 4051 3667 4122 θεολογούμε·

472 4160 582 4197 non
638 4144 895 4200 humanis
948 4146 1254 4201 rationibus
1290 4149 1633 4217 expenditur.
1676 4150 1853 4209 Mense
1894 4162 2032 4207 sexta

2145 4165 2253 4213 νον,
2281 4148 2341 4202 ού
2372 4147 2749 4219 μετρούμενον.
2784 4147 2868 4213 Τῷ
2888 4149 3035 4217 μηνὶ
3070 4146 3147 4213 τῷ
3183 4147 3355 4217 ἕκτῳ,
3400 4142 3663 4205 ἀπεστάλη

473 4238 668 4299 missus
717 4247 794 4291 est
828 4236 1043 4291 Gabriel
1072 4239 1142 4291 ad
1177 4240 1443 4308 virginem.
1473 4240 1577 4293 Sed
1601 4256 1761 4308 quem
1788 4241 1876 4297 hic
1918 4261 2033 4298 sex-

2145 4238 2411 4308 Γαϐριὴλ
2436 4239 2585 4308 πρὸς
2612 4238 2930 4307 παρθένον.
2963 4241 3117 4293 Ποῖον
3141 4238 3290 4310 μῆνα
3308 4239 3486 4303 ἒκτον;
3512 4236 3661 4294 Ποῖονς

471 4334 589 4379 tum
624 4341 862 4381 mensem
888 4326 1053 4381 dicit?
1098 4327 1444 4392 Quemnam?
1473 4327 1628 4382 Illum
1656 4330 1937 4400 nimirum,
1973 4350 2031 4388 ex

2158 4332 2273 4401 Ἀφ’
2306 4325 2368 4385 οὗ
2412 4330 2626 4396 ἐδέξατο
2661 4331 2939 4384 Ἐλισάϐετ
2979 4330 3047 4383 τὰ
3074 4330 3388 4399 εὐαγγέλια·
3415 4330 3500 4398 ἀφ’
3520 4320 3571 4379 οὗ
3595 4322 3661 4375 τὸν

471 4430 582 4481 quo
607 4414 785 4469 laetum
810 4415 938 4479 illud
962 4415 1238 4471 Elisabeth
1260 4418 1469 4488 accepit
1502 4418 1755 4483 nuntium
1786 4440 1798 4475 :
1829 4438 1895 4476 ex
1922 4440 2031 4493 quo

2159 4424 2409 4495 Ἰωάννην
2442 4421 2718 4477 συνέλαϐε.
2749 4423 2859 4477 Καὶ
2886 4421 3047 4476 πόθεν
3077 4422 3255 4485 τοῦτο,
3290 4422 3468 4492 δῆλον;
3503 4418 3662 4488 Ἑρμη-

469 4503 734 4560 Joannem
785 4509 1050 4578 concepit.
1104 4506 1173 4573 Et
1222 4509 1364 4565 unde
1413 4510 1516 4566 hoc
1564 4511 1788 4581 planum
1835 4514 1932 4581 lit?
1973 4516 2028 4571 ld

2144 4514 2355 4568 νεύεται
2545 4513 2913 4586 ἐρμηνευέτω]
2960 4496 2989 4565 δ
3032 4511 3191 4576 αὐτὸς
3214 4509 3569 4585 οάρχάγγελος,
3603 4503 3659 4556 λέε

471 4596 703 4665 ipsemet
730 4599 1117 4679 interpretatur
1145 4599 1249 4672 [αι.
1287 4602 1704 4676 interpretetur]
1741 4606 2031 4678 archange-

2143 4626 2251 4677 γων
2279 4607 2412 4680 πρὸς
2435 4606 2534 4678 τὴν
2566 4605 2856 4678 Παρθένονο
2895 4604 3063 4669 Ἰδοὺ,
3103 4604 3285 4674 φησὶν,
3341 4598 3608 4655 Ἐλισόϐετ
3630 4595 3656 4658 ἦ

469 4683 576 4747 lus,
604 4687 670 4739 ad
717 4687 992 4759 Virginem
1047 4691 1268 4747 dicens:
1303 4692 1458 4759 Ecce,
1505 4696 1713 4771 inquit,
1762 4695 2029 4753 Elisabetli

2141 4697 2443 4769 συγγενής
2495 4682 2632 4760 σου,
2678 4698 2773 4751 καὶ
2828 4697 2981 4764 αὐτὴ
3025 4695 3423 4766 συνειληφυᾶι
3463 4693 3577 4748 υιύν
3606 4689 3656 4740 ἐν

468 4785 693 4845 cognata
727 4788 818 4832 tua
847 4792 896 4834 et
924 4783 1039 4850 ipsa
1064 4785 1298 4860 concepit
1324 4786 1498 4854 [ilium
1523 4788 1580 4841 in
1626 4799 1887 4849 senectute
1915 4807 2028 4853 sua.

2139 4788 2305 4859 γήρει
2329 4789 2539 4859 αὐτῆς.
2569 4789 2677 4843 Καὶ
2718 4784 2894 4855 οὗτος
2927 4787 3052 4856 μὴν
3076 4788 3246 4854 ἕκτος
3304 4785 3470 4855 αὐτῇ,
3493 4782 3559 4852 τῇ
3578 4795 3654 4833 και

469 4865 541 4921 Et
568 4867 653 4920 hic
676 4872 867 4926 mensis
895 4884 972 4927 est
996 4885 1177 4929 sextus
1205 4876 1310 4943 illi,
1344 4894 1461 4947 qua:
1488 4889 1701 4933 vocatur
1736 4881 1931 4936 sterilis
1968 4883 2029 4937 ³⁷.

2137 4880 2404 4950 λουμένῃ
2450 4882 2675 4947 στείρᾳ.
2708 4879 2797 4949 Τῷ
2836 4881 2964 4951 μηνὶ
3014 4880 3091 4952 τῷ
3143 4880 3305 4951 ἒκτῳ,
3360 4878 3527 4932 λοιπὸν
3566 4869 3649 4933 οὖν.

468 4957 655 5014 Mense
685 4969 871 5029 sexto,
908 4965 1116 5021 scilicet
1138 4970 1514 5039 conceptionis
1542 4968 1788 5028 Joannis.
1827 4973 2028 5029 Conve-

2137 4971 2296 5035 ἒκτος
2330 4973 2435 5044 μὴν
2470 4972 2779 5043 συλλήψεως
2818 4972 3082 5025 Ἰωάννου.
3140 4972 3285 5025 Ἔδει
3321 4971 3425 5041 γὰρ
3467 4963 3653 5039 προφοῶ

471 5052 653 5107 niebat
683 5053 826 5107 enim
857 5063 916 5109 ut
942 5057 1096 5113 miles
1128 5060 1472 5128 pracederet.
1516 5059 1811 5131 Oportebat
1850 5074 1910 5122 ut
1948 5082 2031 5120 sa-

2142 5079 2232 5116 σαι
2262 5063 2354 5116 τὸν
2386 5061 2739 5134 στρατιώτην.
2773 5060 2920 5115 Ἔδει
2949 5062 3235 5134 προλαϐεῖν
3272 5061 3362 5115 τὸν
3385 5057 3645 5129 δορυφόρον·

470 5142 623 5196 telles
651 5152 1028 5213 anteverteret,
1060 5148 1289 5204 decebat
1318 5160 1376 5204 ut
1409 5153 1633 5209 nuntius
1659 5167 2030 5225 praecurreret,

2138 5154 2241 5208 ἔδει
2294 5155 2745 5227 προοδοιπορῆσαι
2794 5157 2884 5210 τὸν
2937 5158 3177 5229 μηνυτὴν
3229 5156 3329 5226 τῆς
3374 5146 3648 5213 semei:

469 5235 562 5301 qui
599 5233 812 5289 Domini
848 5239 1137 5294 adventum
1168 5241 1453 5297 indicaret.
1481 5242 1659 5299 Mense
1692 5257 1861 5314 sexto,
1911 5250 2029 5302 mis-

2086 5234 2458 5318 )παρουσίας.
2525 5247 2609 5312 Τῷ
2655 5248 2801 5316 μηνὶ
2852 5248 3020 5315 ἕκτῳ,
3090 5246 3397 5312 ἀπεστάλη
3444 5240 3646 5311 ἄγγελος

467 5341 559 5383 ειη
603 5338 681 5379 est
731 5328 945 5396 angelus
998 5326 1212 5385 Gabriel
1246 5335 1314 5385 ad
1365 5335 1615 5404 virginem
1665 5339 2027 5408 desponsata»:

2144 5340 2407 5407 Γαϐριὴλ
2435 5339 2584 5407 πρὸς
2625 5340 2924 5408 παρθένον
2949 5338 3472 5410 μεμνηστευμένην
3492 5327 3641 5395 ἀνδρί·

466 5414 623 5471 uiro:
673 5416 1093 5486 desponsatam,
1155 5422 1374 5491 inquam
1401 5462 1419 5491 ,_
1475 5440 1583 5479 non
1635 5428 2026 5498 coniunctam;

2145 5428 2644 5501 μεμνηστευμένην,
2686 5431 2745 5483 ού
2791 5430 3155 5501 συνημμένην·
3199 5420 3639 5500 μεμνηστευμένηνι

466 5504 848 5575 desponsatam
875 5510 1093 5580 quidem
1117 5552 1131 5575 ,
1161 5512 1254 5567 sed
1307 5524 1599 5570 servatam.
1643 5517 1753 5571 Cur
1798 5518 2026 5589 despon-

2140 5521 2276 5575 ἀλλὰ
2313 5521 2671 5593 τηρουμένην.
2713 5521 2810 5589 Διά
2863 5522 2915 5573 τί
2964 5520 3459 5595 μεμνηστευμένηνς
3488 5515 3559 5566 ἵνα
3584 5505 3638 5595 μὴ

468 5604 639 5655 satam
663 5598 687 5651 τ
716 5615 783 5654 ne
803 5602 965 5657 citius
985 5603 1125 5659 latro
1150 5606 1465 5678 mysterium
1490 5619 1857 5679 cognosceret.
1877 5610 2028 5676 Quod

2138 5610 2321 5681 τάχιον
2353 5610 2500 5683 μάθῃ
2537 5613 2566 5664 ὀ
2597 5609 2797 5685 λῃστὴς
2829 5611 2889 5663 τὸ
2937 5594 3244 5683 μυστήριον.
3278 5609 3394 5664 Ὅτι
3436 5604 3521 5677 μὶν
3558 5594 3635 5665 γὰρ

467 5687 673 5745 etenim
709 5706 805 5758 per
841 5694 1106 5764 virginem
1157 5695 1269 5751 Rex
1312 5707 1573 5756 venturus
1610 5710 1789 5770 esset,
1830 5703 2027 5777 impro-

2138 5706 2225 5762 διά
2253 5704 2530 5778 Παρθένου
2580 5704 2699 5777 ἥξει
2742 5708 2771 5759 ὁ
2807 5705 3084 5770 Βασιλεὺς,
3114 5703 3227 5775 ᾔδει
3247 5705 3273 5757 ὁ
3294 5693 3523 5767 πονηρός
3555 5685 3633 5738 τάπὶ

538 5805 586 5847 ιο
608 5805 743 5870 Luc.
783 5826 821 5877 ι,
850 5811 943 5879 εδ,
972 5812 1061 5873 27.
1144 5814 1185 5848 ιτ
1205 5814 1339 5875 Ibid.
1367 5815 1456 5876 '56.
