3950 6326
279 382 422 443 ιιτε

1194 383 1478 440 HOMILIA
1510 385 1575 441 ll'l
1614 385 1681 440 ΙΝ
1725 383 2146 442 ANNUNTIAT.
2193 383 2375 441 VIRG.
2414 378 2676 437 MANE.

3397 374 3539 437 1174,

276 502 391 575 γὰρ
435 502 658 557 Ἠσαίου
705 502 799 557 καὶ
843 501 1004 564 αὐτὸς
1051 502 1287 577 ἠκροᾶτο
1337 505 1551 576 φωνῶν,
1585 506 1667 559 τό·
1715 505 1853 560 Ἰδοὺ

1965 506 2093 558 bum
2125 520 2233 559 non
2255 502 2499 565 latebat;
2542 515 2667 554 nam
2705 506 2759 552 et
2794 496 2947 553 Isaiae
2974 495 3067 550 illa
3091 494 3255 550 verba
3291 492 3405 564 ipse
3435 509 3535 547 au-

276 595 318 664 ἡ
368 594 668 663 παρθένος
714 595 784 647 ἐν
830 594 1044 665 γαστρὶ
1098 596 1242 663 ἔξει,
1291 598 1387 651 καὶ
1423 597 1652 663 τέξεται
1701 601 1852 652 υἱόν.

275 686 391 740 Καὶ
443 687 701 741 ἑκάστοτε
749 686 972 750 εἰκότως
1016 690 1312 762 παρετήρει
1344 690 1441 761 τῆς
1482 690 1759 761 Παρθένου
1798 691 1858 743 τὸ

274 774 523 845 φθέγμα,
551 776 636 829 ἴνα
661 777 793 830 ὅπου
824 777 907 830 ὅτι
936 776 1234 849 πληροῦται
1265 778 1325 831 τὸ
1352 780 1650 851 μυστήριον
1676 780 1854 843 τοῦτο,

274 866 655 940 πραεξαρτύσῃ
698 868 789 923 τὸν
834 869 1017 938 ψόγον.
1068 870 1165 925 Διὰ
1190 870 1378 935 τοῦτο,
1407 873 1437 925 6
1464 872 1737 943 Δεσπότης
1768 871 1857 926 διὰ

274 958 768 1030 μεμνηστευμένης
807 960 1084 1032 ἐλήλυθεν,
1111 962 1197 1016 ἵνα
1225 963 1318 1016 τὸν
1360 963 1593 1035 πονηρὸν
1635 962 1793 1036 λάθῃ,
1821 966 1853 1035 ή

270 1050 386 1123 γὰρ
432 1050 827 1122 μνηπευθείσα
865 1055 1214 1125 κατηγγυᾶτο
1257 1055 1461 1111 λοιπόν.
1499 1055 1583 1121 Τῷ
1600 1056 1747 1126 μηνὶ
1776 1055 1856 1122 τῷ

268 1140 447 1204 ἕκτῳ,
478 1139 794 1210 ἀπεστάλη
819 1143 1084 1211 Γαϐριὴλ
1117 1144 1259 1212 πρὸς
1295 1146 1600 1213 παρθένον
1631 1163 1855 1215 μεμνη-

267 1230 615 1298 στευμένην
660 1231 865 1298 ἀνδρὶ,
899 1223 949 1299 ᾧ
979 1232 1167 1303 ὄνομα
1218 1234 1449 1304 Ἰωσήφ.
1502 1236 1762 1289 Ἀκουσον
1799 1237 1852 1289 τί

270 1323 406 1391 περὶ
434 1321 619 1385 τούτου
647 1322 741 1376 τοῦ
770 1323 961 1395 ἀνδρὸς
986 1327 1079 1380 καὶ
1105 1327 1203 1397 τῆς
1226 1327 1501 1399 Παρθένου
1525 1331 1553 1382 ό
1573 1330 1853 1399 προφήτης

269 1416 462 1486 φησίνο
511 1414 807 1485 Δοθήσεται
842 1419 903 1470 τὸ
944 1418 1378 1492 ὲσφραγισμένον
1437 1420 1594 1475 τοῦτο
1645 1422 1851 1493 βιϐλίον

269 1506 431 1577 ἀνδρὶ
464 1508 626 1561 εἰδότι
656 1509 980 1581 γράμματα.
1011 1510 1075 1563 Τί
1093 1510 1154 1564 τὸ
1177 1512 1607 1584 ἐσφραγισμένον
1625 1513 1848 1584 βιϐλίον,

266 1596 305 1668 ἦ
338 1598 557 1663 πάντως
582 1598 703 1671 [ἄλ.
731 1601 779 1653 εί
807 1599 882 1672 μή
904 1600 1145 1674 πάντως]
1167 1604 1202 1673 ή
1225 1603 1525 1673 ἁμόλυντος
1541 1605 1847 1677 Παρθένος;

267 1689 427 1762 παρὰ
455 1689 618 1744 τίνων
644 1691 963 1764 δοθήσεται;
1000 1693 1159 1767 Παρὰ
1190 1694 1299 1747 τῶν
1345 1694 1554 1766 ἱερέων,
1586 1696 1846 1768 δηλονότι.

1961 597 2184 651 diebat:
2222 594 2357 648 Ecce
2402 595 2548 663 virgo
2588 592 2643 645 in
2682 600 2828 644 utero
2876 587 3106 653 habebit,
3146 594 3197 640 et
3244 585 3420 655 pariet
3463 588 3534 654 ﬁ-

1963 689 2091 742 lium
2118 689 2183 743 "‘.
2218 687 2399 754 Quare
2424 696 2477 741 et
2514 683 2756 754 quotidie
2789 680 3028 752 Virginis
3057 694 3245 735 vocem
3279 677 3533 734 observa-

1959 781 2069 845 bat,
2102 789 2162 835 ut
2195 782 2285 835 ubi
2321 778 2638 850 mysterium
2678 775 2782 829 hoc
2809 772 3215 842 adimﬂtaretur,
3250 769 3530 826 infamiam

1958 879 2303 943 praepararet.
2346 871 2525 940 Atque
2565 867 2687 922 ideo
2717 864 2981 919 Dominus
3011 879 3107 934 per
3145 863 3529 934 desponsatam

1956 963 2124 1029 venit,
2159 972 2218 1017 ut
2247 961 2554 1032 improbum
2602 959 2827 1023 lateret;
2866 970 2987 1025 qua:
3024 955 3169 1011 enim
3203 956 3529 1026 desponsata

1957 1052 2152 1120 fuerat,
2188 1053 2441 1122 deinceps
2487 1063 2689 1121 sponso
2722 1047 2980 1103 tradenda
3011 1054 3147 1101 erat.
3172 1045 3350 1101 Mense
3380 1055 3528 1100 sexto

1956 1147 2152 1199 missus
2187 1155 2265 1200 est
2300 1142 2513 1199 Gabriel
2556 1142 2626 1195 ad
2674 1140 2926 1211 virginem
2971 1139 3344 1208 desponsatam
3391 1139 3526 1197 viro.

1955 1240 2039 1292 cui
2103 1255 2288 1292 nomen
2350 1236 2565 1305 Ioseph.
2628 1235 2768 1290 Audi
2822 1233 2952 1302 quid
3008 1234 3075 1287 de
3128 1232 3232 1287 hoc
3296 1230 3414 1286 viro
3475 1240 3526 1285 et

1956 1328 2177 1400 Virgine
2221 1329 2364 1384 dicat
2414 1327 2674 1398 propheta
2706 1345 2719 1380 :
2750 1326 2997 1390 Dabitur,
3038 1324 3233 1393 inquit,
3277 1323 3412 1378 liber
3442 1322 3530 1380 hic

1954 1422 2272 1491 obsignatus
2302 1420 2418 1474 viro
2449 1422 2640 1475 scienti
2665 1418 2874 1472 litteras
2905 1418 2967 1471 ³⁸.
2996 1415 3061 1470 Ει
3090 1416 3213 1486 quis
3245 1416 3347 1470 iste
3386 1414 3532 1470 obsi-

1955 1524 2155 1585 gnatus
2200 1521 2283 1568 est
2326 1513 2483 1577 liber,
2526 1512 2631 1565 nisi
2673 1512 2897 1566 omnino
2943 1510 3291 1564 immaculata
3324 1506 3531 1579 Virgo?

1952 1605 1996 1657 A
2036 1605 2236 1674 quibus
2282 1603 2540 1659 dabitur?
2582 1602 2957 1658 sacerdotibus
3008 1600 3233 1657 scilicet.
3297 1597 3528 1654 Cuinam

1951 1699 2127 1753 viro?
2202 1697 2358 1751 fabro
2444 1694 2665 1765 Jnseph.
2739 1696 2876 1749 Cum
2966 1695 3128 1765 igitur
3214 1692 3531 1749 sacerdotes

267 1783 393 1837 Τίνι
423 1782 631 1855 τούτῳς
662 1784 751 1856 Τῷ
778 1785 989 1841 τέκτονι
1030 1789 1249 1859 Ἰωσήφ.
1290 1789 1442 1843 Ἐπεὶ
1468 1785 1561 1843 οῦν
1595 1792 1644 1845 οἱ
1687 1794 1849 1863 ἱερεῖς

1954 1790 2225 1862 Virginem
2260 1789 2485 1845 Mariam
2521 1797 2675 1843 casto
2704 1787 3120 1857 despondissent
3141 1784 3375 1856 Joseph,
3405 1801 3529 1841 eam

262 1875 345 1939 ὡς
379 1854 615 1948 σώφρονι
643 1854 733 1947 τῷν
768 1878 964 1950 Ἰωσὴφ
1010 1854 1318 1952 ἡρμόσαντο
1349 1882 1447 1953 τὴν
1482 1854 1847 1956 Μαρίαν,

1951 1885 2053 1954 ipsi
2092 1874 2563 1947 commendarunt,
2616 1893 2828 1952 tempus
2859 1880 3166 1949 nuptiarum
3203 1887 3529 1948 exspectan-

264 1969 569 2041 παρέθεντο
597 1969 764 2041 αὐτῷ,
782 1971 959 2043 γάμου
993 1972 1183 2044 καιρὸν
1222 1974 1604 2045 ἀναμένοντες,
1649 1976 1844 2048 ἔμελλε

1949 1985 2062 2041 tes;
2117 1992 2280 2046 quam
2333 1977 2552 2046 quidem
2606 1978 2723 2047 ipse
2769 1974 3045 2043 accipiens
3096 1973 3358 2044 integram
3410 1981 3529 2027 erat.

258 2060 322 2112 δὲ
357 2052 513 2125 οὗτος
542 2060 833 2132 λαμϐάνων
864 2065 1052 2135 τηρεῖν
1096 2066 1154 2117 ὲν
1186 2064 1463 2137 ἀφθαρσίᾳ
1490 2066 1584 2137 τὴν
1635 2068 1847 2139 Παρθέ-

260 2161 379 2199 νον·
410 2144 567 2200 τοῦτο
619 2149 900 2221 πόρρωθεν
947 2152 977 2204 6
1028 2154 1313 2223 προφήτης
1370 2155 1840 2229 προανεφώνησενυ

257 2237 560 2309 Λοθήσεται
584 2241 646 2294 τὸ
670 2243 1104 2314 ὲσφραγισμένον
1146 2244 1303 2299 τοῦτο
1336 2246 1541 2317 βιϐλίον
1583 2248 1737 2321 ἀνδρὶ
1764 2251 1842 2303 εί-

259 2331 378 2385 δόιι
403 2332 727 2404 γράμματα,
784 2336 881 2388 καὶ
930 2337 1063 2408 ἐρεῖ·
1099 2337 1173 2391 Οὐ
1231 2337 1465 2409 δύναμαι
1508 2340 1837 2409 ἀναγνῶναι.

261 2422 362 2475 Διὰ
384 2422 438 2475 τί
493 2423 554 2478 ού
579 2423 826 2489 δύνασαι,
859 2420 905 2479 ὧ
951 2428 1183 2499 Ἰωσήφς
1217 2430 1292 2482 Οὐ
1330 2429 1586 2503 δύναμαι,
1649 2433 1836 2502 φησιν,

258 2513 589 2582 ἀναγνῶναιο
617 2516 679 2570 τὸ
702 2517 813 2589 γὰρ
846 2518 1047 2589 βιϐλίον
1075 2520 1457 2592 ἐσφράγισται.
1496 2523 1613 2577 Τίνι
1644 2524 1840 2595 τηρού-

262 2622 463 2675 μενον;
494 2606 584 2678 Τῷ
608 2610 939 2681 Δημιουργῷ
968 2610 1077 2666 τῶν
1107 2611 1243 2666 ὅλων
1289 2615 1706 2688 κατοικητήριον
1735 2634 1838 2687 φυ-

257 2699 602 2769 λαττόμενον.
648 2701 785 2755 Ἀλλ’
815 2704 907 2756 ἐπὶ
929 2704 991 2757 τὸ
1020 2706 1379 2777 προκείμενον
1433 2708 1832 2780 ἐπανέλθωμεν·

265 2789 350 2855 Τῷ
374 2790 522 2861 μηνὶ
550 2791 630 2858 τῷ
654 2793 825 2861 ἕκτῳ,
854 2796 1170 2865 ἀπεστάλη
1196 2799 1461 2868 Γαϐριὴλ
1512 2800 1664 2869 πρὸς
1692 2817 1837 2869 παρ-

259 2882 459 2936 θένον.
497 2884 591 2947 ⁸⁸ος
618 2882 837 2949 πάντως
866 2903 969 2940 που
1003 2888 1255 2953 τοιαύτας
1284 2890 1501 2955 ἐντολὰς
1520 2890 1830 2963 δεξάμενος·

257 2975 430 3048 Δεῦρο
450 2977 657 3043 λοιπὸν,
684 2972 728 3031 ὧ
748 2978 1075 3049 ἀρχάγγελε,
1109 2981 1379 3054 ὑπουργὸς
1409 2982 1566 3051 γενοῦ
1604 2983 1833 3055 φοϐεροῦ

260 3068 586 3140 μυστηρίου,
637 3070 1151 3143 ἀποκεκρυμμένου,
1206 3072 1508 3128 διακόνισον
1569 3075 1647 3147 τῷ
1706 3075 1835 3130 θαύ-

1946 2081 2405 2136 conservaturus;
2457 2069 2604 2139 quod
2646 2077 2700 2123 et
2764 2069 2923 2139 longe
2980 2072 3141 2121 antea
3204 2064 3528 2134 praedixerat

1945 2163 2202 2232 propheta
2236 2162 2521 2226 :Dabitur,
2568 2161 2838 2232 inquiens,
2871 2161 3005 2216 liber
3038 2159 3359 2228 obsignatus
3404 2157 3533 2211 viro

1945 2254 2132 2308 scienti
2170 2254 2409 2317 litteras,
2454 2263 2507 2308 et
2544 2253 2686 2308 dicet
2714 2271 2727 2306 :
2759 2251 2876 2306 Non
2925 2267 3148 2322 possunt
3182 2250 3376 2319 legere.
3411 2246 3531 2301 Cur.

1942 2359 2050 2398 non
2084 2352 2234 2413 potes
2267 2345 2475 2415 legere,
2517 2359 2550 2398 ο
2593 2341 2829 2415 Ioseph?
2869 2341 2983 2397 Non
3017 2356 3241 2412 possum
3263 2377 3280 2405 ,
3310 2339 3529 2409 inquit,

1942 2433 2149 2504 legere;
2202 2450 2327 2488 nam
2374 2434 2510 2488 liber
2550 2434 2869 2504 obsignatus
2903 2441 2990 2489 est
3026 2433 3094 2484 ⁸ο.
3138 2430 3369 2485 Cuinam
3407 2445 3529 2485 seu"

1940 2524 2136 2579 vatur?
2173 2523 2373 2579 Rerum
2405 2524 2648 2578 omnium
2672 2524 2919 2579 Creatori
2985 2539 3083 2593 pro
3120 2520 3399 2578 domicilio
3424 2536 3521 2576 cu~

1940 2617 2194 2672 stoditur.
2219 2615 2486 2670 Caeterum
2516 2616 2581 2670 ad
2612 2616 2947 2686 propositum
2973 2616 3260 2671 redeamus
3295 2633 3308 2668 :
3340 2612 3529 2667 Mense

1939 2716 2108 2770 sexto,
2150 2707 2340 2761 missus
2386 2717 2461 2761 est
2507 2706 2718 2761 Gabriel
2758 2707 2827 2761 ad
2872 2708 3143 2777 virginem.
3200 2703 3305 2772 Qui
3358 2704 3527 2775 plane.

1938 2798 2204 2869 ejusmodi
2244 2797 2499 2853 mandata
2545 2814 2574 2853 a
2612 2796 2721 2853 Deo
2760 2806 3043 2868 acceperat
3074 2815 3087 2851 :
3117 2796 3429 2862 Adesdum,
3482 2813 3523 2847 θ

1938 2892 2298 2961 archangele,
2337 2892 2583 2947 minister
2618 2890 2881 2946 tremendi
2926 2899 2980 2946 et
3025 2890 3208 2947 arcani
3243 2898 3362 2945 esto
3400 2904 3526 2959 mya

1937 2982 2131 3046 sterii;
2182 2980 2447 3037 miraculo
2496 2981 2729 3036 deservi.
2780 2980 2861 3034 Ad
2906 2978 3293 3049 requirendum
3340 2978 3523 3033 Adam.

1935 3073 2028 3143 qui
2058 3082 2352 3138 erraverat,
2401 3072 2537 3127 meis
2582 3081 2887 3128 commotus
2929 3070 3386 3136 miserationibus,
3419 3072 3522 3125 de«

260 3176 413 3229 ματι.
447 3160 541 3223 Είς
563 3158 895 3233 ἀναζήτησιν
942 3162 1034 3216 τοῦ
1092 3164 1456 3235 πλανηθέντπ
1500 3167 1672 3239 Ἀδὰμ
1702 3185 1835 3223 κατ-

1940 3164 2197 3220 scendere
2225 3179 2476 3235 propero.
2536 3165 2823 3219 Peccatum
2872 3161 3192 3217 inveteravit
3221 3178 3367 3226 eum,
3419 3163 3521 3231 qui

255 3250 432 3304 ελθεῖν
493 3252 597 3306 67:6
673 3254 783 3308 τῶν
838 3256 988 3327 ἐμῶν
1035 3258 1351 3330 οἰκτιρμῶν,
1401 3259 1710 3331 ἐπείγομαι.
1770 3261 1835 3316 Ἦ

1940 3256 2007 3309 ad
2038 3255 2326 3325 imaginem
2354 3271 2529 3310 meam
2563 3254 2831 3310 formatus
2859 3263 2963 3319 est,
2999 3262 3052 3308 et
3083 3268 3222 3323 opus
3255 3268 3513 3308 manuum

255 3339 504 3411 ἁμαρτία
531 3341 622 3396 τὸν
650 3344 770 3398 κατ’
800 3346 983 3401 εἰκόνα
1027 3346 1125 3418 τὴν
1178 3347 1316 3419 ἐμὴν
1370 3348 1675 3403 πλασθέντα
1702 3352 1836 3405 ἐπα-

254 3432 515 3497 λαίωσεν,
566 3433 661 3487 καὶ
715 3435 777 3488 τὸ
832 3436 940 3490 τῶν
995 3439 1144 3509 ἐμῶν
1202 3440 1398 3511 χειρῶν
1448 3441 1834 3516 δημιούργημα

255 3523 596 3596 έσὰθρωσεν,
622 3527 955 3601 ἀμαύρωσεν
979 3531 1116 3603 ὅπερ
1147 3531 1357 3587 έπλασα
1386 3534 1598 3599 κάλλος.
1645 3537 1703 3589 '0
1740 3535 1832 3590 λύ-

255 3632 354 3680 κσς
380 3617 444 3670 τὸ
494 3618 623 3689 ἐμὸν
664 3621 1029 3692 κατανέμεται
1062 3622 1303 3695 θρέμμα,
1356 3624 1561 3698 ἔρημόν
1596 3630 1711 3681 ἐστι
1738 3628 1831 3681 τοῦ

256 3710 589 3780 παραδείσου
622 3712 684 3766 τὸ
717 3715 1051 3786 οἰκητήριον,
1086 3714 1149 3769 τὸ
1203 3716 1356 3783 ξύλον
1406 3719 1505 3789 τῆς
1557 3718 1704 3790 ζωῆς
1730 3722 1833 3776 ὑπὸ

252 3802 357 3872 τῆς
384 3801 639 3876 φλογίνης
680 3806 951 3876 ῥομφαίας
1005 3808 1347 3877 φυλάττεται,
1399 3810 1706 3866 κέκλεισται
1733 3815 1832 3886 τῆς

252 3894 470 3965 τρυφῆς
500 3895 562 3948 τὸ
593 3897 807 3969 χωρίον,
840 3897 974 3952 ἐλεῶ
1007 3899 1068 3952 τὸ
1120 3900 1445 3973 πολεμηθὲν,
1488 3903 1581 3967 καὶ
1642 3905 1833 3959 συλλα-

253 3983 446 4039 ιέέσθαι
471 3986 562 4040 τὸν
595 3987 849 4059 πολέμιον
875 3989 1155 4061 βούλομαι·
1181 3991 1360 4046 λαθεῖν
1380 3992 1437 4046 δὲ
1468 3992 1624 4059 θέλω,
1653 3996 1831 4061 πάσας

251 4076 356 4140 τὰς
379 4076 487 4129 τῶν
519 4077 762 4149 οὐρανῶν
789 4079 1069 4151 δυνάμεις,
1107 4082 1188 4134 σοὶ
1225 4082 1368 4154 μόνῳ
1396 4083 1582 4156 θαῤῥῷ
1622 4086 1683 4138 τὸ
1730 4105 1831 4158 μυ-

254 4169 498 4240 στήριον.
532 4171 675 4242 Πρὸς
704 4171 802 4243 τήν
834 4170 927 4227 οὖν
959 4174 1234 4245 Παρθένον
1263 4176 1481 4247 Μαρίαν
1512 4178 1825 4250 πορεύθητι.

258 4258 495 4313 Ἀπελθε
526 4261 663 4331 πρὸς
686 4261 785 4333 τὴν
811 4263 1050 4335 ἔμψυχον
1081 4265 1254 4331 πόλιν,
1276 4267 1409 4339 ¹περὶ
1445 4263 1514 4339 ἧς
1539 4269 1568 4321 ὁ
1608 4270 1827 4340 Προφή·

251 4368 354 4419 της
387 4350 591 4420 ἔλεγεν·
634 4353 1053 4424 Δεδοξασμένα
1097 4356 1368 4425 ἐλαλήθη
1415 4360 1548 4426 περὶ
1603 4359 1739 4423 σοῦ,
1789 4363 1828 4430 ἡ

253 4443 432 4508 πόλις
473 4444 580 4496 τοῦ
639 4446 806 4499 Θεοῦ.
864 4447 1100 4500 Ἀπελθε
1141 4448 1279 4520 πρὸς
1332 4449 1422 4502 τὸν
1480 4449 1693 4518 λογικόν
1726 4468 1827 4521 μου

1938 3362 2184 3402 mearum
2214 3347 2547 3410 debilitavit,
2601 3346 3172 3416 pulchritudinemque
3196 3362 3227 3401 a
3264 3362 3351 3402 me
3376 3361 3514 3421 con-

1937 3440 2132 3495 {cctam
2164 3440 2496 3496 obscuravit.
2537 3439 2722 3509 Lupus
2750 3456 2929 3496 meum
2960 3442 3238 3496 alumnum
3267 3440 3511 3496 devorat.

1935 3532 2174 3602 paradisi
2204 3532 2538 3588 domicilium
2561 3533 2858 3598 desolatur,
2893 3534 3097 3604 lignum
3129 3533 3255 3588 vitae
3274 3549 3306 3589 a
3334 3534 3514 3603 gladio

1934 3626 2186 3680 ﬂammeo
2225 3625 2530 3680 custoditur
2563 3625 2630 3692 ⁸⁸,
2673 3639 2898 3693 campus
2932 3623 3252 3680 deliciarum
3289 3624 3515 3680 clausus

1940 3726 2046 3773 est.
2076 3716 2384 3788 Oppugnati
2412 3717 2697 3782 misereor,
2726 3725 2782 3771 et
2813 3715 3025 3770 hostem
3056 3716 3513 3786 comprehendere

1932 3809 2096 3875 volo;
2152 3807 2472 3878 mysterium
2532 3806 2639 3861 hoc
2691 3815 2917 3861 cunctas
2977 3806 3210 3861 virtutes
3261 3808 3511 3864 caelestes

1933 3900 2102 3956 latere
2136 3900 2318 3969 cupio,
2349 3898 2496 3969 quod
2532 3898 2631 3953 tibi
2659 3898 2761 3954 soli
2790 3897 3022 3952 conﬁdo.
3064 3896 3210 3954 Vade
3250 3900 3412 3970 igitur
3441 3903 3510 3955 ad

1931 3989 2159 4044 Mariam
2207 3988 2491 4060 virginem.
2522 3986 2627 4042 Abi
2664 3987 2729 4042 ad
2766 3987 3060 4041 animatam
3098 3988 3402 4052 civitatem,
3442 3989 3514 4044 de

1932 4100 2039 4154 qua
2082 4083 2295 4139 dicebat
2335 4082 2609 4152 Propheta
2641 4098 2656 4135 :
2690 4079 2934 4135 Gloriosa
2973 4083 3119 4136 dicta
3158 4092 3278 4136 sunt
3316 4082 3380 4136 de
3422 4092 3509 4143 te,

1932 4177 2119 4231 civitas
2144 4175 2243 4230 Dei
2266 4176 2330 4230 “.
2357 4175 2459 4230 Abi
2491 4173 2560 4229 ad
2588 4171 2901 4244 paradisum
2929 4188 3109 4229 meum
3138 4174 3349 4229 ratione
3381 4189 3511 4243 pra:-

1931 4271 2139 4336 ditum;
2186 4269 2270 4324 abi
2308 4269 2376 4324 ad
2408 4278 2623 4338 portam
2663 4266 3019 4335 orientalem;
3067 4268 3154 4322 abi
3183 4267 3251 4323 ad
3279 4267 3511 4322 domici-

1931 4361 2062 4415 lium
2088 4361 2268 4416 Verbo
2296 4375 2419 4416 meo
2444 4360 2704 4432 dignum;
2748 4360 2837 4415 abi
2880 4359 2945 4414 ad
2977 4360 3205 4439 alterum
3226 4399 3243 4425 ,
3273 4359 3420 4429 quod
3452 4358 3507 4412 in

1933 4456 2075 4502 terra
2107 4457 2212 4513 est,
2238 4447 2467 4512 cadum;
2496 4448 2583 4503 abi
2613 4448 2682 4503 ad
2711 4448 2910 4503 nubem
2942 4447 3135 4513 levem,
3165 4455 3219 4501 et
3247 4449 3511 4502 adventus

252 4534 604 4605 παράδεισον
648 4535 848 4590 ἄπελθε
901 4538 1036 4610 πρὸς
1060 4538 1158 4611 τὴν
1193 4539 1378 4622 πύλην.
1411 4541 1511 4612 τῆς
1548 4541 1829 4613 ἀνατολῆς

1940 4538 2049 4592 mei
2095 4538 2323 4594 imbrem
2371 4538 2473 4608 ipsi
2520 4540 2821 4606 annuntia;
2877 4540 2967 4594 abi
3017 4542 3084 4596 ad
3134 4542 3509 4595 sanctuariqu

250 4626 454 4683 ἄπελθε
489 4629 622 4702 πρὸς
654 4629 714 4684 τὸ
737 4630 885 4696 ἄξιον
917 4632 1050 4703 ἐμοῦ
1082 4632 1175 4686 τοῦ
1197 4633 1371 4702 Λόγου
1393 4636 1828 4708 καιιτοικινι·ιεήριον⁶

253 4717 457 4773 ἄπελθε
492 4721 627 4792 πρὸς
656 4722 747 4775 τὸν
797 4721 1048 4796 δεύτερον
1103 4725 1198 4778 ἐπὶ
1224 4725 1326 4797 γῆς
1351 4726 1598 4797 ούρανόψ
1629 4726 1829 4781 ἄπελθε

254 4811 393 4880 πρὸς
423 4812 522 4883 τὴν
557 4812 766 4885 κούφην
820 4815 1071 4887 νεφέληνο
1108 4818 1346 4890 μήνυσον
1381 4819 1517 4890 αὐτῇ
1549 4821 1648 4891 τῆς
1692 4821 1832 4892 ἐμῆς

253 4904 552 4976 παρουσίας
578 4906 920 4979 τὸνιὸμϐρον·
953 4909 1152 4963 ἄπελθε
1207 4910 1346 4982 πρὸς
1405 4911 1468 4964 τὸ
1513 4913 1634 4982 ἐμοὶ
1678 4915 1825 4983 ήτοι-

254 4997 533 5068 μασμένον
563 4998 829 5072 ἁγίασμα·
882 5001 1083 5055 ἄπελθε
1131 5001 1271 5073 πρὸς
1317 5002 1416 5073 τήν
1459 5004 1705 5060 παστάδα
1727 5006 1825 5077 τῆς

247 5090 736 5164 δνανθρωπήσεως.
772 5094 1007 5148 Ἀπελθε
1027 5093 1173 5166 πρὸς
1191 5096 1284 5149 τὸν
1304 5095 1541 5169 καθαρὸν
1561 5100 1826 5168 νυμφῶνα

245 5183 350 5253 τῆς
395 5184 537 5238 κατὰ
590 5187 763 5258 σάρκα
823 5204 922 5258 μου
969 5189 1296 5261 γεννήσεως.
1351 5190 1597 5262 Λάλησον
1640 5192 1719 5254 είς
1755 5190 1824 5245 τὰ

245 5269 366 5330 ὦτα
393 5277 493 5346 τῆς
525 5277 744 5350 λογικῆς
771 5279 1026 5347 κιϐωτοῦ,
1073 5281 1361 5353 έτοίμασαί
1391 5300 1479 5353 μοι
1520 5281 1621 5353 τῆς
1654 5283 1825 5352 ἀκοῆς

243 5369 347 5434 τὰς
375 5370 627 5435 εἰσόδους.
673 5373 829 5427 Ἀλλὰ
875 5374 949 5446 μὴ
1007 5374 1334 5447 θορυϐήσῃς,
1397 5376 1531 5446 μηδὲ
1584 5374 1822 5447 ταράξῃς

242 5462 344 5532 τὴν
368 5461 546 5535 ψυχὴν
599 5465 696 5535 τῆς
726 5466 1020 5538 Παρθένου.
1083 5465 1369 5531 Ἐπιεικῶς
1402 5467 1480 5537 τῷ
1523 5467 1822 5538 ἀγιάσματι

246 5554 468 5623 φάνηθι·
503 5554 724 5628 πρώτην
779 5560 916 5629 αὐτῇ
956 5560 1139 5631 φωνήν
1164 5560 1337 5631 χαρᾶς
1386 5560 1704 5632 ἀναϐόησον.
1748 5561 1820 5614 Σὺ

247 5646 369 5699 sini:
395 5649 460 5718 τῇ
484 5647 715 5719 Μαριὰμ
766 5650 846 5714 τὸ,
882 5651 1076 5719 Χαῖρε,
1105 5651 1560 5722 κεχαριτωμένη·
1596 5654 1662 5706 ἶν’
1712 5652 1823 5722 ἐγὼ

319 5825 488 5882 “lsa.
533 5844 603 5884 γι.
666 5828 739 5884 ιε.
849 5833 867 5863 ⁹
898 5831 998 5887 lsa.
1029 5849 1179 5899 nix,
1218 5832 1298 5887 ll.
1381 5832 1422 5865 ‘°
1456 5832 1589 5890 Ibid.
1668 5834 1710 5867 δι
1742 5833 1853 5891 Gen

1941 5849 1998 5902 ιι,
2025 5836 2115 5892 21.

1935 4630 2069 4685 mihi
2094 4640 2497 4701 praeparatum;
2538 4632 2627 4686 abi
2658 4633 2728 4687 ad
2759 4632 3147 4688 incarnationis
3186 4647 3318 4687 mete
3354 4633 3513 4687 cubi~

1934 4725 2138 4780 culum.
2193 4722 2342 4780 Vade
2393 4726 2461 4781 ad
2517 4741 2714 4796 purum
2758 4738 2894 4780 mea:
2940 4725 3238 4781 secundum
3286 4742 3510 4782 carnem

1932 4817 2229 4872 nativitatis
2286 4818 2608 4872 thalamum.
2662 4818 2913 4891 Loquere
2965 4821 3021 4874 in
3076 4820 3304 4877 auribus
3368 4836 3512 4875 arcae

1932 4922 2066 4962 mere
2097 4908 2307 4963 ratione
2332 4908 2588 4976 praedite,
2640 4919 2699 4963 ut
2741 4910 3036 4968 auditionis
3066 4911 3203 4966 mihi
3236 4920 3389 4982 paret
3419 4911 3507 4966 in-

1932 5014 2200 5070 gressum.
2237 4997 2343 5055 Sed
2374 5014 2505 5055 cave
2532 4999 2797 5069 oﬂendas,
2828 5010 2925 5058 aut
2953 5004 3244 5059 conturbes
3279 5003 3512 5073 virginis

1933 5091 2196 5145 animum.
2248 5090 2569 5148 [inmaniter
2601 5108 2668 5149 ac
2697 5094 2909 5165 placide
2956 5110 3142 5152 coram
3187 5095 3371 5150 divino
3411 5095 3507 5150 illo

1930 5183 2171 5237 sacrario
2197 5199 2549 5255 eompareas,
2601 5186 2940 5256 primamque
2973 5186 3288 5259 ipsigaudii
3318 5199 3503 5241 vocem

1929 5276 2170 5331 enuntia.
2206 5275 2285 5330 Tn
2315 5277 2478 5341 illud,
2508 5278 2633 5343 Ave,
2666 5280 2844 5349 gratia
2871 5279 3053 5348 plena,
3081 5280 3146 5334 ad
3173 5279 3396 5333 Mariam
3424 5278 3504 5332 di-

1928 5368 2067 5433 cito;
2099 5378 2160 5423 ut
2192 5384 2292 5438 ego
2313 5384 2635 5425 aerumnosa).
2658 5382 2821 5441 atque
2844 5373 3054 5429 afﬂicta:
3072 5372 3331 5426 miserear
3357 5369 3501 5423 Eva}.

1926 5462 2146 5517 Audivit
2187 5463 2290 5519 ista
2340 5463 2735 5534 archangelus,
2782 5470 2836 5521 et
2882 5464 3026 5536 apud
3066 5479 3143 5527 se,
3196 5474 3255 5518 ut
3304 5463 3501 5519 rationi

1929 5562 2354 5615 consentaneum
2389 5564 2541 5619 erat,
2574 5555 3037 5627 cogitabatoatque
3067 5555 3282 5611 dicebat
3309 5572 3323 5609 :
3352 5552 3502 5609 Nova

1929 5656 1982 5701 et
2028 5648 2267 5703 inaudita
2311 5648 2423 5702 haec.
2456 5662 2543 5703 res
2581 5661 2682 5705 est.
2739 5647 3149 5721 lntelligentiatn
3201 5656 3511 5719 superant,

2196 5837 2234 5869 ³⁸
2261 5833 2405 5894 Psal.
2449 5852 2669 5907 axx“),
2703 5838 2756 5893 5.
