3950 6326
485 309 504 367 ί
527 305 624 365 l75

1126 302 1182 357 S.
1224 301 1553 360 GREGORII
1594 300 1954 360 THAUMAT.
2002 301 2153 356 OPP.
2208 300 2387 356 PARS
2425 298 2724 354 ALTERA.
2762 331 2836 340 —
2870 298 3096 356 DUBIA.

3537 296 3646 355 “76

483 443 601 499 quae
640 427 919 483 dicuntur.
947 427 1119 491 Quem
1150 422 1503 481 reformidant
1542 426 1822 481 cherubim
1843 464 1860 489 ,
1896 441 2056 495 quem

2163 423 2367 497 ἐλεήσω
2398 421 2542 478 Εὕαν
2573 424 2673 496 τὴν
2711 422 3121 494 κεκακωμένην.
3165 421 3414 475 Ἤκουσεν
3435 422 3459 476 ό
3482 424 3655 494 ἀρχάγ-

479 521 750 590 seraphim
799 518 997 574 intueri
1026 527 1338 588 nequeunt.
1377 534 1539 589 quem
1587 530 1798 576 cuncta:
1830 519 2058 574 virtutes

478 612 733 667 caelestes
777 608 887 682 [ηιξ
937 607 1231 681 angelicae]
1276 611 1734 680 comprehendere
1780 611 2057 666 intellecm

478 718 590 758 non
620 703 823 765 valent,
857 703 905 756 is
934 702 1096 757 sum
1137 702 1406 771 promittit
1438 703 1629 772 puellae
1660 719 2013 773 congressum
2038 743 2055 768 ,

480 811 704 866 suaeque
752 794 926 864 ipsius
979 809 1226 863 persona:
1272 794 1537 852 adventus
1582 796 1901 864 denuntiat;
1948 798 2060 853 imo

477 905 609 944 vero
635 889 942 958 ingressum
972 903 1069 957 per
1089 888 1332 943 auditum
1360 888 1662 957 pollicetur;
1693 898 1748 945 et
1772 890 1866 960 qui
1893 890 2059 947 Evam

479 980 883 1047 condemnavit,
935 981 1055 1049 ejus
1085 979 1248 1034 tiliam
1283 989 1562 1051 tantopere
1589 982 1891 1052 gloriﬁcare
1928 998 2062 1038 con-

479 1073 690 1129 tendit?
740 1073 830 1127 Ait
876 1073 1023 1127 enim
1064 1091 1076 1127 :
1109 1071 1270 1127 Paret
1311 1073 1447 1127 mihi
1477 1072 1697 1129 auditus
1725 1074 2056 1146 ingressum.

482 1164 589 1219 Sed
618 1163 865 1233 nunquid
909 1162 1107 1232 poterit
1142 1162 1371 1233 virginis
1408 1172 1598 1220 uterus
1641 1164 1793 1219 illum
1827 1181 2019 1233 capere
2040 1207 2057 1232 ,

477 1255 574 1324 qui
604 1254 987 1324 comprehendi
1013 1254 1235 1324 nequit?
1267 1254 1582 1327 Mysterium
1613 1271 1795 1311 revera
1824 1265 2061 1314 tremen-

479 1349 608 1400 dum
653 1360 719 1400 ac
755 1345 1123 1401 venerandum
1149 1355 1232 1402 est
1267 1346 1434 1401 istud.
1492 1344 1642 1401 Talia
1675 1346 1805 1402 dum
1837 1348 2062 1418 angelus

482 1454 670 1494 secum
710 1437 1002 1508 cogitaret,
1046 1438 1186 1493 dixit
1235 1438 1499 1493 Dominus
1545 1439 1611 1493 ad
1656 1439 1878 1509 ipsum:
1918 1440 2062 1506 Quid

482 1531 721 1587 turbaris
756 1532 993 1586 novitate
1022 1532 1122 1597 rei,
1156 1546 1189 1586 ο
1216 1530 1472 1587 Gabriel?
1510 1529 1705 1587 Nonne
1730 1540 1891 1587 antea
1929 1534 2064 1589 mis—

481 1639 577 1679 sus
621 1638 651 1677 a
688 1637 775 1677 me
806 1638 868 1678 es
909 1623 977 1678 ad
1011 1622 1332 1678 Zachariam
1370 1623 1705 1679 sacerdotem
1746 1624 1828 1677 "?
1872 1624 2063 1682 Nonne

482 1716 585 1786 ipsi
636 1717 818 1772 laetum
872 1716 1175 1772 nativitatis
1216 1714 1446 1772 Joannis
1491 1718 1720 1773 attulisti
1769 1719 2064 1773 nuntium?

479 1807 671 1863 Nonne
704 1809 982 1865 incredulo
1011 1808 1282 1865 sacerdoti
1315 1810 1700 1866 taciturnitatis
1727 1826 1946 1883 poenam
1971 1811 2058 1866 in-
2094 1792 2137 1847 Β

480 1900 689 1955 tulisti?
713 1898 903 1957 Nonne
945 1917 1131 1957 senem
1176 1901 1407 1973 loquela:
1441 1902 1744 1972 privatione
1779 1904 2059 1960 multasti?

481 1990 672 2047 Nonne
701 2009 822 2063 qua:
854 2003 909 2049 tu
938 1995 1242 2061 asseruisti,
1281 2010 1383 2067 ego
1415 1996 1732 2051 confirmavi
1769 2005 1825 2052 et
1861 2013 2058 2068 appro—

480 2086 642 2141 bavi?
689 2086 879 2143 Nonne
907 2097 1054 2144 tuam
1093 2089 1561 2145 annuntiationem
1600 2105 1689 2145 res
1721 2090 1835 2160 ipsa
1865 2091 2059 2146 subse-

480 2190 605 2236 cuta
646 2182 775 2237 est?
813 2181 1004 2237 Nonne
1047 2184 1249 2238 sterilis
1297 2183 1585 2253 concepit?
1636 2182 1828 2239 Nonne
1870 2192 2061 2240 uterus

480 2274 755 2330 obedivit?
787 2273 975 2330 Nonne
1000 2275 1301 2332 sterilitatis
1329 2275 1551 2331 morbus
1587 2277 1842 2333 recessit?
1874 2276 2062 2333 Nonne

481 2376 689 2422 natura:
735 2368 941 2435 inertia
996 2368 1173 2441 fugit?
1219 2367 1412 2424 Nonne
1474 2386 1621 2425 nunc
1674 2370 2058 2427 fecunditatem

479 2461 741 2524 ostendit,
768 2476 889 2531 qua:
916 2462 1069 2531 prius
1105 2470 1320 2517 uterum
1366 2477 1474 2516 non
1511 2463 1772 2534 gerebat?
1804 2463 2058 2536 Nunquid

481 2552 817 2622 impossibile
868 2553 1009 2623 apud
1064 2569 1150 2609 me
1191 2564 1511 2609 cunctorum
1557 2565 1857 2610 creatorem
1888 2598 1903 2622 ,
1957 2558 2060 2612 erit

481 2659 644 2699 omne
675 2644 937 2700 verbum?
960 2644 1247 2712 Quomodo
1277 2663 1405 2714 ergo
1444 2647 1699 2703 dubitas?
1726 2648 1865 2714 Quid
1898 2649 2060 2719 igitur

479 2735 722 2791 vicissim
749 2737 816 2791 ad
857 2737 969 2793 haec
996 2738 1259 2809 angelus?
1292 2738 1541 2803 Naturae,
1574 2740 1779 2810 inquit,
1809 2755 2054 2806 errores,

480 2843 514 2882 ο
547 2827 797 2903 Domine,
827 2831 1133 2901 corrigere;
1175 2832 1494 2886 morborum
1536 2842 1917 2904 tempestatum
1947 2835 2061 2891 dis-

482 2923 710 2989 solvere,
740 2924 983 2978 membra
1012 2933 1261 2978 emortua
1291 2925 1356 2979 ad
1386 2925 1601 2980 vitalem
1628 2926 1737 2981 vim
1765 2943 2055 2992 revocare;

481 3022 719 3081 natura,
751 3024 812 3068 ut
849 3016 1047 3071 liberos
1077 3015 1289 3086 gignat,
1332 3018 1661 3087 praecipere;
1696 3019 1765 3074 ab
1795 3022 2050 3075 extermi-

481 3106 625 3160 natis
656 3106 916 3161 membris
964 3107 1299 3162 sterilitatem
1348 3109 1640 3179 repellere;
1686 3123 2056 3169 senescentem

481 3199 737 3269 stipulam
770 3199 837 3253 ad
869 3199 1092 3254 viridem
1134 3199 1366 3256 formam
1407 3203 1698 3270 reducere;
1729 3214 1937 3263 terram
1976 3209 2059 3264 in-

483 3290 767 3347 fecundam
819 3301 1042 3363 repente
1086 3296 1491 3366 manipulorum
1534 3305 1762 3354 matrem
1809 3300 2059 3369 efficere;

481 3399 619 3453 opus
664 3392 747 3439 est
793 3386 939 3455 quod
992 3395 1082 3441 tua
1124 3387 1325 3443 virtute
1373 3399 1535 3460 atque
1595 3392 1835 3461 potentia
1874 3394 2058 3464 perfici

481 3477 635 3532 solet.
661 3476 949 3548 Testisque
972 3489 1053 3533 est
1080 3477 1235 3546 Sara,
1263 3490 1319 3540 et
1339 3497 1463 3536 cum
1492 3482 1595 3538 bac
1621 3482 1718 3554 [αι.
1748 3494 1870 3554 post
1897 3486 2059 3559 hanc]

482 3569 725 3625 Rebecca
755 3570 819 3637 “,
851 3587 1152 3643 rursusque
1177 3578 1333 3633 Anna
1368 3593 1382 3630 :
1412 3590 1535 3645 qua:
1560 3576 1688 3632 dum
1720 3578 1870 3645 gravi
1900 3588 2063 3650 atque

480 3662 709 3717 molesto
740 3662 1042 3718 sterilitatis
1085 3665 1278 3719 morbo
1329 3665 1673 3733 laborarent,
1711 3678 1898 3736 postea
1934 3685 1964 3724 a
2011 3679 2063 3725 te

481 3754 724 3809 liberata:
755 3764 902 3810 sunt.
944 3755 1235 3823 Caeterum,
1267 3757 1531 3828 virginem
1567 3758 1774 3829 absque
1805 3761 1908 3817 viri
1932 3777 2063 3817 con-

481 3859 671 3915 gressu
698 3861 909 3915 parere.
938 3857 1165 3902 cunctas
1198 3857 1412 3903 naturae
1441 3848 1585 3920 leges
1615 3861 1863 3922 superat;
1899 3862 2063 3923 atque

481 3936 618 3991 adeo
670 3946 823 3992 tuum
871 3937 940 3991 ad
974 3935 1208 4006 puellam
1249 3938 1525 4008 polliceris
1558 3940 1887 3997 adventum?
1923 3943 2061 3999 lei

480 4038 745 4098 terraeque
789 4043 896 4083 non
929 4038 981 4084 te
1011 4029 1145 4085 fines
1185 4031 1441 4100 capiunt;
1480 4033 1756 4102 quomodo
1800 4035 1965 4107 igitur
2009 4044 2062 4092 te

478 4120 763 4191 virginalis
787 4130 979 4176 uterus
1011 4122 1227 4191 capiet?
1260 4122 1363 4177 Cui
1405 4123 1668 4181 Dominus
1704 4146 1718 4181 ι
1750 4125 2057 4193 Quomodo,

481 4211 695 4282 inquit,
742 4212 975 4265 Abrahae
1022 4211 1431 4267 tabernaculum
1478 4230 1565 4269 me
1609 4230 1803 4283 capere
1846 4220 2063 4287 potuit?

480 4301 549 4357 Et
585 4305 810 4374 angelus
843 4322 858 4358 :
893 4303 1193 4370 Quoniam,
1231 4304 1444 4374 inquit,
1479 4305 1866 4374 hospitalitatis
1894 4311 2060 4364 habe-

480 4393 574 4445 bat
619 4395 872 4465 pelagus;
915 4392 1168 4462 illicque,
1220 4407 1255 4447 ο
1300 4391 1562 4460 Domine,
1612 4404 1663 4451 te
1700 4399 2056 4468 conspicuum

2162 516 2317 586 γελος
2351 515 2545 578 ταῦτα,
2578 516 2673 569 καὶ
2699 514 2822 569 καθ’
2854 513 3067 575 ἐαυτὸν,
3116 511 3190 576 ὠς
3236 512 3392 573 εἰκὸς,
3414 511 3656 581 ἐλογίζετοο

2160 613 2321 667 Ξένον
2365 612 2426 665 τὸ
2477 612 2707 684 πρᾶγμα
2761 608 2941 663 τοῦτο·
3013 604 3328 678 ύπερὸαἶνον
3383 604 3577 673 ἔννοιαν,
3612 606 3661 660 τὺ

2162 704 2510 776 λαλούμενον.
2555 703 2614 757 Ὀ
2646 705 2759 765 τοῖς
2792 700 3056 774 χερουϐἱμ
3104 698 3387 771 φοϐερὸς,ό
3409 701 3508 761 τοῖς
3534 715 3662 770 σερα-

2163 797 2269 869 φὶμ
2289 796 2619 869 ἀθεώρητος,
2668 795 2698 848 ό
2754 795 2958 857 πάσαις
3008 795 3128 856 ταῖς
3175 790 3434 862 οὐρανίαις
3463 789 3665 861 [ἄλη.

2160 889 2424 962 γελικαίς]
2461 889 2753 961 δυνάμεσιν
2806 886 3194 958 ἀκατανόητος,
3229 883 3390 955 ίδικὴν
3431 883 3667 953 συντυχίαν

2162 982 2557 1052 ἐπαγγέλλεται
2603 981 2762 1055 κόρηο
2812 980 3234 1051 αὐτοπρόσωπον
3296 978 3562 1048 παρουσίαν
3588 996 3669 1049 μη-

2164 1075 2302 1138 νύει,
2335 1074 2533 1145 μᾶλλον
2553 1074 2610 1128 δὲ
2640 1073 2846 1127 εἴσοδον
2882 1071 2952 1127 δι’
2983 1073 3151 1145 ἀκοῆς
3196 1073 3527 1143 ὑπισχνεῖταιο
3550 1074 3671 1127 καὶὸ

2164 1168 2265 1241 τὴν
2296 1167 2440 1221 Εῦαν
2469 1166 2856 1230 καταδικάσας,
2888 1166 2988 1236 τὴν
3015 1166 3185 1237 αὐτῆς
3230 1164 3485 1235 θυγατέρα
3520 1163 3671 1218 τοσοῦ-

2160 1279 2253 1315 τον
2283 1258 2526 1327 δοξάζειν
2575 1259 2881 1328 ἐπείγεται;
2928 1258 3091 1328 Λέγει
3139 1259 3268 1330 γὰρ,
3323 1258 3576 1341 ἑτοιμάσαι
3602 1258 3673 1326 μοὶ

2164 1354 2261 1424 τῆς
2293 1352 2462 1422 ἀκοῆς
2494 1351 2595 1416 τάς
2630 1351 2888 1416 εἰσόδους.
2934 1350 3095 1404 Ἀλλά
3149 1351 3224 1422 μὴ
3271 1348 3476 1404 δύναται
3502 1349 3675 1421 γαστὴρ

2163 1447 2360 1517 χωρεῖν
2381 1444 2472 1498 τὸν
2505 1442 2821 1515 ἀχώρητονς
2854 1445 3062 1508 Ὄντως
3104 1443 3264 1497 τοῦτο
3291 1442 3502 1514 φοϐερὸν
3521 1443 3573 1494 τὸ
3597 1460 3675 1513 μυ·

2165 1543 2405 1608 στήριον.
2474 1535 2707 1590 Τοιαῦτα
2765 1534 2859 1589 τοῦ
2922 1534 3157 1605 ἀγγέλου
3223 1534 3678 1607 ἐνθυμουμένου,6

2164 1628 2439 1697 Δεσπότης
2463 1628 2627 1699 φησὶν
2664 1626 2800 1699 πρὸς
2854 1627 3035 1681 αὐτόν⁸
3097 1626 3162 1679 Τί
3200 1627 3454 1699 ταράττῃ,
3497 1624 3577 1678 καὶ
3616 1624 3680 1688 ξε-

2165 1718 2309 1791 νίζῃ,
2335 1713 2381 1772 ὦ
2413 1718 2687 1792 Γαόριήλς
2735 1719 2809 1772 Ού
2832 1718 3022 1791 πρώην
3075 1719 3204 1791 παρ’
3229 1716 3361 1788 ἐμοῦ
3404 1715 3681 1786 ἀπεστάλης,

2168 1811 2305 1883 πρὸς
2327 1812 2603 1884 Ζαχαρίαν
2626 1811 2717 1866 τὸν
2744 1811 2894 1883 ἱερέα
2916 1828 2930 1876 ;
2954 1812 3029 1865 Οὐ
3054 1811 3293 1874 δέδωκας
3318 1809 3457 1881 αύτῷ
3485 1810 3570 1879 τῆς
3590 1826 3681 1877 γεν-

2166 1905 2375 1976 νήσεως
2418 1905 2663 1960 Ἰωάννου
2691 1904 2761 1959 τὰ
2796 1904 3121 1973 εὐαγγέλιας
3162 1904 3277 1967 Οὐκ
3322 1903 3604 1958 ἀπιστοῦντι
3623 1901 3683 1973 τῷ

2167 1999 2321 2071 ίερεῖ,
2352 1998 2413 2051 τὸ
2470 1998 2570 2068 τῆς
2618 1997 2830 2068 σιωπῆς
2880 1998 3231 2070 προσήγαγες
3282 1997 3588 2069 πρόστιμονς
3625 1996 3682 2048 οὐ

2166 2090 2527 2153 κατεδίκασας
2556 2089 2646 2143 τὸν
2704 2087 3014 2160 πρεσϐύτην
3066 2092 3135 2161 τῇ
3193 2090 3442 2161 ἀφωνίας
3499 2088 3682 2159 Ούχὶσὺ

2166 2184 2449 2255 ἀπεφήνω,
2514 2181 2625 2252 ἐγὼ
2665 2182 2722 2236 δὲ
2775 2182 3060 2253 ἐκύρωσα;
3094 2183 3171 2236 Οὐ
3220 2182 3300 2253 τῷ
3360 2181 3684 2252 εύαγγελισμῷ

2167 2293 2282 2341 σου,
2305 2277 2365 2330 τὸ
2384 2276 2542 2348 ἔργον
2570 2275 3004 2348 ἐπηκολούθησεν
3028 2276 3138 2341 ;Ού
3165 2276 3450 2330 συνέλαϐεν
3472 2278 3685 2347 ἡστείρις

2167 2370 2281 2423 Οὐκ
2340 2369 2649 2440 ὑπήκουσεν
2697 2370 2731 2440 ἡ
2793 2369 3011 2440 μήτρα;
3077 2368 3193 2421 Ούκ
3239 2368 3565 2439 ἀνεχώρησεν
3610 2366 3685 2436 τῆς

2166 2462 2443 2535 ἀκαρπίας
2493 2464 2527 2532 ὴ
2584 2461 2774 2527 νόσος;
2824 2462 2939 2515 Οὐκ
2971 2460 3173 2531 ἔφυγεν
3224 2464 3258 2532 ή
3296 2462 3458 2533 ἀργία
3504 2460 3587 2532 τῆς
3613 2458 3689 2527 φύ-

2167 2572 2342 2619 σεωςς
2371 2556 2446 2610 Ού
2476 2554 2570 2609 νῦν
2600 2558 2745 2609 ἐστιν
2801 2555 3271 2628 σταχυοφοροῦσα,
3300 2558 3335 2628 ή
3368 2557 3603 2628 πρότερον
3640 2554 3685 2606 οὐ

2166 2647 2541 2721 κυοφοροῦσας
2593 2649 2686 2720 Μὴ
2713 2648 2975 2702 ἀδύνατον
3034 2648 3163 2720 παρ’
3189 2649 3315 2719 ἐμοὶ
3347 2647 3422 2717 τῷ
3470 2646 3685 2707 κτίσαντι,

2166 2742 2274 2794 πᾶν
2326 2741 2508 2812 ρἦας
2546 2740 2669 2805 Πῶς
2716 2736 2810 2794 οῦν
2861 2739 3163 2811 ἀμφιϐολίᾳ
3223 2738 3597 2813 περιεϐλήθηςς
3639 2734 3687 2788 Τί

2164 2828 2256 2886 οῦν
2287 2832 2447 2885 πάλιν
2470 2832 2499 2883 ό
2531 2832 2794 2901 ἆγγελος;
2838 2833 3103 2895 Δέσποτα,
3163 2833 3249 2899 τὸ,
3314 2826 3689 2904 θεραπεῦσαιτὰ

2163 2927 2261 2997 τῆς
2288 2925 2504 2996 φύσεως
2534 2926 2841 2997 σφάλματαο
2877 2926 2957 2994 τὸ,
2993 2926 3251 2982 διαλῦσαι
3283 2928 3391 2981 τῶν
3438 2925 3603 2981 παθῶν
3620 2922 3688 2993 τόν

2165 3018 2429 3090 χειμῶνα·
2465 3019 2545 3083 τὸ,
2570 3019 2908 3092 νεκρωθέντα
2941 3020 3077 3091 μέλη
3102 3021 3243 3092 πρὸς
3276 3020 3502 3090 ζωτικὴν
3529 3019 3690 3071 ἀνακα-

2164 3111 2424 3165 λέσασθαι
2453 3111 2701 3185 δύναμιν·
2733 3114 2814 3178 τὸ,
2839 3114 3090 3180 ἐπιτάξαι
3121 3117 3190 3187 τῇ
3219 3113 3379 3184 φύσει
3402 3110 3689 3170 παιδοποιίας

2164 3204 2461 3274 ἐνέργειαν,
2505 3204 2586 3269 τὸ,
2648 3205 2809 3260 λῦσαι
2857 3208 3160 3279 στείρωσιν,
3210 3208 3269 3261 ἐν
3299 3204 3586 3277 ὑπερορίοις
3606 3202 3690 3261 τοῖς

2165 3296 2401 3363 μέλεσιν·
2436 3297 2517 3363 τὸ,
2570 3302 2944 3370 γεγηρακυῖαν
2971 3299 3226 3371 καλάμην
3273 3293 3691 3371 μετασχηματίσαι

2162 3388 2299 3458 πρὸς
2357 3388 2657 3460 χλοηφόρον
2716 3391 2917 3462 σχῆμα·
2969 3391 3051 3455 τὸ,
3101 3389 3202 3462 τὴν
3266 3391 3456 3459 ἄγονον
3500 3389 3690 3459 ἄρουραν

2161 3475 2488 3547 δραγμάτων
2533 3478 2793 3552 ἐξαίφνης
2828 3481 3101 3547 ἀναδεῖξαι
3137 3482 3378 3555 μητέρα·
3408 3481 3555 3553 ἔργον
3580 3479 3692 3531 ἐστὶν

2163 3569 2260 3639 τῆς
2320 3569 2421 3641 σῆς
2454 3570 2757 3641 δυνάμεως,
2794 3572 2860 3625 ἐκ
2903 3573 3197 3644 συνηθείας
3247 3573 3576 3643 τελούμενον.
3610 3569 3692 3621 Καὶ

2165 3661 2377 3734 μάρτυς
2399 3664 2433 3733 ἡ
2459 3663 2666 3734 Σάρρα,
2702 3665 2795 3718 καὶ
2825 3664 2963 3736 μετά
2988 3664 3192 3737 ταύτης
3225 3666 3259 3737 ή
3292 3665 3417 3739 [ἄλ.
3447 3663 3572 3735 μετά
3590 3658 3693 3714 mg.

2161 3752 2286 3824 την]
2323 3753 2621 3808 Ῥεϐέκκαο
2669 3756 2764 3809 καὶ
2820 3756 2982 3811 πάλιν
3014 3758 3205 3820 Ἅννα,
3254 3756 3337 3827 τῷ
3380 3754 3583 3828 χαλεπῷ
3617 3752 3693 3821 τῆς

2165 3843 2502 3916 πειρώσεως
2538 3845 2891 3902 δουλεύσασαι
2946 3849 3130 3913 πάθει,
3173 3844 3298 3902 εἶτα
3323 3848 3472 3921 παρὰ
3515 3845 3597 3901 σοῦ
3618 3846 3693 3915 τὴν

2163 3937 2475 4010 ἐλευθερίαν
2525 3938 2832 4011 δεξάμεναι.
2866 3940 2939 3995 “re
2993 3942 3071 4007 δὲ,
3111 3942 3384 4015 παρθένον
3427 3943 3608 4001 τεκεῖν,
3639 3935 3695 4007 μὴ

2164 4028 2526 4099 συντυχοῦσαν
2552 4030 2728 4102 ἀνδρὶ,
2769 4030 3029 4103 ἀνότερὸν
3067 4034 3215 4086 ἐστιν
3264 4034 3484 4087 πάντων
3512 4030 3607 4085 τῶν
3627 4028 3695 4081 νό-

2166 4137 2283 4191 μων
2310 4121 2407 4193 τῆς
2435 4120 2673 4192 φύσεως·
2704 4122 2839 4177 ἀλλά
2867 4125 2962 4178 καὶ
3024 4124 3122 4197 τὴν
3177 4124 3280 4196 σὴν
3323 4122 3614 4193 ἐπαγγέλλῃ
3646 4120 3695 4188 τῇ

2165 4211 2318 4265 παιδί⁸
2349 4213 2690 4284 παρουσίαν;
2724 4215 2969 4288 Οὐρανοῦ
3022 4216 3116 4269 καὶ
3143 4217 3246 4288 γῆς
3269 4217 3333 4270 ού
3366 4218 3526 4289 χωρεῖ
3556 4229 3605 4267 σε
3644 4208 3695 4262 τὰ

2162 4302 2396 4374 πέρατα,
2420 4304 2512 4357 καὶ
2540 4304 2657 4369 πῶς
2685 4322 2743 4359 σε
2768 4307 2951 4379 μήτρα
2974 4309 3211 4381 χωρήσει
3264 4306 3586 4379 παρθενικῆς
3612 4300 3695 4355 Καὶ

2160 4396 2190 4446 ό
2219 4395 2496 4467 Δεσπότης
2549 4398 2734 4467 φησίν·
2781 4397 2909 4462 Πῶς
2938 4416 3005 4471 με
3058 4398 3399 4472 ἐχώρησενὴ
3451 4397 3607 4470 σκηνὴ
3625 4390 3695 4447 τοῦ

476 4482 711 4541 Abrahae
755 4487 808 4540 in
848 4487 991 4541 ostio
1035 4486 1371 4541 tabernaculi
1403 4487 1681 4544 reddidisti
1716 4490 1760 4522 "’
1785 4532 1801 4556 ,
1847 4501 1899 4547 et
1933 4509 2055 4563 per-

2176 4486 2457 4559 Ἀϐραάμς
2495 4489 2604 4542 Καὶ
2625 4490 2654 4541 ό
2681 4489 2910 4560 ἄγγελός
2957 4508 3138 4563 φησιν’
3198 4492 3418 4564 Ἐπειδὴ
3472 4487 3600 4561 εἶχεν
3619 4485 3695 4581 τῆξ

476 4579 724 4633 transisti
774 4579 922 4634 velut
968 4579 1062 4649 qui
1105 4579 1289 4634 omnia
1336 4580 1530 4651 reples.
1590 4581 1874 4648 Quomodo
1923 4602 2055 4642 vero

2164 4578 2468 4648 φιλοξενίας
2518 4582 2581 4635 τὸ
2631 4583 2885 4653 πέλαγος,
2941 4584 3208 4648 Δέσποτα,
3257 4585 3378 4638 ἐκεῖ
3430 4581 3603 4652 ὥφθης
3637 4574 3696 4647 τῷ

478 4667 646 4724 Maria
679 4670 981 4728 divinitatis
1011 4672 1144 4727 feret
1173 4672 1390 4744 ignem?
1435 4672 1694 4731 Thronus
1721 4687 1846 4733 tuus
1870 4678 2055 4747 splen-

476 4762 606 4817 dore
633 4761 935 4819 illustratus
963 4763 1295 4832 accenditur,
1322 4775 1378 4822 et
1403 4747 1556 4838 virgo
1587 4776 1639 4822 te
1664 4767 1807 4824 ferre
1835 4770 2055 4840 poterit,

476 4865 538 4910 nt
594 4870 703 4909 non
763 4856 1161 4911 comburatur?
1200 4858 1301 4915 Cui
1354 4859 1622 4916 Dominus
1666 4883 1679 4917 :
1733 4860 1849 4916 lmo
1886 4878 2054 4928 vero,

473 4948 669 5019 inquit,
708 4948 749 5002 si
782 4948 923 5017 ignis
947 4952 1001 5005 in
1046 4952 1344 5008 solitudine
1372 4952 1512 5007 laesit
1541 4954 1737 5008 rubum
1773 4953 1854 5021 “,
1900 4955 2058 5011 laedet

474 5041 700 5095 omnino
732 5048 787 5094 et
811 5038 1036 5096 Mariam
1069 5058 1224 5099 meus
1249 5045 1541 5109 adventus;
1586 5054 1642 5099 at
1683 5047 1729 5102 si
1770 5046 1913 5116 ignis
1942 5049 2053 5117 ille,

474 5130 567 5200 qui
598 5129 766 5185 divini
796 5130 899 5184 mei
929 5146 996 5185 ex
1024 5134 1166 5188 caelo
1204 5134 1345 5203 ignis
1385 5133 1675 5189 adventum
1708 5135 2055 5208 designabat,

472 5222 669 5277 rubum
716 5222 940 5292 rigavit,
994 5238 1102 5277 non
1146 5224 1480 5289 combussit;
1527 5226 1790 5296 quidnam
1825 5229 1894 5285 de
1942 5232 2058 5301 ipsa

473 5317 700 5372 veritate
722 5316 957 5380 dixeris,
994 5332 1106 5372 non
1141 5319 1192 5371 in
1215 5319 1432 5374 ﬂamma
1460 5320 1621 5391 ignis,
1657 5323 1752 5379 sed
1786 5324 1840 5378 in
1873 5327 2054 5394 specie

470 5406 701 5478 pluviae,
736 5408 1098 5464 descendente
1125 5410 1211 5463 "?
1264 5409 1419 5465 Tunc
1447 5411 1613 5481 igitur
1650 5415 1909 5485 angelus,
1958 5415 2051 5472 Dei

465 5496 623 5566 iussa
658 5498 712 5552 in
761 5513 821 5553 se
866 5498 1136 5569 recipiens
1175 5507 1231 5555 et
1268 5500 1494 5570 exsequi
1521 5502 1740 5569 volens’,
1775 5503 2049 5575 Virginem

468 5587 623 5651 adiit,
652 5597 708 5643 et
744 5589 889 5645 clara
917 5604 1038 5645 eam
1080 5604 1213 5645 voce
1241 5591 1616 5661 compellavit,
1648 5594 1837 5651 dicens
1880 5614 1892 5648 :
1925 5597 2050 5662 Are,

2175 4672 2425 4745 Ἀϐραὰμ
2453 4675 2511 4727 ἐν
2539 4677 2604 4747 τῇ
2637 4675 2876 4749 παροδίῳ
2923 4680 3115 4749 σκηνῇ,
3146 4678 3239 4730 καί
3291 4671 3695 4748 παρέδραμεςώς

2163 4766 2379 4822 ἅπαντα
2411 4767 2656 4839 πληρῶν.
2706 4769 2830 4835 Πῶς
2874 4770 2931 4824 δέ
2961 4771 3177 4840 ἐνεγκεῖ
3220 4770 3456 4842 Μαριὰμ
3497 4767 3586 4838 τῆς
3602 4762 3695 4818 θεό-

2163 4873 2326 4927 τητος
2353 4855 2413 4912 τὸ
2441 4858 2586 4931 πῦρ;
2647 4859 2704 4913 '0
2732 4858 2920 4931 θρόνος
2949 4878 3045 4913 σου
3073 4859 3331 4931 φλέγεται
3354 4864 3422 4932 τῇ
3448 4857 3597 4931 αἴγλη
3621 4872 3696 4908 πε·

2161 4948 2587 5021 ριλαμπόμενος,
2648 4949 2744 5003 καὶ
2800 4949 3021 5005 δύναταί
3059 4969 3119 5006 σε
3175 4953 3361 5026 φέρειν
3411 4953 3443 5024 ή
3503 4946 3696 5004 εὐκατά-

2161 5042 2390 5111 φλεκτος
2412 5043 2717 5117 παρθένος;
2747 5045 2860 5099 Καὶ
2905 5046 2935 5099 ό
2964 5046 3241 5119 Δεσπότης
3290 5048 3476 5119 φησίν·
3529 5044 3638 5103 Ναὶ,
3657 5040 3695 5092 εί

2159 5134 2391 5206 εὸλαψεν
2429 5137 2490 5190 τὸ
2522 5138 2636 5209 πῦρ
2660 5140 2717 5192 ἐν
2740 5139 2931 5212 ἐρήμῳ
2956 5138 3054 5210 τὴν
3086 5138 3265 5211 βάτον,
3300 5139 3489 5211 βλάψει
3514 5137 3689 5195 πάντως

2161 5228 2256 5281 καὶ
2304 5227 2523 5301 Μαρίαν
2546 5231 2579 5300 ή
2610 5229 2717 5301 ἐμὴ
2750 5230 3038 5302 παρουσία.
3078 5232 3141 5284 Ei
3166 5230 3223 5285 δέ
3251 5233 3429 5285 ἐκεῖνο
3449 5230 3507 5283 τὸ
3526 5226 3622 5296 τῶρ
3646 5222 3693 5274 τὸ

2163 5317 2576 5389 σκιογραφῆσαν
2629 5320 2728 5391 τὴν
2782 5319 2875 5374 τοῦ
2938 5320 3121 5375 θεῖκοῦ
3165 5321 3336 5395 πυρὸς
3393 5319 3467 5388 ἐξ.
3497 5308 3692 5390 ούρανοῦ

2161 5410 2499 5482 παρουσίαν,
2536 5411 2796 5483 ήρδευσεν
2847 5412 2943 5485 τὴν
2991 5413 3172 5483 βάτον,
3228 5413 3319 5468 καὶ
3361 5412 3460 5466 οῦκ
3489 5406 3691 5479 ἔφλεξεν

2161 5503 2212 5555 τί
2241 5502 2307 5556 ἀν
2331 5502 2525 5568 εἴποις,
2558 5505 2688 5577 περὶ
2716 5505 2815 5577 τῆς
2862 5505 3139 5577 ἀληθείας,
3168 5506 3271 5561 οὐκ
3312 5509 3371 5559 ἐν
3413 5503 3564 5575 φλογὶ
3607 5515 3685 5553 πυ·

2164 5597 2271 5666 ρδςν
2317 5596 2429 5651 ἀλλ’
2464 5599 2522 5651 ἐν
2584 5599 2825 5670 σχήματι
2877 5600 3038 5655 ύετοῦ
3078 5598 3533 5671 καταδαινούσηςς
3585 5592 3688 5648 Τόί

546 5763 742 5826 “Luc.
783 5787 821 5829 ι.
898 5774 942 5805 ⁸⁸
970 5773 1104 5831 Gen.
1141 5790 1301 5845 xvttt,
1332 5773 1422 5832 25.
1500 5777 1546 5809 "
1577 5777 1710 5836 Gen.
1753 5795 1909 5836 xvm.
1992 5782 2032 5812 5"

2163 5780 2231 5838 id.
2273 5800 2351 5838 Ill.
2429 5785 2470 5817 δ’
2505 5784 2640 5842 Psal.
2676 5802 2825 5845 Lm.
2868 5782 2921 5841 6.
