3950 6326
276 359 419 419 H77

1266 354 1555 414 HOMILIA
1590 354 1657 409 Ν
1701 355 1763 409 IN
1796 354 2068 412 SANCTA
2105 354 2564 411 THEOPHANIA.

3400 358 3542 415 H78

272 482 463 537 Λοιπὸν
513 484 544 537 6
591 481 820 552 ἄγγελος
879 480 1177 554 ἐξεπλήρου
1230 481 1294 534 τὸ
1347 479 1706 552 προσταχθὲν,
1761 497 1826 534 κα

1959 481 2131 551 gratia
2162 481 2337 551 plena,
2378 481 2637 535 Dominus
2674 489 2843 536 tecum
2871 483 2934 536 ".
2986 480 3108 537 Non
3148 480 3383 551 amplius
3422 481 3543 537 dia-

269 574 414 639 πρὸς
435 574 534 646 τὴν
561 573 837 647 Παρθένον
888 572 1163 638 εἰσελθὼν,
1210 572 1433 645 ἐϐόησεν
1484 575 1621 646 πρὸς
1664 573 1852 646 αὐτὴν,

268 668 469 738 λέγων·
491 665 690 735 Χαῖρε,
724 663 1185 736 κεχαριτωμένη,
1220 668 1254 719 ὀ
1296 666 1511 734 Κύριος
1528 666 1677 735 μετὰ
1715 667 1851 721 σοῦ.

267 758 474 813 Οὐκέτι
504 761 533 813 6
553 757 794 821 διάϐολος
825 756 967 811 κατὰ
1008 756 1125 811 σοῦ’
1153 757 1285 810 ὅπου
1322 756 1432 829 γὰρ
1474 755 1536 810 τὸ
1590 757 1854 829 πρότερον

266 851 512 924 ἔτρωσεν
530 852 559 903 6
587 850 866 922 πολέμιος,
882 853 999 904 ἐκεῖ
1020 850 1236 922 πρῶτον
1254 849 1349 904 νῦν
1369 852 1397 904 6
1430 850 1611 922 ἰατρὸς
1630 851 1731 921 τῆς
1757 869 1854 904 σω-

264 944 469 1016 τηρίας
495 942 593 1015 τὴν
630 943 975 1016 ἔμπλαστρον
1004 942 1333 1015 ἐπιτίθησιν.
1375 941 1535 996 Ὅθεν
1576 941 1796 1013 ἐξῆλθεν
1823 945 1852 997 6

265 1036 524 1102 θάνατος,
558 1035 765 1091 ἐκεῖθεν
794 1038 828 1108 ή
858 1035 970 1108 ζωὴ
996 1037 1096 1107 τήν
1127 1035 1327 1089 εἴσοδον
1375 1036 1719 1107 ἐτεκτήνατο.
1751 1035 1849 1089 Διὰ

261 1128 528 1198 γυναικὸς
556 1129 741 1201 ὲρῤύει
769 1129 838 1183 τὰ
862 1128 1060 1199 φαῦλα,
1086 1130 1179 1183 καὶ
1209 1127 1298 1182 διὰ
1327 1129 1583 1198 γυναικὸς
1613 1127 1847 1200 πηγάζει

258 1222 338 1277 τὰ
364 1222 666 1294 κρείττονα.
702 1221 899 1290 Χαῖρε,
934 1222 1391 1291 κεχαριτωμένη.
1432 1221 1546 1292 Μὴ,
1576 1221 1651 1284 ὠς
1703 1220 1850 1274 αἰτία

260 1316 590 1386 καταδίκης,
622 1314 897 1386 αἰσχύνου.
955 1316 1153 1387 Μήτηρ
1201 1314 1309 1387 γὰρ
1332 1314 1425 1369 τοῦ
1459 1314 1851 1369 καταδικάσαν-

257 1423 359 1471 τος
387 1407 484 1462 καὶ
516 1406 888 1479 λυτρώσαντος
940 1406 1085 1478 γίνῃ.
1144 1408 1336 1480 Χαῖρε,
1383 1407 1476 1461 τοῦ
1526 1407 1848 1478 χηρεύοντος

261 1498 498 1572 κόσμου,
529 1500 837 1571 νυμφοτόκε
866 1498 1118 1571 ἀμίαντε.
1149 1498 1343 1570 Χαῖρε,
1372 1502 1405 1569 ή
1441 1502 1499 1553 ὲν
1534 1502 1717 1571 μήτρα
1754 1499 1845 1553 τὸν

257 1592 366 1664 τῆς
401 1594 606 1665 μητρὸς
653 1592 921 1664 βυθίσασα
979 1593 1227 1646 θάνατον.
1280 1595 1473 1664 Χαῖρε,
1523 1595 1552 1646 6
1605 1592 1847 1664 ἔμψυχος

258 1686 393 1751 ναὸς
425 1687 518 1740 τοῦ
561 1685 718 1739 Θεοῦ.
767 1688 960 1758 Χαῖρε,
1018 1687 1251 1759 οὐρανοῦ
1281 1689 1377 1741 καὶ
1419 1687 1521 1757 γῆς
1556 1687 1844 1758 ἰσόρροπον

1959 572 2116 627 holus
2145 574 2249 627 erit
2283 582 2470 626 contra
2505 581 2589 640 te;
2631 588 2757 628 nam
2794 574 2885 628 ubi
2913 584 3073 628 antea
3106 572 3279 628 hostis
3306 574 3394 627 ille
3414 573 3540 627 vul-

1957 682 2061 721 nus
2095 664 2307 729 inilixit,
2342 665 2450 719 illic
2482 665 2721 735 primum
2752 682 2897 721 nunc
2926 666 3171 721 medicus
3200 665 3392 719 salutis
3420 680 3537 718 mc-

1955 760 2322 814 dicamentum
2352 758 2591 812 adhibet.
2627 755 2783 812 Unde
2807 774 2954 812 mors
2996 756 3214 827 prodiit,
3260 756 3385 811 inde
3425 756 3536 809 vita

1955 851 2057 907 sibi
2099 850 2405 920 ingressum
2436 851 2669 920 paravit.
2719 848 2824 903 Per
2874 850 3155 904 mulierem
3201 849 3342 903 mala
3374 847 3538 902 ﬂuxe-

1956 951 2116 1007 runt,
2166 950 2219 996 et
2266 958 2360 1012 per
2402 942 2681 996 mulierem
2714 943 2856 996 bona
2886 952 3162 997 emanant.
3187 943 3310 1006 Ave,
3358 943 3535 1013 gratia

1953 1035 2130 1106 plena.
2167 1032 2265 1098 Ne,
2301 1035 2445 1105 quod
2476 1035 2671 1089 mulier
2709 1034 3078 1089 damnationis
3110 1050 3275 1089 causa
3308 1035 3532 1089 exstite-

1953 1130 2044 1193 rit,
2080 1128 2372 1183 erubescas
2407 1126 2649 1183 :Judicis
2669 1128 2813 1181 enim
2841 1136 2893 1182 et
2917 1127 3297 1197 Redemptoris
3329 1137 3383 1181 tu
3418 1141 3537 1182 ma-

1950 1232 2032 1278 ter
2063 1222 2194 1277 eris.
2240 1221 2372 1289 Ave,
2407 1220 2773 1285 immaculata,
2814 1221 3018 1275 viduali
3048 1220 3196 1274 orbis
3232 1236 3432 1290 sponsa
3461 1220 3539 1275 εἰ-

1950 1313 2066 1369 mul
2099 1321 2154 1368 et
2199 1322 2392 1368 mater.
2423 1312 2557 1378 Ave,
2588 1328 2709 1383 quae
2738 1313 2790 1365 in
2827 1322 2919 1367 tuo
2971 1324 3126 1368 utero
3170 1314 3359 1369 matris
3408 1312 3534 1368 Erae

1952 1416 2184 1461 mortem
2228 1402 2557 1458 demersisti.
2609 1403 3059 1463 Ave,animatum
3110 1402 3202 1457 Dei
3249 1404 3527 1473 templum.

1944 1497 2081 1558 Ave,
2106 1496 2227 1553 coeli
2279 1504 2334 1551 et
2376 1504 2534 1551 terrae
2565 1496 2894 1566 atquivalcns
2930 1497 3263 1567 dignumque
3288 1497 3533 1552 domici-

1944 1591 2103 1646 lium.
2152 1591 2515 1657 Ave,natur:e
2560 1590 2705 1645 illius
2749 1590 3317 1660 incomprehensibilis
3364 1608 3531 1662 capa~

1948 1684 2233 1740 cissimum
2285 1682 2704 1752 receptaculum.
2754 1681 3001 1751 Cumque
3047 1683 3161 1737 haec
3211 1684 3281 1737 ita
3327 1699 3386 1737 se
3431 1684 3530 1738 ha-

252 1777 487 1849 οἴκημα.
516 1780 711 1851 Χαῖρε,
733 1779 836 1850 τῆς
889 1780 1177 1851 ἁχωρήτου
1209 1778 1424 1847 φύσεως
1450 1779 1648 1849 χωρίον
1683 1777 1826 1848 εὐρύ·

1945 1778 2128 1843 beant,
2163 1776 2316 1831 adest
2339 1790 2434 1845 per
2462 1791 2581 1854 eam
2617 1774 3003 1845 aegrotantibus
3035 1776 3311 1841 medicus;
3359 1777 3410 1830 in
3450 1787 3528 1832 te-

253 1888 457 1942 χωρον.
506 1871 667 1927 Ἀλλὰ
684 1872 891 1926 τούτων
917 1871 1091 1936 οὕτως
1123 1872 1378 1943 ἐχόντων,
1412 1872 1612 1943 ἐπέστη
1646 1871 1714 1924 δι’
1742 1872 1826 1925 αύ-

1946 1872 2131 1926 nehris
2156 1870 2492 1934 sedentibus,
2522 1869 2601 1923 sol
2622 1868 2879 1939 justitim;
2919 1870 3130 1924 cunctis
3164 1885 3290 1923 vero
3324 1878 3530 1939 tempe-

249 1959 356 2031 τῆς
378 1946 828 2024 τοῖςάσθενοῦσιν
880 1964 908 2016 6
950 1962 1153 2035 ἰατρός·
1208 1965 1322 2026 τοῖς
1360 1965 1418 2015 ὲν
1461 1962 1640 2015 σκότει
1669 1961 1842 2033 καθη-

253 2050 464 2122 μένοις,
520 2055 549 2104 6
574 2052 722 2123 ἥλιος
747 2054 845 2125 τῆς
897 2053 1261 2126 δικαιοσύνης
1295 2057 1459 2110 πᾶσιν
1506 2055 1563 2109 δὲ
1591 2059 1702 2120 τοῖς
1727 2073 1839 2126 χει-

252 2141 610 2212 μαζομένοις,
638 2145 671 2215 ή
707 2143 921 2217 ἄγκυρα
950 2145 1045 2199 καὶ
1074 2147 1102 2199 6
1133 2146 1463 2218 ἀχείμαστος
1493 2146 1676 2219 λιμήν.
1713 2148 1838 2212 Τοῖς

247 2231 587 2289 ἀδιάλλακτα
618 2238 964 2309 μισουμένοις
993 2238 1219 2304 δούλοις,
1250 2242 1280 2294 6
1309 2239 1584 2311 Δεσπότης
1615 2239 1831 2311 ἐτέχθη,

246 2325 346 2378 καὶ
373 2324 477 2396 τῆς
504 2329 724 2399 εἰρήνης
750 2330 778 2381 6
810 2328 1126 2401 σύνδεσμος,
1158 2333 1187 2386 6
1214 2331 1489 2403 λυτρωτὴς
1507 2335 1617 2395 τοῖς
1638 2333 1837 2402 αἰχμα-

241 2413 442 2481 λώτοις
494 2418 698 2483 δούλοις
751 2420 1116 2492 ἐπεδήμησεν,
1164 2424 1277 2486 τοῖς
1331 2422 1755 2494 πολεμουμένοις
1798 2425 1831 2495 ἡ

245 2511 464 2584 εἰρήνη.
499 2514 692 2581 Αὐτὸς
737 2515 848 2586 γάρ
876 2515 1047 2570 ἐστιν
1108 2518 1147 2585 ἡ
1179 2514 1389 2585 εἰρήνη
1429 2516 1615 2586 mla”.
1639 2512 1708 2588 ἧς
1743 2517 1838 2585 γέ,

244 2620 396 2657 νοιτο
431 2604 639 2669 πάντας
669 2608 964 2662 ἀπολαύειν
990 2610 1159 2680 ἡμᾶς,
1191 2608 1398 2681 χάριτι,
1424 2609 1516 2663 καὶ
1540 2609 1838 2682 φιλανθρω-

1945 1974 2086 2019 state
2103 1963 2339 2032 jactatis,
2363 1963 2600 2016 anchora
2620 1970 2917 2031 portusque
2936 1961 3259 2015 tutissimus.
3285 1958 3528 2017 Inimicis

1943 2066 1998 2112 et
2027 2054 2137 2111 Deo
2181 2056 2371 2112 invisis
2402 2057 2574 2111 servis
2614 2054 2879 2110 Dominus
2917 2063 3077 2108 natus
3109 2064 3224 2119 est,
3268 2054 3528 2124 pacisque

1945 2149 2221 2204 vinculum
2265 2148 2463 2214 factus,
2504 2147 2732 2217 captivis
2774 2148 3042 2213 liberatio,
3070 2160 3124 2203 et
3168 2147 3308 2201 bello
3339 2147 3527 2218 exagi»

1942 2241 2068 2296 tatis
2097 2241 2419 2310 paciﬁcatio.
2466 2237 2583 2308 Ipse
2612 2240 2752 2292 enim
2800 2249 2878 2293 est
2915 2256 3022 2310 pax
3050 2251 3233 2293 nostra
3268 2239 3313 2271 ⁸³
3354 2257 3367 2293 :
3413 2254 3522 2308 qua

1940 2332 2159 2402 quidem
2205 2347 2335 2402 pace
2362 2372 2376 2396 ,
2428 2333 2640 2388 utinam
2683 2332 3013 2387 concedatur
3057 2333 3215 2387 nobis
3267 2331 3526 2386 omnibus

1941 2427 2069 2494 frui,
2094 2427 2267 2498 gratia
2296 2436 2349 2483 et
2382 2427 2714 2498 benignitate
2741 2425 2953 2482 Domini
2993 2428 3166 2482 nostri
3209 2425 3338 2481 Jesu
3368 2425 3521 2481 Chri—

1938 2519 2006 2572 sti
2038 2536 2051 2573 :
2081 2519 2170 2574 cui
2202 2519 2392 2589 gloria,
2419 2521 2585 2577 decus
2609 2530 2663 2575 et
2695 2520 3005 2590 imperium,
3030 2535 3176 2574 nunc
3204 2527 3258 2572 et
3284 2532 3519 2588 semper,

1939 2619 1993 2664 et
2030 2610 2085 2664 in
2117 2612 2298 2665 omnia
2338 2612 2533 2667 stecula
2573 2613 2920 2668 szeculorum.
2963 2610 3157 2665 Anien.

244 2696 351 2767 πίᾳ
379 2697 474 2750 τοῦ
514 2699 717 2770 Κυρίου
778 2702 935 2774 ήμῶν
972 2704 1146 2775 Ἰησοῦ
1188 2705 1444 2775 Χριστοῖν
1477 2698 1521 2774 ᾧ
1573 2709 1607 2779 ή
1654 2705 1798 2773 δόξα,
1829 2705 1986 2778 τιμή,
2016 2709 2195 2762 καὶτὸ
2242 2709 2495 2779 κράτοςη
2524 2708 2619 2764 νῦν
2664 2708 2760 2762 καὶ
2789 2706 2898 2770 ἀεὶ,
2954 2707 3048 2761 καὶ
3092 2707 3171 2769 εἰς
3214 2707 3341 2768 τοὺς
3381 2705 3524 2761 πάν-

243 2807 349 2855 τας
384 2794 585 2860 αἰῶνας
619 2797 726 2852 τῶν
760 2798 992 2854 αἰώνων.
1029 2804 1220 2875 Ἀμήν.

250 2928 463 2948 ᾗ

1512 3083 2046 3176 HOMILIA
2126 3085 2294 3175 IV.

970 3275 1042 3334 In
1100 3280 1313 3336 sancta
1367 3273 1801 3353 Tthphania,
1829 3275 1964 3337 sive
2010 3277 2088 3338 de
2139 3276 2372 3338 Christi
2416 3277 2750 3356 baptismo.

238 3548 284 3600 Τ
277 3545 352 3635 01:1
380 3548 570 3635 αύτοῦ
595 3549 666 3631 er
691 3549 881 3635 ἁχίοις
904 3549 1132 3635 Πατρός
1156 3551 1326 3632 quid»:
1345 3552 1676 3635 ξρηγυρίου
1698 3553 1822 3635 επις

1934 3553 2182 3625 Ejusdem
2212 3553 2382 3635 stu-icti
2429 3551 2605 3605 Patris
2641 3552 2811 3632 nostri
2841 3551 3080 3635 Gregorii
3107 3551 3336 3635 episcopi
3370 3552 3511 3635 Nea-

302 3620 544 3692 σκόπου
570 3619 683 3688 τῆς
710 3622 1179 3692 ίΝεοκαισαρείας
1197 3619 1201 3620 ⁷
1222 3621 1329 3675 τοῦ
1360 3624 1818 3692 Θαυματουρτοῦ

301 3691 496 3831 Afrae]
529 3693 616 3757 εἰς
661 3691 733 3744 τὰ
779 3691 915 3763 ἅγια
966 3691 1261 3762 Θεοφάνια
1305 3692 1415 3765 [ἄλ.
1457 3695 1545 3759 εἰς
1571 3693 1644 3747 τὰ
1681 3694 1819 3764 ἅγια

304 3776 472 3827 φωτα
504 3800 518 3811 .

304 3776 518 3827 mota].

307 3876 534 3949 ¹Ἄνδρες
579 3877 937 3950 φιλόχριστοι,
973 3878 1068 3933 καὶ
1096 3876 1384 3948 φιλόξενοι,
1428 3878 1520 3931 καὶ
1569 3878 1817 3948 φιλάδελ-

228 3986 344 4039 φοι,
381 3969 764 4041 ξενοδοχήσατε
802 3969 901 4042 τήν
940 3969 1079 4041 ὲμὴν
1118 3969 1392 4038 γλῶσσαν,
1440 3971 1533 4023 καὶ
1576 3971 1816 4043 τήμερον

228 4061 355 4135 [ἀλ.
389 4062 676 4135 σήμερονῙ,
709 4063 802 4116 καὶ
830 4063 930 4126 τὰς
955 4061 1125 4126 ἀκοὰς
1165 4060 1318 4133 ὑμῶν
1355 4061 1431 4125 ὡς
1472 4061 1646 4126 πύλας
1683 4064 1815 4117 ἀνα-

227 4151 588 4216 πετάσαντες,
620 4151 846 4215 ταύταις
884 4151 975 4205 τδν
1014 4151 1144 4223 ἐμὸν
1176 4150 1332 4219 λόγον
1369 4150 1693 4216 ὲνοικίσατε,
1722 4152 1816 4204 καὶ

224 4242 453 4312 δέξασθε
496 4247 627 4315 παρ’
667 4244 800 4316 ἐμοῦ
844 4244 904 4297 τὸ
948 4245 1214 4315 σωτήριον
1255 4245 1539 4315 κήρυγμα,
1573 4245 1709 4316 ὅπερ
1757 4245 1815 4297 ὲν

222 4336 302 4409 τῷ
356 4336 598 4409 Ἰορδάνῃ
638 4336 870 4408 ποταμῷ
909 4337 1007 4408 τῆς
1054 4335 1399 4401 καταδύσεως
1443 4336 1536 4389 τοῦ
1575 4337 1812 4408 Χριστοῦ

224 4430 451 4499 γέγονεν
471 4448 485 4461 ’
519 4431 605 4484 ἵνα
644 4429 735 4483 τὸν
782 4428 1035 4483 τοσοῦτον
1072 4431 1204 4502 ήμῖν
1247 4429 1667 4498 συγκαταὸάντα
1714 4433 1813 4483 Δε-

224 4522 433 4594 σπότην
471 4522 631 4577 πλέον
660 4521 954 4594 ποθήσητε.
987 4523 1050 4575 Εἰ
1092 4521 1199 4594 γὰρ
1233 4522 1326 4575 καὶ
1361 4522 1459 4594 τῆς
1504 4522 1598 4576 τοῦ
1630 4523 1813 4594 Σωτῆο

224 4630 319 4685 ρος
346 4614 756 4685 Ἐπιφανείας-ἠ
780 4614 1083 4685 πανήγυρις
1114 4611 1505 4684 παρελήλυθεν,
1532 4613 1642 4668 ἀλλ’
1666 4617 1698 4686 ή
1718 4615 1812 4686 χά-

223 4721 311 4777 ρις
337 4705 507 4777 αὐτῆς
561 4706 710 4776 μένει
754 4704 840 4757 διὰ
882 4704 1102 4768 παντός.
1153 4706 1677 4778 Κατατρυφήσωμεν
1716 4704 1810 4760 οὖν

216 4796 448 4867 ταύτης,
488 4796 783 4868 ἀπλήστοις
810 4796 1008 4867 ψυχαῖς
1031 4814 1044 4826 ·
1077 4796 1217 4869 καλὴ
1241 4798 1350 4870 γὰρ
1376 4799 1470 4853 ἐπὶ
1502 4800 1608 4853 τῶν
1642 4819 1811 4873 σωτη-

1994 3641 2235 3679 cwsarew
2268 3623 2846 3693 Thaumaturgigsermo
2867 3662 2882 3685 ,
2929 3625 2983 3676 in
3010 3634 3195 3676 sancta
3231 3623 3505 3693 Theopha-

1993 3697 2081 3748 nia
2114 3695 2211 3766 [aL
2232 3697 2301 3766 in
2335 3693 2408 3766 S.
2444 3691 2694 3766 lumina].
2724 3693 2779 3745 id
2814 3703 2912 3760 est,
2939 3694 3004 3747 de
3034 3694 3128 3747 Dei
3154 3691 3506 3764 apparitione,

1991 3769 2095 3819 sive
2115 3763 2188 3819 ’άε
2212 3764 2409 3821 Christi
2444 3763 2725 3832 baptismo.

1998 3878 2111 3934 Viri
2136 3878 2357 3934 Christo
2378 3876 2558 3932 dilecti
2599 3884 2652 3929 et
2701 3875 3088 3945 hospitalitatis
3117 3884 3279 3946 atque
3309 3875 3505 3930 frater-

1919 3974 2105 4028 nitatis
2137 3981 2413 4027 amatores
2436 4013 2452 4035 ,
2489 3972 2709 4025 auditus
2736 3969 2902 4023 vestri
2936 3969 3172 4039 hOSpitio
3200 3971 3499 4024 etiamnum

1918 4063 2078 4117 hodie
2122 4063 2359 4131 linguam
2393 4077 2569 4116 meam
2621 4059 2881 4129 excipite,
2932 4060 3265 4128 auribusque
3305 4063 3502 4115 vestris

1915 4165 2193 4226 portarum
2237 4155 2408 4209 instar
2439 4154 2659 4224 apertis,
2697 4169 2875 4207 meum
2896 4154 3037 4205 intra
3065 4168 3158 4206 eas
3191 4168 3497 4206 sermonem

1919 4248 2227 4311 admittite;
2267 4256 2321 4303 et
2361 4247 2655 4302 salutarem
2691 4262 2719 4299 a
2757 4261 2842 4299 me
2883 4245 3317 4314 praedicationem
3363 4244 3501 4297 acci-

1917 4343 2045 4409 pite,
2097 4341 2457 4397 demersionis
2501 4338 2726 4400 Christi,
2775 4354 2895 4407 quae
2942 4339 2996 4392 in
3039 4336 3276 4391 Jordane
3330 4336 3501 4391 tluvio

1917 4434 2057 4490 facta
2089 4444 2173 4489 est
2199 4452 2213 4488 :
2240 4444 2302 4488 ut
2331 4432 2619 4487 Dominum
2654 4431 2746 4500 qui
2778 4446 2951 4500 usque
2976 4431 3111 4484 adeo
3139 4428 3292 4482 nobis
3320 4428 3498 4482 indul-

1914 4536 2035 4600 get,
2083 4526 2347 4582 adametis
2395 4526 2790 4581 vehementius.
2847 4522 2981 4576 Nam
3036 4524 3137 4576 etsi
3183 4520 3498 4590 Epiphania:

1914 4622 2028 4676 sive
2058 4619 2418 4691 apparitionis
2450 4616 2935 4672 Salvatorisnostri
2960 4615 3242 4671 celebritas
3266 4624 3491 4685 praeter-

1912 4714 2072 4779 ierit,
2124 4712 2294 4782 gratia
2343 4720 2523 4765 tamen
2576 4711 2743 4780 ipsius
2796 4725 3006 4779 semper
3060 4718 3260 4763 manet.
3314 4707 3497 4773 Quare

1910 4805 2315 4862 insatiabilibus
2377 4806 2577 4859 animis
2619 4803 3001 4873 perfruamur,
3045 4817 3109 4856 ae
3165 4801 3495 4856 ὁρΙνεῑοιιιιιτ

219 4888 352 4960 ρίων
385 4889 727 4960 πραγμάτων
760 4891 793 4960 ἡ
825 4889 1118 4960 ἀπληστία,
1148 4891 1310 4963 καλή.
1342 4893 1453 4946 Καὶ
1474 4892 1647 4956 δεῦτε,
1674 4894 1809 4947 πάν-

1934 4914 2011 4966 ea;
2052 4914 2189 4953 nam
2222 4898 2363 4953 bona
2404 4898 2459 4951 in
2494 4896 2655 4951 rebus
2683 4896 3012 4951 salutaribus
3044 4904 3126 4950 est
3168 4894 3491 4948 insatiabili-

211 4996 307 5044 τες
350 4982 416 5034 ὲκ
455 4981 553 5051 τῆς
584 4980 869 5045 Γαλιλαίας
911 4983 991 5046 εἰς
1036 4983 1132 5054 τὴν
1177 4984 1453 5050 Ἰουδαίαν,
1485 4985 1799 5058 συνεξορμί-

213 5087 403 5141 σωμεν
441 5071 521 5141 τῷ
566 5072 818 5144 Χριστῷ·
858 5074 1127 5146 μακάριος
1170 5075 1275 5150 γὰρ
1318 5078 1347 5131 6
1388 5078 1683 5133 συνοδεύων
1728 5082 1794 5151 τῇ

210 5160 316 5233 at};
357 5162 459 5232 τῆς
496 5162 660 5233 ζωῆς.
692 5163 880 5227 Δεῦτε,
915 5169 1027 5229 τοῖς
1051 5166 1152 5236 τῆς
1185 5167 1424 5233 διανοίας
1458 5171 1605 5236 ποσὶ,
1631 5187 1797 5224 κατα-

210 5254 470 5322 λάϐωμεν
496 5255 588 5309 τὸν
624 5256 914 5330 Ἰορδάνην,
949 5262 1043 5315 καὶ
1072 5260 1164 5316 τὸν
1195 5262 1502 5335 Βαπτιστήν
1545 5263 1793 5337 Ἰωάννην

208 5345 546 5418 βαπτίζοντα
590 5348 806 5421 ἴδωμεν,
843 5353 936 5407 τὸν
981 5353 1353 5427 βαπτίσματος
1403 5356 1477 5429 μὴ
1518 5358 1791 5429 δεόμενον,

208 5439 295 5493 ἴνα
345 5439 442 5493 τοῦ
489 5439 861 5514 βαπτίσματος
905 5447 1035 5517 ήμῖν
1088 5448 1186 5519 τὴν
1244 5449 1402 5521 χάριν
1452 5448 1787 5523 δωρήσηται.

203 5531 398 5597 Δεῦτε,
435 5530 756 5604 θεασώμεθα
787 5537 887 5608 τῆς
931 5540 1199 5612 ἡμετέρας
1239 5542 1648 5615 ἁναγεννήσεως
1692 5544 1815 5617 τήν

205 5622 392 5679 εἰκόνα
418 5629 936 5700 σκιαγραφουμένην
963 5632 1020 5683 ὲν
1044 5633 1270 5698 ἐκείνοις
1298 5638 1408 5699 τοῖς
1443 5634 1617 5690 ὕδασι.
1656 5638 1791 5692 Τότε

275 5801 320 5834 ⁵⁸
344 5800 478 5858 Luc.
510 5819 547 5864 ι,
582 5804 671 5859 ‘28.
756 5807 796 5838 δ’
833 5808 1028 5879 Ephcs.
1062 5825 1124 5876 ll,
1159 5811 1236 5867 li.

1903 5001 2007 5055 tas,
2042 4992 2184 5045 bona
2211 4992 2452 5061 inquam.
2488 4988 2677 5044 Venite
2708 4990 2872 5059 igitur
2890 4989 3068 5043 cuncti
3102 5004 3168 5042 ex
3190 4987 3408 5042 Galilaea
3435 4990 3491 5041 in

1902 5082 2167 5150 Iudaeam,
2196 5093 2251 5137 et
2275 5100 2381 5137 una
2403 5100 2523 5138 cum
2547 5083 2767 5139 Christo
2789 5097 3068 5136 exeamus.
3098 5079 3296 5135 Beatus
3317 5081 3489 5144 enim,

1902 5174 1995 5244 qui
2027 5175 2191 5229 simul
2222 5190 2343 5228 cum
2384 5174 2470 5228 via
2500 5174 2620 5228 vita:
2658 5174 2761 5228 iter
2791 5172 2942 5228 facit.
2996 5170 3221 5238 Venite,
3256 5172 3490 5242 pedibus

1903 5268 2101 5321 mentis
2152 5265 2446 5321 Iordanem
2490 5275 2769 5336 petamus;
2818 5276 2871 5321 et
2924 5282 2954 5319 a
2993 5263 3201 5318 Joanne
3245 5263 3485 5333 Baptista

1901 5372 2024 5412 eum
2069 5358 2332 5427 baptizari
2373 5357 2797 5428 conspiciamus,
2844 5355 2937 5426 qui
2967 5354 3238 5423 baptismo
3270 5368 3375 5405 non
3403 5353 3481 5406 in-

1899 5450 2077 5520 diget,
2125 5460 2187 5505 ut
2217 5451 2476 5522 baptismi
2523 5453 2681 5508 nobis
2724 5453 2954 5523 gratiam
3007 5450 3189 5504 donet.
3247 5445 3479 5512 Venite,

1898 5545 2325 5614 contemplemur
2355 5546 2778 5615 regenerationis
2797 5552 2995 5600 nostra:
3016 5541 3329 5609 imaginem,
3357 5552 3480 5608 qua

1899 5635 1954 5689 in
1993 5637 2150 5706 aquis
2184 5636 2292 5693 illis
2325 5638 2700 5693 adumbratur.
2737 5637 2882 5692 Tunc
2908 5635 3044 5690 venit
3073 5631 3231 5687 Iesus
3266 5649 3297 5686 a
3326 5631 3479 5687 Gali-

3454 5755 3475 5790 ί
