3950 6326
523 381 658 434 H79

1157 380 1217 434 S.
1259 376 1590 435 GREGOllll
1625 369 1981 429 THAUMAT.
2025 365 2173 421 OPP.
2215 361 2393 418 PARS
2433 362 2730 420 ALTERA.
2774 394 2833 402 —
2879 362 3104 419 DllBlA.

3583 374 3689 429 llS‘.‘

516 499 620 555 lea
646 499 702 553 in
738 498 1028 552 Iordanem
1057 500 1125 552 ad
1160 500 1417 553 Joannem
1440 541 1455 565 ,
1500 508 1558 552 ut
1602 497 1666 551 ab
1710 514 1768 550 eo
1799 493 2088 561 baptizare-

2197 485 2574 555 παραγίνεται
2601 488 2634 539 ὁ
2667 485 2895 554 Ἰησοῦς
2916 484 3034 539 ἀπὸ
3062 482 3168 553 τῆς
3188 488 3490 556 Γαλιλαίας
3515 494 3588 559 είς
3611 497 3693 549 τὸν

521 600 608 644 tur
639 590 707 643 '°.
744 588 820 643 0!
859 598 1061 658 quanta
1085 588 1297 644 Domini
1325 590 1606 644 humilitas
1638 597 1800 656 atque
1833 580 2095 637 modestia

518 684 717 737 animi!
738 680 809 737 ΟΞ
836 691 1038 753 quanta
1067 683 1429 754 indulgentia!
1461 684 1575 737 Rex
1597 681 1831 737 caelestis
1850 679 1915 734 ad
1937 677 2099 732 Joan-

520 788 641 826 nem
658 786 1049 842 prazcursorem
1075 787 1235 827 suum
1253 773 1508 837 accurrit,
1524 788 1631 827 non
1652 770 1965 842 angelorum
1983 783 2100 822 mo-

519 878 652 918 vens
684 872 861 921 castra
895 862 992 934 [αι.
1022 864 1350 935 exercitus],
1398 880 1574 935 neque
1603 878 1967 934 praecursores
1994 861 2097 916 sibi

520 958 871 1027 praemittens,
904 959 1255 1029 incorporeas
1274 968 1596 1030 potestates;
1626 975 1810 1013 verum
1837 967 2095 1028 tanquam

520 1049 781 1119 simplicis
807 1065 873 1103 ac
898 1050 1073 1103 tenuis
1102 1050 1453 1115 conditionis,
1494 1048 1549 1102 in
1586 1047 1803 1102 militari
1839 1047 2100 1101 adventus

521 1141 694 1193 forma
730 1139 825 1211 [αι.
863 1140 956 1194 sed
982 1140 1053 1194 ita
1079 1139 1337 1206 demisse,
1370 1141 1423 1194 in
1453 1139 1673 1194 militari
1694 1137 1956 1193 accedens
1987 1136 2099 1191 for-

521 1229 660 1302 ma],
685 1232 752 1285 ad
782 1247 940 1286 suum
975 1231 1145 1300 ipsius
1175 1231 1322 1286 venit
1352 1232 1610 1299 militem;
1654 1230 1881 1301 etquasi
1907 1245 2047 1284 unus
2069 1244 2100 1283 e

520 1322 680 1391 vulgo
701 1323 768 1376 ad
796 1337 919 1376 eum
957 1321 1186 1386 accedit,
1221 1338 1387 1392 seque
1408 1322 1584 1392 ipsum
1610 1322 2005 1391 intereaptivos
2022 1338 2101 1375 re-

522 1412 624 1468 fert
660 1413 1003 1483 Redemptor,
1037 1423 1091 1469 et
1120 1415 1261 1469 inter
1289 1430 1410 1470 reos
1436 1431 1494 1469 se
1520 1414 1674 1484 ponit
1700 1413 1899 1479 Jndex,
1930 1428 2096 1482 seque

519 1506 711 1561 ovibus
733 1507 954 1576 perditis
977 1508 1257 1577 conjungit
1273 1508 1461 1563 Pastor
1481 1508 1657 1562 bonus
1679 1507 1747 1571 ⁸¹,
1765 1507 1856 1575 qui
1883 1514 2099 1574 propter

520 1611 675 1650 ovem
723 1606 996 1651 errantem
1028 1614 1058 1653 e
1088 1597 1242 1653 ccelis
1269 1598 1650 1659 descenderat,
1696 1606 1749 1651 et
1782 1598 1947 1652 caelos
1990 1611 2094 1649 non

521 1670 813 1757 reliquerat
847 1707 861 1743 :
896 1690 1300 1758 admistumque
1323 1697 1439 1743 erat
1468 1689 1695 1744 zizaniis
1724 1689 1942 1743 cmleste
1965 1687 2094 1741 illud

519 1794 767 1848 granum,
806 1781 949 1849 quod
978 1781 1183 1851 absque
1220 1781 1460 1834 humano
1490 1781 1698 1835 semine
1733 1787 2088 1850 processerat.

2211 576 2512 646 Ἰορδάνην
2553 577 2703 646 πρὸς
2740 576 2849 631 τὸν
2888 576 3181 646 Ἰωάννην,
3214 577 3316 631 τοῦ
3347 580 3694 654 ,βαπτισθῆναι

2198 669 2299 722 ὑπ’
2342 667 2548 722 αὑτοῦ.
2604 669 2669 720 Ὢ
2712 668 2850 739 πόση
2890 670 2924 738 ἡ
2965 667 3060 720 τοῦ
3100 669 3360 724 Δεσπότου
3398 688 3698 748 ταπεινοφρο.

2205 762 2371 833 cum!
2413 762 2476 814 Ὢ
2531 761 2667 833 πόση
2717 761 2750 831 ἡ
2787 759 3218 829 συγκατάὸασιςί
3266 763 3321 816 '0
3363 764 3590 831 Bootlsbg
3611 770 3697 823 τῶν

2196 854 2459 926 οὐρανῶν,
2496 853 2631 924 πρὸς
2671 853 2920 923 Ἰωάννην
2956 852 3047 905 τὸν
3076 853 3264 906 ἑαυτοῦ
3292 855 3562 928 πρόδρομον
3582 859 3699 930 ἔτρε,

2197 963 2311 1017 χεν,
2346 945 2406 998 o6
2459 945 2681 1016 κινήσας
2720 943 2789 997 τὰ
2832 944 2938 997 τῶν
2980 944 3224 1012 ἀγγέλων
3265 947 3571 1018 στρατόπεδα
3602 948 3696 1021 [(1.1.

2200 1038 2626 1111 στρατεύματα],
2667 1038 2789 1091 οὐδὲ
2830 1038 3167 1109 προδρόμους
3208 1041 3596 1110 προαποστείλας
3623 1046 3700 1108 τὰς

2198 1130 2521 1201 ἀσωμάτους
2560 1129 2818 1199 δυνάμεις
2839 1145 2853 1159 ·
2885 1128 3019 1181 ἀλλὰ
3053 1127 3193 1192 λιτὸς
3374 1130 3540 1203 λιτῶς]
3566 1132 3700 1198 οὕτως

2199 1223 2256 1276 ὲν
2289 1224 2355 1292 τῇ
2399 1222 2757 1292 στρατιωτικῇ
2796 1219 3236 1291 παραγενόμενος
3277 1224 3466 1292 μορφῇ,
3496 1224 3609 1294 πρὸς
3631 1224 3701 1277 τὸν

2198 1310 2392 1364 ἑαυτοῦ
2439 1309 2799 1380 παραγίνεται
2846 1309 3203 1380 στρατιώτην.
3253 1310 3358 1362 Καὶ
3395 1311 3463 1374 ὡς
3513 1307 3581 1375 εἷς
3618 1313 3702 1365 τῶν

2201 1401 2408 1455 πολλῶν
2432 1399 2580 1470 αὐτῷ
2608 1399 3059 1472 προσερχόμενος,
3081 1399 3177 1452 καὶ
3205 1399 3529 1470 συναριθμῶν
3553 1400 3703 1456 ἑαυτὸν

2198 1498 2309 1557 τοῖς
2336 1491 2697 1563 αἰχμαλώτοις
2727 1493 2754 1543 6
2781 1496 2813 1544 Λ
2829 1490 3092 1562 υτρωτὴς,
3123 1492 3220 1543 καὶ
3247 1492 3530 1544 συντάττων
3553 1492 3705 1546 ἑαυτὸν

2197 1590 2309 1649 τοῖς
2360 1583 2678 1645 ὑπευθύνοις
2717 1584 2746 1635 6
2784 1582 3073 1653 Δικαστὴς,
3122 1584 3219 1636 καὶ
3277 1585 3704 1654 συναγελαζόμενος

2196 1678 2310 1739 τοῖς
2349 1672 2649 1729 ἀπολωλόσι
2683 1670 2971 1741 προϐάτοις
3018 1674 3047 1724 ὁ
3076 1670 3289 1741 Ποιμὴν
3316 1672 3344 1723 6
3385 1672 3555 1734 καλός
3579 1673 3604 1723 6
3638 1672 3705 1724 διὰ

2196 1767 2257 1819 τὸ
2303 1764 2653 1835 πλανώμενον
2697 1763 2964 1835 πρόϐατον
3002 1763 3291 1833 οὐρανόθεν
3334 1762 3597 1826 κατελθὼν,
3634 1764 3705 1816 καὶ

518 1870 758 1927 Cernens
790 1888 918 1942 ergo
941 1872 1117 1942 ipsum
1144 1870 1382 1929 Joannes
1418 1873 1657 1943 Baptista
1687 1880 1740 1926 et
1769 1886 2088 1941 agnoscens,

2193 1858 2317 1918 τοὺς
2345 1855 2605 1926 οὐρανοὺς
2641 1852 2714 1924 μὴ
2752 1850 3065 1907 καταλιπὼν
3091 1855 3187 1906 καὶ
3233 1853 3705 1925 συναναμιγνύμενος

518 1979 678 2033 quem
734 1972 978 2019 materno
1024 1980 1090 2018 CX
1144 1975 1297 2021 ιιιθιο
1351 1974 1575 2021 noverat
1619 1973 1674 2019 ει
1733 1964 2091 2029 adoraverat,

519 2052 913 2124 manifestaque
952 2056 1099 2111 hunc
1142 2056 1293 2111 illum
1340 2058 1515 2127 ipsum
1557 2071 1699 2121 esse,
1738 2055 1894 2124 cujus
1928 2069 2091 2109 causa

519 2146 571 2198 in
599 2156 753 2200 utero
791 2147 982 2202 matris
1024 2163 1186 2217 supra
1225 2158 1437 2203 aetatem
1476 2147 1841 2202 exsultaverat
1875 2146 1954 2200 ’ἰ
1994 2160 2094 2198 na-

516 2248 652 2292 tura:
683 2240 941 2294 terminos
973 2240 1297 2308 reprimens,
1328 2241 1606 2295 dexteram
1634 2241 1773 2294 intra
1800 2237 2089 2307 diploidem

520 2330 813 2394 contraxit,
853 2339 908 2384 et
937 2330 1194 2385 inclinato
1224 2345 1323 2385 suo
1352 2331 1550 2401 capite,
1592 2338 1652 2385 ut
1681 2330 2091 2385 amantissimus

524 2415 737 2471 Domini
783 2434 1006 2482 servus,
1052 2420 1254 2474 talibus
1301 2422 1368 2475 ad
1414 2437 1537 2475 cum
1580 2421 1806 2476 vocibus
1846 2421 2092 2475 elocutus

517 2516 600 2560 est
629 2504 725 2577 [αι.
757 2523 890 2561 usus
922 2507 1025 2579 est]
1063 2527 1076 2562 :
1123 2508 1233 2580 Ego
1256 2526 1384 2580 opus
1413 2509 1576 2563 habeo
1606 2520 1663 2563 ut
1695 2527 1728 2562 a
1759 2522 1808 2563 te
1835 2509 2091 2578 baptizer,

512 2607 564 2650 et
591 2608 645 2651 ιιι
681 2600 821 2653 venis
849 2600 919 2653 ad
945 2619 1024 2655 me
1041 2602 1087 2633 ⁸³
1112 2602 1135 2654 ?
1174 2602 1314 2668 Quid
1346 2604 1482 2675 agis,
1517 2620 1551 2655 o
1578 2602 1841 2657 Domine?
1866 2602 1976 2656 Cur
2002 2618 2090 2657 re-

513 2705 635 2744 rum
675 2692 932 2748 immutas
960 2694 1247 2749 ordinem?
1272 2696 1546 2760 Quorsum
1586 2710 1710 2749 cum
1745 2695 1949 2761 servis,
1994 2710 2089 2758 ea,

513 2798 635 2851 quae
673 2798 952 2839 servorum
1003 2796 1158 2848 sunt.
1210 2804 1241 2842 a
1279 2804 1438 2842 servo
1474 2796 1566 2842 tuo
1608 2789 1842 2858 quzeris?
1883 2787 1995 2842 Cur
2027 2802 2091 2841 ea

512 2873 669 2942 copis
702 2874 968 2942 accipere,
1004 2877 1203 2945 quibus
1255 2894 1360 2932 non
1410 2878 1652 2947 indiges?
1684 2878 1796 2932 Cur
1832 2887 1939 2932 tam
1970 2893 2089 2932 ma-

515 2978 619 3031 gna
647 2963 981 3034 indulgentia
1009 2975 1170 3034 atque
1200 2967 1504 3021 humilitate
1532 2982 1616 3022 me
1642 2965 1903 3021 famulum
1936 2975 2088 3021 tuum

513 3053 747 3118 gravas?
786 3052 897 3123 Ego
927 3055 1082 3108 debeo
1110 3073 1142 3108 a
1177 3065 1225 3110 te
1256 3057 1520 3125 baptizari
1548 3073 1567 3121 ;
1617 3070 1673 3112 at
1705 3066 1791 3123 tu,
1832 3067 1891 3112 ut
1929 3073 1959 3111 a
2003 3072 2090 3112 me

2192 1949 2304 2010 τοῖς
2335 1945 2611 2011 ζιζανίοις,
2647 1947 2676 1998 6
2715 1943 2964 2015 οὐράνιος
2990 1944 3195 2007 ἐκεῖνος
3220 1946 3415 2008 κόκκος
3447 1946 3474 1997 6
3500 1946 3707 2015 ἄσπορος.

2205 2037 2350 2091 Ἰδὼν
2381 2038 2559 2091 τοίνυν
2589 2036 2750 2091 αὑτὸν
2789 2037 2817 2089 ὁ
2848 2035 3154 2106 Βαπτιστὴς
3198 2037 3463 2108 Ἰωάννης,
3502 2037 3583 2088 καὶ
3607 2053 3712 2103 γνω-

2192 2131 2367 2203 ρίσας,
2407 2130 2466 2183 ὃν
2511 2131 2575 2182 ὲκ
2613 2128 2848 2199 γαστρὸς
2877 2129 2975 2198 τῆς
3026 2128 3235 2200 μητρὸς
3274 2127 3524 2200 ἐγνώρισέ
3561 2144 3609 2179 τε
3636 2126 3707 2180 καὶ

2196 2218 2586 2293 προσεκύνησε,
2616 2218 2709 2270 καὶ
2750 2216 2934 2286 σαφῶς
2961 2217 3216 2285 ἐπιγνοὺς
3243 2217 3427 2270 τοῦτον
3457 2218 3631 2269 ἐκεῖνον
3654 2209 3709 2266 εἶ-

2192 2330 2299 2374 ναι,
2322 2312 2388 2364 δι’
2424 2310 2482 2363 ὃν
2508 2312 2566 2363 ἐν
2598 2312 2663 2380 τῇ
2699 2310 2878 2380 μήτρᾳ
2910 2308 3008 2379 τῆς
3034 2307 3242 2379 μητρὸς
3263 2307 3404 2378 ὑπὲρ
3427 2306 3514 2376 τὴν
3540 2304 3708 2375 ἡλικίαν

2193 2404 2505 2474 ἐσκίρτησε,
2547 2400 2864 2471 βιαζόμενος
2893 2401 3021 2463 τοὺς
3057 2400 3218 2471 ὄρους
3247 2399 3346 2469 τῆς
3381 2398 3591 2467 φύσεως,
3617 2413 3709 2448 σιν-

2195 2493 2429 2547 έστειλεν
2461 2492 2568 2547 ἔσω
2603 2493 2701 2564 τῆς
2738 2491 3004 2555 διπλοΐδος
3034 2490 3130 2561 τὴν
3163 2489 3367 2554 δεξιὰν,
3399 2490 3487 2543 καὶ
3510 2489 3594 2559 τὴν
3621 2489 3710 2539 ἑαυ-

2191 2585 2285 2639 τοῦ
2338 2585 2580 2657 κεφαλὴν
2635 2584 2948 2647 ύποκλίνας,
3003 2583 3078 2646 ώς
3125 2582 3502 2651 φιλοδέσποτος
3547 2578 3711 2640 δοῦλος,

2190 2677 2465 2742 τοιαύταις
2508 2678 2645 2751 πρὸς
2679 2677 2839 2731 αὐτὸν
2875 2675 3175 2744 ἐφθέγξατο
3211 2677 3413 2743 φωναῖς
3440 2671 3548 2744 [ἄλ.
3586 2671 3711 2741 ἐχρή-

2194 2787 2323 2824 σατο
2356 2770 2580 2841 φωναῖς]
2603 2787 2616 2800 ·
2665 2768 2802 2838 Ἐγὼ
2849 2769 3059 2838 χρείαν
3106 2768 3224 2836 ἔχω
3255 2766 3374 2820 ὑπὸ
3411 2764 3519 2819 σοῦ
3538 2766 3706 2829 ,ϐαπτι-

2191 2860 2430 2930 σθῆναι,
2455 2863 2551 2915 καὶ
2582 2861 2664 2915 σὺ
2689 2860 2834 2929 ἔρχῃ
2871 2859 3019 2928 πρὸς
3035 2858 3112 2929 μέ
3129 2875 3148 2922 ;
3173 2859 3241 2911 Τί
3270 2862 3459 2922 ποιεῖς,
3488 2857 3708 2910 Memora:

2192 2954 2257 3006 Τί
2285 2952 2391 3008 τῶν
2424 2954 2763 3025 πραγμάτων
2806 2951 3147 3013 ὲναλλάττεις
3187 2950 3289 3022 τὴν
3323 2950 3498 3016 τάξιν;
3525 2948 3581 3001 Τί
3607 2946 3711 3018 μετὰ

2192 3046 2300 3099 τῶν
2328 3045 2528 3099 δούλων
2554 3044 2625 3097 τὰ
2648 3043 2756 3096 τῶν
2785 3042 2987 3097 δούλων
3023 3043 3175 3114 παρὰ
3204 3043 3303 3096 τοῦ
3332 3041 3423 3095 σοῦ
3452 3040 3613 3094 δούλου
3635 3037 3709 3107 ζη-

512 3144 823 3214 baptizeris,
855 3162 959 3200 non
992 3148 1219 3217 indiges.
1250 3147 1406 3215 Quod
1439 3150 1620 3205 minus
1659 3162 1774 3217 est,
1804 3167 1836 3205 a
1881 3150 2088 3220 majore

2192 3139 2337 3203 τεῖς;
2375 3137 2439 3188 Τί
2472 3136 2645 3201 θέλεις
2672 3136 2707 3191 ἃ
2752 3136 2823 3208 μὴ
2868 3136 3090 3207 χρήξεις
3132 3135 3355 3196 λαϐεῖνξ
3389 3134 3450 3188 Τί
3482 3135 3539 3203 τῇ
3582 3128 3710 3244 πολλῇ

513 3252 577 3290 ac
610 3238 819 3307 potiore
861 3239 1231 3307 benedicitur;
1274 3256 1383 3295 non
1429 3250 1609 3296 autem
1643 3244 1787 3313 quod
1820 3243 2023 3313 potius,
2057 3260 2087 3298 a

2192 3229 2597 3298 συγκαταεάσει
2628 3228 2885 3301 βαρύνεις
2922 3228 3046 3300 [ἄλ.
3078 3226 3290 3300 βαρεῖς]
3328 3228 3395 3299 μὲ
3424 3227 3508 3280 τὸν
3541 3222 3713 3288 οἰκέτην

517 3329 726 3384 minore
754 3330 1091 3385 benedicitur
1121 3341 1176 3386 ct
1212 3334 1601 3390 sanctificatur.
1640 3336 1882 3391 Lucerna
1915 3353 1945 3391 a
1977 3337 2091 3392 sole

515 3420 757 3491 undique
784 3421 1116 3490 illustratur,
1161 3440 1268 3480 non
1312 3425 1452 3482 sola
1480 3428 1701 3482 lucerna
1731 3429 2088 3483 illuminatur.

510 3510 714 3579 Argilla
742 3527 772 3565 a
804 3513 967 3581 figulo
1006 3527 1372 3584 praeparatur,
1412 3532 1523 3572 non
1555 3518 1753 3590 ﬁgulus
1797 3519 1866 3574 ab
1899 3520 2089 3590 argilla

513 3599 797 3659 formatur.
850 3603 957 3659 lies
1004 3615 1185 3660 creata
1234 3621 1264 3660 a
1314 3605 1568 3661 Creatore
1603 3620 1933 3673 renovatur,
1982 3625 2088 3664 non

511 3687 738 3743 Creator
786 3708 815 3745 a
866 3708 923 3747 re
953 3702 1133 3749 creata
1176 3694 1448 3766 dirigitur.
1515 3695 1774 3767 Egrotus
1806 3715 1835 3752 a
1884 3700 2091 3754 medico

511 3790 764 3844 curatur,
803 3799 910 3838 non
945 3787 1188 3840 medicus
1215 3787 1283 3840 ab
1312 3786 1528 3842 inﬁrmo
1556 3790 1805 3844 visitatur
1837 3789 1932 3860 [αι.
1961 3792 2090 3846 edo-

512 3872 709 3946 cetur].
747 3873 962 3946 Egerius
1009 3892 1039 3930 a
1086 3878 1272 3942 divite,
1325 3894 1434 3933 non
1469 3879 1621 3935 dives
1649 3897 1679 3935 a
1708 3897 1943 3951 paupere
1968 3898 2088 3937 mu-

510 3974 711 4021 tuatur.
756 3965 868 4037 Ego
900 3986 933 4022 a
971 3978 1017 4023 te
1061 3970 1326 4041 baptizari
1352 3989 1481 4042 opus
1510 3974 1708 4042 habeo,
1756 3988 1805 4030 et
1844 3986 1902 4030 tu
1949 3979 2089 4032 venis

510 4057 579 4111 ad
606 4058 723 4110 me?
745 4060 827 4112 An
852 4060 994 4112 enim
1021 4060 1210 4128 ignoro
1235 4062 1358 4132 quis
1376 4063 1494 4119 sis?
1516 4073 1571 4119 et
1595 4081 1659 4119 ex
1686 4082 1795 4135 quo
1818 4068 2053 4123 cluseris
2071 4111 2086 4136 ,

508 4158 562 4202 et
586 4148 731 4204 unde
755 4151 1003 4205 veneris?
1030 4151 1110 4204 An
1140 4154 1268 4223 quia
1305 4156 1498 4211 similis
1528 4158 1659 4212 mihi
1690 4158 1866 4216 factus
1896 4176 1954 4216 es
1986 4160 2084 4233 [αι.

509 4255 580 4294 an
603 4241 731 4310 quia
756 4250 974 4310 propter
1005 4258 1091 4296 me
1122 4252 1287 4299 natus
1316 4260 1394 4312 es,
1426 4247 1619 4303 similis
1656 4250 1846 4321 mihi],
1878 4254 2087 4322 magni-

508 4332 778 4385 ﬁcentiam
830 4333 1128 4389 divinitatis
1184 4344 1287 4390 tuze
1335 4352 1522 4408 negem
1542 4340 1566 4392 ‘!
1609 4339 1690 4394 An
1743 4343 1869 4411 quia
1913 4360 2087 4415 usque

509 4420 646 4473 adeo
692 4422 966 4477 indulsisti
1015 4424 1168 4489 mihi,
1204 4436 1260 4478 ut
1298 4439 1527 4496 corpore
1568 4444 1737 4499 prope
1774 4433 2083 4497 accederes,

2187 3320 2279 3373 τὸν
2307 3320 2432 3385 σόν;
2478 3320 2619 3387 Ἐγὼ
2659 3322 2868 3391 χρείαν
2893 3321 3011 3388 ἔχω
3044 3318 3159 3372 ὑπὸ
3183 3319 3307 3373 σοῦ
3335 3314 3709 3385 βαπτισθῆναι.

2191 3414 2254 3466 σὺ
2295 3412 2353 3465 δὲ
2389 3412 2490 3465 οὐκ
2536 3412 2677 3482 ἔχεις
2722 3412 2911 3483 χρείαν
2957 3413 3051 3465 ὑπ’
3093 3410 3231 3481 ἐμοῦ
3279 3410 3640 3483 βαπτισθῆναι·
3665 3404 3712 3458 τὸ

2190 3504 2406 3558 ἔλαττον
2425 3505 2529 3558 ὑπὸ
2555 3504 2649 3558 τοῦ
2688 3504 2997 3576 κρείττονος
3026 3504 3349 3574 εὐλογεῖται,
3393 3506 3452 3557 o6
3486 3503 3542 3556 τὸ
3574 3502 3709 3573 κρεῖτ-

2189 3613 2278 3651 τον
2308 3595 2411 3649 ὑπὸ
2434 3595 2526 3649 τοῦ
2564 3596 2844 3659 ἐλάττονος
2872 3596 3195 3664 εὐλογεῖται,
3235 3599 3331 3650 καὶ
3367 3595 3636 3665 ἁγιάζεται.
3665 3590 3709 3640 '0

2188 3687 2377 3759 λύχνος
2404 3689 2509 3742 ὑπὸ
2538 3690 2631 3743 τοῦ
2663 3690 2811 3761 ἡλίου
2843 3691 3269 3763 περιλάμπεται,
3304 3692 3401 3762 οὐχ
3427 3693 3454 3745 ὀ
3481 3690 3609 3761 ἥλιος
3632 3684 3711 3738 ὑπ’)

2187 3780 2288 3851 τῆς
2334 3782 2648 3851 θρυαλλίδος
2698 3784 3119 3855 καταυγὰζεται.
3180 3785 3240 3838 '0
3290 3785 3458 3856 πηλὸς
3504 3782 3594 3837 ὑπὸ
3640 3774 3709 3829 τοῦ

2191 3874 2477 3946 κεραμέως
2504 3877 2906 3949 καταρτίζεται,
2931 3878 3029 3948 οὐχ
3056 3880 3084 3932 6
3107 3879 3388 3950 κεραμεὺς
3416 3877 3514 3931 ὑπὸ
3537 3873 3615 3929 τοῦ
3638 3888 3712 3940 πη·

2188 3963 2280 4017 λοῦ
2324 3965 2726 4021 διαπλάττεται.
2759 3968 2831 4020 Τὸ
2869 3969 3073 4039 κτίσμα
3109 3969 3215 4021 ὑπὸ
3259 3968 3355 4022 τοῦ
3394 3968 3590 4022 κτίστου
3618 3966 3715 4018 ἀνα·

2190 4060 2503 4124 καινίζεται,
2535 4060 2633 4132 οὐχ
2659 4063 2688 4114 6
2717 4061 2907 4126 κτίσας
2932 4062 3037 4116 ὑπὸ
3064 4063 3156 4117 τοῦ
3190 4064 3487 4135 κτίσματος
3516 4054 3710 4130 διορθοῦ-

2188 4166 2298 4203 ται.
2349 4150 2405 4204 '0
2437 4151 2720 4223 ἄρρωστος
2748 4152 2853 4205 ὑπὸ
2889 4152 2983 4206 τοῦ
3024 4153 3211 4227 ἰατροῦ
3251 4153 3612 4226 θεραπεύεται,
3638 4147 3712 4215 οὐχ

2186 4245 2215 4295 6
2248 4243 2428 4315 ἰατρὸς
2464 4245 2568 4297 ὑπὸ
2602 4244 2697 4297 τοῦ
2739 4242 3022 4317 ἀρρώστου
3051 4247 3423 4318 περιοδεύεται
3459 4245 3571 4318 [ἀλ.
3601 4240 3710 4295 ἐκδι-

2189 4333 2491 4405 δάσκεται].
2542 4334 2598 4385 ’0
2625 4334 2891 4406 προσδεὴς
2933 4335 3083 4407 παρὰ
3114 4338 3207 4390 τοῦ
3248 4337 3498 4391 πλουσίου
3525 4333 3716 4395 δανείζέ⁸

2189 4444 2298 4490 ται,
2334 4426 2432 4497 οὐχ
2469 4427 2497 4478 6
2526 4425 2778 4491 πλούσιος
2834 4425 2985 4497 παρὰ
3023 4426 3119 4480 τοῦ
3164 4428 3395 4501 πένητος
3434 4428 3709 4499 ἐρανίζεται.

509 4525 575 4564 ac
629 4528 715 4565 me
762 4522 933 4567 totum
975 4513 1029 4568 in
1066 4523 1118 4571 te
1164 4515 1283 4585 ipso
1316 4516 1505 4583 ferres,
1543 4529 1603 4574 ut
1643 4528 1816 4576 totum
1844 4522 2085 4580 salvat-es

2201 4518 2256 4569 Ἐ
2262 4516 2343 4588 γὼ
2379 4519 2589 4587 χρείαν
2616 4519 2733 4586 ἕχω
2780 4517 2900 4572 ὑπὸ
2932 4517 3049 4572 σοῦ
3083 4519 3510 4587 βαπτισθῆναι,
3536 4516 3619 4571 καί
3650 4511 3719 4566 σὺ

508 4599 820 4669 hominem;
858 4619 957 4674 ego
988 4614 1207 4675 propter
1231 4622 1431 4677 corpus
1465 4620 1616 4665 tuum
1643 4611 1790 4682 quod
1816 4613 2079 4680 cernitur,

504 4692 653 4760 quod
691 4702 869 4749 mente
908 4697 1227 4774 intelligitur
1269 4701 1570 4759 divinitatis
1622 4704 1954 4775 despiciam?
1995 4705 2079 4762 An

504 4783 634 4851 quia
671 4783 742 4837 ob
765 4800 937 4840 meam
967 4790 1219 4859 salutem,
1248 4809 1397 4849 meas
1429 4795 1650 4852 indutus
1680 4812 1739 4853 es
1766 4799 2039 4868 primitias
2064 4842 2078 4867 ,

503 4873 745 4943 ignorem
786 4884 837 4931 te
878 4878 1027 4934 indui
1072 4883 1279 4939 lumine
1312 4888 1454 4942 sicut
1492 4890 1814 4945 vestimento
1867 4890 1952 4945 ⁸⁸⁸1
1995 4893 2076 4946 An

502 4967 762 5034 quoniam
791 4984 1011 5025 carnem
1041 4974 1176 5028 mihi
1211 4988 1495 5047 cognatam
1522 4991 1700 5050 gestas
1727 4981 1825 5054 [αι.
1857 4998 2077 5039 carnem

502 5072 681 5111 meam
708 5058 909 5129 gestas]
931 5102 947 5124 ,
979 5072 1033 5117 et
1064 5065 1375 5122 hominibus
1405 5071 1731 5140 conspicuus
1756 5088 1816 5128 es
1835 5114 1849 5139 ,
1884 5083 1946 5129 ut
1976 5075 2079 5145 ipsi

502 5156 554 5201 te
578 5148 1008 5220 viderepossint,
1036 5171 1120 5211 me
1148 5159 1401 5227 splendor
1428 5164 1765 5225 coruscantis
1784 5167 2080 5225 divinitatis

504 5247 608 5293 tuze
632 5238 828 5295 lateat?
858 5241 941 5295 An
973 5245 1234 5313 quoniam
1269 5263 1443 5303 meam
1473 5251 1528 5303 in
1558 5259 1608 5305 te
1634 5267 1799 5307 cerno
1824 5253 2078 5319 formam,

501 5344 603 5399 ego
639 5332 874 5388 divinam
920 5344 1066 5390 tuam
1099 5340 1393 5394 essentiam
1438 5342 1764 5398 invisibilem
1805 5354 1967 5416 atque
2003 5347 2079 5401 iu-

498 5425 1042 5494 comprehensibilem
1095 5428 1229 5484 falsa
1281 5433 1697 5491 ratiocinatione
1747 5454 1942 5508 negare
1980 5455 2077 5494 au-

501 5515 700 5570 deam?
734 5516 867 5574 Novi
895 5532 964 5587 te,
997 5521 1257 5589 Domine;
1305 5525 1429 5579 novi
1470 5534 1520 5581 te
1555 5529 1746 5598 plane;
1788 5531 1914 5585 novi
1943 5541 2013 5598 te,
2045 5549 2076 5587 a

499 5611 553 5662 te
576 5609 837 5670 edoctus:
884 5630 1044 5671 nemo
1072 5616 1215 5671 enim
1247 5628 1297 5672 te
1324 5633 1484 5674 nosse
1527 5627 1718 5688 potest,
1753 5622 1857 5679 nisi
1890 5626 2077 5693 gratiae

2187 4609 2331 4677 ἔρχῃ
2375 4608 2521 4676 πρὸς
2543 4607 2653 4678 μέ;
2685 4608 2776 4680 Μὴ
2807 4609 2917 4681 γὰρ
2946 4609 3127 4679 ἀγνοῶ
3153 4612 3237 4674 τίς
3274 4608 3352 4676 εἷς
3382 4613 3489 4665 Καὶ
3515 4613 3573 4663 ἐκ
3601 4606 3711 4666 τινος

2190 4698 2517 4772 ἐξέλαμψας,
2573 4702 2669 4754 καὶ
2724 4700 2886 4754 πόθεν
2930 4701 3230 4773 ὲλήλυθας;
3280 4704 3372 4775 Μὴ
3419 4702 3522 4774 γὰρ
3564 4696 3711 4763 ἐπειδὴ

2188 4793 2418 4862 γέγονας
2456 4795 2576 4847 κατ’
2607 4793 2708 4864 ἐμὲ
2893 4793 2959 4847 δι’
2989 4794 3089 4864 ἐμὲ
3123 4794 3357 4863 γέγονας
3382 4797 3497 4848 κατ’
3521 4790 3646 4864 ἐμῆ,
3666 4784 3715 4837 τὺ

2193 4884 2476 4953 μεγαλεῖον
2530 4883 2800 4957 ἀρνοῦμαι
2854 4886 2951 4956 τῆς
3009 4884 3110 4955 σῆς
3159 4885 3444 4958 θεότητος;
3496 4884 3579 4955 Μὴ
3626 4877 3710 4948 γὰρ

2185 4975 2371 5047 ἐπειδὴ
2399 4976 2650 5031 τοσοῦτόν
2673 4995 2760 5048 μοι
2788 4978 3147 5048 ωγκατέὁης,
3170 4980 3294 5032 ὅσον
3322 4980 3484 5048 ἐγγὺς
3504 4969 3710 5045 γενέσθαι

2185 5066 2263 5138 τῷ
2289 5067 2499 5139 σώματι
2524 5069 2617 5122 καὶ
2645 5070 2764 5125 ὃλον
2792 5070 2891 5142 ἐμὲ
2922 5071 3106 5143 φέρεις
3135 5074 3193 5125 ὲν
3225 5071 3419 5142 ἐαυτῷ,
3448 5071 3530 5124 ἴνα
3566 5064 3709 5134 σώσῃς

2181 5160 2303 5214 ὅλον
2327 5162 2417 5214 τὸν
2446 5159 2751 5230 ἄνθρωπονο
2779 5162 2892 5232 ἐγὼ
2930 5162 3020 5215 διὰ
3047 5163 3109 5215 τὸ
3151 5162 3424 5234 ὁρώμενόν
3452 5177 3539 5213 σου
3562 5155 3706 5224 σῶμα,

2181 5251 2240 5304 τὸ
2280 5251 2567 5321 νοούμενον
2594 5251 2694 5322 τῆς
2732 5252 2986 5326 θεότητος
3019 5256 3274 5328 παρορῶς
3303 5254 3392 5326 Μὴ
3424 5253 3527 5323 γὰρ
3560 5242 3710 5309 ἐπευδῆ

2182 5345 2270 5399 διὰ
2294 5347 2392 5416 τὴν
2426 5344 2563 5415 ἐμὴν
2592 5348 2861 5418 σωτηρίαν
2892 5348 3277 5419 περιϐέϐλησαι
3301 5348 3400 5418 τὴν
3422 5345 3549 5417 ἐμὴν
3571 5341 3709 5406 ἀπαρ·

2184 5440 2304 5509 χὴν,
2339 5438 2438 5490 οὐκ
2483 5437 2777 5508 ἐπίσταμαί
2811 5456 2891 5505 σε,
2930 5439 3020 5493 τὸν
3063 5440 3508 5511 περιϐαλλόμενον
3537 5434 3591 5488 τὸ
3615 5427 3706 5499 φῶς

2183 5528 2258 5591 ώς
2288 5527 2533 5599 ίμάτιον;
2568 5529 2657 5600 Μὴ
2687 5530 2796 5601 γὰρ
2818 5531 3003 5601 ἐπειδὴ
3032 5532 3131 5602 τὴν
3158 5533 3281 5602 ἐμοὶ
3312 5528 3532 5600 συγγενῆ
3562 5523 3706 5592 σάρκα

2187 5627 2370 5696 φορεῖς
2400 5623 2521 5696 [ἀνί.
2552 5625 2650 5698 τὴν
2679 5627 2818 5697 ἐμὴν
2858 5626 3038 5700 σάρκα
3066 5628 3294 5700 φορεῖς],
3327 5625 3417 5680 καὶ
3441 5622 3591 5694 φαίνῃ
3614 5615 3707 5675 τοῖς

570 5790 617 5824 ⁸⁰
644 5791 831 5849 Matth.
868 5812 946 5865 ιιι,
977 5799 1026 5853 5.
1104 5800 1146 5833 “
1169 5796 1323 5856 Joan.
1355 5816 1418 5868 x;
1446 5798 1575 5857 Luc.
1609 5815 1697 5858 xv.
1777 5804 1823 5836 δ’
1853 5801 1983 5863 Luc.
2020 5823 2058 5875 ι,

2258 5808 2302 5841 ⁸³
2336 5807 2520 5866 Matth.
2562 5825 2643 5881 ιιι,
2675 5809 2758 5865 Η.
2834 5812 2878 5846 ³³
2913 5810 3057 5869 Psal.
3092 5826 3209 5879 cm,
3241 5811 3293 5864 2.
