3950 6326
489 316 631 373 H33
1127 310 1184 363 8.
1221 305 1554 365 (ΖΒΕΕοιὶιί
1593 305 1955 363 THAUMAT.
1994 304 2148 362 OPP.
2183 305 2370 363 PARS
2407 305 2709 362 ALTERA.
2752 334 2822 348 -—
2859 303 3085 363 DUBIA.
3544 309 3653 368 υθέ

488 447 729 501 agnosco
761 427 1214 486 dominationem.
1266 424 1541 481 Confiteor
1575 425 1827 479 servilem
1882 438 2058 480 meam

2197 424 2211 477 ί
2244 421 2337 476 καὶ
2372 423 2437 477 σὺ
2474 423 2533 477 ἐν
2555 425 2670 486 τοῖς
2692 424 2968 485 ταπεινοῖς
3003 422 3217 493 μέτροις
3245 425 3337 493 τῆς
3371 425 3659 496 ἅνθρωπός-η·

489 523 858 581 couditionem
888 561 903 585 ,
935 527 1084 572 tuam
1115 516 1351 588 praedico
1378 515 1855 588 magnificentiam.
1891 515 2067 585 Agnoo

2190 533 2255 579 ro;
2303 514 2556 585 γενέσθαι
2599 516 2701 568 ούκ
2754 514 3099 589 ἐπῃσχύνθης
3295 516 3657 591 ἐτυαισιυνθῇςὶ’

491 631 587 672 sco
613 609 1000 667 dominationis
1037 618 1142 663 tua:
1174 608 1585 678 perfectionem.
1634 615 1689 661 et
1721 622 1897 661 meam
1953 605 2067 676 ipse

2190 606 2280 659 ιλλ’
2319 604 2429 675 ἐγὼ
2472 606 2539 661 τὰ
2585 606 2759 680 μέτρα
2784 608 2883 677 τῆς
2923 606 3135 677 φύσεως
3171 604 3438 677 παρελθεῖν
3461 610 3544 662 οὐκ
3568 611 3666 665 ἀνέ-

493 701 848 772 abjectionem
874 713 938 751 ac
964 697 1221 751 vilitatem
1245 711 1535 767 cognosco.
1574 692 1694 748 Non
1718 712 1834 749 sum
1876 694 2067 765 dignus

2190 715 2351 769 [ομαι.
2392 698 2719 769 Ἐπίσταμαι
2762 699 2925 753 πόσον
2965 698 3025 751 τὺ
3061 696 3249 769 μέτρον
3289 696 3399 769 [ἀλ.
3428 699 3482 751 τὸ
3519 700 3665 774 μέσον]

493 805 549 848 ut
570 792 769 846 solvam
797 791 1081 860 corrigiam
1106 789 1450 842 calceamenti
1478 788 1556 842 tui
1579 788 1623 819 ⁸⁸
1649 803 1664 853 ;
1696 797 1751 841 ct
1773 804 1881 858 quo
1910 797 2069 857 pacto

492 885 905 941 immaculatum
939 883 1133 953 capitis
1183 882 1261 935 tui
1292 881 1547 936 verticem
1581 880 2072 952 tangereaudebo?

492 978 612 1043 Quo
642 986 799 1047 pacto
826 991 999 1029 meam
1044 988 1209 1044 super
1249 981 1298 1028 te
1325 972 1613 1027 extendam
1642 973 1942 1038 dexteram,
1977 975 2070 1044 qui

493 1069 692 1123 ςωΙιιιη
730 1067 871 1120 sicut
905 1066 1097 1135 pellem
1147 1063 1436 1118 extendisti
1471 1062 1536 1126 “,
1572 1071 1627 1118 et
1676 1074 1874 1118 terram
1910 1079 2071 1135 super

494 1176 666 1230 aquas
692 1158 931 1213 statuisti
974 1156 1060 1210 “‘3
1092 1155 1379 1222 Quomodo
1407 1155 1630 1210 serviles
1676 1170 1825 1210 meos
1875 1155 2073 1226 digitos

497 1266 661 1320 super
687 1250 931 1303 divinum
957 1257 1121 1317 caput
1148 1257 1300 1301 tuum
1331 1246 1648 1316 explicabo?
1674 1245 1955 1312 Quomodo
1974 1245 2075 1299 iut-

496 1340 831 1395 maculatum
858 1339 1099 1407 nullique
1123 1346 1344 1407 peccato
1367 1338 1665 1393 obnoxium
1684 1336 1909 1392 lavabo?
1930 1335 2076 1403 Quo-

495 1432 662 1488 modo
688 1433 858 1503 ipsam
887 1432 1064 1486 lucem
1089 1430 1455 1485 illuminabo?
1480 1429 1799 1501 Cujusmodi
1829 1445 1995 1500 super
2024 1440 2075 1484 te

500 1525 802 1581 orationem
831 1524 1025 1579 faciam
1047 1564 1063 1592 ,
1095 1526 1189 1594 qui
1219 1523 1382 1579 etiam
1406 1539 1596 1578 eorum
1627 1523 1720 1593 qui
1751 1531 1801 1577 te
1824 1522 2076 1594 ignorant

499 1635 689 1690 preces
715 1618 985 1688 suscipis?

2170 791 2274 872 γῆς
2315 792 2410 845 καὶ
2435 790 2801 864 Δημιουργοῦ.
2850 792 3177 862 Ἐπίσταμαι
3213 791 3366 846 πόσον
3388 790 3443 845 τδ
3464 792 3667 866 ardeam

2172 884 2343 956 πηλοῦ
2379 886 2473 938 καί¹
2514 884 2772 941 πλάστου.
2812 884 3142 955 Ἐπίσταμαι
3190 884 3345 937 πόσον
3386 885 3440 937 τὸ
3473 887 3668 958 κρεῖττόν

2173 994 2265 1031 σου
2299 977 2393 1030 τοῦ
2417 976 2567 1049 ἡλίου
2593 978 2691 1049 τῆς
2714 976 3083 1049 δικαιοσύνης,
3108 975 3285 1048 κάμοῦ
3313 976 3399 1030 τοῦ
3421 977 3584 1048 λύχνου
3601 996 3673 1033 σου

2170 1068 2270 1139 τῆς
2298 1067 2538 1140 χάριτος.
2571 1069 2633 1121 Ei
2661 1069 2756 1121 καὶ
2780 1067 2843 1120 τὸ
2868 1066 3108 1140 καθαρὸν
3154 1067 3310 1138 νέφος
3348 1067 3433 1122 τοῦ
3477 1067 3675 1140 σώματος

2175 1155 2582 1229 περιϐέϐλησαι,
2615 1156 2729 1211 ἀλλ’
2766 1155 2877 1226 ἐγὼ
2913 1155 3262 1226 ἐπιγινώσκω
3289 1158 3380 1229 τὴν
3411 1157 3496 1229 σὴν
3524 1159 3677 1213 δεσπο-

2170 1246 2343 1300 τείαν.
2411 1246 2685 1317 ὐμολογῶ
2740 1247 2840 1317 τὴν
2894 1246 3131 1317 ἐμαυτοῦ
3184 1247 3430 1314 δουλείαν,
3476 1248 3681 1320 κηρύττω

2180 1337 2278 1410 τὴν
2307 1338 2405 1410 σὴν
2454 1338 2945 1410 μεγαλοπρέπειαν.
2977 1338 3349 1407 Ἐπιγινώσκω
3376 1338 3464 1409 τὴν
3493 1324 3586 1409 ’σὴν
3614 1338 3683 1393 δε-

2182 1429 2435 1485 σποτείαν
2457 1429 2685 1495 τελείαν,
2703 1428 3051 1500 ἐπιγινώσκω
3072 1430 3171 1502 τὴν
3198 1430 3422 1502 ἐμαυτοῦ
3444 1430 3681 1485 εὐτέλειαν.

2175 1524 2298 1577 Οὐκ
2329 1522 2445 1593 εἶμί
2476 1522 2679 1590 ἱκανὸς
2700 1524 2887 1579 λῦσαι
2917 1523 3024 1578 τὸν
3062 1524 3279 1593 ἱμάντα
3308 1522 3406 1578 τοῦ
3434 1521 3683 1591 exuam

2180 1616 2283 1681 τός
2311 1631 2428 1670 σου
2446 1633 2460 1647 ·
2490 1616 2586 1670 καὶ
2615 1616 2731 1680 πῶς
2760 1615 2999 1687 ἅψασθαι
3045 1617 3302 1688 τολμήσω
3345 1616 3440 1686 τῆς
3476 1616 3687 1685 ἀχράντου

500 1733 596 1769 σου
628 1717 902 1788 κορυφῆς
934 1716 1058 1780 Πῶς
1101 1714 1325 1769 ἐκτείνω
1365 1712 1462 1785 τὴν
1508 1710 1684 1776 δεξιὰν
1727 1710 1819 1765 ἐπὶ
1878 1709 1959 1774 σὲ,
1988 1709 2079 1763 τὸν
2123 1711 2439 1767 ἐκτείναντα
2483 1711 2604 1784 [ἄλ.
2647 1709 2977 1783 ἐκτείνοντα]
3002 1711 3093 1766 τὸν
3138 1711 3364 1782 οὐρανὸν
3396 1710 3514 1764 ὡσεὶ
3532 1708 3689 1780 δέῥριν,

498 1809 594 1863 καὶ
641 1807 739 1880 τὴν
766 1809 870 1881 γῆν
905 1809 997 1861 ἐπὶ
1043 1808 1249 1862 ὑδάτων
1278 1805 1607 1876 ἐδράσαντα;
1651 1802 1776 1868 Πῶς
1802 1800 2108 1872 ἐφαπλὼσω
2156 1803 2281 1866 τοὺς
2334 1803 2636 1869 οίκετικούς
2672 1822 2772 1875 μου
2805 1801 3101 1868 δακτύλους
3127 1806 3195 1875 τῇ
3226 1802 3346 1875 θείᾳ
3383 1819 3468 1855 σου
3500 1801 3693 1871 κορυφῇς

499 1901 625 1965 Πῶς
654 1901 831 1955 λούσω
860 1903 950 1957 τὸν
980 1900 1227 1965 ἄσπιλον,
1256 1902 1350 1956 καὶ
1376 1900 1467 1954 τδν
1515 1899 1934 1970 ἀναμάρτητον;
1966 1895 2092 1960 Πῶς
2138 1898 2358 1965 φωτίσω
2389 1899 2451 1952 τὸ
2476 1897 2624 1968 φῶς;
2650 1898 2818 1952 Ποίαν
2849 1899 3148 1971 ποιήσομαι
3195 1897 3290 1951 ἐπὶ
3343 1897 3402 1950 σὲ
3431 1893 3695 1967 προσευχὴν,

499 1996 593 2051 τὸν
617 1996 1047 2069 προσδεχόμενον
1080 1997 1177 2051 καὶ
1201 1995 1301 2059 τὰς
1325 1996 1432 2048 τῶν
1453 1992 1792 2063 ἀγνοούντων
1827 2009 1887 2045 σε
1920 1992 2255 2064 προσευχάςς

571 2094 723 2150 Alios
754 2094 884 2148 dum
913 2094 1151 2163 baptizo,
1176 2092 1229 2146 in
1264 2102 1359 2146 tuo
1406 2090 1628 2145 nomine
1649 2088 1901 2159 baptizo;
1934 2097 1993 2141 ut
2027 2086 2080 2141 in

2251 2088 2394 2153 Τοὺς
2420 2089 2614 2154 ἄλλους
2646 2090 2944 2162 βαπτίζων,
2970 2091 3048 2155 είς
3080 2091 3143 2145 τὸ
3173 2089 3267 2145 σδν
3291 2090 3453 2161 ὄνομα
3487 2086 3701 2159 βαπτίζω,

505 2193 560 2240 te
582 2200 706 2240 cum
736 2184 904 2255 gloria
925 2183 1232 2239 venientem
1257 2181 1513 2248 credant;
1541 2190 1592 2235 te
1619 2195 1750 2235 vero
1778 2178 2084 2249 baptizans,

503 2277 666 2347 cujus
697 2276 1030 2332 mentionem
1063 2275 1301 2330 faciam?
1335 2274 1391 2329 In
1440 2274 1600 2345 cujus
1633 2282 1689 2328 te
1737 2273 1959 2326 nomine
1987 2270 2087 2326 ba-

504 2366 762 2437 ptizabo?
793 2366 874 2419 An
917 2365 972 2419 in
1011 2365 1233 2420 nomine
1297 2362 1511 2418 Patris?
1566 2364 1636 2418 At
1689 2371 1865 2418 totum
1921 2361 2087 2417 habes

503 2457 722 2513 Patrem
746 2457 801 2512 in
826 2458 1024 2528 teipso,
1054 2466 1108 2512 et
1136 2466 1283 2512 totus
1312 2457 1365 2510 in
1388 2454 1547 2510 Patre
1572 2471 1655 2511 es.
1678 2455 1761 2509 An
1787 2455 1838 2508 in
1868 2454 2089 2510 nomine

504 2551 665 2606 Filii?
684 2551 754 2605 At
784 2565 894 2605 non
921 2560 1005 2605 est
1032 2558 1231 2620 praeter
1260 2559 1311 2604 te
1344 2549 1487 2604 alius
1533 2558 1729 2602 natura
1760 2546 1933 2601 Filius
1969 2544 2085 2601 Dei.

504 2643 590 2698 An
626 2644 681 2697 in
716 2644 937 2698 nomine
973 2642 1209 2713 Spiritus
1246 2640 1471 2697 sancti?
1512 2640 1583 2694 At
1628 2654 1844 2709 semper
1871 2654 1979 2693 una
2009 2646 2089 2693 te-

504 2753 632 2794 cum
659 2745 744 2792 est
798 2745 859 2791 ut
887 2734 1379 2791 consubstantialis
1406 2733 1502 2788 tibi
1534 2742 1588 2787 et
1611 2731 1862 2802 ejusdem
1896 2732 2090 2786 volun-

505 2832 635 2888 tatis
665 2840 829 2901 atque
871 2830 1188 2891 sententiae,
1241 2827 1466 2898 aequalis
1493 2826 1800 2896 potestatis,
1843 2840 1908 2880 ac
1941 2825 2089 2894 paris

507 2923 767 2991 honorisj;
802 2932 1095 2991 tecumque
1124 2921 1193 2974 ab
1221 2918 1479 2973 untnibus
1508 2916 1882 2972 adorationem
1914 2916 2091 2971 susci-

507 3015 606 3084 pit.
639 3013 859 3083 Baptiza
888 3026 1038 3082 ergo,
1078 3011 1124 3065 si
1156 3010 1258 3072 vis,
1305 3008 1567 3075 Domine;
1614 3008 1830 3078 baptiza
1870 3022 1958 3063 me
1990 3007 2088 3062 ba-

504 3104 754 3171 ptistam.
790 3100 1069 3171 Regenera
1101 3116 1265 3169 quem
1299 3100 1450 3154 nasci
1482 3098 1681 3154 fecisti.
1710 3097 1953 3155 Extende
1982 3106 2091 3151 tre-

509 3192 764 3249 mendam
793 3193 1069 3246 dexteram
1095 3200 1268 3255 tuam,
1292 3207 1455 3261 quam
1482 3190 1576 3246 tibi
1607 3192 1707 3261 ipsi
1735 3190 2085 3260 comparasti;

509 3295 562 3342 et
588 3295 675 3339 tuo
692 3292 946 3360 contactu
976 3295 1137 3353 caput
1157 3271 1339 3338 meum
1371 3298 1597 3346 corona,
1633 3292 1689 3338 ut
1718 3292 1847 3337 ante
1862 3298 2087 3353 regnum

510 3384 667 3431 tuum
697 3390 948 3440 currens,
991 3384 1289 3431 coronatus
1323 3375 1470 3430 velut
1514 3392 1840 3447 praecursor,
1872 3376 2089 3432 assidue

512 3467 895 3540 peccatoribus
926 3467 1292 3537 evangelizem
1317 3508 1332 3534 ,
1389 3466 1636 3523 clamans
1671 3468 1736 3522 ad
1777 3482 1909 3522 eos:
1959 3465 2091 3520 Ecce

510 3558 692 3629 Agnus
731 3557 846 3625 Dei,
870 3559 959 3629 qui
997 3558 1134 3612 tollit
1170 3569 1383 3626 peccata
1421 3560 1607 3613 mundi
1655 3560 1721 3614 ".
1756 3557 1822 3613 Et
1854 3567 1935 3625 tu,
1970 3557 2081 3613 Jorv

512 3648 671 3705 danis
692 3647 913 3716 flumen,
947 3648 1147 3704 choros
1179 3665 1393 3705 mecum
1426 3664 1555 3721 age;
1584 3656 1637 3703 et
1664 3648 1827 3703 simul
1858 3648 2091 3715 exsulta,

513 3754 580 3796 ac
626 3741 896 3793 concinne
946 3747 1179 3808 apteque
1225 3742 1400 3795 undas
1452 3749 1709 3809 tanquam
1778 3737 2093 3793 saltationes

516 3847 716 3898 move;
772 3848 900 3887 nam
934 3841 1061 3887 tuus
1103 3832 1199 3886 tibi
1232 3832 1462 3891 Creator
1498 3848 1621 3886 cum
1671 3818 1899 3902 corpore
1929 3840 2090 3887 astat.

522 3922 714 3980 Vidisti
746 3924 1041 3995 aliquando
1070 3923 1237 3979 Israel
1273 3939 1369 3994 per
1400 3933 1452 3978 te
1480 3933 1877 3989 transeuntem,
1927 3932 1982 3978 et
2008 3922 2094 3976 di-

514 4017 651 4071 visis
675 4016 832 4088 aquis
872 4016 1205 4084 substitisti,j
1224 4016 1514 4072 transitum
1534 4016 1720 4086 populi
1737 4024 2089 4086 exspectans:

516 4124 664 4163 nunc
686 4124 817 4163 vero
841 4098 1218 4165 vehementius
1240 4108 1587 4175 diffundaris,
1612 4125 1676 4165 ac
1703 4111 1909 4165 tardius
1934 4109 2091 4177 fluas;

516 4209 570 4255 ct
598 4202 842 4257 membra
874 4200 1224 4255 immaculata
1254 4200 1373 4271 ejus
1397 4202 1490 4272 qui
1522 4202 1687 4256 etiam
1720 4210 1851 4257 tunc
1873 4201 2094 4258 Judazos

517 4290 616 4365 [aL
641 4290 918 4364 Hebraeos]
942 4292 1265 4359 transmisit,
1285 4291 1630 4360 amplectere.
1658 4292 1868 4348 Montes
1900 4303 1953 4368 et
1983 4294 2095 4348 col-

517 4384 617 4451 les,
655 4386 822 4440 valles
860 4395 915 4440 et
943 4394 1231 4450 torrentes,
1269 4385 1441 4440 maria
1471 4397 1526 4441 et
1554 4386 1775 4442 [lumina
1801 4427 1817 4453 ,
1869 4388 2094 4443 benedi-

517 4475 623 4531 cite
656 4477 915 4545 Domino,
963 4477 1187 4533 ﬂuvium
1219 4476 1511 4534 Jordanem
1558 4480 1918 4551 ingredienti;
1967 4495 2093 4535 nam

517 4569 634 4641 ipse
664 4587 761 4640 per
808 4573 906 4628 has
947 4588 1119 4643 aquas
1168 4571 1381 4628 cunctis
1410 4573 1568 4642 aquis
1601 4573 2091 4629 sattctilicationem

2190 2181 2277 2238 ῐνα
2308 2181 2669 2237 πιστεύσωσιν
2700 2185 2781 2247 είς
2818 2183 2878 2236 σὲ
2912 2184 3004 2237 τὸν
3042 2182 3343 2255 ἐρχόμενον
3391 2181 3516 2253 μετὰ
3549 2179 3695 2249 δόξης·

2189 2274 2249 2327 σέ
2282 2271 2584 2344 βαπτίζων,
2615 2275 2757 2339 τίνος
2791 2275 3144 2347 ἐπιμνησθῶ;
3176 2276 3274 2340 Ei;
3313 2275 3454 2339 τίνος
3492 2273 3543 2329 δὲ
3574 2272 3702 2342 δνομὰ

2190 2382 2249 2420 σε
2280 2366 2558 2437 βαπτίσω;
2584 2368 2678 2432 Ei;
2704 2368 2765 2422 τὸ
2787 2367 2880 2421 τοῦ
2916 2368 3167 2440 Πατρός;
3212 2368 3351 2421 Ἀλλ’
3379 2367 3490 2422 ὅλον
3524 2367 3600 2419 τὸν
3617 2366 3703 2419 Πα-

2186 2458 2321 2531 τέρα
2351 2458 2491 2529 ἔχεις
2517 2460 2575 2513 ἐν
2600 2459 2797 2530 ἑαυτῷ,
2827 2461 2921 2514 καὶ
2945 2460 3066 2524 ὅλος
3090 2459 3362 2531 ὑπάρχεις
3386 2462 3441 2515 ὲν
3462 2457 3533 2529 τῷ
3553 2457 3703 2529 Πατρί.

2202 2551 2448 2625 Ἀλλ’,εἱς
2475 2552 2535 2606 τὸ
2563 2552 2656 2605 τοῦ
2688 2552 2850 2615 Υἱοῦ;
2889 2552 3025 2607 Ἀλλ’
3050 2555 3151 2607 ούκ
3185 2553 3304 2607 ἔστι
3331 2552 3476 2625 παρὰ
3498 2553 3567 2615 σὲ,
3587 2552 3709 2614 ἄλλος

2191 2620 2499 2713 φύσειδΥἱδς
2530 2642 2687 2698 Θεοῦ.
2731 2644 2871 2698 Ἀλλ’
2906 2646 2987 2709 είς
3018 2644 3079 2698 τὸ
3113 2645 3209 2699 τοῦ
3234 2645 3391 2715 ἁγίου
3410 2620 3705 2717 Ῐῖνεύματοςς

2203 2735 2362 2789 Ἀλλὰ
2393 2736 2609 2793 σύνεστί
2635 2754 2719 2792 σοι
2752 2736 2845 2791 διὰ
2877 2736 3099 2803 παντὸς,
3124 2738 3205 2803 ὡς
3230 2739 3506 2810 ὁμοούσιόν
3540 2754 3606 2790 σοι
3636 2734 3709 2789 καὶ

2188 2829 2503 2900 ὁμόδουλον,
2533 2830 2627 2883 καὶ
2647 2829 2989 2901 ὁμόγνωμον,
3018 2829 3111 2884 καὶ
3133 2829 3489 2901 ὁμοδύναμον,
3511 2828 3592 2882 καὶ
3612 2825 3709 2897 ὁμό-

2188 2939 2367 2993 τιμον,
2394 2924 2488 2976 καὶ⁵
2517 2923 2612 2977 σὺν
2636 2923 2719 2976 σοὶ
2748 2923 2962 2994 δέχεται
2987 2922 3085 2995 τὴν
3107 2923 3264 2997 παρὰ
3293 2923 3502 2979 πάντων
3524 2921 3712 2993 προσκύ-

2190 3033 2365 3089 νησιν.
2392 3016 2661 3071 Βάπτισον
2682 3012 2774 3071 οῦν
2804 3020 2853 3071 εί
2886 3016 3065 3089 θέλῃς,
3086 3018 3361 3082 Δέσποτα,
3393 3016 3623 3089 βάπτισον
3640 3011 3714 3083 ἐμὲ

2190 3107 2281 3160 τὸν
2294 3106 2613 3179 βαπτιστήν.
2632 3108 2791 3177 Ἀναγ
2798 3108 2921 3180 ἐννη
2928 3126 3016 3162 σον
3030 3109 3091 3162 ὃν
3102 3109 3433 3183 γεννηθῆναι
3449 3106 3713 3177 πεποίηκας.

2195 3202 2472 3255 Ἔκτεινον
2521 3201 2621 3273 τὴν
2668 3200 2904 3273 φόδερὰν
2969 3217 3064 3254 σου
3121 3198 3344 3265 δεξιὰν,
3390 3200 3558 3269 ἥνπερ
3594 3193 3716 3257 αὐτὸς

2192 3292 2368 3365 ἐαυτῷ
2391 3293 2818 3358 κατεσκεύασας,
2849 3294 2941 3347 καὶ
2963 3292 3311 3362 στεφάνωσον
3338 3296 3404 3364 τῇ
3443 3294 3504 3361 σῇ
3534 3293 3625 3361 ἁφῇ
3645 3286 3718 3357 τὴν

2193 3384 2331 3456 ἐμὴν
2378 3384 2642 3456 κεφαλὴν,
2675 3385 2761 3437 ἵνα
2803 3384 2909 3456 προ
2958 3384 3056 3455 τῆς
3100 3383 3201 3454 σῆς
3250 3382 3522 3455 βασιλείας
3554 3379 3719 3450 τρέχων

2191 3477 2631 3547 ἐστεφανωμένος
2661 3476 2735 3539 ὡς
2767 3476 3071 3548 πρόδρομος
3117 3475 3371 3548 συνήθως
3413 3471 3717 3543 εὐαγγελίσω-

2199 3586 2296 3640 μαι
2322 3571 2432 3633 τοῖς
2464 3568 2829 3641 ἁμαρτωλοῖς,
2868 3566 3006 3639 βοῶν
3036 3567 3172 3641 πρὸς
3202 3567 3435 3631 αύτούς·
3469 3565 3572 3619 Ἴδε
3593 3565 3619 3616 ὁ
3639 3561 3720 3629 ἁμ-

2193 3662 2300 3727 νὸς
2327 3659 2433 3714 τοῦ
2465 3660 2634 3726 Θεοῦ,
2666 3662 2698 3713 ό
2720 3660 2904 3727 αἴρων
2931 3658 3045 3729 τὴν
3063 3661 3365 3731 ἁμαρτίαν
3393 3659 3496 3714 τοῦ
3519 3657 3719 3724 κόσμου.

2208 3752 2443 3824 Ἰορδάνη
2474 3752 2709 3822 ποταμὲ,
2738 3751 3099 3824 συγχόρευσόν
3126 3771 3239 3824 μοι,
3268 3754 3366 3808 καὶ
3395 3750 3722 3821 συσκίρτησονο

2201 3846 2295 3901 καὶ
2325 3847 2547 3917 κίνησον
2588 3846 2875 3918 εὐρύθμως
2915 3847 2984 3903 τὰ
3023 3848 3295 3919 ῥεύματα,
3331 3846 3571 3916 καθάπερ
3610 3855 3727 3908 σκιρ-

2196 3941 2451 4012 τήματα’
2493 3942 2522 3994 ὁ
2560 3939 2668 4013 γὰρ
2713 3940 2805 4005 σὸς
2843 3942 3186 4014 Δημιουργὸς
3246 3942 3453 4011 ἐπέστη
3506 3953 3581 3991 σοι
3622 3930 3727 4005 μετὰ

2198 4030 2463 4102 σώματος.
2499 4028 2653 4096 Εἶδες
2685 4034 2813 4087 ποτὲ
2839 4033 2931 4087 τὸν
2978 4032 3195 4105 Ἰσραὴλ
3227 4032 3320 4087 διὰ
3367 4030 3460 4086 σοῦ
3502 4023 3731 4100 παρερχό-

2200 4138 2377 4193 μενον,
2407 4122 2502 4177 καὶ
2538 4124 2765 4195 μερίσας
2797 4126 2866 4180 τὰ
2901 4124 3093 4190 ὕδατα,
3122 4126 3288 4197 ἔστης
3314 4125 3411 4179 τοῦ
3446 4121 3569 4178 λαοῦ
3603 4133 3726 4188 περορ

2198 4213 2373 4286 μένων
2399 4214 2497 4285 τὴν
2528 4215 2792 4287 πάροδον·
2825 4214 2920 4271 νῦν
2965 4218 3024 4272 δέ
3065 4216 3356 4288 διαχύθητι
3401 4214 3733 4289 σφοδρότερον.

2195 4309 2291 4362 καὶ
2354 4306 2544 4379 ρεῦσον
2604 4309 2976 4384 ηολαιὸτερον
2998 4351 3013 4375 ,
3078 4310 3175 4366 καὶ
3236 4308 3600 4383 περιπλὰκηθι
3644 4305 3733 4364 τοῖς

2194 4401 2485 4473 ἀκράντοις
2529 4402 2714 4474 μέλεσι
2756 4404 2850 4458 τοῦ
2892 4405 2990 4467 καὶ
3013 4404 3133 4458 τότε
3164 4404 3290 4468 τοὺς
3335 4402 3608 4463 Ἰουδαίους
3633 4397 3728 4470 [ἄλ.

2208 4494 2513 4571 Ἐϐραίους]
2537 4496 3088 4570 διαπορθμεύσαντος.
3122 4499 3264 4571 Ὀρη
3307 4497 3406 4551 καὶ
3446 4494 3629 4567 βουνοί.
3659 4488 3732 4541 νάο

2198 4605 2298 4643 παι
2332 4589 2425 4643 καὶ
2452 4587 2765 4660 χείμαρροι,
2800 4587 3065 4643 θάλασσαι
3103 4590 3197 4641 καὶ
3223 4589 3476 4660 ποταμοὶ,
3510 4585 3733 4652 εὐλογεῖτε

518 4663 785 4718 immittit.
822 4666 1175 4736 Respondens
1208 4674 1389 4720 autem
1423 4663 1583 4723 Jesus
1607 4667 1745 4723 dixit
1773 4667 1841 4723 ad
1871 4668 2087 4738 ipsum:

2198 4680 2288 4734 τὸν
2309 4677 2511 4751 Κύριον
2537 4677 2628 4731 τὸν
2658 4676 2923 4731 ἐπιϐάντα
2943 4676 3021 4749 τῷ
3047 4675 3277 4747 ποταμῷ
3318 4675 3553 4747 Ἰορδάνῃ
3569 4689 3582 4703 ο
3604 4666 3734 4727 om

519 4754 647 4811 Sine
670 4756 825 4810 modo
850 4772 868 4810 :
898 4759 976 4811 sic
1002 4759 1141 4812 enim
1165 4774 1257 4813 nos
1286 4758 1429 4814 decet
1455 4776 1659 4815 omnem
1689 4761 1903 4830 implere
1923 4759 2093 4830 justi-

520 4848 656 4902 tiam
683 4846 751 4901 ⁸³.
786 4845 912 4902 Siue
941 4850 1135 4917 modo;
1169 4851 1368 4915 tribue,
1401 4867 1435 4908 o
1463 4852 1728 4923 Baptista,
1749 4853 2095 4922 temporidis-

525 4938 857 5008 pensationis
919 4954 1053 4994 meae
1104 4942 1404 4996 silentium.
1457 4941 1618 4997 Disce
1645 4941 1782 4997 velle
1818 4957 1940 5012 quae
1967 4957 2090 5014 ego.

523 5032 681 5086 Disce
709 5032 1024 5086 ministrare
1050 5032 1184 5086 mihi
1213 5034 1267 5087 in
1296 5033 1384 5089 liis
1411 5033 1479 5089 ad
1504 5050 1627 5104 quae
1659 5044 1711 5090 te
1738 5035 2003 5102 sollicito;
2039 5045 2096 5093 et

523 5141 591 5179 ne
635 5124 853 5180 curiose
883 5122 1047 5180 nimis
1097 5140 1220 5195 quae.
1252 5126 1376 5180 volo
1414 5126 1680 5197 inquiras.
1720 5126 1846 5184 Siue
1897 5130 2094 5184 modo:

524 5219 763 5273 nondum
796 5232 972 5273 meam
1007 5218 1387 5289 praedicat-eris
1427 5218 1807 5287 divinitatem;
1851 5221 2093 5278 nondum

524 5309 685 5365 labiis
707 5311 820 5366 tuis
845 5326 1028 5366 meum
1052 5311 1433 5367 buccinaveris
1449 5328 1710 5384 regnum:
1740 5329 1809 5369 ne
1837 5314 1883 5370 si
1903 5328 2100 5387 cogno-

526 5403 663 5457 verit
711 5410 980 5475 tyrannus
1005 5444 1022 5469 ,
1065 5402 1239 5475 fugiat
1285 5405 1574 5463 consilium
1606 5406 1753 5478 quod
1790 5417 1979 5463 contra
2012 5424 2099 5464 me

524 5498 789 5566 suscepit.
828 5496 958 5553 Sine
988 5498 1266 5554 diabolum
1321 5499 1390 5554 ad
1425 5515 1512 5555 me
1539 5507 1799 5571 tanquam
1833 5501 1902 5555 ad
1925 5516 2096 5556 unum

527 5586 762 5658 aliquem
787 5605 853 5646 cx
882 5592 1095 5648 caeteris
1127 5591 1443 5650 hominibus
1484 5592 1744 5649 accedere
1775 5607 2100 5664 mecumque

2192 4771 2300 4844 γὰρ
2332 4769 2422 4824 διὰ
2451 4770 2655 4824 τούτων
2677 4769 2785 4824 τῶν
2806 4769 3014 4823 ὑδάτων
3045 4769 3352 4839 ἐπιπέμπει
3380 4767 3474 4820 τὸν
3506 4757 3734 4833 ἁγιασμδν

2195 4865 2331 4918 πᾶσι
2364 4865 2476 4927 τοῖς
2520 4862 2728 4917 ὕδασιν.
2786 4858 3131 4932 Ἀποκριθεὶς
3169 4859 3227 4913 δέ
3276 4861 3306 4913 ὁ
3363 4856 3568 4928 Ἰησοῦς
3587 4895 3601 4918 ,
3638 4846 3734 4905 εἶτα

2197 4955 2333 5029 πρὸς
2370 4954 2559 5009 αὐτόν’
2594 4956 2771 5023 Ἄφες
2802 4951 2966 5020 ἄρτν
3008 4950 3163 5004 οὕτω
3205 4949 3315 5021 γὰρ
3346 4949 3573 5018 πρέπον
3598 4939 3739 4999 ἐστὶν

2194 5046 2339 5116 ἡμῖν
2366 5045 2681 5114 πληρῶσαι
2719 5043 2927 5099 πᾶσαν
2954 5041 3369 5110 δικαιοσύνην.
3399 5042 3569 5109 Ἄφες
3598 5034 3705 5104 ἄρτι
3722 5047 3734 5059 ·

2197 5138 2439 5212 χάρισαι,
2479 5137 2782 5202 Βαπτιστὰ,
2814 5136 2891 5208 τῷ
2930 5133 3106 5208 καιρῷ
3151 5134 3251 5206 τῆς
3290 5133 3430 5205 ἐμῆς
3464 5124 3737 5197 οἰκονομίας

2198 5232 2295 5305 τὴν
2318 5232 2545 5303 σιωπήν.
2572 5228 2727 5284 Maio:
2758 5228 2934 5283 θέλειν
2989 5229 3131 5301 ἆπερ
3162 5225 3292 5297 ἐγώ.
3326 5223 3483 5281 Μάθε
3508 5217 3741 5278 διακονεῖν

2199 5342 2290 5396 μοι
2331 5322 2468 5397 πρὸς
2505 5322 2649 5394 ἅπερ
2697 5320 3026 5393 ἐπείγομαι,
3067 5320 3164 5374 καὶ
3213 5319 3287 5393 μὴ
3329 5310 3736 5388 πολυπραγμόνει

2195 5415 2341 5486 ἅπερ
2371 5411 2650 5484 βούλομαι.
2699 5413 2874 5480 Ἄφες
2896 5410 3055 5479 ἄρτιο
3093 5411 3260 5481 μήπω
3305 5406 3403 5480 τὴν
3434 5407 3569 5479 ἐμὴν
3602 5397 3740 5474 κηρύο

2195 5503 2293 5578 ξῃς
2317 5502 2564 5573 θεότητα,
2597 5503 2764 5574 μήπω
2807 5500 3074 5575 σαλπίσῃς
3105 5504 3218 5566 τοῖς
3259 5501 3461 5573 χείλεσι
3494 5499 3588 5569 τὴν
3622 5492 3738 5566 ἐμὴν

2197 5594 2473 5668 βασιλείαν
2491 5612 2504 5625 ο
2538 5594 2625 5649 ἴνα
2655 5593 2729 5666 μὴ
2754 5592 2943 5667 μαθὼν
2969 5595 2998 5648 ὁ
3024 5593 3303 5665 τύραννος,
3333 5592 3480 5666 φύγῃ
3508 5589 3601 5661 τὴν
3624 5582 3739 5653 πρὸς

594 5770 639 5805 ⁸³
674 5770 806 5830 Luc.
845 5789 927 5844 tu,
968 5776 1063 5843 l6;
1086 5774 1241 5833 Joan.
1268 5792 1305 5844 ι,
1330 5776 1420 5832 ‘27.
1499 5779 1543 5810 ‘°
1571 5774 1712 5832 Psal.
1741 5791 1859 5848 cnt,
1890 5777 1944 5831 2.
2022 5779 2062 5811 ⁸⁸

2190 5778 2243 5834 ιι.
2271 5796 2466 5849 cxxxv,
2497 5779 2533 5838 6
2628 5780 2671 5813 “
2701 5776 2856 5839 Joan.
2892 5796 2930 5848 ι,
2963 5779 3053 5837 29.
3131 5782 3176 5815 "
3211 5779 3395 5836 Matth.
3427 5793 3508 5837 Ill.
3540 5775 3622 5834 15.
