3950 6326
237 316 382 374 “85

1214 313 1500 374 IIOMILIA
1539 313 1609 371 IV
1652 314 1719 370 IN
1759 314 2025 371 SANCTA
2062 314 2532 373 ΤΗΕΟΡΗΑΝΙΑ.

3347 333 3485 393 H86

232 433 337 502 ἐμὲ
368 430 694 503 συμϐουλήν.
733 431 931 488 Ἔασον
965 431 1055 487 τὸν
1093 432 1338 487 διάϐολον
1383 433 1458 496 ὼς
1487 433 1564 505 τῷ
1594 431 1809 503 τυχόντι

1918 433 2185 503 congredi,
2220 442 2279 489 ut
2302 445 2668 505 opportunum
2721 439 2917 496 vulnus
2943 442 3195 512 accipiat.
3231 444 3360 503 Sine
3393 466 3487 508 me

233 542 328 595 μοι
368 523 703 595 προσελθεῖν,
734 526 830 578 καὶ
868 525 1183 598 συμϐαλεῖν,
1224 526 1318 579 καὶ
1360 524 1545 578 λαϐεῖν
1591 524 1811 595 καιρίαν

229 618 336 688 τὴν
377 616 608 687 πληγήν.
648 616 848 670 Ἕασόν
881 633 948 686 με
972 615 1257 687 πληρῶσαι
1279 614 1370 668 τὸν
1406 613 1626 676 σκοπὸν,
1656 612 1723 665 δι’
1753 613 1811 666 ὃν

232 708 621 780 παρεγενόμην
646 709 737 761 ἐπὶ
761 708 863 778 τῆς
896 709 1016 780 γῆς.
1053 707 1368 779 Μυστήριόν
1412 709 1529 759 ἐστι
1559 707 1620 759 τὸ
1645 708 1813 777 σήμε-

196 828 199 829 ν
234 816 333 870 ρον
365 803 425 853 ἐν
455 800 532 870 τῷ
576 800 813 873 Ἰορδάνῃ
842 799 1181 871 τελούμενον.
1225 798 1307 851 Τὰ
1356 797 1631 870 μυστήρια
1686 814 1808 869 μου,

236 892 366 962 ἐμοὶ
410 892 503 945 καὶ
549 895 661 955 τοῖς
712 893 883 962 ἐμοῖς.
935 889 1250 962 Μυστήριόν
1302 892 1470 952 ἐστιν,
1520 890 1621 943 οὑκ
1673 888 1812 959 ἐμὴν

234 982 428 1053 χρείαν
460 983 827 1055 ἀποπληροῦν,
863 981 996 1036 ἀλλὰ
1028 982 1325 1054 θεραπείαν
1362 985 1476 1046 τοῖς
1506 997 1813 1052 τετραυμα-

228 1075 510 1146 τισμένοις
535 1075 800 1129 ἐπινοοῦν.
831 1077 1143 1149 Μυστήριόν
1172 1078 1340 1137 ἐστιν,
1374 1077 1432 1128 ἐν
1469 1073 1678 1136 τούτοις
1702 1075 1812 1136 τοῖς

232 1164 395 1218 ὕδασι
438 1164 867 1236 προζωγραφοῦν
913 1165 1035 1237 [ἄλ.
1087 1172 1187 1221 οὐκ
1231 1167 1371 1237 ἐμῆς
1415 1165 1627 1236 χρείαν,
1655 1162 1811 1216 ὕδασι

231 1256 716 1328 προζωγραφοῦν],
750 1258 851 1329 τῆς
900 1258 1007 1314 τῶν
1056 1257 1358 1330 ἀνθρώπων
1391 1256 1813 1326 παλιγγενεσίας

229 1347 304 1401 τὰ
333 1349 560 1419 οὐράνια
588 1350 823 1419 νάματα.
858 1352 1029 1420 Ἄφες
1063 1349 1193 1419 ἄρτι
1217 1368 1231 1382 ο
1261 1352 1387 1404 ὅταν
1430 1351 1545 1422 ἴδῃς
1590 1366 1655 1420 με
1698 1347 1815 1401 θεο-

232 1440 469 1511 πρεπῶς
493 1443 551 1493 ἐν
586 1442 696 1502 τοῖς
727 1442 879 1509 ἐμοῖς
909 1442 1175 1512 ποιήμασι
1202 1441 1264 1495 τὸ
1294 1440 1483 1495 δοκοῦν
1509 1438 1813 1512 ἐργαζόμε-

233 1550 348 1596 νον,
389 1531 509 1584 τότε
539 1534 652 1594 τοῖς
690 1532 1000 1603 γενομένοις
1177 1536 1290 1597 τοῖς
1331 1529 1659 1604 γινομένοις]
1689 1530 1813 1593 τοὺς

234 1626 440 1696 ὕμνους
468 1624 871 1696 προσάρμοσον.
900 1626 1067 1680 Ὅταν
1098 1626 1211 1700 ἴδῃς
1239 1644 1306 1698 με
1332 1625 1565 1699 λεπροὺς
1594 1623 1816 1694 καθαρι-

232 1717 420 1782 ζοντα,
464 1717 582 1770 τότε
634 1717 700 1787 μέ
743 1716 1079 1788 Δημιουργδν
1135 1718 1234 1789 τῆς
1274 1715 1487 1786 φύσεως
1519 1714 1816 1785 ἀναγόρευ-

1911 523 2208 593 adimplere
2242 526 2580 596 propositum
2612 537 2775 599 atque
2804 534 3119 601 consilium,
3151 542 3220 593 ob
3250 542 3395 609 quod
3424 541 3482 598 in

1913 622 2110 670 terram
2139 616 2355 674 adveni.
2380 618 2696 691 Mysterium
2724 632 2885 693 atque
2914 637 3181 683 secretum
3205 641 3306 696 est,
3336 634 3488 702 quod

1913 705 2073 762 hodie
2112 708 2165 761 in
2207 707 2447 765 Iordane
2480 714 2778 782 perﬁcitur.
2834 717 3051 773 Secreta
3102 738 3219 776 mea
3256 725 3388 779 mihi
3429 735 3488 784 εξ

1913 798 2049 852 meis
2077 799 2142 852 “.
2176 798 2455 856 Secretum
2490 813 2575 859 est
2606 808 2749 875 quod
2805 824 2911 863 non
2946 827 3122 866 meam
3168 818 3345 883 explet
3383 834 3483 874 ne-

1912 888 2259 954 cessitatem;
2292 892 2386 945 sed
2419 894 2567 962 quod
2618 895 2915 953 vulneratis
2961 905 3225 956 curationi
3247 922 3297 958 m
3329 908 3485 961 adhi-

1917 978 2027 1034 bet.
2062 978 2377 1052 Mysterium
2416 995 2579 1054 atque
2621 1002 2883 1043 arcanum
2932 1001 3035 1057 est,
3067 996 3211 1062 quod
3246 997 3298 1050 in
3334 998 3485 1053 hisce

1914 1074 2071 1144 aquis
2111 1076 2365 1131 humana!
2422 1081 2851 1147 regenerationis
2895 1080 3013 1153 [αι.
3065 1086 3209 1153 quod
3264 1103 3370 1143 non
3414 1092 3484 1145 ob

1915 1181 2089 1220 meam
2121 1167 2358 1237 aliquam
2390 1171 2769 1225 necessitatem
2794 1173 2847 1226 in
2879 1176 3057 1244 aquis,
3087 1177 3219 1251 etc.]
3241 1182 3483 1237 ctelestia

1912 1259 2112 1313 ﬂuenta
2144 1269 2270 1314 ante
2296 1260 2572 1316 describit.
2610 1260 2735 1316 Sine
2758 1266 2911 1318 modo
2929 1280 2949 1318 :
2981 1270 3200 1338 quando
3225 1286 3310 1324 me
3339 1274 3486 1328 vide-

1914 1349 2011 1412 ris,
2047 1359 2105 1404 ut
2127 1349 2297 1405 Deum
2329 1352 2504 1417 decet,
2542 1354 2597 1406 in
2635 1355 2769 1409 meis
2789 1359 3054 1412 creaturis
3076 1361 3220 1428 quod
3252 1362 3383 1415 mihi
3413 1365 3489 1417 vi-

1914 1440 2071 1493 detur
2093 1451 2408 1511 cperantem
2439 1463 2452 1498 :
2501 1452 2631 1499 tunc
2658 1462 2722 1500 ea
2754 1462 2876 1516 qum
2905 1448 3045 1503 facta
3077 1463 3204 1506 sunt
3234 1454 3488 1513 laudibus

1914 1532 2122 1620 celebra
2152 1531 2250 1604 [ιιι.
2283 1543 2416 1590 tunc
2439 1535 2504 1590 iis
2534 1552 2656 1606 quae
2682 1538 2819 1594 ﬁunt
2867 1541 3057 1596 laudes
3085 1545 3485 1620 accommoda].

1914 1619 2143 1686 Quando
2168 1638 2254 1677 me
2276 1623 2524 1693 leprosos
2549 1628 2904 1683 mundantem
2936 1635 3290 1701 conspexeris
3309 1675 3325 1701 ,
3359 1619 3489 1692 tunc

1915 1728 2003 1768 me
2036 1723 2243 1770 natura:
2276 1717 2526 1786 Opiﬁcem
2570 1720 2823 1787 praedica.
2867 1720 3098 1787 Quando
3138 1741 3224 1780 me
3264 1728 3490 1784 claudos

232 1826 351 1862 σον.
431 1811 598 1862 Ὅταν
678 1809 793 1880 ἴδῃς
864 1825 931 1880 με
994 1809 1199 1879 χωλοὺς
1256 1809 1557 1889 δρομαίους
1616 1808 1812 1860 ἀποτε-

1918 1806 2185 1874 aspexeris
2200 1808 2516 1862 eﬂicientem
2533 1810 2768 1878 veloces,
2782 1819 2913 1867 tunc
2927 1820 2974 1866 et
2997 1822 3052 1867 tu
3070 1816 3248 1870 citatis
3263 1818 3491 1886 pedibus

224 1896 450 1961 λοῦντα,
483 1896 604 1950 τότε
636 1899 751 1968 μετ’
783 1897 1178 1970 εὐκινουμένων
1213 1900 1389 1953 ποδῶν
1426 1899 1519 1952 καὶ
1567 1899 1631 1952 σὺ
1676 1897 1811 1968 πρὸς

221 1986 335 2057 ’τὴν
388 1987 526 2056 ἐμὴν
583 1976 886 2057 εὐφημίαν,
941 1988 1039 2058 τὴν
1094 1989 1194 2060 σὴν
1245 1989 1491 2058 γλῶτταν
1547 1987 1813 2060 διάρθρωο

231 2097 352 2133 σον.
384 2081 551 2134 Ὅταν
597 2081 712 2153 ἴδῃς
755 2082 822 2152 μὲ
861 2082 1122 2155 δαίμονας
1166 2082 1509 2155 ὲξορίζοντα,
1549 2083 1669 2136 τότε
1715 2082 1816 2152 τὴν

224 2171 379 2244 ἐμὴν
408 2170 681 2242 βασιλείαν
709 2174 1105 2245 προσκύνησον.
1143 2176 1307 2228 Ὅταν
1336 2173 1451 2245 ἴδῃς
1486 2190 1553 2244 με
1590 2175 1816 2245 νεκροὺς

223 2264 303 2318 ἐκ
331 2264 443 2318 τῶν
456 2265 642 2333 τάφων
663 2264 808 2335 λόγῳ
840 2266 1138 2342 ἐγείροντα,
1167 2268 1290 2321 τότε
1319 2268 1456 2338 μετὰ
1478 2266 1584 2319 τῶν
1600 2267 1818 2320 ἀνιστα-

236 2354 417 2425 μένων
441 2354 789 2428 δοξολόγησον
813 2396 828 2421 ,
863 2357 940 2421 ὡς
963 2357 1110 2428 ζωῆς
1131 2359 1383 2431 χορηγόν.
1415 2360 1580 2414 Ὅταν
1611 2358 1725 2432 ἴδῃς
1750 2378 1815 2431 με

234 2450 299 2500 ἐν
336 2447 488 2519 δεξιᾷ
523 2447 618 2501 τοῦ
673 2449 887 2520 Πατρὸς
933 2449 1270 2520 καθήμενον,
1305 2450 1427 2503 τότε
1472 2449 1815 2524 θεολὸγησον,

228 2541 314 2605 ὼς
338 2539 648 2614 σύνθρονον,
690 2543 784 2595 καὶ
809 2544 1097 2611 συναΐδιον,
1122 2544 1217 2599 καὶ
1243 2545 1503 2616 ὁμότιμον
1524 2544 1602 2616 τῷ
1622 2547 1816 2618 Πατρὶ,

234 2632 336 2686 καὶ
384 2632 462 2703 τῷ
505 2634 644 2705 ἁγίῳ
686 2633 981 2705 Πνεύματι.
1028 2636 1214 2704 ’Ἄφες
1254 2634 1383 2704 ἄρτι
1408 2651 1421 2665 °
1468 2636 1663 2711 oi}th
1709 2636 1819 2705 γὰρ

226 2721 474 2789 πρέπον
488 2723 660 2777 ἐστιν
668 2723 812 2794 ἡμῖν
831 2725 1141 2794 πληρῶσαι
1176 2725 1383 2782 πᾶσαν
1405 2726 1815 2796 δικαιοσύνην.

238 2812 554 2885 Νομοθέτης
571 2816 706 2886 εἰμὶ,
742 2818 836 2870 καὶ
864 2816 1151 2887 νομοθέτου
1180 2817 1326 2881 Υἱόςο
1357 2818 1452 2872 καὶ
1472 2818 1551 2871 δεῖ
1585 2835 1652 2890 με
1672 2817 1822 2892 πρῶ-

228 2919 329 2957 τον
355 2903 443 2958 διὰ
473 2907 689 2962 πάντων
713 2908 820 2962 τῶν
844 2909 1256 2981 καθισταμένων
1291 2909 1410 2982 [ἄλ.
1456 2910 1818 2985 καθειμένων]

235 2994 434 3059 ἐλθεῖν,
481 2998 575 3051 καὶ
623 2999 743 3052 τότε
789 3000 1064 3073 πανταχοῦ
1111 3001 1388 3072 προθεῖναι
1421 3004 1519 3075 τῆς
1552 3004 1691 3075 ἐμῆς
1722 3004 1823 3058 δω-

230 3088 374 3157 -ρεᾶς
399 3087 467 3142 τὰ
498 3088 819 3161 διδάγματα.
854 3093 946 3145 Δεῖ
978 3109 1045 3162 με
1083 3091 1366 3164 πληρῶσαι
1394 3093 1487 3146 τὸν
1510 3095 1693 3165 νόμον,
1727 3096 1821 3148 καὶ

234 3147 365 3230 τότε
406 3176 587 3232 δοῦναι
768 3180 946 3251 χάριν.
978 3147 1079 3234 ⁸Δεῖ
1108 3147 1314 3253 μεητὴν
1353 3183 1510 3236 σκιὰν
1542 3147 1819 3255 προσαγα-
1846 3147 1889 3204 c‘

235 3272 379 3337 γεῖν,
413 3271 508 3325 καὶ
535 3272 653 3326 τότε
678 3273 777 3344 τὴν
808 3272 1088 3343 ἀλήθειαν.
1121 3276 1212 3326 Δεῖ
1244 3291 1313 3345 με
1344 3275 1693 3329 καταπαῦσαι
1720 3275 1820 3348 τὴν

236 3360 477 3415 παλαιάν
516 3360 802 3434 διαθήκην,
837 3362 931 3417 καὶ
951 3363 1073 3417 τότε
1110 3362 1209 3435 τὴν
1252 3362 1376 3417 νέαν
1423 3362 1815 3434 ὑπαγορεῦσαι,

235 3455 334 3508 καὶ
360 3456 482 3518 ταῖς
502 3455 609 3509 τῶν
633 3455 935 3528 ἀνθρώπων
961 3456 1206 3528 καρδίαις
1238 3456 1533 3529 ἐγγράψαι,
1567 3456 1662 3511 καὶ
1684 3457 1819 3511 ὑπο-

234 3546 447 3619 γράψαι
475 3545 553 3617 τῷ
582 3546 701 3619 ἐμῷ
740 3549 931 3620 αἵματι
1110 3548 1382 3621 ὀνόματι],
1417 3550 1512 3603 καὶ
1542 3548 1820 3621 Πνεύματι

234 3637 315 3709 τῷ
336 3637 459 3709 ἐμῷ
488 3638 798 3710 σφραγίσας..
847 3642 937 3694 Δεῖ
989 3658 1056 3712 με
1091 3642 1148 3694 ἐν
1178 3640 1397 3713 σταυρῷ
1427 3640 1689 3706 ἀνελθεῖν,
1725 3640 1822 3694 καὶ

234 3733 393 3805 ἥλοις
430 3733 803 3806 περιπαρῖψαι
833 3771 849 3795 .
904 3733 998 3786 καὶ
1040 3731 1232 3786 παθεῖν
1264 3731 1405 3786 κατὰ
1435 3732 1496 3786 τὸ
1526 3733 1821 3803 δυνάμενον

236 3823 467 3889 παθεῖν,
502 3824 597 3879 καὶ
626 3824 789 3878 πάθει
822 3823 891 3878 τὰ
922 3823 1067 3895 πάθη
1107 3823 1356 3877 ἰάσασθαι
1533 3825 1626 3878 καὶ
1652 3825 1822 3889 πάθος

236 3916 403 3973 πάθει
440 3916 749 3989 ἱάσασθαι]’
795 3916 890 3970 καὶ
921 3915 1010 3970 διὰ
1053 3915 1207 3981 ξύλου
1249 3915 1582 3989 θεραπεῦσαι
1607 3917 1706 3988 τὴν
1733 3916 1822 3970 διὰ

236 4009 398 4076 ξύλου
417 4008 713 4080 γενομένην
738 4012 848 4072 τοῖς
879 4007 1181 4081 ἀνθρώποις
1215 4009 1447 4082 πληγήν.
1470 4012 1561 4064 Δεῖ
1593 4028 1659 4082 με
1682 4026 1820 4064 κατι

236 4100 438 4165 ελθεῖν,
490 4102 585 4154 καὶ
613 4101 694 4164 εἰς
732 4101 893 4154 αὐτὸν
916 4100 1007 4155 τὸν
1022 4099 1116 4154 τοῦ
1143 4100 1271 4172 ᾅδου
1298 4101 1567 4173 πυθμένα,
1584 4101 1671 4155 διὰ
1694 4101 1821 4165 τοὺς

238 4195 362 4245 ἐκεῖ
396 4191 791 4263 κατεχομένους
830 4191 1075 4264 νεκρούς.
1109 4194 1201 4246 Δεῖ
1227 4210 1296 4264 με
1325 4196 1390 4264 τῇ
1422 4193 1704 4266 τριημέρῳ
1730 4210 1820 4247 τε·

237 4286 402 4357 λευτῇ
432 4285 531 4356 τῆς
550 4286 689 4356 ἐμῆς
723 4285 922 4357 σαρκὸς
954 4283 1198 4339 καθελεῖν
1228 4284 1321 4338 τοῦ
1353 4285 1698 4357 πολυχρονίου
1726 4284 1822 4339 θαο

238 4382 403 4436 νάτου
435 4380 497 4434 τὸ
533 4380 751 4452 κράτος.
783 4381 876 4435 Δεῖ
908 4396 975 4451 με
1002 4379 1093 4434 τοῦ
1135 4380 1395 4451 σώματός·
1427 4397 1529 4451 μου
1551 4380 1611 4434 τὸ
1632 4379 1821 4450 λύχνον

238 4471 446 4541 ἀνάψαι
474 4474 586 4535 τοῖς
616 4473 674 4525 ἐν
707 4470 889 4524 σκότει
921 4470 1013 4525 καὶ¹
1048 4473 1175 4542 σκιᾷ
1204 4470 1432 4525 θανάτου
1468 4469 1815 4542 καθημένοις.
1854 4497 1894 4550 ο

240 4566 332 4617 Δεῖ
363 4580 432 4635 με
456 4562 696 4618 ἀνελθεῖν
722 4565 787 4634 τῇ
829 4564 1014 4635 σαρκὶ,
1054 4563 1186 4616 ὅπου
1215 4562 1333 4634 εἰμὶ
1363 4565 1429 4633 τῇ
1464 4563 1699 4635 θεότητι.
1732 4564 1824 4615 Δεῖ

243 4673 312 4727 με
342 4658 707 4727 προσαγαγεῖν
745 4654 824 4726 τῷ
852 4654 1068 4727 πατρὶ,
1101 4654 1194 4708 τὸν
1227 4653 1397 4725 Ἀδὰμ
1427 4655 1485 4706 ἐν
1516 4654 1640 4724 ἐμοὶ
1666 4652 1820 4724 βασι-

239 4745 486 4800 λεύοντα.
521 4749 611 4799 Δεῖ
648 4762 717 4817 με
750 4744 922 4799 ταῦτα
947 4744 1377 4816 διαπράξασθαι⁸
1408 4744 1495 4798 διὰ
1520 4744 1629 4816 γὰρ
1648 4740 1821 4798 ταῦτα

239 4839 358 4901 τοῖς
406 4838 557 4908 ἐμοῖς
600 4836 833 4909 ἐπέστην
877 4837 1164 4907 ποιήμασι.
1214 4838 1305 4889 Δεῖ
1345 4854 1413 4908 με
1462 4834 1822 4907 βαπτισθῆναι

239 4928 401 4983 τοῦτο
431 4929 495 4981 τὸ
536 4929 822 4999 βάπτισμα
866 4927 982 4991 νῦν,
1019 4929 1112 4982 καλ⁵
1150 4927 1372 5000 ὕστερον
1399 4927 1501 4999 τῆς
1533 4928 1822 4999 ὁμοουσίου

241 5017 472 5090 Τριάδος
507 5019 568 5073 τὸ
611 5018 891 5090 βάπτισμα
932 5021 1067 5073 πᾶσι
1110 5021 1221 5082 τοῖς
1241 5017 1547 5091 ἀνθρώποις
1592 5018 1822 5091 χαρίσα-

242 5111 390 5164 σθαι.
419 5109 669 5163 Δάνεισόν
697 5127 807 5181 μοι,
833 5110 1131 5173 Βαπτιστὰ,
1158 5109 1294 5183 πρὸς
1315 5109 1414 5181 τὴν
1438 5110 1719 5182 παροῦσαν
1740 5113 1821 5165 οῖ-

240 5200 520 5272 κονομίαν,
566 5201 665 5273 τὴν
698 5202 796 5273 σὴν
829 5202 1030 5270 δεξιὰν,
1062 5203 1137 5266 ὼς
1176 5202 1415 5256 ἐδάνεισέ
1443 5220 1531 5274 μοι
1563 5202 1698 5271 πρὸς
1722 5201 1821 5274 τὴν

240 5293 494 5365 γέννησιν
516 5294 613 5362 τὴν
639 5294 799 5363 νηδὺν
828 5297 860 5366 ή
888 5294 1090 5367 Μαρία.
1120 5294 1433 5349 Κατάδυσύν
1459 5312 1526 5367 με
1545 5298 1657 5359 τοῖς
1691 5296 1823 5367 Ἰορ-

240 5385 402 5441 εὶνου
434 5386 687 5458 ῥείθροις,
724 5387 972 5459 καθάπερ
1010 5390 1043 5459 ἠ
1072 5389 1382 5461 γεννήσασα
1407 5391 1519 5453 τοῖς
1548 5389 1817 5453 παιδικοῖς

311 5545 356 5577 ⁵³
390 5547 494 5600 lsa.
523 5562 671 5612 xxtv,
697 5545 782 5602 16.
858 5547 902 5579 ⁸⁸
925 5546 1068 5603 Psal.
1095 5563 1205 5615 ενι,
1239 5547 1322 5603 10.

315 5710 364 5782 (t
375 5709 430 5780 Ξ)
470 5708 587 5765 Hoc
609 5719 712 5774 est,
733 5711 801 5767 ad
829 5710 1077 5769 homines
1103 5711 1249 5777 veni,
1283 5710 1460 5767 factus
1484 5710 1666 5766 homo.

1914 1897 2134 1962 mentis,
2171 1898 2238 1952 ad
2270 1915 2443 1954 meam
2475 1902 2690 1956 laudem
2716 1911 2861 1956 tuam
2890 1904 3132 1974 linguam
3170 1920 3485 1975 componas.

1913 1986 2141 2053 Quando
2164 2006 2249 2045 me
2270 1992 2472 2048 videris
2494 1994 2795 2063 ejicientem
2821 1996 3115 2060 daemones,
3155 2008 3284 2053 tunc
3307 2016 3486 2053 meum

1913 2094 2138 2150 regnum
2168 2082 2357 2139 adora.
2390 2084 2620 2150 Quando
2640 2102 2726 2140 me
2748 2087 2948 2142 videris
2969 2099 3217 2143 mortuOs
3246 2106 3276 2143 e
3303 2098 3488 2161 sepul-

1914 2168 2025 2224 cris
2049 2170 2168 2225 solo
2207 2172 2372 2228 verbo
2404 2174 2837 2240 resuscitantem,
2874 2186 3004 2231 tunc
3030 2180 3192 2232 etiam
3236 2194 3486 2244 me,cum

1914 2262 2276 2322 resuscitatis.
2302 2272 2361 2319 ut
2388 2265 2510 2319 vita:
2541 2278 2820 2321 auctorem
2853 2276 3015 2336 atque
3046 2270 3291 2325 datorem
3320 2273 3489 2340 glori-

1915 2351 2040 2407 ﬂca.
2070 2350 2301 2418 Quando
2347 2370 2433 2408 me
2475 2354 2542 2408 ad
2573 2354 2853 2410 dexteram
2882 2357 3067 2412 Patris
3102 2360 3377 2416 sedentem
3407 2363 3491 2416 in-

1917 2443 2092 2497 tuitus
2127 2442 2322 2508 tueris,
2362 2454 2492 2501 tunc
2524 2461 2611 2500 me
2644 2444 2812 2501 Deum
2850 2450 3109 2504 conditore
3140 2466 3204 2506 ac
3232 2454 3489 2521 praedica,

1919 2542 2179 2604 tanquam
2228 2536 2472 2606 ejusdem
2511 2536 2714 2602 throni,
2756 2552 2821 2594 ac
2852 2549 3203 2607 coazternum,
3237 2545 3491 2614 parisque

1921 2627 2151 2683 honoris
2182 2644 2304 2683 cum
2341 2628 2501 2683 Patre
2531 2638 2587 2684 et
2633 2630 2838 2700 Spiritu
2883 2643 3094 2689 sancto.
3137 2633 3260 2690 Sine
3290 2639 3443 2691 modo
3470 2653 3497 2695 ε.

1919 2720 1996 2774 sic
2024 2721 2215 2790 quippe
2263 2736 2355 2773 nos
2401 2722 2546 2775 decet
2578 2738 2784 2778 omnem
2825 2725 3040 2795 implere
3060 2727 3353 2796 justitiam.
3383 2727 3492 2782 ιιι-

1921 2811 2146 2881 gislalor
2171 2827 2273 2882 ego
2306 2827 2449 2879 sum,
2469 2824 2522 2868 et
2536 2813 2891 2884 Legistatoris
2918 2817 3118 2885 Filius;
3154 2835 3217 2875 ac
3251 2822 3489 2890 primum

1921 2912 2133 2973 oportet
2166 2920 2255 2959 me
2293 2922 2389 2974 per
2429 2909 2612 2962 omnia
2638 2897 2758 2978 q'nae
2789 2918 2918 2963 sunt
2944 2912 3239 2966 constituta
3271 2914 3490 2982 venite;

1922 3007 1974 3052 et
2000 3006 2128 3052 tunc
2161 2998 2473 3068 ubicunque
2499 3001 2628 3055 doni
2663 3001 2768 3055 mei
2800 3017 3101 3071 proponere
3143 3003 3489 3061 documenta.

1922 3088 2149 3159 Oportet
2190 3106 2279 3145 me
2327 3092 2549 3161 implere
2578 3093 2774 3163 legem,
2804 3104 2857 3147 et
2888 3103 3017 3147 tunc
3055 3095 3187 3150 dare
3237 3098 3490 3166 gratiam.

1921 3179 2147 3251 Oportet
2193 3198 2282 3238 me
2328 3185 2574 3238 umbram
2619 3185 2910 3251 adducere,
2943 3194 2998 3240 et
3027 3196 3157 3241 tunc
3182 3188 3489 3244 veritatem.

1918 3273 2142 3343 Oportet
2170 3290 2259 3329 me
2287 3275 2454 3329 veteri
2479 3274 2639 3329 ﬁnem
2668 3276 2861 3332 aﬂ'erre
2901 3286 3249 3345 testamento,
3275 3288 3328 3335 et
3362 3289 3494 3337 tunc

1920 3381 2118 3420 novum
2144 3366 2463 3435 praedicare,
2495 3382 2560 3422 ac
2589 3367 2846 3423 cordibus
2870 3368 3149 3424 hominum
3174 3371 3492 3436 inscribere,

1918 3472 2149 3527 meoque
2174 3457 2441 3527 sanguine
2472 3456 2569 3530 [αι.
2604 3458 2847 3531 nomine]
2880 3460 3243 3529 subscribere,
3282 3472 3336 3517 et
3368 3479 3492 3518 meo

1921 3549 2125 3619 Spiritu
2150 3549 2456 3619 obsignare.
2488 3548 2713 3619 Oportet
2737 3567 2825 3606 me
2854 3553 2907 3606 in
2936 3562 3151 3608 crucem
3174 3556 3487 3622 ascendere,

1919 3657 1984 3696 ac
2021 3643 2190 3697 clavis
2237 3643 2454 3713 conﬁgi,
2506 3651 2561 3697 et
2605 3643 2716 3712 pati
2751 3645 3048 3698 secundum
3085 3660 3207 3700 eam
3239 3659 3490 3703 naturam

1920 3747 2041 3800 qua:
2069 3732 2176 3801 pati
2208 3740 2406 3801 potest,
2442 3747 2506 3786 ae
2544 3732 2796 3800 passione
2826 3748 2947 3786 mea
2986 3734 3334 3801 passionibus
3355 3737 3491 3789 alio-

1919 3836 2041 3874 rum
2074 3821 2276 3876 mederi
2317 3820 2415 3892 [αι.
2463 3837 2528 3876 ac
2580 3821 2888 3891 passionem
2938 3822 3194 3891 passione
3239 3825 3482 3893 sanare],

1920 3913 2176 3983 lignoque
2204 3914 2404 3969 vulnus
2432 3915 2577 3984 quod
2613 3929 2709 3983 per
2752 3914 2959 3983 lignum
2994 3914 3311 3971 hominibus
3344 3917 3488 3969 inﬂi-

1921 4014 2066 4059 ctum
2109 4014 2211 4069 est,
2255 4019 2470 4059 curare.
2515 4004 2740 4074 Oportet
2780 4019 2866 4059 me
2893 4004 3219 4059 descendere
3243 4005 3481 4060 etiamin

1923 4098 2101 4166 ipsum
2148 4095 2346 4151 inferni
2379 4094 2729 4166 profundum,
2766 4105 2984 4165 propter
3021 4105 3268 4152 mortuos
3294 4097 3366 4152 ibi
3395 4097 3491 4152 de-

1925 4200 2127 4247 tentos.
2160 4193 2383 4261 Oportet
2413 4204 2498 4243 me
2528 4190 2776 4244 triduana
2808 4197 2981 4244 morte
3002 4188 3184 4245 carnis
3214 4202 3366 4252 mean,
3396 4189 3493 4244 de-

1924 4285 2033 4338 lere
2053 4298 2119 4337 ac
2153 4280 2438 4353 proﬂigare
2464 4280 2736 4335 diuturnae
2768 4284 2961 4336 mortis
2990 4281 3295 4351 imperium.
3324 4279 3492 4351 Opor-

1924 4381 1998 4428 tet
2023 4387 2111 4427 me
2148 4371 2395 4442 corporis
2438 4370 2545 4425 mei
2580 4370 2855 4425 lucernam
2898 4371 3004 4425 illis
3041 4369 3356 4435 accendere,
3393 4369 3487 4439 qui

1924 4465 1978 4519 in
2009 4464 2246 4520 tenebris
2278 4471 2334 4519 et
2360 4464 2551 4518 umbra
2582 4463 2777 4517 mortis
2817 4461 3005 4516 sedent
3022 4462 3089 4515 “.
3141 4460 3360 4529 Oportet
3402 4475 3491 4515 me

1925 4556 2054 4611 illuc
2093 4556 2386 4612 ascendere
2433 4571 2557 4611 cum
2607 4570 2792 4621 ear-ne,
2822 4554 2912 4608 ubi
2944 4564 3063 4609 sum
3103 4568 3196 4622 per
3229 4552 3488 4608 divinita-

1925 4658 2052 4705 tem.
2086 4645 2307 4719 Oportet
2337 4662 2423 4702 me
2462 4645 2606 4700 Patri
2635 4645 2903 4700 adducere
2951 4653 3262 4714 regnantem
3313 4642 3364 4696 in
3401 4657 3488 4696 me

1923 4741 2118 4797 Adam.
2167 4738 2390 4810 Oportet
2421 4753 2508 4792 me
2557 4738 2671 4792 haec
2714 4751 3002 4807 peragere;
3038 4751 3160 4789 nam
3203 4743 3486 4805 propterea

1926 4834 2060 4890 meis
2117 4832 2374 4901 operibus
2422 4828 2567 4884 astili
2597 4829 2757 4898 (12)..
2790 4827 3013 4897 Oportet
3063 4842 3146 4881 me
3196 4827 3299 4881 hoc
3343 4840 3490 4881 nunc

1924 4925 2196 4996 baptismo
2224 4922 2508 4991 baptizari,
2544 4935 2605 4975 ac
2635 4928 2819 4989 postea
2851 4916 3331 4973 consubstantialis
3364 4914 3489 4970 Tri-

1923 5016 2109 5071 nitatis
2139 5015 2409 5084 baptisma
2441 5012 2656 5068 cunctis
2684 5009 2998 5064 hominibus
3029 5007 3300 5064 conferre.
3333 5006 3491 5061 Com-

1922 5109 2083 5165 moda
2135 5107 2288 5171 mihi,
2337 5105 2598 5176 Baptista,
2631 5104 2697 5158 ad
2747 5110 3068 5173 praesentem
3106 5100 3489 5171 dispensatio-

1923 5217 2069 5268 nem,
2103 5200 2381 5256 dexteram
2437 5206 2624 5263 tuam;
2678 5205 2739 5251 ut
2790 5196 2924 5251 mihi
2972 5194 3041 5250 ad
3090 5192 3487 5264 generationem

1924 5292 2291 5351 commodavit
2344 5305 2508 5346 suum
2560 5297 2776 5343 uterum
2829 5287 3021 5342 Maria.
3084 5284 3345 5353 lmmerge
3403 5293 3492 5339 me

1924 5386 2141 5442 ﬂuentis
2171 5382 2445 5447 Iordanis,
2480 5380 2624 5437 sicut
2650 5394 2771 5452 quae
2804 5395 2889 5434 me
2926 5376 3111 5449 genuit
3148 5370 3492 5429 infantilibus
