3908 7030
545 229 685 286 Η37

1195 223 1253 276 S.
1291 219 1626 276 GREGORII
1670 217 2033 277 THAUMAT.
2073 215 2226 271 ()PP.
2279 214 2460 270 PARS
2497 212 2800 272 ALTERA.
2843 243 2913 253 ——
2950 208 3174 269 DUBIA.

3579 228 3679 284 “88

543 348 771 407 involvit
808 345 1011 403 fasciis.
1045 340 1247 398 Confer
1279 342 1414 397 mihi
1446 341 1797 411 baptismum,
1827 339 1970 394 sicut
2001 336 2114 390 Vir-

2226 334 2558 406 σπαργάνοις
2612 312 2891 387 ἐνείλισσε.
2944 332 3042 425 ᾼός
3091 349 3179 403 μοι
3217 333 3274 386 τὸ
3311 331 3560 411 βάπτισμα,
3582 347 3683 425 ὼςὴ

541 461 613 516 go
639 446 723 499 lac
754 439 1000 512 praebuit.
1032 434 1392 507 Apprebende
1420 450 1485 490 ac
1517 443 1678 504 tange
1712 442 1879 502 caput
1910 447 2113 499 meum,

541 534 688 604 quod
729 532 914 587 colunt
957 543 1023 583 ac
1066 534 1397 582 venerantur
1427 524 1722 593 scraphim.
1757 522 2118 593 Apprehende

541 638 638 683 tua
670 627 888 680 dextera
916 629 1100 691 caput,
1130 619 1276 689 quod
1307 618 1573 687 sanguine
1600 616 1697 672 tibi
1729 616 1981 686 junctum
2011 627 2113 672 est.

542 713 901 788 Apprehcnde
928 712 1071 783 quod
1107 719 1300 766 natura
1322 708 1493 764 teneri
1522 716 1725 778 potest.
1756 707 2118 778 Apprehende

543 811 688 883 quod
724 810 845 864 ideo
877 822 909 861 a
938 821 1025 861 me.
1060 812 1116 860 et
1143 802 1302 858 Patre
1322 811 1574 872 paratum
1619 810 1725 857 est.
1758 800 2118 871 Apprehende

540 913 705 976 caput
753 916 958 965 meum,
1015 898 1163 969 quod
1189 895 1279 967 qui
1316 895 1403 965 pie
1437 895 1793 964 apprehendit
1824 911 1889 950 ac
1924 894 2116 965 tangit,

540 1010 823 1066 nunquam
858 990 1203 1060 naufragium
1256 986 1437 1043 faciet.
1482 985 1706 1057 Baptiza
1747 1001 1855 1051 me,
1895 985 1990 1056 qui
2022 1000 2120 1056 per

542 1105 764 1162 aquam,
797 1097 852 1143 et
896 1084 1187 1157 Spiritum,
1238 1096 1302 1137 ac
1345 1079 1524 1150 ignem
1577 1080 1955 1150 baptizaturus
1993 1096 2116 1136 sum

542 1183 871 1242 credentes:
926 1192 1023 1250 per
1067 1190 1289 1246 aquam.
1347 1188 1469 1242 quae
1524 1180 1873 1241 peccatorum
1927 1172 2118 1228 sordes

541 1277 762 1332 abluere
790 1271 1002 1337 valeat;
1032 1284 1128 1340 per
1165 1265 1450 1336 Spiritum,
1497 1265 1593 1336 qui
1636 1276 1884 1321 terrenos
1907 1264 2119 1321 efficere

542 1361 855 1432 spirituales
884 1356 1086 1429 possit;
1116 1371 1214 1427 per
1239 1358 1440 1427 ignem,
1477 1354 1570 1425 qui
1604 1355 1673 1410 ad
1705 1355 1971 1411 scelerum
2000 1356 2116 1426 spi-

540 1470 643 1509 nas
682 1450 1082 1507 comburendas
1109 1458 1193 1505 est
1219 1449 1469 1504 idoneus.
1498 1447 1594 1503 His
1622 1448 1843 1515 auditis,
1874 1447 2117 1517 Baptista

541 1547 599 1601 in
635 1560 859 1616 scopum
894 1542 1088 1598 salutis
1139 1541 1238 1613 [αι.
1266 1539 1591 1612 Salvatoris]
1646 1549 1883 1597 mentem
1938 1541 2120 1596 inten-

543 1639 698 1701 dens,
733 1648 786 1691 et
816 1635 1135 1707 mysterium
1175 1634 1322 1704 quod
1355 1642 1637 1705 acceperat
1669 1632 1997 1702 percipiens,
2033 1633 2117 1687 di-

540 1730 670 1784 vino
696 1728 991 1783 obsecutus
1014 1736 1097 1782 est
1120 1725 1413 1793 mandato;
1437 1733 1556 1780 erat
1580 1725 1779 1796 quippe
1800 1725 1924 1796 pius
1952 1725 2116 1782 simul

542 1832 597 1877 et
642 1820 994 1891 morigerus:
1033 1834 1300 1889 suamque
1344 1819 1462 1887 ipse
1505 1820 1781 1874 dexteram
1825 1816 2117 1872 subtremi-

543 1921 782 1969 scentem
829 1928 895 1967 ac
927 1912 1122 1982 partim
1153 1909 1473 1981 gestientem
1509 1909 1766 1980 paulatim
1796 1908 2115 1977 extendens,

541 2004 834 2061 Dominum
864 2003 1178 2074 baptizavit.
1211 2002 1347 2057 Cum
1371 2018 1502 2058 vero
1525 2001 1721 2069 Judni,
1745 2002 1840 2073 qui
1868 2002 2118 2058 cominus

540 2107 595 2151 et
621 2098 836 2152 eminus
885 2095 1135 2159 aderant,
1189 2095 1329 2163 apud
1367 2110 1427 2149 se
1458 2095 1778 2165 cogitarent,
1809 2103 1864 2150 et
1888 2095 2032 2149 inter
2059 2109 2120 2149 se

542 2188 787 2242 dicerent
817 2204 830 2242 :
857 2185 1117 2255 Nunquid
1162 2183 1364 2240 frustra
1400 2187 1818 2256 suspicabamur
1864 2185 1963 2256 [αι.
1998 2187 2117 2241 exi-

542 2278 928 2351 stimabamus]
978 2278 1241 2334 Joannem
1266 2279 1531 2349 potiorem
1556 2295 1620 2335 ac
1644 2280 1923 2335 meliorem
1954 2276 2120 2334 Iesu?

539 2373 795 2444 Nunquid
826 2371 1028 2427 frustra
1051 2372 1503 2428 existimabamus
1538 2372 1691 2427 illum
1719 2372 1824 2427 hoc
1849 2372 2120 2427 excellen-

541 2464 778 2519 tiorem?
804 2462 996 2519 Nonne
1018 2464 1198 2534 ipsum
1228 2462 1500 2534 baptisma
1520 2462 1782 2534 Baptistae
1805 2472 2113 2527 attestatur,

541 2557 672 2625 quid
702 2557 772 2612 sit
807 2558 1022 2627 potius?
1048 2555 1240 2610 Nonne
1272 2557 1318 2611 is
1352 2555 1668 2623 baptizavit,
1697 2564 1756 2609 ut
1778 2554 1826 2610 is
1856 2555 1950 2625 qui
1982 2571 2120 2625 prte-

542 2657 682 2715 stat;
717 2658 773 2704 at
798 2649 889 2704 hic
916 2650 1224 2720 baptizatus
1248 2656 1351 2715 est,
1384 2658 1444 2703 ut
1468 2647 1728 2703 inferior?
1754 2646 1879 2703 Haec
1899 2648 2041 2702 inter
2061 2664 2120 2704 se

541 2740 1012 2796 murmurantibus
1056 2740 1144 2804 iis,
1186 2740 1279 2810 qui
1327 2737 1751 2809 dispensationis
1799 2736 2118 2808 mysterium

542 2832 899 2901 ignorabant;
932 2831 1023 2885 ille
1065 2831 1161 2901 qui
1206 2830 1357 2885 solus
1403 2829 1669 2884 Dominus
1703 2836 1806 2889 est,
1842 2837 1897 2883 et
1922 2836 2119 2882 natura

540 2921 703 2979 Pater
757 2922 1050 2993 Unigeniti,
1097 2922 1190 2992 qui
1224 2922 1375 2977 solus
1403 2929 1659 2976 accurate
1687 2928 1852 2989 atque
1882 2918 2122 2989 perfecte

541 3017 695 3071 novit
728 3031 878 3080 eum,
906 3030 1067 3085 quem
1102 3015 1256 3069 solus
1284 3014 1494 3082 absque
1520 3012 1778 3084 passione
1806 3026 1869 3067 ac
1899 3022 2118 3081 pertur-
2146 3037 2188 3088 (λ

538 3109 759 3163 batione
792 3107 1006 3179 genuit,
1049 3107 1181 3175 ipse,
1206 3105 1454 3175 inquam,
1492 3120 1775 3160 erroneam
1803 3104 2116 3162 Judazorum

541 3200 911 3270 suspicionem
954 3200 1254 3269 corrigens,
1287 3198 1501 3268 aperuit
1528 3198 1793 3252 cmlorum
1832 3206 2038 3267 portas,
2066 3208 2121 3254 et

542 3290 807 3362 Spiritum
841 3301 1090 3347 sanctum
1125 3290 1179 3344 in
1215 3288 1395 3359 specie
1420 3290 1687 3345 columbae
1713 3290 1932 3346 demisit
1955 3306 2121 3361 super

538 3390 704 3451 caput
730 3381 873 3437 'Jesu
920 3379 1018 3453 [αι.
1042 3396 1205 3450 super
1234 3379 1449 3434 Domini
1480 3379 1686 3453 caput],
1731 3380 1905 3450 digito
1935 3388 2120 3436 osten-

539 3473 675 3527 dens
708 3487 907 3527 novum
955 3469 1092 3537 Noe,
1146 3480 1200 3524 et
1250 3479 1554 3526 creatorem
1608 3470 1745 3538 Noe,
1803 3471 2119 3540 bonumque

538 3562 825 3633 naufragio
876 3561 1232 3632 periclitantis
1288 3570 1499 3616 natura:
1551 3562 1993 3633 gubernatorem.
2053 3560 2120 3614 Et

538 3655 657 3725 ipse
685 3656 898 3710 coalitus
933 3655 1211 3722 inclamat,
1246 3655 1390 3710 clare
1419 3655 1645 3711 dicens:
1675 3654 1776 3708 Hic
1817 3664 1893 3709 est
1938 3653 2117 3708 Filius

537 3763 683 3801 meus
712 3747 935 3801 dilectus
958 3748 1003 3778 “
1036 3764 1050 3800 :
1084 3747 1174 3802 ille
1214 3746 1395 3811 Jesus,
1434 3763 1544 3802 non
1569 3745 1843 3815 Joannes;
1880 3748 1974 3817 qui
2015 3747 2115 3801 ba-

535 3840 774 3909 ptizatus
807 3851 912 3903 est,
947 3855 1056 3895 non
1092 3842 1185 3911 qui
1208 3840 1534 3911 baptizavit;
1562 3839 1657 3910 qui
1688 3854 1755 3895 ex
1789 3854 1876 3893 me
1898 3838 2117 3909 genitus

536 3940 620 3986 est
647 3941 772 3986 ante
805 3947 967 3987 omne
1013 3934 1307 4003 temporale
1348 3933 1606 4002 spatium,
1654 3945 1761 3985 non
1792 3930 1885 3999 qui
1915 3946 1979 3985 ex
2010 3929 2115 3984 Za-

537 4025 755 4090 cliaria;
798 4026 891 4093 qui
922 4040 988 4079 ex
1018 4025 1187 4080 Maria
1214 4035 1375 4080 natus
1403 4034 1488 4080 est
1527 4024 1827 4079 secundum
1868 4038 2113 4085 carnem,

537 4132 645 4171 non
682 4117 776 4186 qui
816 4132 883 4171 ex
927 4115 1203 4171 Elisabeth
1254 4128 1450 4187 praeter
1481 4131 1632 4186 spem
1680 4116 1969 4185 apparuit;
2020 4116 2114 4185 qui

535 4226 644 4265 non
702 4212 828 4265 l:esa
882 4210 1223 4281 virginitate,
1286 4211 1544 4279 nullaque
1600 4210 1839 4263 humana
1895 4209 2113 4263 cultura

534 4303 757 4373 prmvia,
797 4301 997 4372 prodiit
1043 4300 1282 4363 fructus;
1330 4316 1441 4354 non
1479 4301 1573 4371 qui
1603 4315 1669 4354 ex
1703 4300 1881 4355 soluta
1909 4299 2114 4355 sterili-

2222 426 2494 499 Παρθένος
2531 425 2594 479 τὸ
2632 425 2792 495 γάλα.
2835 424 3125 496 Κράτησον
3151 426 3245 496 τὴν
3275 428 3399 498 ἐμὴν
3418 435 3687 512 magna”

2222 515 2368 569 σέϐει
2393 513 2514 587 [ἀλ.
2551 513 2793 585 σέϐεται]
2825 513 2894 567 τὰ
2935 514 3193 585 σεραφίμ.
3227 516 3481 588 Κράτησον
3502 524 3581 594 τὴν
3597 543 3690 598 συγ.

2220 608 2353 679 γενῆ
2382 607 2481 678 τῆς
2515 608 2614 679 σῆς
2652 606 2853 673 δεξιᾶς.
2890 607 3177 679 Κράτησον
3211 607 3301 678 τὴν
3336 617 3585 678 πεφυκυῖαν
3604 636 3693 674 κατ.

2220 697 2459 769 έχεσθαι.
2506 696 2796 769 Κράτησον
2830 697 2931 767 τὴν
2962 696 3050 750 διὰ
3074 696 3228 750 τοῦτο
3265 707 3693 765 κατασκευασθεῖσαν

2219 787 2311 842 ὐπ’
2345 786 2498 858 ἐμοῦ,
2548 786 2646 840 καὶ
2689 782 2785 840 τοῦ
2815 787 3050 859 Πατρός.
3098 786 3373 859 Κράτησον
3394 790 3478 861 τὴν
3503 794 3611 867 ἐμὴν
3633 817 3695 852 χε-

2220 880 2394 953 φαλὴν
2420 920 2436 946 ,
2490 880 2557 952 ἣν
2597 881 2627 933 6
2671 879 2889 950 κρατῶν
2937 878 3198 945 εὐσεϐῶς,
3249 880 3481 936 οὐδέποτε
3517 897 3696 959 ναυαγεῖ.

2220 973 2490 1028 Βάπτισόν
2522 990 2615 1044 με,
2652 972 2744 1026 τὸν
2768 972 3029 1044 μέλλοντα
3057 971 3332 1043 βαπτίζειν
3358 975 3469 1040 τούς
3494 984 3700 1037 πιστεύον-

2218 1084 2320 1131 τας
2345 1066 2411 1120 δι’
2439 1065 2650 1130 ὓδατος,
2679 1065 2775 1119 καὶ⁵
2804 1064 3141 1137 Πνεύματος,
3162 1065 3255 1118 καὶ
3277 1067 3431 1136 πυρὸς
3454 1067 3555 1139 [ἀλ.
3577 1072 3701 1143 ὕδατι,

2219 1158 2315 1211 καὶ
2348 1156 2628 1228 Πνεύματι
2648 1196 2662 1222 ,
2702 1155 2796 1209 καὶ
2827 1154 2985 1227 πυρί]
3013 1171 3028 1186 ο
3078 1154 3229 1209 ὕδατι
3253 1153 3502 1229 δυναμένῳ
3526 1162 3706 1218 ἀποπλῠ.

2219 1269 2308 1306 ναι
2327 1249 2434 1304 τῶν
2459 1248 2745 1324 ἁμαρτιῶν
2765 1248 2856 1303 τὸν
2883 1247 3141 1321 βόρϐορον
3159 1266 3173 1278 ·
3204 1249 3706 1332 Πνεύματι,δυναμένῳ

2218 1345 2346 1408 τοὺς
2357 1345 2594 1417 χοῖκούς,
2613 1342 3013 1413 πνευματικῶς
3034 1343 3466 1414 ἀπεργάσασθαι·
3495 1351 3618 1421 πυρὶ,
3640 1371 3707 1407 πε.

2221 1434 2413 1505 φυκότι
2430 1432 2748 1487 κατακαίειν
2770 1432 2867 1496 τὰς
2879 1431 2988 1485 τῶν
3005 1432 3369 1504 ἀνομημάτων
3383 1436 3598 1503 ἀκάνθας.
3616 1444 3707 1497 Tac.

2219 1543 2327 1580 των
2346 1524 2479 1578 ἀκού
2486 1542 2584 1588 σας
2597 1522 2705 1576 τῶν
2718 1522 2892 1593 λόγων
2914 1524 2943 1577 6
2956 1522 3381 1594 Βαπτιστὴς,καὶ
3399 1525 3468 1597 τῷ
3482 1529 3631 1600 σκοπῷ
3646 1534 3709 1604 τῆς

2223 1617 2496 1692 σωτηρίας
2516 1616 2637 1688 [ἄλ.
2656 1615 2749 1669 τοῦ
2773 1614 3044 1688 Σωτῆρος]
3077 1617 3375 1689 ἐπιστήσας
3401 1618 3485 1673 τὸν
3510 1620 3624 1685 νοῦν,
3647 1628 3709 1679 καὶ

2147 1688 2192 1747 Β
2219 1688 2480 1785 χωρήσας
2507 1709 2569 1762 τὸ
2593 1709 2890 1780 μυστήριον
2926 1708 2955 1761 ὃ
2988 1709 3295 1781 παρέλαϐεν
3313 1750 3329 1775 ,
3356 1711 3643 1786 ὑπούργησεν
3660 1720 3711 1789 τῷ

2220 1801 2347 1873 θείῳ
2380 1800 2796 1872 προστάγματι·
2841 1795 2910 1870 ἦν
2943 1800 3052 1873 γὰρ
3084 1801 3320 1872 εὐλαϐὴς
3346 1802 3452 1874 ἅμα
3480 1806 3560 1857 καὶ
3588 1809 3711 1862 εὐτει-

2220 1892 2351 1965 θήςο
2384 1892 2479 1947 καὶ
2509 1891 2608 1964 τὴν
2649 1890 2843 1945 ἑαυτοῦ
2881 1890 3059 1956 δεξιὰν
3104 1892 3350 1958 ἐκτείνας
3391 1895 3713 1968 ὐποτρίμουσαν

2217 1984 2403 2058 ἠρέμα
2434 1985 2529 2040 καὶ
2556 1984 2872 2057 χαίρουσαν,
2907 1986 2998 2038 τὸν
3029 1986 3307 2058 Δεσπότην
3346 1987 3613 2042 ἐϐάπτισεν.
3633 1993 3714 2045 Τῶν

2219 2080 2277 2133 δὲ
2318 2078 2602 2152 παρόντων
2656 2077 2925 2132 Ἰουδαίων
2956 2078 3063 2131 τῶν
3119 2080 3288 2147 ἐγγὺς
3328 2081 3418 2133 καὶ
3442 2082 3539 2134 τῶν
3564 2083 3717 2154 1:666»-

2220 2172 2313 2227 θεν
2359 2171 2828 2243 διαλογιζομένων,
2880 2171 2977 2224 καὶ
3013 2171 3135 2225 καθ’
3168 2172 3392 2236 ἑαυτοὺς
3414 2173 3633 2246 καὶπρὸς
3654 2177 3717 2230 ἀλ-

2220 2264 2414 2336 λήλους
2440 2264 2707 2334 λεγόντων
2729 2281 2743 2294 ·
2809 2265 2901 2337 Μὴ
2937 2267 3115 2339 μάτην
3155 2264 3477 2335 ὑπενοοῦμεν
3515 2264 3613 2337 [αι.
3641 2268 3720 2321 ἐνο-

2224 2355 2475 2430 μίζομεν]
2522 2357 2613 2412 τὸν
2673 2358 2927 2431 Ἰωάννην
2987 2357 3251 2429 ἀμείνονα
3301 2357 3393 2411 τοῦ
3445 2358 3624 2430 Ἰησοῦ;
3657 2359 3721 2432 Μὴ

2225 2452 2400 2523 μάτην
2414 2449 2733 2523 ἐνομίζομεν
2748 2452 2955 2506 ἐκεῖνον
2972 2451 3257 2521 κρείττονα
3268 2449 3474 2505 τούτου.
3508 2451 3603 2504 Οὐκ
3630 2452 3721 2505 αὐτὸ

2219 2545 2281 2598 τὸ
2327 2545 2609 2616 βάπτισμα
2655 2544 2733 2616 τῷ
2787 2546 3065 2616 Βαπτιστῇ
3115 2544 3179 2598 τὸ
3229 2548 3469 2617 κρεῖττον
3514 2562 3725 2616 προσμαρ-

2220 2641 2407 2711 τυρεῖ;
2455 2639 2569 2692 Οὐκ
2599 2641 2627 2693 6
2652 2639 2752 2710 μὲν
2779 2638 3097 2703 ἐϐάπτισεν,
3129 2639 3209 2703 ὡς
3247 2638 3535 2710 ὑπερέχων,
3558 2640 3583 2689 6
3600 2638 3643 2690 δὲ
3667 2637 3725 2707 βε-

2221 2730 2545 2798 ϐάπτισται,
2592 2731 2671 2796 ὡς
2712 2731 2984 2798 ὲλάττων;
3019 2730 3260 2785 Τοιαῦτα
3298 2730 3627 2803 θρυλλούντων
3651 2730 3725 2782 τῶν

2220 2823 2561 2892 ἀγνοούντων
2600 2823 2662 2877 τὸ
2709 2823 2810 2894 τῆς
2856 2824 3168 2895 οἰκονομίας
3212 2826 3517 2896 μυστήριον,
3557 2826 3581 2877 6
3617 2823 3725 2895 μόνος

2220 2913 2424 2987 Κύριος
2456 2912 2548 2966 καὶ¹
2581 2912 2750 2983 φύσεις
2769 2914 2955 2985 Πατὴρ
2978 2912 3071 2967 τοῦ
3106 2912 3466 2982 Μονογενοῦς,
3495 2912 3522 2963 6
3545 2912 3727 2983 μόνοςεύ

2220 3003 2328 3068 δὼς
2365 3003 2605 3077 ἀκριϐῶς
2649 3003 2709 3056 ὃν
2746 3004 2901 3074 μόνος
2945 3004 3241 3075 ἐγέννησεν
3277 3005 3528 3071 ἀπαθῶς,
3555 3004 3728 3078 διορθού

2226 3114 2386 3169 μενος
2453 3096 2553 3168 τὴν
2622 3096 2966 3168 ἐσφαλμένην
3044 3097 3151 3150 τῶν
3231 3098 3494 3153 Ἰουδαίων
3541 3100 3727 3153 ὑπόνοιαν

2218 3189 2424 3261 ἀνέῳξε
2456 3190 2556 3254 τὰς
2589 3190 2760 3255 πύλας
2796 3190 2905 3243 τῶν
2947 3191 3217 3263 οὐρανῶν,
3266 3193 3363 3246 καὶ
3401 3191 3729 3262 κατέπεμψεὼ

2220 3281 2449 3354 Πνεῦμα
2475 3282 2536 3336 τὸ
2563 3282 2720 3352 ἀγιον
2752 3285 2809 3336 ὲν
2836 3283 2964 3337 εῖδει
2993 3286 3330 3356 περιστερᾶς
3348 3325 3363 3350 ,
3404 3286 3490 3338 ἐπὶ
3512 3284 3596 3355 τὴν
3612 3301 3729 3352 κεφα-

2220 3373 2318 3446 λὴν
2364 3372 2458 3427 τοῦ
2514 3374 2688 3446 Ἰησοῦ
2896 3376 2988 3429 ἐπὶ
3020 3377 3120 3448 τὴν
3158 3377 3258 3430 τοῦ
3288 3377 3490 3449 Κυρίου
3516 3376 3729 3448 κεφαλὴν),

2220 3465 2677 3520 δακτυλοδεικτῶν
2704 3467 2796 3520 τὸν
2838 3467 2957 3522 νέον
3008 3468 3132 3521 Νῶε
3152 3509 3169 3535 ,
3206 3469 3303 3523 καὶ
3342 3468 3637 3541 δημιουργὸν
3667 3466 3729 3520 τα]

2218 3557 2362 3625 Νῶε,
2384 3559 2477 3612 καὶ
2502 3560 2601 3630 τῆς
2616 3559 2958 3631 ναυαγούσης
2981 3560 3198 3630 φύσεως
3224 3561 3426 3631 ἀγαθὸν
3444 3560 3730 3631 κυϐερνήτην.

2219 3651 2331 3704 Καὶ
2363 3650 2525 3715 αὐτὸς
2554 3653 2844 3727 οὐρανόθεν
2880 3654 3075 3726 ὲπιϐοᾷ
3100 3654 3348 3726 φαιδρῶς
3373 3654 3564 3724 λέγων·
3601 3648 3733 3717 Οὗτός

2217 3745 2389 3799 ἐστιν
2420 3746 2453 3798 ὀ
2489 3746 2621 3811 Υἱός
2640 3762 2760 3814 μου
2798 3748 2833 3800 ὁ
2870 3746 3195 3815 ἀγαπητός.
3246 3747 3478 3810 Ἐκεῖνος
3501 3748 3528 3800 6
3567 3744 3734 3818 Ἰησοῦς,

2216 3837 2316 3909 οὐχ
2344 3841 2373 3891 6
2414 3836 2692 3909 Ἰωάννης·
2725 3841 2753 3892 6
2795 3838 3110 3910 βαπτισθεὶς
3129 3879 3143 3903 ,
3179 3842 3281 3912 οὐχ
3306 3843 3335 3894 6
3365 3840 3633 3913 βαπτίσας·
3654 3839 3676 3891 6
3697 3837 3738 3902 ἐξ

2217 3930 2353 4001 ἐμοῦ
2394 3931 2693 4004 γεννηθεὶς,
2737 3932 2845 4003 πρὸ
2884 3931 3082 3996 πάντος
3120 3934 3379 4005 χρονικοῦ
3417 3934 3736 4006 διαστήματος,

2216 4024 2314 4093 οὐχ
2336 4025 2364 4076 6
2393 4025 2459 4077 ὲκ
2489 4024 2762 4095 Ζαχαρίου
2782 4041 2795 4054 ·
2819 4027 2848 4078 6
2889 4026 2954 4077 ὲκ
2980 4025 3081 4095 τῆς
3119 4028 3345 4097 Μαρίας
3374 4026 3627 4099 γεννηθεὶς
3640 4024 3739 4078 κατὰ

2218 4115 2397 4186 σάρκα
2417 4156 2433 4180 ,
2465 4117 2563 4187 οὐχ
2591 4118 2620 4169 6
2649 4118 2714 4170 ἐκ
2744 4118 2845 4189 τῆς
2888 4116 3166 4171 Ἐλισάϐετ
3198 4121 3394 4188 φανεὶς
3423 4119 3545 4190 παρ’
3569 4116 3738 4171 ἐλπίδα·

2216 4211 2245 4263 6
2269 4210 2368 4281 τῆς
2389 4210 2464 4281 μὴ
2476 4209 2730 4281 λυθείσης
2752 4211 3049 4282 παρθενίας
3069 4212 3430 4286 ἀγεώργητος
3453 4212 3656 4285 καρπὸς.
3672 4208 3741 4277 οὐχ

2214 4306 2244 4357 6
2273 4304 2339 4356 ἑκ
2369 4304 2468 4374 τῆς
2500 4302 2754 4376 λυθείσης
2791 4303 3146 4377 στειρὼσεως,
3182 4306 3410 4371 κλάδος’
3459 4309 3487 4359 6
3511 4305 3614 4377 μεθ’
3631 4303 3741 4374 ὑμῶν

536 4404 646 4451 tate
675 4398 974 4467 productus
1010 4405 1094 4451 est
1120 4412 1345 4462 ramus;
1380 4394 1472 4464 qui
1504 4394 1788 4449 vobiscum
1818 4408 2110 4448 conversa-

2223 4399 2723 4471 ἀναστραφεὶς,οὐχ
2735 4402 2763 4452 6
2778 4400 2837 4453 ὲν
2855 4403 2921 4471 τῇ
2940 4401 3037 4472 ὲρή
3047 4418 3132 4471 μῳ
3149 4402 3401 4473 τραφείς.
3430 4394 3603 4466 Οὗτός
3618 4399 3742 4453 ἐστο·

534 4498 625 4545 tus
652 4500 755 4557 est,
784 4506 891 4544 non
931 4490 1024 4560 qui
1056 4490 1109 4543 in
1140 4488 1354 4544 deserto
1381 4488 1663 4542 educatus.
1700 4486 1806 4541 Hic
1829 4494 1907 4540 est
1931 4484 2109 4540 Filius

534 4598 679 4635 meus
714 4582 957 4647 dilectus,
990 4583 1045 4635 in
1070 4597 1173 4652 quo
1201 4581 1331 4634 mihi
1353 4579 1648 4650 complacui
1664 4579 1708 4611 "’
1734 4595 1749 4631 :
1777 4578 1950 4635 Filius
1979 4593 2111 4634 con-

535 4671 937 4738 substantialis,
966 4688 1073 4726 non
1098 4671 1321 4727 alterius
1348 4671 1698 4738 substantiae;
1740 4670 2109 4726 consubstan-

533 4764 679 4818 tialis
706 4764 862 4828 mihi,
890 4764 942 4818 in
975 4780 1040 4819 eo
1068 4765 1212 4836 quod
1241 4780 1273 4820 a
1293 4766 1448 4821 vobis
1470 4780 1576 4819 non
1599 4763 1875 4826 cernitur;
1905 4771 1960 4817 et
1980 4776 2113 4817 con-

532 4857 905 4912 substantialis
938 4860 1114 4925 vobis,
1139 4860 1191 4912 in
1217 4874 1283 4914 eo
1308 4859 1453 4929 quod
1475 4875 1507 4912 a
1535 4858 1691 4913 vobis
1721 4856 1958 4921 videtur,
1994 4856 2113 4911 sine

534 4960 774 5020 peccato.
821 4949 922 5003 Ilic
967 4959 1070 5014 est,
1117 4953 1212 5021 qui
1271 4967 1487 5007 mecum
1518 4951 1775 5007 formavit
1803 4950 2104 5005 hominem.

533 5044 638 5098 llic
664 5056 738 5098 est
766 5043 941 5097 Filius
966 5060 1109 5097 meus
1138 5045 1384 5111 dilectus,
1418 5046 1472 5098 in
1501 5062 1602 5115 quo
1634 5046 1763 5098 mihi
1786 5043 2103 5113 complacui.

530 5137 650 5192 Non
681 5137 819 5193 alius
846 5147 929 5194 est
956 5138 1042 5192 hic
1064 5154 1220 5193 meus
1244 5137 1439 5203 Filius,
1473 5151 1528 5193 et
1552 5139 1692 5194 alius
1713 5137 1896 5193 Mariae
1927 5137 2103 5204 filius;

532 5241 588 5284 at
618 5232 702 5285 hic
728 5241 805 5285 est
841 5231 1017 5286 Filius
1046 5249 1191 5286 meus
1224 5233 1468 5302 dilectus,
1503 5234 1597 5303 qui
1627 5242 1681 5289 et
1714 5234 1889 5289 oculis
1917 5233 2100 5288 cerni-

532 5336 642 5387 tur,
673 5334 726 5380 et
754 5335 934 5381 mente
964 5327 1298 5398 intelligitur.
1331 5327 1436 5381 Hic
1470 5337 1547 5381 est
1578 5326 1753 5381 Filius
1788 5342 1931 5381 meus
1967 5325 2103 5380 dile-

534 5428 683 5482 ctus,
738 5418 795 5470 in
851 5435 952 5488 quo
1004 5419 1135 5472 mihi
1182 5420 1504 5489 complacui;
1550 5420 1724 5489 ipsum
1781 5419 1981 5473 audite.
2047 5416 2106 5472 Si

533 5508 730 5563 dixerit
758 5527 770 5564 :
803 5508 916 5581 Ego
941 5520 989 5565 et
1008 5511 1171 5566 Pater
1196 5528 1358 5565 unum
1387 5529 1567 5567 summ
1580 5513 1646 5580 ⁸⁸,
1686 5514 1864 5582 ipsum
1900 5512 2104 5568 audite.

2219 4493 2253 4545 ὀ
2288 4492 2420 4558 Υἱός
2435 4508 2555 4562 μου
2572 4495 2606 4545 ό
2627 4493 2953 4562 ἀγαπητὸς,
2975 4493 3044 4545 ἐν
3061 4485 3110 4559 ᾧ
3124 4493 3583 4563 ηὐδόκησασΥίδς
3606 4487 3744 4561 ὁμοού⁴

2220 4601 2354 4649 σιος,
2387 4585 2488 4656 οὐχ
2513 4585 2869 4657 ἐτεροούσιος·
2901 4586 3183 4657 όμοούσιος
3214 4588 3343 4658 ἐμοὶ
3375 4587 3509 4640 κατὰ
3545 4585 3599 4639 τὸ
3623 4582 3745 4654 ἀόρα-

2218 4693 2330 4742 τον,
2370 4678 2465 4732 καὶ
2505 4678 2798 4750 ,ὁμοούσιος
2842 4679 2970 4749 ὑμῖν
3015 4679 3158 4733 κατὰ
3200 4680 3262 4733 τὸ
3304 4679 3588 4753 ὁρώμενον,
3619 4676 3742 4749 χωρὶς

2219 4771 2511 4843 ἁμαρτίας.
2546 4767 2715 4836 Οὗτός
2760 4775 2929 4841 ἐστιν,
2964 4776 2992 4827 6
3036 4774 3133 4827 σὺν
3177 4774 3300 4843 ἐμοὶ
3341 4774 3547 4837 πλάσας
3579 4772 3653 4824 τὸν
3675 4769 3743 4822 ἄν·

2215 4864 2453 4936 θρωπον.
2510 4862 2700 4932 Οὗτός
2742 4867 2911 4920 ἐστιν
2934 4870 2968 4921 ὁ
3004 4866 3136 4932 Υἱός
3161 4884 3280 4935 μου
3309 4869 3345 4921 ὀ
3377 4865 3671 4937 ἀγαπητὸς,
3695 4861 3745 4914 ἐν

2211 4951 2260 5025 ᾧ
2304 4958 2641 5027 ηὐδόκησα.
2697 4958 2811 5012 Οὐκ
2859 4958 3018 5022 ἄλλος
3050 4958 3197 5014 ἐστὶν
3235 4951 3393 5023 οὗτος
3422 4962 3450 5013 6
3473 4959 3593 5029 ἐμὸς
3632 4955 3743 5020 Υἱὸς,

2213 5050 2306 5103 καὶ
2342 5048 2498 5113 ἄλλος
2533 5052 2561 5103 6
2594 5050 2816 5121 Μαρίας
2845 5050 2987 5114 υἱός⁴
3032 5049 3147 5103 ἀλλ’
3192 5046 3374 5117 οὗτός
3402 5051 3566 5104 ἐστιν
3588 5052 3617 5102 ὀ
3648 5046 3745 5109 Υἱός

2207 5160 2328 5213 μου
2349 5146 2381 5197 ό
2397 5142 2724 5214 ἀγαπητὸς,
2757 5145 2786 5195 6
2811 5142 3136 5214 βλεπόμενος
3160 5142 3250 5195 καὶ⁵
3276 5142 3572 5213 νοούμενος.
3599 5135 3746 5200 Οὗτός

2209 5234 2382 5287 ἐστιν
2429 5236 2462 5287 ό
2504 5232 2636 5299 Υἱός
2674 5250 2794 5301 μου
2839 5236 2871 5286 ό
2899 5232 3225 5301 ἀγαπητὸς,
3262 5236 3333 5288 ἐν
3367 5227 3416 5300 ᾧ
3459 5231 3745 5300 ηὐδόκησαν

2213 5326 2406 5382 αὐτοῦ
2448 5326 2716 5380 ἀκούετε.
2762 5326 2886 5380 Ἐὰν
2914 5327 3043 5400 εἴπῃ
3070 5344 3085 5357 ο
3131 5324 3273 5398 Ἐγὼ
3305 5328 3404 5382 καὶ
3441 5331 3471 5381 ό
3500 5318 3745 5389 Πατήρὲν

2212 5421 2420 5491 ἐσμεν,
2448 5420 2614 5474 αὐτοῦ
2648 5421 2898 5474 ἀκούετε.
2935 5420 3063 5474 Ἐὰν
3098 5420 3226 5495 εἴπῃ
3247 5438 3261 5452 ο
3310 5422 3372 5475 '0
3390 5417 3636 5489 ἑωρακὼς
3648 5411 3744 5482 ἐμέν

2215 5513 2438 5582 ἑώρακε
2451 5513 2548 5566 καὶ
2578 5512 2685 5566 τὸν
2710 5510 2958 5582 Πατέρα,
2990 5514 3155 5567 αὐτοῦ
3185 5510 3429 5567 ἀκούετε.
3475 5510 3589 5564 Ἐὰν
3614 5507 3744 5579 εἴπῃ·

605 5692 647 5722 ⁸⁸
675 5691 971 5764 Mattlmu,
1012 5697 1265 5764 i73xvn,
1298 5697 1361 5761 6;
1396 5696 1562 5751 Marc.
1599 5713 1637 5764 ι,
1673 5697 1773 5763 ll;
1810 5695 1943 5753 Luc.
1979 5715 2053 5764 ix,
2081 5698 2170 5754 53.
2222 5699 2263 5729 “7
2292 5696 2427 5753 Ibid.
2472 5696 2517 5727 ⁸⁸
2547 5692 2704 5750 Juan.
2740 5713 2795 5762 χ,
2819 5696 2909 5751 50.
