3950 6326
221 308 365 365 £189
466 376 480 393 .

1600 309 2099 366 FRAGMENTUM.

3337 324 3481 384 H90

230 394 561 497 Ὀπέμψας
575 444 670 497 με,
706 425 919 497 μείζων
946 446 1067 497 μου
1105 427 1236 481 ἐστὶ
1290 432 1355 501 τῇ
1398 430 1677 502 οἰκονομίᾳ
1702 430 1793 501 τὴν

1902 430 1959 484 Si
1987 430 2183 484 dixerit
2213 448 2227 483 :
2263 430 2368 496 Qui
2396 433 2529 485 videt
2564 450 2660 497 me,
2700 435 2837 489 videt
2863 444 2912 490 et
2947 435 3163 491 Patrem
3182 438 3226 470 ”
3252 479 3267 505 ,
3296 440 3473 511 ipsum

218 518 408 590 φωνὴν
437 518 872 591 προσαρμόσατε.
912 519 1036 595 Ἐὰν
1064 519 1190 592 εἴπῃ
1212 537 1226 551 ·
1264 521 1401 574 Τίνα
1421 538 1499 591 με
1516 520 1803 592 λέγουσιν

217 617 277 668 οἱ
291 612 589 682 ἄνθρωποι
612 609 764 667 εἶναι
787 611 896 666 τὸν
925 612 1061 665 Υἱὸν
1084 612 1189 666 τοῦ
1210 611 1543 679 ἀνθρώπου;
1572 612 1799 684 ἀποκρί-

215 706 381 760 νεσθε
397 706 533 778 πρὸς
551 704 732 761 αὐτόν·
752 704 836 759 Σὺ
853 700 911 758 εἷ
922 708 954 758 o'
965 706 1219 773 Χριστὸς
1230 708 1262 758 ὀ
1273 707 1319 757 Υ
1318 702 1406 770 ἰὸς
1416 704 1520 759 τοῦ
1535 706 1680 759 Θεοῦ
1696 706 1800 759 τοῦ

216 795 455 863 ζῶντος.
484 797 704 859 Ἰόύτοις
734 799 844 861 τοῖς
880 798 1117 870 ῥήμασιν
1139 796 1430 868 οὐρανόθεν
1453 796 1801 869 βροντοειδῶς

215 890 290 942 ὲκ
331 888 544 959 Πατρὺς
578 888 791 942 ἐλθοῦσι
820 928 835 950 ,
884 887 1236 959 κατηυγάσθη
1274 887 1335 941 τὸ
1363 888 1471 941 τῶν
1503 886 1800 963 ἀνθρώπων

214 982 401 1052 γένος,
444 982 757 1050 ἐπέγνωσαν
787 982 1047 1058 διαφορὰν
1078 980 1311 1053 Ποιητοῦ
1347 981 1440 1035 καὶ
1473 983 1795 1053 ποιήματος,

215 1076 498 1137 Βασιλέως
520 1073 613 1129 καί⁸
643 1072 992 1146 στρατιώτου,
1031 1074 1286 1145 Τεχνίτου
1317 1074 1410 1127 καὶ
1440 1075 1796 1146 τεχνήματος,

215 1169 319 1222 καὶ
347 1172 414 1239 τῇ
457 1166 637 1221 πίστει
680 1166 1087 1238 βεϐαιωθέντες,
1124 1166 1428 1238 προσῆλθον
1457 1164 1546 1220 διὰ
1578 1166 1672 1220 τοῦ
1703 1166 1800 1237 βα-

214 1258 527 1329 πτίσματος
564 1256 830 1321 Ἰωάννου,
856 1255 935 1327 τῷ
958 1258 1015 1310 ὲν
1039 1256 1315 1328 Πνεύματι
1346 1257 1439 1311 καὶ
1456 1257 1590 1328 πυρὶ
1609 1254 1802 1327 βαπτί-

215 1350 370 1411 {om
417 1347 636 1421 Χριστῷ
677 1348 756 1420 τῷ
809 1347 1046 1419 ἀληθινῷ
1079 1348 1236 1420 ἡμῶν
1261 1346 1407 1418 Θεῷο
1452 1346 1567 1419 μεθ’
1600 1339 1683 1410 οὗ,
1722 1345 1799 1419 τῷ

217 1441 401 1513 Πατρί.
462 1439 607 1505 δόξα,
670 1442 765 1495 σὺν
806 1440 883 1510 τῷ
927 1441 1178 1511 παναγίῳ
1224 1441 1318 1495 καὶ
1346 1438 1593 1510 ζωοποιῷ
1624 1439 1795 1492 Πνεύ-

217 1552 356 1604 ματι
375 1551 389 1564 '
425 1533 518 1586 νῦν
550 1533 645 1587 καὶ
673 1535 786 1598 ἀεὶ,
819 1535 913 1587 καὶ
936 1536 1014 1598 εἰς
1039 1535 1165 1598 τοὺς
1191 1534 1393 1597 αἰῶνας
1423 1532 1532 1587 τῶν
1563 1531 1794 1587 αἰώνων.

228 1626 429 1696 Ἀμήν.

226 1826 936 1855 mm

280 1841 352 1851 ,μ’
392 1842 541 1851 -.-ο-.-
579 1842 828 1852 ...ι-...ασα-
848 1842 1226 1852 αρ’-..σιο-

1231 1842 1679 1853 ψ

1903 521 2102 576 audite.
2141 520 2198 575 Si
2229 522 2425 576 dixerit
2460 541 2473 575 :
2509 521 2619 587 ραι
2646 540 2726 578 me
2764 527 2930 591 misit,
2976 528 3150 597 major
3198 546 3279 585 me
3307 533 3472 597 est",

1902 613 2293 685 dispensationi
2339 628 2530 670 vocem
2585 617 2857 686 adaptate.
2915 617 2973 672 Si
3030 620 3272 678 dixerit:
3309 623 3475 688 Quem

1902 723 1983 760 me
2015 707 2197 760 dicunt
2231 707 2466 761 homines
2504 724 2615 761 esse
2642 707 2845 762 Filium
2883 711 3111 766 hominis
3135 713 3220 766 7‘?
3246 730 3474 786 respon-

1900 803 2022 857 dete
2054 803 2154 873 ipsi
2186 821 2199 856 :
2234 801 2311 856 Tu
2358 820 2411 857 es
2465 801 2707 858 Christus
2760 802 2939 858 Eilius
2973 804 3071 859 Dei
3116 807 3215 860 rivi
3244 808 3306 860 ⁷³.
3350 808 3475 866 Istis

1900 896 2081 951 verbis
2107 895 2323 951 caelitus
2350 894 2580 949 tonitrui
2613 894 2670 948 in
2702 896 2926 949 modum
2960 896 3376 964 prodeuntibus,
3410 901 3475 954 il-

1898 985 2223 1041 luminatum
2273 996 2356 1041 est
2389 986 2690 1040 humanum
2734 1001 2938 1055 genus;
2989 999 3475 1061 cognoveruntque

1900 1077 2259 1133 differentiam
2289 1075 2568 1132 Creatoris
2586 1086 2640 1132 et
2669 1088 2956 1143 creaturas,
2984 1076 3149 1148 Regis
3177 1087 3233 1133 et
3261 1080 3472 1149 militis,

1900 1170 2120 1240 Opiﬁcis
2150 1178 2204 1224 et
2241 1169 2325 1225 sui
2359 1168 2578 1239 operis;
2612 1167 2824 1238 ﬁdeque
2859 1167 3188 1236 conﬁrmati,
3223 1186 3471 1227 accesse-

1900 1268 2029 1314 runt
2053 1275 2148 1329 per
2176 1259 2442 1329 baptisma
2476 1257 2701 1312 Joannis
2737 1258 2804 1312 ad
2832 1273 2957 1313 eum
2985 1259 3078 1329 qui
3102 1259 3155 1312 in
3186 1257 3388 1328 Spiritu
3419 1272 3473 1316 et

1900 1352 2023 1422 igne
2061 1351 2298 1421 baptizat
2320 1352 2387 1416 ⁷⁸,
2437 1350 2716 1407 Christum
2744 1368 2930 1406 verum
2961 1352 3128 1407 Deum
3164 1364 3408 1409 nostrum
3451 1373 3467 1409 :

1898 1458 2023 1499 cum
2055 1459 2164 1515 quo
2208 1443 2357 1498 Patri
2404 1445 2476 1500 sit
2512 1445 2704 1516 gloria,
2747 1460 2851 1499 una
2883 1461 3006 1500 cum
3033 1445 3381 1501 sanctissimo
3406 1462 3471 1501 ac

1898 1535 2113 1590 viviﬁco
2168 1535 2396 1606 Spiritu,
2438 1553 2584 1591 nunc
2613 1548 2667 1592 et
2696 1552 2930 1606 semper,
2964 1546 3020 1591 et
3048 1538 3102 1591 in
3135 1538 3332 1593 saecula
3363 1554 3469 1593 sa»

1899 1626 2167 1680 culorum.
2191 1627 2386 1682 Amen.

939 1825 3434 1857 mm

1688 1842 2628 1855 ——-———-—9—————‘—.—_-

824 1995 942 2105 S.
1042 1992 1723 2109 GBEGORII
1815 1992 2866 2111 THAUMATURGI

1413 2230 2245 2322 FBAGMENTUM

815 2426 887 2486 In
950 2421 1279 2503 Evangelii
1322 2421 1679 2485 secundum
1732 2420 2097 2485 Matthaaum
2133 2439 2267 2503 cap.
2310 2442 2396 2497 νι,
2433 2442 2592 2487 vers.
2622 2427 2725 2501 22,
2768 2428 2870 2489 23.

348 2592 621 2654 (ϐω-ΗΜ),
653 2591 759 2640 Yet.
786 2591 925 2639 Patr.
956 2585 1203 2649 Biblioth.,
1225 2591 1261 2637 t.
1282 2586 1407 2649 XIV,
1431 2600 1481 2650 p.
1516 2598 1571 2648 ιι,
1592 2600 1640 2649 p.
1667 2585 1775 2648 119,
1800 2598 1864 2635 ex
1892 2585 2073 2637 Catena
2096 2587 2145 2634 in
2164 2585 2464 2647 Matthamm,
2489 2587 2596 2637 cod.
2621 2601 2712 2637 ms.
2740 2587 2828 2638 168
2859 2591 2922 2639 cl.
2959 2592 3052 2640 viri
3077 2592 3353 2658 Mitarelli.)

302 2886 365 2938 '0
406 2887 635 2954 λύχνος
681 2884 787 2939 τοῦ
835 2883 1106 2955 σώματός
1159 2885 1329 2940 ἐστιν
1375 2889 1407 2940 ὁ
1463 2886 1786 2957 ὀφθαλμός.

1967 2883 2210 2940 Lucerna
2258 2886 2490 2954 corporis
2513 2890 2601 2940 est
2620 2886 2824 2941 oculus.
2854 2887 2913 2942 Si
2939 2888 3102 2958 igitur
3129 2890 3312 2948 oculus
3342 2903 3463 2949 tuus

227 2978 368 3029 Ἐὰν
391 2974 509 3033 οὖν
535 2979 567 3030 ό
587 2978 892 3046 ὀφθαλμός
921 2995 1036 3031 σου
1063 2976 1299 3044 ἁπλοῦς
1325 2972 1386 3049 ᾖ,
1418 2977 1571 3031 ὅλον
1587 2977 1653 3030 τὸ
1680 2976 1796 3031 σῶ-

213 3069 297 3139 pd
318 3084 436 3124 σου
472 3069 765 3139 φωτεινόν
793 3072 982 3126 ἔσται.
1024 3070 1157 3123 Ἐὰν
1185 3070 1253 3124 δὲ
1273 3074 1305 3124 ό
1334 3073 1640 3140 ὀφθαλμός
1679 3086 1794 3125 σου

213 3160 481 3229 πονηρὸς
497 3157 557 3233 ᾖ,
587 3161 735 3215 ὅλον
756 3161 823 3216 τὸ
846 3160 1017 3233 σῶμά
1045 3179 1158 3217 σου
1191 3163 1507 3217 σκοτεινὸν
1530 3164 1721 3218 ἔσται.

278 3255 353 3305 Et
382 3252 451 3306 δὲ
478 3252 545 3306 τὸ
568 3252 694 3323 φῶς
723 3253 789 3308 τὸ
812 3254 884 3308 ἐν
910 3256 1031 3320 σοὶ,
1061 3257 1280 3321 σκότος
1299 3255 1452 3321 ἐστὶ,
1483 3255 1549 3308 τὸ
1574 3256 1796 3321 σκότος

213 3344 418 3397 ,τόσον
440 3359 461 3406 ;

298 3436 530 3500 ’Δπλοῦς
573 3435 868 3507 ὀφθαλμὸς,
919 3437 953 3507 ἡ
999 3435 1356 3506 ἀνυπόκριτός
1402 3435 1548 3487 ἐστιν
1581 3433 1791 3506 ἀγάπη,

213 3529 281 3583 δι’
300 3524 371 3600 ἦς
400 3530 528 3582 ὅταν
557 3528 619 3581 τὸ
648 3528 807 3599 σῶμα
842 3528 1161 3599 φωτίζηται,
1198 3527 1272 3581 τὰ
1297 3526 1437 3580 αὐτὰ
1460 3530 1571 3589 τοῖς
1595 3526 1794 3581 ἔσωθεν

213 3622 551 3692 νοούμενοις,
595 3621 686 3674 καὶ
720 3620 810 3674 διὰ
840 3621 947 3675 τῶν
973 3619 1170 3687 ἔξωθεν
1197 3620 1376 3692 μερῶν
1411 3620 1757 3692 προφέρουσα
1776 3636 1790 3649 ·

214 3718 246 3769 ὁ
286 3715 345 3768 δὲ
378 3714 610 3786 πονηρὸς
637 3714 910 3785 ὀφθαλμός
939 3716 1084 3769 ἐστιν
1113 3715 1145 3785 ἡ
1180 3712 1541 3786 προσποίητος
1585 3714 1792 3784 ἀγάπη,

214 3810 344 3880 ἥτις
394 3810 489 3862 καὶ
526 3808 811 3880 ὑπόκρισις
843 3808 1116 3862 καλεῖται’
1164 3807 1231 3860 δι’
1274 3802 1341 3879 ἦς
1367 3807 1512 3862 ἆπαν
1548 3809 1610 3862 τὸ
1638 3808 1796 3879 σῶμα

216 3900 529 3964 σκοτίζεται
566 3901 660 3954 τοῦ
684 3900 995 3973 ἀνθρώπου.
1043 3902 1202 3967 Ἀξια
1230 3903 1328 3973 μὲν
1358 3903 1582 3966 σκότους
1615 3903 1793 3976 πράγ-

219 4010 372 4063 ματα
413 3991 758 4063 ἐννοούμενον
797 3992 902 4065 (15)
938 3992 1168 4047 ἐσωθεψ
1230 3992 1317 4047 διὰ
1357 3994 1412 4047 δὲ
1452 3994 1558 4048 τῶν
1599 3994 1794 4060 ἔξωθεν

218 4084 428 4157 μερῶν,
457 4085 632 4153 φωτὸς
653 4079 789 4138 εἶναι
823 4085 1080 4140 δοκοῦντα
1113 4087 1385 4160 προφέρον
1419 4089 1667 4159 ῥήματα·
1703 4089 1795 4142 λύη-

219 4194 306 4231 κοι
332 4177 442 4249 γάρ
474 4179 611 4230 εἰσιν
639 4177 713 4241 ὡς
743 4177 975 4250 ἀληθῶς,
1027 4179 1313 4251 προϐάτων
1347 4182 1794 4254 περιϐεϐλημένοι

217 4269 383 4342 δοράς
402 4287 416 4301 ·
445 4272 492 4323 οἱ
525 4270 585 4323 τὸ
617 4269 814 4334 ἔξωθεν
841 4270 932 4324 τοῦ
959 4272 1220 4344 ποτηρίου
1252 4273 1470 4345 καὶτῆς
1502 4275 1795 4347 παροψίδος

221 4362 386 4432 μόνον
416 4363 726 4426 πλύνοντες,
755 4364 847 4417 καὶ
868 4365 968 4418 οὐκ
999 4365 1221 4430 εἰδότες,
1247 4367 1328 4420 ὅτι
1357 4367 1452 4421 ἐὰν
1484 4369 1557 4440 μὴ
1582 4369 1643 4422 τὸ
1663 4369 1797 4423 ἰσω-

219 4453 315 4506 θεν
344 4454 549 4508 τούτων
579 4455 902 4527 καθαρισθῇ,
926 4457 1047 4510 οὐδὲ
1079 4456 1140 4509 τὸ
1162 4457 1356 4522 ἔξωθεν
1389 4459 1626 4531 καθαρὸν
1646 4460 1796 4514 δύνα-

217 4565 311 4603 ται
326 4549 598 4618 γενέσθαι.
628 4550 824 4622 Διόπερ
840 4550 1058 4613 τούτους
1087 4552 1272 4621 σαφῶς
1306 4551 1559 4623 ἐλέγχων,
1580 4556 1741 4626 φησὶν
1765 4554 1793 4605 ὁ

219 4641 554 4712 Σωτὴρ,ὄτι’
582 4644 653 4695 Εἰ
673 4641 739 4695 τὸ
767 4641 893 4711 φῶς
913 4642 976 4696 τὸ
1003 4642 1205 4708 ἔνο-οἰ,
1222 4644 1460 4711 σκότος,
1489 4649 1553 4699 τὸ
1576 4648 1795 4713 σκότος

218 4733 443 4796 uocor;
461 4732 747 4786 Τουτέστιν
767 4749 780 4763 ·
804 4735 852 4786 εἰ
882 4737 914 4807 ἡ
942 4735 1173 4790 δοκοῦσά
1201 4753 1280 4790 σοι
1308 4738 1492 4809 ἀγάπη
1509 4733 1644 4792 εἶναι
1661 4738 1797 4809 φῶς,

218 4824 310 4879 διὰ
333 4824 431 4898 τὴν
451 4826 508 4878 ὲν
534 4826 615 4879 σοὶ
638 4827 1022 4899 κεκρυμμένην
1055 4828 1340 4900 ὑπόκρισιν
1385 4830 1608 4894 σκότους
1653 4831 1800 4898 ἄξιόν

217 4918 373 4972 ἐστιν
420 4917 601 4990 ἔργον,
645 4917 698 4971 τί
743 4918 812 4973 τὰ
844 4921 1091 4993 προφανῆ
1126 4939 1214 4975 σου
1242 4921 1694 4995 παραπτώματα;

1895 2978 2119 3048 simplex
2151 2978 2243 3042 sit,
2281 2987 2447 3032 totum
2493 2994 2681 3048 corpus
2725 2988 2871 3032 tuum
2917 2979 3154 3035 lucidum
3189 2985 3310 3040 erit.
3367 2986 3462 3042 Sin

1894 3076 2069 3121 autem
2098 3066 2278 3121 oculus
2311 3077 2431 3121 tuus
2460 3068 2632 3121 malus
2661 3068 2753 3135 sit,
2787 3076 2953 3122 totum
2986 3086 3173 3139 corpus
3213 3083 3359 3128 tuum
3391 3087 3466 3131 tc-

1896 3158 2225 3213 nebricosum
2252 3159 2374 3213 erit.

1968 3249 2120 3314 Quod
2153 3250 2199 3303 si
2227 3249 2399 3304 lumen
2427 3251 2566 3320 quod
2602 3252 2659 3305 in
2694 3260 2763 3320 to,
2795 3253 3094 3311 obscuritas
3125 3266 3224 3325 est,
3277 3262 3464 3316 obscu—

1896 3342 2029 3395 ritas
2058 3342 2174 3411 ipsa
2206 3352 2404 3411 quanta
2425 3345 2451 3398 ?

1969 3453 2209 3524 Simplex
2255 3455 2448 3510 oculus
2487 3465 2572 3511 est
2615 3457 2827 3513 sincera
2872 3461 3134 3528 charitas,
3177 3477 3273 3531 per
3299 3480 3463 3534 quam

1899 3554 2070 3599 totum
2097 3562 2220 3600 cum
2248 3560 2449 3616 corpus
2476 3547 2833 3615 illuminatur,
2859 3550 3003 3605 haud
3032 3552 3190 3607 aliter
3218 3554 3464 3611 internas

1895 3638 2163 3709 cogitatus
2178 3637 2403 3707 profert,
2428 3654 2590 3709 quam
2611 3655 2706 3709 per
2721 3648 2975 3697 externas
2995 3645 3240 3713 corporis
3261 3656 3459 3714 partes.

1897 3730 2100 3786 Oculus
2129 3729 2307 3784 malus
2361 3737 2445 3785 est
2473 3730 2715 3787 charitas
2737 3733 3013 3797 simulata,
3039 3751 3159 3803 qua:
3180 3737 3338 3791 etiam
3367 3737 3467 3808 hy~

1893 3819 2125 3892 pocrisis
2155 3818 2306 3874 audit
2340 3837 2355 3873 :
2384 3834 2479 3888 per
2503 3835 2666 3890 quam
2700 3835 2899 3891 corpus
2935 3825 3246 3879 universum
3280 3826 3461 3881 homi-

1895 3914 1981 3969 nis
2008 3916 2353 3972 tenebrescit.
2386 3915 2650 3985 Equidem
2693 3915 2855 3985 digna
2897 3918 3134 3973 tenebris
3159 3934 3344 3988 Opera,
3375 3919 3461 3972 in-

1895 4003 2147 4059 teriorem
2198 4004 2469 4059 hominem
2524 4005 2850 4075 cogitamus,
2905 4007 2998 4061 sed
3047 4022 3143 4077 per
3191 4008 3460 4062 exteriora

1896 4097 2160 4162 membra,
2202 4096 2470 4167 ejusmodi
2521 4097 2685 4151 verba
2733 4096 3116 4165 proferentem,
3169 4113 3292 4168 quae
3323 4099 3462 4153 lucis

1896 4205 2019 4244 esse
2049 4188 2354 4244 videantur.
2393 4188 2530 4258 Lupi
2558 4189 2702 4243 enim
2729 4200 2855 4244 sunt
2877 4206 3084 4253 revera,
3111 4190 3282 4244 induti
3301 4190 3462 4244 ovina

1897 4280 2033 4349 pelle
2062 4297 2076 4333 :
2100 4280 2193 4349 qui
2220 4289 2445 4335 externa
2466 4274 2645 4350 poculi
2673 4289 2725 4334 et
2750 4280 2923 4335 lancis
2949 4281 3215 4335 duntaxat
3238 4280 3462 4335 abluen—

1898 4381 2000 4438 tes,
2029 4388 2138 4428 non
2172 4373 2375 4439 vident,
2425 4372 2571 4441 quod
2597 4373 2701 4427 nisi
2733 4372 2925 4427 borum
2957 4372 3167 4426 interna
3192 4373 3462 4427 manden-

1899 4472 2006 4531 tur,
2048 4479 2120 4520 ne
2157 4473 2382 4521 externa
2423 4466 2642 4536 quidem
2675 4465 2878 4519 munda
2909 4479 3029 4519 esse
3055 4477 3299 4534 possunt.
3327 4463 3462 4519 Pro.

1896 4566 2078 4628 pterea
2116 4557 2215 4613 bos
2268 4559 2555 4613 manifeste
2602 4572 2921 4627 coarguens,
2972 4558 3048 4610 ait
3080 4555 3359 4610 Salvator:
3401 4555 3461 4610 Si

1896 4649 2073 4704 lumen
2120 4650 2258 4720 quod
2278 4650 2333 4702 in
2356 4658 2425 4717 te,
2459 4649 2700 4713 tenebrae,
2728 4651 2948 4704 tenebrae
2976 4650 3102 4719 ipsa
3151 4660 3363 4720 quanta:
3377 4651 3463 4704 ⁷⁸2

1897 4740 1953 4796 ld
2004 4750 2107 4806 est,
2154 4741 2200 4795 si
2249 4756 2370 4810 quae
2419 4740 2514 4793 tibi
2567 4739 2782 4793 videtur
2822 4740 3062 4794 charitas
3102 4740 3283 4795 lumen
3316 4755 3458 4803 esse,

1898 4843 2116 4904 propter
2160 4833 2413 4887 latentem
2453 4832 2506 4885 in
2546 4840 2598 4885 te
2626 4814 2937 4901 hypocrisin
2960 4845 3096 4900 Opus
3121 4839 3203 4885 est
3224 4830 3464 4887 tenebris

1899 4925 2144 4994 dignum,
2172 4924 2302 4993 quid
2327 4933 2487 4977 erunt
2518 4930 2612 4978 tua
2638 4919 2924 4976 manifesta
2958 4920 3197 4980 scelera?

296 5071 534 5145 "Alban.
574 5090 688 5141 xw,
721 5073 774 5128 9.
829 5076 873 5107 7°
896 5073 1029 5131 Ibid.
1063 5075 1152 5131 28.
1223 5078 1265 5109 ⁷⁸
1296 5075 1487 5132 Matth.
1519 5094 1630 5145 xw,
1667 5077 1752 5132 13.
1791 5085 1793 5089 ‘

1902 5076 2028 5132 ιιιιιι.
2060 5076 2150 5131 ιθ.
2226 5077 2272 5108 τι
2299 5075 2493 5132 Matth.
2524 5090 2605 5142 ιιι,
2637 5075 2694 5130 ιι
2721 5093 2735 5143 ;
2762 5044 2892 5131 Luc.
2925 5090 3007 5143 ιιι,
3036 5074 3125 5130 ιθ.
3194 5074 3247 5143 τι,
3267 5073 3460 5133 Matth.

220 5158 299 5207 τι,
331 5142 421 5197 25.

294 5298 411 5374 (15)
454 5298 617 5356 Forte
642 5302 925 5374 ἐννοοῦμεν
948 5304 1060 5369 τόν,
1091 5312 1145 5358 et
1174 5319 1295 5359 mox
1328 5302 1679 5379 προφέροντα.
