  <div class='ocr_page' id='page_1' title='image "/cluster/home/n/w/nwhite01/storage/ocr_20150623/10/hvd.32044073501348/616.png"; bbox 0 0 3950 6326; ppageno 0'>
   <div class='ocr_carea' id='block_1_1' title="bbox 355 348 491 407">
    <p class='ocr_par' dir='ltr' id='par_1_1' title="bbox 355 348 491 407">
     <span class='ocr_line' id='line_1_1' title="bbox 355 348 491 407; baseline 0.015 -2"><span class='ocrx_word' id='word_1_1' title='bbox 355 348 491 407; x_wconf 69' lang='grc'><strong>1291</strong></span> 
     </span>
    </p>
   </div>
   <div class='ocr_carea' id='block_1_2' title="bbox 1490 352 2458 419">
    <p class='ocr_par' dir='ltr' id='par_1_2' title="bbox 1490 352 2458 419">
     <span class='ocr_line' id='line_1_2' title="bbox 1490 352 2458 419; baseline 0.008 -10"><span class='ocrx_word' id='word_1_2' title='bbox 1490 352 1719 410; x_wconf 77' lang='lat' dir='ltr'><strong>SEBMO</strong></span> <span class='ocrx_word' id='word_1_3' title='bbox 1756 355 1825 412; x_wconf 87' lang='grc' dir='ltr'><strong>ΙΝ</strong></span> <span class='ocrx_word' id='word_1_4' title='bbox 1863 355 2093 416; x_wconf 79' lang='lat' dir='ltr'><strong>OMNES</strong></span> <span class='ocrx_word' id='word_1_5' title='bbox 2129 358 2458 419; x_wconf 84' lang='lat' dir='ltr'><strong>SANCTOS.</strong></span> 
     </span>
    </p>
   </div>
   <div class='ocr_carea' id='block_1_3' title="bbox 3436 368 3574 426">
    <p class='ocr_par' dir='ltr' id='par_1_3' title="bbox 3436 368 3574 426">
     <span class='ocr_line' id='line_1_3' title="bbox 3436 368 3574 426; baseline 0.014 -2"><span class='ocrx_word' id='word_1_6' title='bbox 3436 368 3574 426; x_wconf 69' lang='grc'>1202</span> 
     </span>
    </p>
   </div>
   <div class='ocr_carea' id='block_1_4' title="bbox 255 468 1904 552">
    <p class='ocr_par' dir='ltr' id='par_1_4' title="bbox 255 468 1904 550">
     <span class='ocr_line' id='line_1_4' title="bbox 255 468 1904 550; baseline 0.007 -29"><span class='ocrx_word' id='word_1_7' title='bbox 255 501 283 521; x_wconf 70' lang='grc' dir='ltr'><strong>ρ</strong></span> <span class='ocrx_word' id='word_1_8' title='bbox 350 485 446 533; x_wconf 77' lang='grc' dir='ltr'><strong>τος</strong></span> <span class='ocrx_word' id='word_1_9' title='bbox 474 468 850 541; x_wconf 76' lang='grc' dir='ltr'><strong>ἀναπηδῶντες</strong></span> <span class='ocrx_word' id='word_1_10' title='bbox 881 470 1017 543; x_wconf 72' lang='grc' dir='ltr'>πρὸς</span> <span class='ocrx_word' id='word_1_11' title='bbox 1048 471 1292 545; x_wconf 81' lang='grc' dir='ltr'>οὐρανόν.</span> <span class='ocrx_word' id='word_1_12' title='bbox 1332 472 1412 528; x_wconf 88' lang='grc' dir='ltr'><strong>Τά</strong></span> <span class='ocrx_word' id='word_1_13' title='bbox 1449 470 1583 548; x_wconf 80' lang='grc' dir='ltr'>μέλη</span> <span class='ocrx_word' id='word_1_14' title='bbox 1606 477 1904 550; x_wconf 85' lang='grc' dir='ltr'>διασκορπί·</span> 
     </span>
    </p>
   </div>
   <div class='ocr_carea' id='block_1_5' title="bbox 2008 468 3573 552">
    <p class='ocr_par' dir='ltr' id='par_1_5' title="bbox 2013 479 3573 552">
     <span class='ocr_line' id='line_1_5' title="bbox 2013 479 3573 552; baseline 0.006 -18"><span class='ocrx_word' id='word_1_15' title='bbox 2013 479 2141 534; x_wconf 91' lang='lat' dir='ltr'><strong>dum</strong></span> <span class='ocrx_word' id='word_1_16' title='bbox 2186 496 2353 536; x_wconf 89' lang='lat' dir='ltr'><strong>unum</strong></span> <span class='ocrx_word' id='word_1_17' title='bbox 2380 480 2629 552; x_wconf 83' lang='lat' dir='ltr'><strong>idemque</strong></span> <span class='ocrx_word' id='word_1_18' title='bbox 2660 498 2784 538; x_wconf 89' lang='lat' dir='ltr'><strong>cum</strong></span> <span class='ocrx_word' id='word_1_19' title='bbox 2815 484 3231 543; x_wconf 79' lang='lat' dir='ltr'><strong>adolescentulis</strong></span> <span class='ocrx_word' id='word_1_20' title='bbox 3273 487 3374 543; x_wconf 71' lang='lat' dir='ltr'><strong>viae</strong></span> <span class='ocrx_word' id='word_1_21' title='bbox 3406 489 3573 545; x_wconf 85' lang='lat' dir='ltr'><strong>sociis</strong></span> 
     </span>
    </p>
   </div>
   <div class='ocr_carea' id='block_1_6' title="bbox 352 559 1914 639">
    <p class='ocr_par' dir='ltr' id='par_1_6' title="bbox 352 559 1914 639">
     <span class='ocr_line' id='line_1_6' title="bbox 352 559 1914 639; baseline 0.003 -22"><span class='ocrx_word' id='word_1_22' title='bbox 352 559 537 625; x_wconf 78' lang='grc' dir='ltr'>ζοντες</span> <span class='ocrx_word' id='word_1_23' title='bbox 558 559 647 614; x_wconf 85' lang='grc' dir='ltr'>ἵνα</span> <span class='ocrx_word' id='word_1_24' title='bbox 673 559 935 630; x_wconf 83' lang='grc' dir='ltr'>σφίγξωσι</span> <span class='ocrx_word' id='word_1_25' title='bbox 966 561 1064 625; x_wconf 79' lang='grc' dir='ltr'><strong>τὰς</strong></span> <span class='ocrx_word' id='word_1_26' title='bbox 1078 562 1275 633; x_wconf 71' lang='grc' dir='ltr'>ψυχὰς,</span> <span class='ocrx_word' id='word_1_27' title='bbox 1305 564 1373 619; x_wconf 84' lang='grc' dir='ltr'>τὰ</span> <span class='ocrx_word' id='word_1_28' title='bbox 1405 564 1615 636; x_wconf 80' lang='grc' dir='ltr'>κλῇθρα</span> <span class='ocrx_word' id='word_1_29' title='bbox 1645 567 1742 637; x_wconf 79' lang='grc' dir='ltr'>τῆς</span> <span class='ocrx_word' id='word_1_30' title='bbox 1770 567 1914 639; x_wconf 82' lang='grc' dir='ltr'>ζωῆς</span> 
     </span>
    </p>
   </div>
   <div class='ocr_carea' id='block_1_7' title="bbox 350 652 1911 731">
    <p class='ocr_par' dir='ltr' id='par_1_7' title="bbox 350 652 1911 731">
     <span class='ocr_line' id='line_1_7' title="bbox 350 652 1911 731; baseline 0.003 -23"><span class='ocrx_word' id='word_1_31' title='bbox 350 653 742 725; x_wconf 65' lang='grc' dir='ltr'><strong>διαρρήξαντες</strong></span> <span class='ocrx_word' id='word_1_32' title='bbox 774 652 863 706; x_wconf 83' lang='grc' dir='ltr'>ἵνα</span> <span class='ocrx_word' id='word_1_33' title='bbox 898 654 996 717; x_wconf 73' lang='grc' dir='ltr'><strong>τὰς</strong></span> <span class='ocrx_word' id='word_1_34' title='bbox 1035 653 1184 719; x_wconf 81' lang='grc' dir='ltr'>κλεῖς</span> <span class='ocrx_word' id='word_1_35' title='bbox 1220 655 1473 721; x_wconf 79' lang='grc' dir='ltr'>ἀνοίξωσι</span> <span class='ocrx_word' id='word_1_36' title='bbox 1511 656 1620 711; x_wconf 88' lang='grc' dir='ltr'><strong>τῶν</strong></span> <span class='ocrx_word' id='word_1_37' title='bbox 1651 659 1911 731; x_wconf 79' lang='grc' dir='ltr'><strong>οὐρανῶν.</strong></span> 
     </span>
    </p>
   </div>
   <div class='ocr_carea' id='block_1_8' title="bbox 364 743 1916 823">
    <p class='ocr_par' dir='ltr' id='par_1_8' title="bbox 364 743 1916 823">
     <span class='ocr_line' id='line_1_8' title="bbox 364 743 1916 823; baseline 0.003 -24"><span class='ocrx_word' id='word_1_38' title='bbox 364 745 423 799; x_wconf 87' lang='grc' dir='ltr'><strong>Ὅ</strong></span> <span class='ocrx_word' id='word_1_39' title='bbox 449 744 692 799; x_wconf 83' lang='grc' dir='ltr'>ἀπιστῶν</span> <span class='ocrx_word' id='word_1_40' title='bbox 718 745 801 798; x_wconf 85' lang='grc' dir='ltr'>ὃτι</span> <span class='ocrx_word' id='word_1_41' title='bbox 835 743 1063 810; x_wconf 85' lang='grc' dir='ltr'>θάνατος</span> <span class='ocrx_word' id='word_1_42' title='bbox 1105 746 1475 808; x_wconf 78' lang='grc' dir='ltr'>καταλέλυται,</span> <span class='ocrx_word' id='word_1_43' title='bbox 1510 748 1642 819; x_wconf 71' lang='grc' dir='ltr'>ᾅδης</span> <span class='ocrx_word' id='word_1_44' title='bbox 1672 751 1916 823; x_wconf 84' lang='grc' dir='ltr'>πεπάτη-</span> 
     </span>
    </p>
   </div>
   <div class='ocr_carea' id='block_1_9' title="bbox 351 829 1913 914">
    <p class='ocr_par' dir='ltr' id='par_1_9' title="bbox 351 829 1913 914">
     <span class='ocr_line' id='line_1_9' title="bbox 351 829 1913 914; baseline 0.004 -24"><span class='ocrx_word' id='word_1_45' title='bbox 351 853 478 900; x_wconf 88' lang='grc' dir='ltr'>ται,</span> <span class='ocrx_word' id='word_1_46' title='bbox 522 836 606 889; x_wconf 86' lang='grc' dir='ltr'>ὅτι</span> <span class='ocrx_word' id='word_1_47' title='bbox 650 833 836 889; x_wconf 84' lang='grc' dir='ltr'>τούτου</span> <span class='ocrx_word' id='word_1_48' title='bbox 873 834 943 889; x_wconf 84' lang='grc' dir='ltr'><strong>τά</strong></span> <span class='ocrx_word' id='word_1_49' title='bbox 984 836 1156 908; x_wconf 78' lang='grc' dir='ltr'>δεσμὰ</span> <span class='ocrx_word' id='word_1_50' title='bbox 1192 838 1486 911; x_wconf 82' lang='grc' dir='ltr'>διερρἀγη·</span> <span class='ocrx_word' id='word_1_51' title='bbox 1526 841 1610 895; x_wconf 80' lang='grc' dir='ltr'>ὃτι</span> <span class='ocrx_word' id='word_1_52' title='bbox 1649 829 1913 914; x_wconf 61' lang='grc' dir='ltr'>’τύραννος</span> 
     </span>
    </p>
   </div>
   <div class='ocr_carea' id='block_1_10' title="bbox 349 927 1915 1002">
    <p class='ocr_par' dir='ltr' id='par_1_10' title="bbox 349 927 1915 1002">
     <span class='ocr_line' id='line_1_10' title="bbox 349 927 1915 1002; baseline 0.004 -20"><span class='ocrx_word' id='word_1_53' title='bbox 349 928 596 983; x_wconf 86' lang='grc' dir='ltr'>δέδεται·</span> <span class='ocrx_word' id='word_1_54' title='bbox 637 927 880 999; x_wconf 81' lang='grc' dir='ltr'><strong>βλεπέτω</strong></span> <span class='ocrx_word' id='word_1_55' title='bbox 925 929 1205 1002; x_wconf 85' lang='grc' dir='ltr'>μάρτυρας</span> <span class='ocrx_word' id='word_1_56' title='bbox 1249 931 1616 996; x_wconf 85' lang='grc' dir='ltr'>κυϐιστῶντας</span> <span class='ocrx_word' id='word_1_57' title='bbox 1649 933 1789 988; x_wconf 88' lang='grc' dir='ltr'><strong>κατά</strong></span> <span class='ocrx_word' id='word_1_58' title='bbox 1822 934 1915 989; x_wconf 90' lang='grc' dir='ltr'>θα-</span> 
     </span>
    </p>
   </div>
   <div class='ocr_carea' id='block_1_11' title="bbox 349 1011 1911 1095">
    <p class='ocr_par' dir='ltr' id='par_1_11' title="bbox 349 1011 1911 1095">
     <span class='ocr_line' id='line_1_11' title="bbox 349 1011 1911 1095; baseline 0.004 -22"><span class='ocrx_word' id='word_1_59' title='bbox 349 1019 510 1073; x_wconf 84' lang='grc' dir='ltr'>νάτου</span> <span class='ocrx_word' id='word_1_60' title='bbox 531 1058 546 1082; x_wconf 95' lang='grc'><strong>,</strong></span> <span class='ocrx_word' id='word_1_61' title='bbox 591 1019 685 1071; x_wconf 73' lang='grc' dir='ltr'>καὶ</span> <span class='ocrx_word' id='word_1_62' title='bbox 715 1017 813 1089; x_wconf 81' lang='grc' dir='ltr'><strong>τήν</strong></span> <span class='ocrx_word' id='word_1_63' title='bbox 851 1011 1222 1090; x_wconf 78' lang='grc' dir='ltr'>τοῦ’Χριστοῦ</span> <span class='ocrx_word' id='word_1_64' title='bbox 1262 1020 1417 1093; x_wconf 80' lang='grc' dir='ltr'>νίκην</span> <span class='ocrx_word' id='word_1_65' title='bbox 1453 1024 1911 1095; x_wconf 82' lang='grc' dir='ltr'>ἀνευφημοῦντας.</span> 
     </span>
    </p>
   </div>
   <div class='ocr_carea' id='block_1_12' title="bbox 357 1106 1914 1190">
    <p class='ocr_par' dir='ltr' id='par_1_12' title="bbox 357 1106 1914 1190">
     <span class='ocr_line' id='line_1_12' title="bbox 357 1106 1914 1190; baseline 0.005 -27"><span class='ocrx_word' id='word_1_66' title='bbox 357 1110 421 1163; x_wconf 81' lang='grc' dir='ltr'><strong><em>Ὦ</em></strong></span> <span class='ocrx_word' id='word_1_67' title='bbox 473 1108 568 1164; x_wconf 76' lang='grc' dir='ltr'>τοῦ</span> <span class='ocrx_word' id='word_1_68' title='bbox 628 1109 922 1181; x_wconf 77' lang='grc' dir='ltr'>θαύματος.</span> <span class='ocrx_word' id='word_1_69' title='bbox 982 1112 1098 1181; x_wconf 84' lang='grc' dir='ltr'>Ἀφ’</span> <span class='ocrx_word' id='word_1_70' title='bbox 1140 1106 1308 1186; x_wconf 78' lang='grc' dir='ltr'>οὗπερ</span> <span class='ocrx_word' id='word_1_71' title='bbox 1356 1114 1587 1186; x_wconf 76' lang='grc' dir='ltr'>Χριστὸς</span> <span class='ocrx_word' id='word_1_72' title='bbox 1640 1114 1731 1169; x_wconf 82' lang='grc' dir='ltr'>τὸν</span> <span class='ocrx_word' id='word_1_73' title='bbox 1781 1115 1914 1190; x_wconf 70' lang='grc' dir='ltr'>ᾅδην</span> 
     </span>
    </p>
   </div>
   <div class='ocr_carea' id='block_1_13' title="bbox 349 1202 1908 1278">
    <p class='ocr_par' dir='ltr' id='par_1_13' title="bbox 349 1202 1908 1278">
     <span class='ocr_line' id='line_1_13' title="bbox 349 1202 1908 1278; baseline 0.005 -22"><span class='ocrx_word' id='word_1_74' title='bbox 349 1202 701 1267; x_wconf 71' lang='grc' dir='ltr'>ἐσκύλευσεν,</span> <span class='ocrx_word' id='word_1_75' title='bbox 724 1202 1017 1275; x_wconf 75' lang='grc' dir='ltr'>ιάνθρωποι</span> <span class='ocrx_word' id='word_1_76' title='bbox 1067 1207 1491 1278; x_wconf 80' lang='grc' dir='ltr'>κατωρχήσαντο</span> <span class='ocrx_word' id='word_1_77' title='bbox 1526 1205 1620 1261; x_wconf 75' lang='grc' dir='ltr'>τοῦ</span> <span class='ocrx_word' id='word_1_78' title='bbox 1658 1208 1908 1265; x_wconf 82' lang='grc' dir='ltr'>θανάτου.</span> 
     </span>
    </p>
   </div>
   <div class='ocr_carea' id='block_1_14' title="bbox 348 1292 1912 1369">
    <p class='ocr_par' dir='ltr' id='par_1_14' title="bbox 348 1292 1912 1369">
     <span class='ocr_line' id='line_1_14' title="bbox 348 1292 1912 1369; baseline 0.005 -21"><span class='ocrx_word' id='word_1_79' title='bbox 348 1292 473 1349; x_wconf 89' lang='grc' dir='ltr'><strong>Ποῦ</strong></span> <span class='ocrx_word' id='word_1_80' title='bbox 497 1310 634 1359; x_wconf 89' lang='grc' dir='ltr'>σου,</span> <span class='ocrx_word' id='word_1_81' title='bbox 660 1293 895 1358; x_wconf 81' lang='grc' dir='ltr'><strong>θάνατε,</strong></span> <span class='ocrx_word' id='word_1_82' title='bbox 927 1295 993 1349; x_wconf 84' lang='grc' dir='ltr'>τὸ</span> <span class='ocrx_word' id='word_1_83' title='bbox 1034 1294 1317 1365; x_wconf 78' lang='grc' dir='ltr'>κέντρον;</span> <span class='ocrx_word' id='word_1_84' title='bbox 1343 1298 1460 1353; x_wconf 78' lang='grc' dir='ltr'>ποῦ</span> <span class='ocrx_word' id='word_1_85' title='bbox 1499 1314 1636 1365; x_wconf 83' lang='grc' dir='ltr'>σου,</span> <span class='ocrx_word' id='word_1_86' title='bbox 1657 1299 1803 1369; x_wconf 70' lang='grc' dir='ltr'>ᾔδη,</span> <span class='ocrx_word' id='word_1_87' title='bbox 1844 1301 1912 1355; x_wconf 84' lang='grc' dir='ltr'>τὸ</span> 
     </span>
    </p>
   </div>
   <div class='ocr_carea' id='block_1_15' title="bbox 346 1383 1911 1465">
    <p class='ocr_par' dir='ltr' id='par_1_15' title="bbox 346 1383 1911 1465">
     <span class='ocr_line' id='line_1_15' title="bbox 346 1383 1911 1465; baseline 0.005 -27"><span class='ocrx_word' id='word_1_88' title='bbox 346 1383 553 1451; x_wconf 63' lang='lat' dir='ltr'><strong>rixae;</strong></span> <span class='ocrx_word' id='word_1_89' title='bbox 592 1385 940 1441; x_wconf 83' lang='grc' dir='ltr'>Ἐσκύλευται</span> <span class='ocrx_word' id='word_1_90' title='bbox 966 1388 995 1441; x_wconf 96' lang='lat'><strong>6</strong></span> <span class='ocrx_word' id='word_1_91' title='bbox 1026 1385 1158 1459; x_wconf 70' lang='grc' dir='ltr'>ᾅδης</span> <span class='ocrx_word' id='word_1_92' title='bbox 1189 1388 1283 1443; x_wconf 78' lang='grc' dir='ltr'>καὶ</span> <span class='ocrx_word' id='word_1_93' title='bbox 1319 1392 1347 1444; x_wconf 98' lang='lat'><strong>6</strong></span> <span class='ocrx_word' id='word_1_94' title='bbox 1374 1385 1613 1455; x_wconf 81' lang='grc' dir='ltr'>δὶάϐολος</span> <span class='ocrx_word' id='word_1_95' title='bbox 1632 1408 1647 1423; x_wconf 96' lang='grc'><strong>·</strong></span> <span class='ocrx_word' id='word_1_96' title='bbox 1691 1391 1784 1447; x_wconf 85' lang='grc' dir='ltr'>καὶ</span> <span class='ocrx_word' id='word_1_97' title='bbox 1816 1393 1911 1465; x_wconf 86' lang='grc' dir='ltr'>τῆς</span> 
     </span>
    </p>
   </div>
   <div class='ocr_carea' id='block_1_16' title="bbox 347 1475 1905 1554">
    <p class='ocr_par' dir='ltr' id='par_1_16' title="bbox 347 1475 1905 1554">
     <span class='ocr_line' id='line_1_16' title="bbox 347 1475 1905 1554; baseline 0.004 -23"><span class='ocrx_word' id='word_1_98' title='bbox 347 1475 584 1549; x_wconf 78' lang='grc' dir='ltr'>ἀρχαίας</span> <span class='ocrx_word' id='word_1_99' title='bbox 616 1476 892 1549; x_wconf 82' lang='grc' dir='ltr'>ἀφῄρηται</span> <span class='ocrx_word' id='word_1_100' title='bbox 935 1476 1263 1543; x_wconf 87' lang='grc' dir='ltr'>πανοπλίας·</span> <span class='ocrx_word' id='word_1_101' title='bbox 1290 1480 1382 1533; x_wconf 73' lang='grc' dir='ltr'>καὶ</span> <span class='ocrx_word' id='word_1_102' title='bbox 1413 1479 1505 1533; x_wconf 81' lang='grc' dir='ltr'>τοῦ</span> <span class='ocrx_word' id='word_1_103' title='bbox 1547 1481 1744 1536; x_wconf 82' lang='grc' dir='ltr'><strong>οἰκείου</strong></span> <span class='ocrx_word' id='word_1_104' title='bbox 1774 1483 1905 1554; x_wconf 86' lang='grc' dir='ltr'>κρά-</span> 
     </span>
    </p>
   </div>
   <div class='ocr_carea' id='block_1_17' title="bbox 345 1565 1912 1643">
    <p class='ocr_par' dir='ltr' id='par_1_17' title="bbox 345 1565 1912 1643">
     <span class='ocr_line' id='line_1_17' title="bbox 345 1565 1912 1643; baseline 0.003 -23"><span class='ocrx_word' id='word_1_105' title='bbox 345 1582 473 1630; x_wconf 83' lang='grc' dir='ltr'>τους</span> <span class='ocrx_word' id='word_1_106' title='bbox 512 1565 865 1638; x_wconf 82' lang='grc' dir='ltr'>ὲκϐέϐληται·</span> <span class='ocrx_word' id='word_1_107' title='bbox 903 1566 997 1620; x_wconf 76' lang='grc' dir='ltr'>καὶ</span> <span class='ocrx_word' id='word_1_108' title='bbox 1031 1567 1280 1640; x_wconf 87' lang='grc' dir='ltr'>καθάπερ</span> <span class='ocrx_word' id='word_1_109' title='bbox 1319 1570 1348 1622; x_wconf 88' lang='lat'><strong>6</strong></span> <span class='ocrx_word' id='word_1_110' title='bbox 1391 1568 1581 1624; x_wconf 83' lang='grc' dir='ltr'>Γολιάθ</span> <span class='ocrx_word' id='word_1_111' title='bbox 1625 1570 1703 1642; x_wconf 82' lang='grc' dir='ltr'>τῷ</span> <span class='ocrx_word' id='word_1_112' title='bbox 1729 1572 1912 1643; x_wconf 74' lang='grc' dir='ltr'>οἰκείῳ</span> 
     </span>
    </p>
   </div>
   <div class='ocr_carea' id='block_1_18' title="bbox 347 1662 1911 1740">
    <p class='ocr_par' dir='ltr' id='par_1_18' title="bbox 347 1662 1911 1740">
     <span class='ocr_line' id='line_1_18' title="bbox 347 1662 1911 1740; baseline 0.008 -25"><span class='ocrx_word' id='word_1_113' title='bbox 347 1662 493 1734; x_wconf 81' lang='grc' dir='ltr'>ξίφει</span> <span class='ocrx_word' id='word_1_114' title='bbox 529 1664 628 1735; x_wconf 85' lang='grc' dir='ltr'>τὴν</span> <span class='ocrx_word' id='word_1_115' title='bbox 674 1665 913 1739; x_wconf 78' lang='grc' dir='ltr'>κεφαλὴν</span> <span class='ocrx_word' id='word_1_116' title='bbox 946 1667 1257 1740; x_wconf 83' lang='grc' dir='ltr'><strong>ἀπετμήθη,</strong></span> <span class='ocrx_word' id='word_1_117' title='bbox 1303 1667 1444 1722; x_wconf 78' lang='grc' dir='ltr'>οὕτω</span> <span class='ocrx_word' id='word_1_118' title='bbox 1486 1670 1579 1724; x_wconf 76' lang='grc' dir='ltr'>καὶ</span> <span class='ocrx_word' id='word_1_119' title='bbox 1615 1673 1644 1726; x_wconf 91' lang='lat'><strong>6</strong></span> <span class='ocrx_word' id='word_1_120' title='bbox 1672 1672 1911 1737; x_wconf 87' lang='grc' dir='ltr'>διάϐολος</span> 
     </span>
    </p>
   </div>
   <div class='ocr_carea' id='block_1_19' title="bbox 347 1754 1908 1835">
    <p class='ocr_par' dir='ltr' id='par_1_19' title="bbox 347 1754 1908 1835">
     <span class='ocr_line' id='line_1_19' title="bbox 347 1754 1908 1835; baseline 0.006 -27"><span class='ocrx_word' id='word_1_121' title='bbox 347 1754 580 1809; x_wconf 82' lang='grc' dir='ltr'>θάνατον</span> <span class='ocrx_word' id='word_1_122' title='bbox 613 1758 896 1829; x_wconf 78' lang='grc' dir='ltr'>γεννήσας,</span> <span class='ocrx_word' id='word_1_123' title='bbox 930 1758 1017 1813; x_wconf 88' lang='grc' dir='ltr'><strong>διά</strong></span> <span class='ocrx_word' id='word_1_124' title='bbox 1056 1758 1286 1813; x_wconf 85' lang='grc' dir='ltr'>θανάτου</span> <span class='ocrx_word' id='word_1_125' title='bbox 1317 1760 1606 1831; x_wconf 81' lang='grc' dir='ltr'>τροποῦται</span> <span class='ocrx_word' id='word_1_126' title='bbox 1625 1780 1646 1821; x_wconf 28' lang='grc'><strong>·,</strong></span> <span class='ocrx_word' id='word_1_127' title='bbox 1676 1763 1770 1817; x_wconf 73' lang='grc' dir='ltr'>καὶ</span> <span class='ocrx_word' id='word_1_128' title='bbox 1812 1763 1908 1835; x_wconf 83' lang='grc' dir='ltr'><strong>τήν</strong></span> 
     </span>
    </p>
   </div>
   <div class='ocr_carea' id='block_1_20' title="bbox 343 1830 1979 1928">
    <p class='ocr_par' dir='ltr' id='par_1_20' title="bbox 343 1830 1979 1928">
     <span class='ocr_line' id='line_1_20' title="bbox 343 1830 1979 1928; baseline 0.002 -25"><span class='ocrx_word' id='word_1_129' title='bbox 343 1840 549 1921; x_wconf 69' lang='grc' dir='ltr'>εὐχερῆ</span> <span class='ocrx_word' id='word_1_130' title='bbox 579 1850 798 1921; x_wconf 82' lang='grc' dir='ltr'>μέθοδον</span> <span class='ocrx_word' id='word_1_131' title='bbox 834 1851 933 1922; x_wconf 83' lang='grc' dir='ltr'><strong>τῆς</strong></span> <span class='ocrx_word' id='word_1_132' title='bbox 963 1852 1167 1917; x_wconf 75' lang='grc' dir='ltr'>οἰκείας</span> <span class='ocrx_word' id='word_1_133' title='bbox 1202 1830 1419 1925; x_wconf 71' lang='grc' dir='ltr'>ἀπάτης</span> <span class='ocrx_word' id='word_1_134' title='bbox 1439 1892 1454 1916; x_wconf 96' lang='grc'><strong>,</strong></span> <span class='ocrx_word' id='word_1_135' title='bbox 1488 1852 1716 1925; x_wconf 74' lang='grc' dir='ltr'>ὄργανον</span> <span class='ocrx_word' id='word_1_136' title='bbox 1764 1830 1909 1928; x_wconf 82' lang='grc' dir='ltr'>ίσχυ-</span> <span class='ocrx_word' id='word_1_137' title='bbox 1941 1830 1979 1884; x_wconf 62' lang='grc' dir='ltr'><strong>υ</strong></span> 
     </span>
    </p>
   </div>
   <div class='ocr_carea' id='block_1_21' title="bbox 345 1938 1908 2020">
    <p class='ocr_par' dir='ltr' id='par_1_21' title="bbox 345 1938 1908 2020">
     <span class='ocr_line' id='line_1_21' title="bbox 345 1938 1908 2020; baseline 0.004 -24"><span class='ocrx_word' id='word_1_138' title='bbox 345 1941 442 2014; x_wconf 81' lang='grc' dir='ltr'>ρὸν</span> <span class='ocrx_word' id='word_1_139' title='bbox 469 1938 571 2012; x_wconf 69' lang='grc' dir='ltr'>τῆς</span> <span class='ocrx_word' id='word_1_140' title='bbox 592 1941 725 2005; x_wconf 78' lang='grc' dir='ltr'>ἰδίας</span> <span class='ocrx_word' id='word_1_141' title='bbox 755 1942 1025 2008; x_wconf 83' lang='grc' dir='ltr'>ἀπωλείας</span> <span class='ocrx_word' id='word_1_142' title='bbox 1048 1943 1289 2017; x_wconf 77' lang='grc' dir='ltr'>εὑρίσκει</span> <span class='ocrx_word' id='word_1_143' title='bbox 1311 1961 1325 1975; x_wconf 93' lang='grc'><strong>·</strong></span> <span class='ocrx_word' id='word_1_144' title='bbox 1352 1945 1599 2015; x_wconf 87' lang='grc' dir='ltr'>καθάπερ</span> <span class='ocrx_word' id='word_1_145' title='bbox 1619 1947 1908 2020; x_wconf 82' lang='grc' dir='ltr'>ἄγκιστρον</span> 
     </span>
    </p>
   </div>
   <div class='ocr_carea' id='block_1_22' title="bbox 343 2033 1909 2111">
    <p class='ocr_par' dir='ltr' id='par_1_22' title="bbox 343 2033 1909 2111">
     <span class='ocr_line' id='line_1_22' title="bbox 343 2033 1909 2111; baseline 0.005 -26"><span class='ocrx_word' id='word_1_146' title='bbox 343 2033 674 2105; x_wconf 76' lang='grc' dir='ltr'>περιπαρεὶς</span> <span class='ocrx_word' id='word_1_147' title='bbox 703 2036 769 2105; x_wconf 77' lang='grc' dir='ltr'><strong>τῇ</strong></span> <span class='ocrx_word' id='word_1_148' title='bbox 819 2034 1063 2106; x_wconf 85' lang='grc' dir='ltr'>Θεότητι,</span> <span class='ocrx_word' id='word_1_149' title='bbox 1102 2034 1195 2088; x_wconf 76' lang='grc' dir='ltr'><strong>καὶ</strong></span> <span class='ocrx_word' id='word_1_150' title='bbox 1233 2035 1293 2089; x_wconf 81' lang='grc' dir='ltr'>τὸ</span> <span class='ocrx_word' id='word_1_151' title='bbox 1330 2035 1556 2107; x_wconf 82' lang='grc' dir='ltr'>σύνηθες</span> <span class='ocrx_word' id='word_1_152' title='bbox 1589 2036 1779 2111; x_wconf 85' lang='grc' dir='ltr'>δέλεαρ</span> <span class='ocrx_word' id='word_1_153' title='bbox 1809 2055 1909 2093; x_wconf 90' lang='grc' dir='ltr'>κα-</span> 
     </span>
    </p>
   </div>
   <div class='ocr_carea' id='block_1_23' title="bbox 339 2122 1908 2200">
    <p class='ocr_par' dir='ltr' id='par_1_23' title="bbox 339 2122 1908 2200">
     <span class='ocr_line' id='line_1_23' title="bbox 339 2122 1908 2200; baseline 0.003 -22"><span class='ocrx_word' id='word_1_154' title='bbox 339 2122 553 2178; x_wconf 83' lang='grc' dir='ltr'>ταπιὼν</span> <span class='ocrx_word' id='word_1_155' title='bbox 581 2125 872 2197; x_wconf 83' lang='grc' dir='ltr'>ἀγρεύεται</span> <span class='ocrx_word' id='word_1_156' title='bbox 914 2126 1097 2196; x_wconf 84' lang='grc' dir='ltr'>σαφῶς</span> <span class='ocrx_word' id='word_1_157' title='bbox 1136 2128 1165 2180; x_wconf 90' lang='lat'><strong>6</strong></span> <span class='ocrx_word' id='word_1_158' title='bbox 1210 2127 1464 2200; x_wconf 76' lang='grc' dir='ltr'>ἀγρεύειν</span> <span class='ocrx_word' id='word_1_159' title='bbox 1502 2129 1776 2200; x_wconf 76' lang='grc' dir='ltr'>οἰόμενος·</span> <span class='ocrx_word' id='word_1_160' title='bbox 1813 2130 1908 2184; x_wconf 79' lang='grc' dir='ltr'>καὶ</span> 
     </span>
    </p>
   </div>
   <div class='ocr_carea' id='block_1_24' title="bbox 350 2212 1907 2295">
    <p class='ocr_par' dir='ltr' id='par_1_24' title="bbox 350 2212 1907 2295">
     <span class='ocr_line' id='line_1_24' title="bbox 350 2212 1907 2295; baseline 0.005 -28"><span class='ocrx_word' id='word_1_161' title='bbox 350 2212 485 2268; x_wconf 77' lang='grc' dir='ltr'>Θεὸν</span> <span class='ocrx_word' id='word_1_162' title='bbox 514 2214 634 2268; x_wconf 78' lang='grc' dir='ltr'>ἀντὶ</span> <span class='ocrx_word' id='word_1_163' title='bbox 658 2213 942 2287; x_wconf 84' lang='grc' dir='ltr'>ἀνθρώπου</span> <span class='ocrx_word' id='word_1_164' title='bbox 980 2217 1276 2289; x_wconf 84' lang='grc' dir='ltr'>κρατήσας.</span> <span class='ocrx_word' id='word_1_165' title='bbox 1310 2218 1407 2272; x_wconf 81' lang='grc' dir='ltr'>Διά</span> <span class='ocrx_word' id='word_1_166' title='bbox 1440 2218 1594 2273; x_wconf 85' lang='grc' dir='ltr'>τοῦτο</span> <span class='ocrx_word' id='word_1_167' title='bbox 1635 2221 1907 2295; x_wconf 87' lang='grc' dir='ltr'>μάρτυρες</span> 
     </span>
    </p>
   </div>
   <div class='ocr_carea' id='block_1_25' title="bbox 342 2304 1908 2381">
    <p class='ocr_par' dir='ltr' id='par_1_25' title="bbox 342 2304 1908 2381">
     <span class='ocr_line' id='line_1_25' title="bbox 342 2304 1908 2381; baseline 0.006 -24"><span class='ocrx_word' id='word_1_168' title='bbox 342 2304 638 2376; x_wconf 80' lang='grc' dir='ltr'>σκιρτῶσιν</span> <span class='ocrx_word' id='word_1_169' title='bbox 666 2305 763 2378; x_wconf 81' lang='grc' dir='ltr'>τὴν</span> <span class='ocrx_word' id='word_1_170' title='bbox 796 2305 890 2359; x_wconf 82' lang='grc' dir='ltr'>τοῦ</span> <span class='ocrx_word' id='word_1_171' title='bbox 920 2306 1211 2378; x_wconf 87' lang='grc' dir='ltr'>δράκοντος</span> <span class='ocrx_word' id='word_1_172' title='bbox 1245 2309 1485 2381; x_wconf 85' lang='grc' dir='ltr'>κεφαλήν</span> <span class='ocrx_word' id='word_1_173' title='bbox 1504 2325 1517 2339; x_wconf 96' lang='grc'><strong>·</strong></span> <span class='ocrx_word' id='word_1_174' title='bbox 1554 2310 1650 2365; x_wconf 75' lang='grc' dir='ltr'><strong>καὶ</strong></span> <span class='ocrx_word' id='word_1_175' title='bbox 1682 2313 1788 2365; x_wconf 80' lang='grc' dir='ltr'><strong>πᾶν</strong></span> <span class='ocrx_word' id='word_1_176' title='bbox 1831 2308 1908 2367; x_wconf 68' lang='grc' dir='ltr'>εῒὲ</span> 
     </span>
    </p>
   </div>
   <div class='ocr_carea' id='block_1_26' title="bbox 339 2390 1907 2476">
    <p class='ocr_par' dir='ltr' id='par_1_26' title="bbox 339 2390 1907 2476">
     <span class='ocr_line' id='line_1_26' title="bbox 339 2390 1907 2476; baseline 0.004 -26"><span class='ocrx_word' id='word_1_177' title='bbox 339 2395 432 2459; x_wconf 81' lang='grc' dir='ltr'><strong>δος</strong></span> <span class='ocrx_word' id='word_1_178' title='bbox 472 2395 717 2466; x_wconf 81' lang='grc' dir='ltr'>βασάνων</span> <span class='ocrx_word' id='word_1_179' title='bbox 765 2398 1122 2471; x_wconf 84' lang='grc' dir='ltr'>ὑπερορῶσιν.</span> <span class='ocrx_word' id='word_1_180' title='bbox 1178 2399 1294 2469; x_wconf 82' lang='grc' dir='ltr'><strong>Ἀφ’</strong></span> <span class='ocrx_word' id='word_1_181' title='bbox 1339 2390 1550 2474; x_wconf 28' lang='grc' dir='ltr'>οὒκγὰρ</span> <span class='ocrx_word' id='word_1_182' title='bbox 1585 2403 1614 2455; x_wconf 94' lang='lat'><strong>6</strong></span> <span class='ocrx_word' id='word_1_183' title='bbox 1659 2394 1907 2476; x_wconf 85' lang='grc' dir='ltr'>δεύτερος</span> 
     </span>
    </p>
   </div>
   <div class='ocr_carea' id='block_1_27' title="bbox 339 2486 1907 2566">
    <p class='ocr_par' dir='ltr' id='par_1_27' title="bbox 339 2486 1907 2566">
     <span class='ocr_line' id='line_1_27' title="bbox 339 2486 1907 2566; baseline 0.008 -27"><span class='ocrx_word' id='word_1_184' title='bbox 339 2487 434 2540; x_wconf 77' lang='grc' dir='ltr'>τὸν</span> <span class='ocrx_word' id='word_1_185' title='bbox 459 2486 672 2560; x_wconf 85' lang='grc' dir='ltr'>πρῶτον</span> <span class='ocrx_word' id='word_1_186' title='bbox 706 2488 877 2560; x_wconf 77' lang='grc' dir='ltr'>Ἀδὰμ</span> <span class='ocrx_word' id='word_1_187' title='bbox 906 2492 970 2543; x_wconf 83' lang='grc' dir='ltr'>ὲκ</span> <span class='ocrx_word' id='word_1_188' title='bbox 994 2490 1088 2544; x_wconf 81' lang='grc' dir='ltr'><strong>τοῦ</strong></span> <span class='ocrx_word' id='word_1_189' title='bbox 1132 2490 1401 2564; x_wconf 77' lang='grc' dir='ltr'>πυθμένος</span> <span class='ocrx_word' id='word_1_190' title='bbox 1431 2492 1524 2547; x_wconf 83' lang='grc' dir='ltr'>τοῦ</span> <span class='ocrx_word' id='word_1_191' title='bbox 1558 2494 1682 2566; x_wconf 69' lang='grc' dir='ltr'>ᾅδου</span> <span class='ocrx_word' id='word_1_192' title='bbox 1715 2496 1790 2560; x_wconf 84' lang='grc' dir='ltr'>ὼς</span> <span class='ocrx_word' id='word_1_193' title='bbox 1817 2497 1907 2551; x_wconf 81' lang='grc' dir='ltr'>τὸν</span> 
     </span>
    </p>
   </div>
   <div class='ocr_carea' id='block_1_28' title="bbox 354 2579 1904 2660">
    <p class='ocr_par' dir='ltr' id='par_1_28' title="bbox 354 2579 1904 2660">
     <span class='ocr_line' id='line_1_28' title="bbox 354 2579 1904 2660; baseline 0.008 -28"><span class='ocrx_word' id='word_1_194' title='bbox 354 2580 538 2633; x_wconf 82' lang='grc' dir='ltr'>Ἰωνᾶν</span> <span class='ocrx_word' id='word_1_195' title='bbox 567 2582 631 2634; x_wconf 81' lang='grc' dir='ltr'>ὲκ</span> <span class='ocrx_word' id='word_1_196' title='bbox 660 2579 753 2634; x_wconf 82' lang='grc' dir='ltr'>τοῦ</span> <span class='ocrx_word' id='word_1_197' title='bbox 777 2583 976 2652; x_wconf 86' lang='grc' dir='ltr'>κήτους</span> <span class='ocrx_word' id='word_1_198' title='bbox 996 2584 1290 2654; x_wconf 81' lang='grc' dir='ltr'>ἀνήγαγεν,</span> <span class='ocrx_word' id='word_1_199' title='bbox 1311 2585 1516 2640; x_wconf 75' lang='grc' dir='ltr'>καὶτὸν</span> <span class='ocrx_word' id='word_1_200' title='bbox 1540 2588 1904 2660; x_wconf 79' lang='grc' dir='ltr'>ἀπατηθέντα,</span> 
     </span>
    </p>
   </div>
   <div class='ocr_carea' id='block_1_29' title="bbox 342 2671 1908 2753">
    <p class='ocr_par' dir='ltr' id='par_1_29' title="bbox 342 2671 1908 2753">
     <span class='ocr_line' id='line_1_29' title="bbox 342 2671 1908 2753; baseline 0.008 -29"><span class='ocrx_word' id='word_1_201' title='bbox 342 2671 425 2734; x_wconf 85' lang='grc' dir='ltr'><strong>είς</strong></span> <span class='ocrx_word' id='word_1_202' title='bbox 457 2671 721 2743; x_wconf 74' lang='grc' dir='ltr'>ἐντροπὴν</span> <span class='ocrx_word' id='word_1_203' title='bbox 769 2673 863 2727; x_wconf 77' lang='grc' dir='ltr'>τοῦ</span> <span class='ocrx_word' id='word_1_204' title='bbox 895 2674 1292 2747; x_wconf 84' lang='grc' dir='ltr'>ἀπατήσαντος,</span> <span class='ocrx_word' id='word_1_205' title='bbox 1330 2677 1748 2753; x_wconf 81' lang='grc' dir='ltr'>οὐρανοπολίτην</span> <span class='ocrx_word' id='word_1_206' title='bbox 1787 2682 1908 2736; x_wconf 88' lang='grc' dir='ltr'>ἀνέ-</span> 
     </span>
    </p>
   </div>
   <div class='ocr_carea' id='block_1_30' title="bbox 339 2761 1906 2842">
    <p class='ocr_par' dir='ltr' id='par_1_30' title="bbox 339 2761 1906 2842">
     <span class='ocr_line' id='line_1_30' title="bbox 339 2761 1906 2842; baseline 0.01 -28"><span class='ocrx_word' id='word_1_207' title='bbox 339 2761 513 2829; x_wconf 81' lang='grc' dir='ltr'>δειξεν</span> <span class='ocrx_word' id='word_1_208' title='bbox 532 2779 549 2794; x_wconf 94' lang='grc'><strong>·</strong></span> <span class='ocrx_word' id='word_1_209' title='bbox 580 2762 639 2830; x_wconf 72' lang='grc' dir='ltr'><strong>ἐξ</strong></span> <span class='ocrx_word' id='word_1_210' title='bbox 673 2763 879 2819; x_wconf 74' lang='grc' dir='ltr'>ἐκείνου</span> <span class='ocrx_word' id='word_1_211' title='bbox 912 2765 1077 2820; x_wconf 87' lang='grc' dir='ltr'>πύλαι</span> <span class='ocrx_word' id='word_1_212' title='bbox 1105 2767 1229 2839; x_wconf 75' lang='grc' dir='ltr'>ᾅδου</span> <span class='ocrx_word' id='word_1_213' title='bbox 1253 2768 1638 2842; x_wconf 75' lang='grc' dir='ltr'>ἐκλείσθησαν·</span> <span class='ocrx_word' id='word_1_214' title='bbox 1673 2774 1767 2829; x_wconf 78' lang='grc' dir='ltr'><strong>καὶ</strong></span> <span class='ocrx_word' id='word_1_215' title='bbox 1803 2774 1906 2829; x_wconf 79' lang='grc' dir='ltr'><strong>πύ-</strong></span> 
     </span>
    </p>
   </div>
   <div class='ocr_carea' id='block_1_31' title="bbox 339 2856 1909 2939">
    <p class='ocr_par' dir='ltr' id='par_1_31' title="bbox 339 2856 1909 2939">
     <span class='ocr_line' id='line_1_31' title="bbox 339 2856 1909 2939; baseline 0.006 -28"><span class='ocrx_word' id='word_1_216' title='bbox 339 2857 432 2911; x_wconf 86' lang='grc' dir='ltr'><strong>λαι</strong></span> <span class='ocrx_word' id='word_1_217' title='bbox 472 2856 700 2929; x_wconf 79' lang='grc' dir='ltr'>οὐρανοῦ</span> <span class='ocrx_word' id='word_1_218' title='bbox 747 2858 1127 2933; x_wconf 84' lang='grc' dir='ltr'>ἀνεῴχθησαν·</span> <span class='ocrx_word' id='word_1_219' title='bbox 1176 2861 1449 2918; x_wconf 83' lang='grc' dir='ltr'>ἀκώλυτον</span> <span class='ocrx_word' id='word_1_220' title='bbox 1491 2869 1602 2930; x_wconf 85' lang='grc' dir='ltr'>τοῖς</span> <span class='ocrx_word' id='word_1_221' title='bbox 1648 2869 1783 2939; x_wconf 87' lang='grc' dir='ltr'><strong>μετά</strong></span> <span class='ocrx_word' id='word_1_222' title='bbox 1823 2868 1909 2923; x_wconf 86' lang='grc' dir='ltr'>πί-</span> 
     </span>
    </p>
   </div>
   <div class='ocr_carea' id='block_1_32' title="bbox 345 2951 1908 3033">
    <p class='ocr_par' dir='ltr' id='par_1_32' title="bbox 345 2951 1908 3033">
     <span class='ocr_line' id='line_1_32' title="bbox 345 2951 1908 3033; baseline 0.01 -31"><span class='ocrx_word' id='word_1_223' title='bbox 345 2965 515 3014; x_wconf 88' lang='grc' dir='ltr'>στεως</span> <span class='ocrx_word' id='word_1_224' title='bbox 541 2951 778 3005; x_wconf 77' lang='grc' dir='ltr'>ἀνιοῦσιν</span> <span class='ocrx_word' id='word_1_225' title='bbox 804 2954 1225 3027; x_wconf 76' lang='grc' dir='ltr'>παραχωροῦσαι</span> <span class='ocrx_word' id='word_1_226' title='bbox 1250 2956 1346 3027; x_wconf 83' lang='grc' dir='ltr'>τὴν</span> <span class='ocrx_word' id='word_1_227' title='bbox 1368 2958 1586 3013; x_wconf 79' lang='grc' dir='ltr'>εἴσοδον.</span> <span class='ocrx_word' id='word_1_228' title='bbox 1609 2961 1781 3016; x_wconf 84' lang='grc' dir='ltr'>Πάλαι</span> <span class='ocrx_word' id='word_1_229' title='bbox 1810 2962 1908 3033; x_wconf 86' lang='grc' dir='ltr'>μὲν</span> 
     </span>
    </p>
   </div>
   <div class='ocr_carea' id='block_1_33' title="bbox 353 3040 1905 3124">
    <p class='ocr_par' dir='ltr' id='par_1_33' title="bbox 353 3040 1905 3124">
     <span class='ocr_line' id='line_1_33' title="bbox 353 3040 1905 3124; baseline 0.008 -30"><span class='ocrx_word' id='word_1_230' title='bbox 353 3040 547 3097; x_wconf 82' lang='grc' dir='ltr'>Ἰακὼϐ</span> <span class='ocrx_word' id='word_1_231' title='bbox 578 3042 1245 3119; x_wconf 73' lang='grc' dir='ltr'>κλίμακαῖὲστηριγμένην</span> <span class='ocrx_word' id='word_1_232' title='bbox 1278 3047 1381 3113; x_wconf 75' lang='grc' dir='ltr'>ἕως</span> <span class='ocrx_word' id='word_1_233' title='bbox 1412 3049 1504 3103; x_wconf 79' lang='grc' dir='ltr'><strong>τοῦ</strong></span> <span class='ocrx_word' id='word_1_234' title='bbox 1537 3050 1763 3124; x_wconf 76' lang='grc' dir='ltr'>οὖρανοῦ</span> <span class='ocrx_word' id='word_1_235' title='bbox 1785 3053 1905 3107; x_wconf 83' lang='grc' dir='ltr'>ὲθε-</span> 
     </span>
    </p>
   </div>
   <div class='ocr_carea' id='block_1_34' title="bbox 2014 570 3567 648">
    <p class='ocr_par' dir='ltr' id='par_1_34' title="bbox 2014 570 3567 648">
     <span class='ocr_line' id='line_1_34' title="bbox 2014 570 3567 648; baseline 0.004 -22"><span class='ocrx_word' id='word_1_236' title='bbox 2014 571 2116 626; x_wconf 90' lang='lat' dir='ltr'><strong>iter</strong></span> <span class='ocrx_word' id='word_1_237' title='bbox 2143 571 2253 643; x_wconf 80' lang='grc'>(21)</span> <span class='ocrx_word' id='word_1_238' title='bbox 2290 572 2571 642; x_wconf 84' lang='lat' dir='ltr'><strong>impulere.</strong></span> <span class='ocrx_word' id='word_1_239' title='bbox 2606 570 2669 628; x_wconf 85' lang='lat' dir='ltr'><strong>Hi</strong></span> <span class='ocrx_word' id='word_1_240' title='bbox 2712 575 2959 643; x_wconf 84' lang='lat' dir='ltr'><strong>pusillos,</strong></span> <span class='ocrx_word' id='word_1_241' title='bbox 3010 577 3267 647; x_wconf 84' lang='lat' dir='ltr'><strong>humique</strong></span> <span class='ocrx_word' id='word_1_242' title='bbox 3297 587 3567 648; x_wconf 81' lang='lat' dir='ltr'><strong>reptantes</strong></span> 
     </span>
    </p>
   </div>
   <div class='ocr_carea' id='block_1_35' title="bbox 2014 663 3602 740">
    <p class='ocr_par' dir='ltr' id='par_1_35' title="bbox 2014 663 3602 740">
     <span class='ocr_line' id='line_1_35' title="bbox 2014 663 3602 740; baseline 0.004 -23"><span class='ocrx_word' id='word_1_243' title='bbox 2014 663 2125 735; x_wconf 87' lang='grc'>(22)</span> <span class='ocrx_word' id='word_1_244' title='bbox 2154 663 2448 720; x_wconf 82' lang='lat' dir='ltr'><strong>infantulos</strong></span> <span class='ocrx_word' id='word_1_245' title='bbox 2476 665 2583 721; x_wconf 89' lang='lat' dir='ltr'><strong>huc</strong></span> <span class='ocrx_word' id='word_1_246' title='bbox 2608 665 2964 723; x_wconf 83' lang='lat' dir='ltr'><strong>adduxerunt.</strong></span> <span class='ocrx_word' id='word_1_247' title='bbox 3004 668 3115 733; x_wconf 86' lang='lat' dir='ltr'><strong>llli,‘</strong></span> <span class='ocrx_word' id='word_1_248' title='bbox 3142 669 3383 740; x_wconf 81' lang='lat' dir='ltr'><strong>inquam,</strong></span> <span class='ocrx_word' id='word_1_249' title='bbox 3411 682 3569 724; x_wconf 82' lang='lat' dir='ltr'><strong>&#39;mar—</strong></span> <span class='ocrx_word' id='word_1_250' title='bbox 3596 701 3602 712; x_wconf 76' lang='grc' dir='ltr'><strong><em>ο</em></strong></span> 
     </span>
    </p>
   </div>
   <div class='ocr_carea' id='block_1_36' title="bbox 2013 755 3568 829">
    <p class='ocr_par' dir='ltr' id='par_1_36' title="bbox 2013 755 3568 829">
     <span class='ocr_line' id='line_1_36' title="bbox 2013 755 3568 829; baseline 0.004 -20"><span class='ocrx_word' id='word_1_251' title='bbox 2013 764 2158 827; x_wconf 80' lang='lat' dir='ltr'><strong>tyres</strong></span> <span class='ocrx_word' id='word_1_252' title='bbox 2184 755 2296 826; x_wconf 81' lang='grc'>(25)</span> <span class='ocrx_word' id='word_1_253' title='bbox 2329 756 2444 810; x_wconf 81' lang='lat' dir='ltr'><strong>haec</strong></span> <span class='ocrx_word' id='word_1_254' title='bbox 2467 757 2785 826; x_wconf 72' lang='lat' dir='ltr'><strong>praestitere,</strong></span> <span class='ocrx_word' id='word_1_255' title='bbox 2813 759 2907 827; x_wconf 86' lang='lat' dir='ltr'><strong>qui</strong></span> <span class='ocrx_word' id='word_1_256' title='bbox 2938 760 3128 815; x_wconf 90' lang='lat' dir='ltr'><strong>mortis</strong></span> <span class='ocrx_word' id='word_1_257' title='bbox 3158 769 3449 829; x_wconf 85' lang='lat' dir='ltr'><strong>conspectu</strong></span> <span class='ocrx_word' id='word_1_258' title='bbox 3481 759 3568 814; x_wconf 85' lang='lat' dir='ltr'><strong>ni-</strong></span> 
     </span>
    </p>
   </div>
   <div class='ocr_carea' id='block_1_37' title="bbox 2012 846 3567 925">
    <p class='ocr_par' dir='ltr' id='par_1_37' title="bbox 2012 846 3567 925">
     <span class='ocr_line' id='line_1_37' title="bbox 2012 846 3567 925; baseline 0.003 -25"><span class='ocrx_word' id='word_1_259' title='bbox 2012 846 2089 900; x_wconf 89' lang='lat' dir='ltr'><strong>hil</strong></span> <span class='ocrx_word' id='word_1_260' title='bbox 2145 846 2407 914; x_wconf 73' lang='lat' dir='ltr'><strong>deterriti,</strong></span> <span class='ocrx_word' id='word_1_261' title='bbox 2451 862 2517 902; x_wconf 92' lang='lat' dir='ltr'><strong>eo</strong></span> <span class='ocrx_word' id='word_1_262' title='bbox 2561 849 2679 918; x_wconf 88' lang='lat' dir='ltr'><strong>ipso</strong></span> <span class='ocrx_word' id='word_1_263' title='bbox 2706 857 2967 925; x_wconf 79' lang='lat' dir='ltr'><strong>tempore</strong></span> <span class='ocrx_word' id='word_1_264' title='bbox 3002 866 3110 921; x_wconf 90' lang='lat' dir='ltr'><strong>quo</strong></span> <span class='ocrx_word' id='word_1_265' title='bbox 3152 851 3243 906; x_wconf 90' lang='lat' dir='ltr'><strong>illa</strong></span> <span class='ocrx_word' id='word_1_266' title='bbox 3277 852 3347 906; x_wconf 90' lang='lat' dir='ltr'><strong>ob</strong></span> <span class='ocrx_word' id='word_1_267' title='bbox 3379 852 3567 907; x_wconf 84' lang='lat' dir='ltr'><strong>oculos</strong></span> 
     </span>
    </p>
   </div>
   <div class='ocr_carea' id='block_1_38' title="bbox 2012 938 3564 1017">
    <p class='ocr_par' dir='ltr' id='par_1_38' title="bbox 2012 938 3564 1017">
     <span class='ocr_line' id='line_1_38' title="bbox 2012 938 3564 1017; baseline 0.005 -25"><span class='ocrx_word' id='word_1_268' title='bbox 2012 938 2349 1017; x_wconf 84' lang='lat' dir='ltr'><strong>versabatur,</strong></span> <span class='ocrx_word' id='word_1_269' title='bbox 2389 941 2591 997; x_wconf 78' lang='lat' dir='ltr'><strong>saltare</strong></span> <span class='ocrx_word' id='word_1_270' title='bbox 2628 956 2741 1011; x_wconf 75' lang='lat' dir='ltr'><strong>prie</strong></span> <span class='ocrx_word' id='word_1_271' title='bbox 2771 942 2967 1015; x_wconf 84' lang='lat' dir='ltr'><strong>gaudio</strong></span> <span class='ocrx_word' id='word_1_272' title='bbox 3013 953 3443 999; x_wconf 89' lang='lat' dir='ltr'><strong>consueverant:</strong></span> <span class='ocrx_word' id='word_1_273' title='bbox 3470 945 3564 1016; x_wconf 85' lang='lat' dir='ltr'><strong>qui</strong></span> 
     </span>
    </p>
   </div>
   <div class='ocr_carea' id='block_1_39' title="bbox 2013 1028 3568 1101">
    <p class='ocr_par' dir='ltr' id='par_1_39' title="bbox 2013 1028 3568 1101">
     <span class='ocr_line' id='line_1_39' title="bbox 2013 1028 3568 1101; baseline 0.002 -19"><span class='ocrx_word' id='word_1_274' title='bbox 2013 1037 2236 1097; x_wconf 87' lang='lat' dir='ltr'><strong>paratos</strong></span> <span class='ocrx_word' id='word_1_275' title='bbox 2264 1029 2331 1084; x_wconf 90' lang='lat' dir='ltr'><strong>ad</strong></span> <span class='ocrx_word' id='word_1_276' title='bbox 2361 1029 2696 1098; x_wconf 79' lang='lat' dir='ltr'><strong>praecidenda</strong></span> <span class='ocrx_word' id='word_1_277' title='bbox 2729 1028 2810 1085; x_wconf 88' lang='lat' dir='ltr'><strong>eis</strong></span> <span class='ocrx_word' id='word_1_278' title='bbox 2838 1030 3011 1098; x_wconf 81' lang='lat' dir='ltr'><strong>capita</strong></span> <span class='ocrx_word' id='word_1_279' title='bbox 3040 1030 3246 1101; x_wconf 76' lang='lat' dir='ltr'><strong>gladios</strong></span> <span class='ocrx_word' id='word_1_280' title='bbox 3273 1030 3568 1086; x_wconf 86' lang='lat' dir='ltr'><strong>irridebant</strong></span> 
     </span>
    </p>
   </div>
   <div class='ocr_carea' id='block_1_40' title="bbox 2012 1110 3564 1193">
    <p class='ocr_par' dir='ltr' id='par_1_40' title="bbox 2012 1110 3564 1193">
     <span class='ocr_line' id='line_1_40' title="bbox 2012 1110 3564 1193; baseline -0.001 -17"><span class='ocrx_word' id='word_1_281' title='bbox 2012 1128 2067 1176; x_wconf 90' lang='lat' dir='ltr'><strong>et</strong></span> <span class='ocrx_word' id='word_1_282' title='bbox 2085 1120 2530 1187; x_wconf 85' lang='lat' dir='ltr'><strong>contemnebant;</strong></span> <span class='ocrx_word' id='word_1_283' title='bbox 2561 1121 2656 1191; x_wconf 89' lang='lat' dir='ltr'><strong>qui</strong></span> <span class='ocrx_word' id='word_1_284' title='bbox 2680 1128 3033 1193; x_wconf 82' lang='lat' dir='ltr'><strong>tyrannorum</strong></span> <span class='ocrx_word' id='word_1_285' title='bbox 3060 1121 3479 1192; x_wconf 77' lang='lat' dir='ltr'><strong>indignationem</strong></span> <span class='ocrx_word' id='word_1_286' title='bbox 3507 1110 3564 1176; x_wconf 89' lang='lat' dir='ltr'><strong>in</strong></span> 
     </span>
    </p>
   </div>
   <div class='ocr_carea' id='block_1_41' title="bbox 2013 1207 3564 1281">
    <p class='ocr_par' dir='ltr' id='par_1_41' title="bbox 2013 1207 3564 1281">
     <span class='ocr_line' id='line_1_41' title="bbox 2013 1207 3564 1281; baseline 0.001 -16"><span class='ocrx_word' id='word_1_287' title='bbox 2013 1211 2330 1281; x_wconf 89' lang='lat' dir='ltr'><strong>semetipsos</strong></span> <span class='ocrx_word' id='word_1_288' title='bbox 2371 1207 2825 1281; x_wconf 88' lang='lat' dir='ltr'><strong>incitabant;qui</strong></span> <span class='ocrx_word' id='word_1_289' title='bbox 2861 1220 3090 1266; x_wconf 84' lang='lat' dir='ltr'><strong>mortem</strong></span> <span class='ocrx_word' id='word_1_290' title='bbox 3144 1210 3564 1266; x_wconf 84' lang='lat' dir='ltr'><strong>immortalitatis</strong></span> 
     </span>
    </p>
   </div>
   <div class='ocr_carea' id='block_1_42' title="bbox 2010 1300 3565 1372">
    <p class='ocr_par' dir='ltr' id='par_1_42' title="bbox 2010 1300 3565 1372">
     <span class='ocr_line' id='line_1_42' title="bbox 2010 1300 3565 1372; baseline -0.001 -16"><span class='ocrx_word' id='word_1_291' title='bbox 2010 1300 2332 1357; x_wconf 79' lang='lat' dir='ltr'><strong>eﬂ‘ectricem</strong></span> <span class='ocrx_word' id='word_1_292' title='bbox 2363 1301 2415 1355; x_wconf 93' lang='lat' dir='ltr'><strong>vi</strong></span> <span class='ocrx_word' id='word_1_293' title='bbox 2450 1301 2519 1356; x_wconf 90' lang='lat' dir='ltr'><strong>ab</strong></span> <span class='ocrx_word' id='word_1_294' title='bbox 2553 1302 2657 1356; x_wconf 86' lang='lat' dir='ltr'><strong>illis</strong></span> <span class='ocrx_word' id='word_1_295' title='bbox 2699 1301 3125 1372; x_wconf 79' lang='lat' dir='ltr'><strong>extorquebant;</strong></span> <span class='ocrx_word' id='word_1_296' title='bbox 3160 1301 3253 1371; x_wconf 88' lang='lat' dir='ltr'><strong>qui</strong></span> <span class='ocrx_word' id='word_1_297' title='bbox 3296 1310 3426 1356; x_wconf 90' lang='lat' dir='ltr'><strong>tunc</strong></span> <span class='ocrx_word' id='word_1_298' title='bbox 3454 1310 3565 1355; x_wconf 84' lang='lat' dir='ltr'><strong>sta-</strong></span> 
     </span>
    </p>
   </div>
   <div class='ocr_carea' id='block_1_43' title="bbox 2011 1391 3560 1463">
    <p class='ocr_par' dir='ltr' id='par_1_43' title="bbox 2011 1391 3560 1463">
     <span class='ocr_line' id='line_1_43' title="bbox 2011 1391 3560 1463; baseline -0.003 -15"><span class='ocrx_word' id='word_1_299' title='bbox 2011 1392 2160 1459; x_wconf 85' lang='lat' dir='ltr'><strong>bant,</strong></span> <span class='ocrx_word' id='word_1_300' title='bbox 2188 1402 2242 1448; x_wconf 90' lang='lat' dir='ltr'><strong>et</strong></span> <span class='ocrx_word' id='word_1_301' title='bbox 2273 1391 2565 1463; x_wconf 77' lang='lat' dir='ltr'><strong>gloriosam</strong></span> <span class='ocrx_word' id='word_1_302' title='bbox 2597 1392 2873 1447; x_wconf 79' lang='lat' dir='ltr'><strong>victoriam</strong></span> <span class='ocrx_word' id='word_1_303' title='bbox 2912 1391 3406 1460; x_wconf 85' lang='lat' dir='ltr'><strong>consequebantur,</strong></span> <span class='ocrx_word' id='word_1_304' title='bbox 3437 1405 3560 1446; x_wconf 90' lang='lat' dir='ltr'><strong>cum</strong></span> 
     </span>
    </p>
   </div>
   <div class='ocr_carea' id='block_1_44' title="bbox 2010 1481 3562 1552">
    <p class='ocr_par' dir='ltr' id='par_1_44' title="bbox 2010 1481 3562 1552">
     <span class='ocr_line' id='line_1_44' title="bbox 2010 1481 3562 1552; baseline -0.001 -15"><span class='ocrx_word' id='word_1_305' title='bbox 2010 1482 2307 1548; x_wconf 86' lang='lat' dir='ltr'><strong>cadebant;</strong></span> <span class='ocrx_word' id='word_1_306' title='bbox 2330 1481 2424 1552; x_wconf 89' lang='lat' dir='ltr'><strong>qui</strong></span> <span class='ocrx_word' id='word_1_307' title='bbox 2454 1496 2551 1552; x_wconf 82' lang='lat' dir='ltr'><strong>per</strong></span> <span class='ocrx_word' id='word_1_308' title='bbox 2579 1496 2777 1551; x_wconf 89' lang='lat' dir='ltr'><strong>corpus</strong></span> <span class='ocrx_word' id='word_1_309' title='bbox 2807 1482 2861 1536; x_wconf 90' lang='lat' dir='ltr'><strong>in</strong></span> <span class='ocrx_word' id='word_1_310' title='bbox 2892 1481 3088 1537; x_wconf 63' lang='lat' dir='ltr'><strong>caelum</strong></span> <span class='ocrx_word' id='word_1_311' title='bbox 3107 1481 3445 1547; x_wconf 83' lang='lat' dir='ltr'><strong>insiliebant;</strong></span> <span class='ocrx_word' id='word_1_312' title='bbox 3469 1481 3562 1550; x_wconf 91' lang='lat' dir='ltr'><strong>qui</strong></span> 
     </span>
    </p>
   </div>
   <div class='ocr_carea' id='block_1_45' title="bbox 2009 1572 3563 1645">
    <p class='ocr_par' dir='ltr' id='par_1_45' title="bbox 2009 1572 3563 1645">
     <span class='ocr_line' id='line_1_45' title="bbox 2009 1572 3563 1645; baseline -0.001 -16"><span class='ocrx_word' id='word_1_313' title='bbox 2009 1589 2139 1630; x_wconf 84' lang='lat' dir='ltr'><strong>suos</strong></span> <span class='ocrx_word' id='word_1_314' title='bbox 2170 1574 2414 1645; x_wconf 91' lang='lat' dir='ltr'><strong>ipsorum</strong></span> <span class='ocrx_word' id='word_1_315' title='bbox 2441 1584 2592 1629; x_wconf 82' lang='lat' dir='ltr'><strong>artus</strong></span> <span class='ocrx_word' id='word_1_316' title='bbox 2628 1573 2855 1628; x_wconf 81' lang='lat' dir='ltr'><strong>distrahi</strong></span> <span class='ocrx_word' id='word_1_317' title='bbox 2893 1589 2956 1629; x_wconf 93' lang='lat' dir='ltr'><strong>ac</strong></span> <span class='ocrx_word' id='word_1_318' title='bbox 2984 1573 3216 1643; x_wconf 83' lang='lat' dir='ltr'><strong>dispergi</strong></span> <span class='ocrx_word' id='word_1_319' title='bbox 3244 1572 3358 1643; x_wconf 68' lang='grc'>(24)</span> <span class='ocrx_word' id='word_1_320' title='bbox 3388 1573 3563 1643; x_wconf 85' lang='lat' dir='ltr'><strong>patie-</strong></span> 
     </span>
    </p>
   </div>
   <div class='ocr_carea' id='block_1_46' title="bbox 2007 1652 3559 1734">
    <p class='ocr_par' dir='ltr' id='par_1_46' title="bbox 2007 1652 3559 1734">
     <span class='ocr_line' id='line_1_46' title="bbox 2007 1652 3559 1734; baseline 0.001 -16"><span class='ocrx_word' id='word_1_321' title='bbox 2007 1662 2225 1729; x_wconf 89' lang='lat' dir='ltr'><strong>bantur,</strong></span> <span class='ocrx_word' id='word_1_322' title='bbox 2258 1678 2333 1718; x_wconf 87' lang='lat' dir='ltr'><strong>ne</strong></span> <span class='ocrx_word' id='word_1_323' title='bbox 2360 1663 2571 1718; x_wconf 86' lang='lat' dir='ltr'><strong>animas</strong></span> <span class='ocrx_word' id='word_1_324' title='bbox 2618 1652 2920 1734; x_wconf 83' lang='lat' dir='ltr'><strong>perderent,</strong></span> <span class='ocrx_word' id='word_1_325' title='bbox 2962 1664 3052 1719; x_wconf 88' lang='lat' dir='ltr'><strong>sed</strong></span> <span class='ocrx_word' id='word_1_326' title='bbox 3084 1662 3194 1718; x_wconf 92' lang='lat' dir='ltr'><strong>Deo</strong></span> <span class='ocrx_word' id='word_1_327' title='bbox 3220 1663 3559 1733; x_wconf 86' lang='lat' dir='ltr'><strong>conjunctas,</strong></span> 
     </span>
    </p>
   </div>
   <div class='ocr_carea' id='block_1_47' title="bbox 2009 1753 3558 1825">
    <p class='ocr_par' dir='ltr' id='par_1_47' title="bbox 2009 1753 3558 1825">
     <span class='ocr_line' id='line_1_47' title="bbox 2009 1753 3558 1825; baseline -0.002 -16"><span class='ocrx_word' id='word_1_328' title='bbox 2009 1770 2074 1811; x_wconf 88' lang='lat' dir='ltr'><strong>ac</strong></span> <span class='ocrx_word' id='word_1_329' title='bbox 2109 1756 2270 1811; x_wconf 91' lang='lat' dir='ltr'><strong>veluti</strong></span> <span class='ocrx_word' id='word_1_330' title='bbox 2305 1756 2631 1811; x_wconf 88' lang='lat' dir='ltr'><strong>constrictas</strong></span> <span class='ocrx_word' id='word_1_331' title='bbox 2664 1753 2775 1825; x_wconf 83' lang='grc'>(25)</span> <span class='ocrx_word' id='word_1_332' title='bbox 2811 1762 3089 1816; x_wconf 87' lang='lat' dir='ltr'><strong>tenerent;</strong></span> <span class='ocrx_word' id='word_1_333' title='bbox 3127 1755 3219 1824; x_wconf 89' lang='lat' dir='ltr'><strong>qui</strong></span> <span class='ocrx_word' id='word_1_334' title='bbox 3252 1754 3375 1809; x_wconf 69' lang='lat' dir='ltr'><strong>vitae</strong></span> <span class='ocrx_word' id='word_1_335' title='bbox 3407 1753 3558 1809; x_wconf 87' lang='lat' dir='ltr'><strong>clau-</strong></span> 
     </span>
    </p>
   </div>
   <div class='ocr_carea' id='block_1_48' title="bbox 2007 1846 3559 1919">
    <p class='ocr_par' dir='ltr' id='par_1_48' title="bbox 2007 1846 3559 1919">
     <span class='ocr_line' id='line_1_48' title="bbox 2007 1846 3559 1919; baseline -0.001 -15"><span class='ocrx_word' id='word_1_336' title='bbox 2007 1859 2119 1906; x_wconf 87' lang='lat' dir='ltr'><strong>stra</strong></span> <span class='ocrx_word' id='word_1_337' title='bbox 2142 1847 2255 1919; x_wconf 86' lang='grc'>(26)</span> <span class='ocrx_word' id='word_1_338' title='bbox 2293 1848 2569 1918; x_wconf 88' lang='lat' dir='ltr'><strong>perrumpi</strong></span> <span class='ocrx_word' id='word_1_339' title='bbox 2610 1847 2937 1919; x_wconf 86' lang='lat' dir='ltr'><strong>gaudebant,</strong></span> <span class='ocrx_word' id='word_1_340' title='bbox 2980 1850 3044 1902; x_wconf 86' lang='lat' dir='ltr'><strong>ut</strong></span> <span class='ocrx_word' id='word_1_341' title='bbox 3071 1846 3332 1902; x_wconf 63' lang='lat' dir='ltr'><strong>caelorum</strong></span> <span class='ocrx_word' id='word_1_342' title='bbox 3363 1847 3559 1918; x_wconf 84' lang='lat' dir='ltr'><strong>januas</strong></span> 
     </span>
    </p>
   </div>
   <div class='ocr_carea' id='block_1_49' title="bbox 2006 1936 3559 2009">
    <p class='ocr_par' dir='ltr' id='par_1_49' title="bbox 2006 1936 3559 2009">
     <span class='ocr_line' id='line_1_49' title="bbox 2006 1936 3559 2009; baseline -0.003 -14"><span class='ocrx_word' id='word_1_343' title='bbox 2006 1941 2247 1996; x_wconf 86' lang='lat' dir='ltr'><strong>clavibus</strong></span> <span class='ocrx_word' id='word_1_344' title='bbox 2274 1948 2575 1994; x_wconf 81' lang='lat' dir='ltr'><strong>reserarent</strong></span> <span class='ocrx_word' id='word_1_345' title='bbox 2604 1938 2736 2009; x_wconf 86' lang='grc'>(27).</span> <span class='ocrx_word' id='word_1_346' title='bbox 2772 1936 2926 2004; x_wconf 84' lang='lat' dir='ltr'><strong>Quod</strong></span> <span class='ocrx_word' id='word_1_347' title='bbox 2953 1938 2999 1994; x_wconf 88' lang='lat' dir='ltr'><strong>si</strong></span> <span class='ocrx_word' id='word_1_348' title='bbox 3027 1938 3149 2008; x_wconf 92' lang='lat' dir='ltr'><strong>quis</strong></span> <span class='ocrx_word' id='word_1_349' title='bbox 3180 1947 3406 1994; x_wconf 88' lang='lat' dir='ltr'><strong>mortem</strong></span> <span class='ocrx_word' id='word_1_350' title='bbox 3429 1952 3559 2008; x_wconf 87' lang='lat' dir='ltr'><strong>pro-</strong></span> 
     </span>
    </p>
   </div>
   <div class='ocr_carea' id='block_1_50' title="bbox 2005 2012 3643 2103">
    <p class='ocr_par' dir='ltr' id='par_1_50' title="bbox 2005 2012 3643 2103">
     <span class='ocr_line' id='line_1_50' title="bbox 2005 2012 3643 2103; baseline -0.001 -17"><span class='ocrx_word' id='word_1_351' title='bbox 2005 2030 2264 2102; x_wconf 81' lang='lat' dir='ltr'><strong>ﬂigatam,</strong></span> <span class='ocrx_word' id='word_1_352' title='bbox 2288 2029 2555 2086; x_wconf 80' lang='lat' dir='ltr'><strong>infernum</strong></span> <span class='ocrx_word' id='word_1_353' title='bbox 2576 2029 2689 2103; x_wconf 88' lang='grc'>(28)</span> <span class='ocrx_word' id='word_1_354' title='bbox 2710 2030 3105 2097; x_wconf 88' lang='lat' dir='ltr'><strong>conculcatum,</strong></span> <span class='ocrx_word' id='word_1_355' title='bbox 3131 2030 3318 2085; x_wconf 88' lang='lat' dir='ltr'><strong>tartari</strong></span> <span class='ocrx_word' id='word_1_356' title='bbox 3345 2030 3558 2085; x_wconf 86' lang='lat' dir='ltr'><strong>vincula</strong></span> <span class='ocrx_word' id='word_1_357' title='bbox 3626 2012 3643 2023; x_wconf 23' lang='lat' dir='ltr'><strong>i</strong></span> 
     </span>
    </p>
   </div>
   <div class='ocr_carea' id='block_1_51' title="bbox 2005 2122 3559 2195">
    <p class='ocr_par' dir='ltr' id='par_1_51' title="bbox 2005 2122 3559 2195">
     <span class='ocr_line' id='line_1_51' title="bbox 2005 2122 3559 2195; baseline -0.001 -16"><span class='ocrx_word' id='word_1_358' title='bbox 2005 2123 2270 2194; x_wconf 78' lang='lat' dir='ltr'><strong>disrupta,</strong></span> <span class='ocrx_word' id='word_1_359' title='bbox 2301 2132 2587 2195; x_wconf 84' lang='lat' dir='ltr'><strong>tyrannum</strong></span> <span class='ocrx_word' id='word_1_360' title='bbox 2619 2125 2855 2179; x_wconf 91' lang='lat' dir='ltr'><strong>vinctum</strong></span> <span class='ocrx_word' id='word_1_361' title='bbox 2882 2122 3052 2179; x_wconf 82' lang='lat' dir='ltr'><strong>fuisse</strong></span> <span class='ocrx_word' id='word_1_362' title='bbox 3074 2137 3180 2177; x_wconf 90' lang='lat' dir='ltr'><strong>non</strong></span> <span class='ocrx_word' id='word_1_363' title='bbox 3207 2122 3393 2189; x_wconf 87' lang='lat' dir='ltr'><strong>credit,</strong></span> <span class='ocrx_word' id='word_1_364' title='bbox 3410 2123 3559 2193; x_wconf 76' lang='lat' dir='ltr'><strong>aspi—</strong></span> 
     </span>
    </p>
   </div>
   <div class='ocr_carea' id='block_1_52' title="bbox 2004 2210 3650 2295">
    <p class='ocr_par' dir='ltr' id='par_1_52' title="bbox 2004 2210 3650 2295">
     <span class='ocr_line' id='line_1_52' title="bbox 2004 2210 3650 2295; baseline -0.002 -26"><span class='ocrx_word' id='word_1_365' title='bbox 2004 2210 2400 2283; x_wconf 81' lang='lat' dir='ltr'><strong>ciatmartyres</strong></span> <span class='ocrx_word' id='word_1_366' title='bbox 2433 2213 2593 2267; x_wconf 89' lang='lat' dir='ltr'><strong>morti</strong></span> <span class='ocrx_word' id='word_1_367' title='bbox 2637 2212 2946 2280; x_wconf 88' lang='lat' dir='ltr'><strong>illudentes,</strong></span> <span class='ocrx_word' id='word_1_368' title='bbox 2988 2227 3225 2282; x_wconf 86' lang='lat' dir='ltr'><strong>eamque</strong></span> <span class='ocrx_word' id='word_1_369' title='bbox 3256 2211 3558 2282; x_wconf 84' lang='lat' dir='ltr'><strong>provolutis</strong></span> <span class='ocrx_word' id='word_1_370' title='bbox 3646 2284 3650 2295; x_wconf 29' lang='lat'><strong>‘</strong></span> 
     </span>
    </p>
   </div>
   <div class='ocr_carea' id='block_1_53' title="bbox 2004 2305 3558 2378">
    <p class='ocr_par' dir='ltr' id='par_1_53' title="bbox 2004 2305 3558 2378">
     <span class='ocr_line' id='line_1_53' title="bbox 2004 2305 3558 2378; baseline -0.003 -14"><span class='ocrx_word' id='word_1_371' title='bbox 2004 2307 2274 2378; x_wconf 89' lang='lat' dir='ltr'><strong>capitibus</strong></span> <span class='ocrx_word' id='word_1_372' title='bbox 2298 2305 2410 2377; x_wconf 79' lang='grc'>(29)</span> <span class='ocrx_word' id='word_1_373' title='bbox 2442 2305 2694 2361; x_wconf 86' lang='lat' dir='ltr'><strong>alacriter</strong></span> <span class='ocrx_word' id='word_1_374' title='bbox 2721 2314 3057 2376; x_wconf 84' lang='lat' dir='ltr'><strong>oppetentes,</strong></span> <span class='ocrx_word' id='word_1_375' title='bbox 3083 2315 3136 2360; x_wconf 88' lang='lat' dir='ltr'><strong>et</strong></span> <span class='ocrx_word' id='word_1_376' title='bbox 3155 2305 3355 2362; x_wconf 85' lang='lat' dir='ltr'><strong>Christi</strong></span> <span class='ocrx_word' id='word_1_377' title='bbox 3389 2306 3558 2360; x_wconf 91' lang='lat' dir='ltr'><strong>victo-</strong></span> 
     </span>
    </p>
   </div>
   <div class='ocr_carea' id='block_1_54' title="bbox 2003 2393 3555 2467">
    <p class='ocr_par' dir='ltr' id='par_1_54' title="bbox 2003 2393 3555 2467">
     <span class='ocr_line' id='line_1_54' title="bbox 2003 2393 3555 2467; baseline -0.001 -14"><span class='ocrx_word' id='word_1_378' title='bbox 2003 2399 2139 2453; x_wconf 87' lang='lat' dir='ltr'><strong>riam</strong></span> <span class='ocrx_word' id='word_1_379' title='bbox 2159 2396 2511 2452; x_wconf 73' lang='lat' dir='ltr'><strong>celebrantes.</strong></span> <span class='ocrx_word' id='word_1_380' title='bbox 2537 2393 2595 2466; x_wconf 62' lang='lat'><strong>0;</strong></span> <span class='ocrx_word' id='word_1_381' title='bbox 2606 2411 2716 2451; x_wconf 88' lang='lat' dir='ltr'><strong>rem</strong></span> <span class='ocrx_word' id='word_1_382' title='bbox 2744 2397 2968 2451; x_wconf 88' lang='lat' dir='ltr'><strong>miram!</strong></span> <span class='ocrx_word' id='word_1_383' title='bbox 3006 2396 3081 2450; x_wconf 79' lang='lat' dir='ltr'><strong>Ex</strong></span> <span class='ocrx_word' id='word_1_384' title='bbox 3102 2410 3165 2452; x_wconf 88' lang='lat' dir='ltr'><strong>eo</strong></span> <span class='ocrx_word' id='word_1_385' title='bbox 3188 2406 3426 2467; x_wconf 89' lang='lat' dir='ltr'><strong>tempore</strong></span> <span class='ocrx_word' id='word_1_386' title='bbox 3445 2412 3555 2465; x_wconf 92' lang='lat' dir='ltr'><strong>quo</strong></span> 
     </span>
    </p>
   </div>
   <div class='ocr_carea' id='block_1_55' title="bbox 2003 2487 3556 2558">
    <p class='ocr_par' dir='ltr' id='par_1_55' title="bbox 2003 2487 3556 2558">
     <span class='ocr_line' id='line_1_55' title="bbox 2003 2487 3556 2558; baseline -0.002 -11"><span class='ocrx_word' id='word_1_387' title='bbox 2003 2490 2250 2547; x_wconf 85' lang='lat' dir='ltr'><strong>Christus</strong></span> <span class='ocrx_word' id='word_1_388' title='bbox 2282 2487 2551 2543; x_wconf 83' lang='lat' dir='ltr'><strong>infernum</strong></span> <span class='ocrx_word' id='word_1_389' title='bbox 2583 2488 2851 2558; x_wconf 83' lang='lat' dir='ltr'><strong>spoliavit,</strong></span> <span class='ocrx_word' id='word_1_390' title='bbox 2875 2489 3034 2543; x_wconf 90' lang='lat' dir='ltr'><strong>morti</strong></span> <span class='ocrx_word' id='word_1_391' title='bbox 3055 2489 3301 2544; x_wconf 84' lang='lat' dir='ltr'><strong>homines</strong></span> <span class='ocrx_word' id='word_1_392' title='bbox 3323 2488 3556 2544; x_wconf 83' lang='lat' dir='ltr'><strong>insulta-</strong></span> 
     </span>
    </p>
   </div>
   <div class='ocr_carea' id='block_1_56' title="bbox 2003 2580 3553 2651">
    <p class='ocr_par' dir='ltr' id='par_1_56' title="bbox 2003 2580 3553 2651">
     <span class='ocr_line' id='line_1_56' title="bbox 2003 2580 3553 2651; baseline -0.002 -14"><span class='ocrx_word' id='word_1_393' title='bbox 2003 2598 2147 2638; x_wconf 91' lang='lat' dir='ltr'><strong>vere.</strong></span> <span class='ocrx_word' id='word_1_394' title='bbox 2166 2580 2265 2635; x_wconf 84' lang='lat' dir='ltr'><strong>Ubi</strong></span> <span class='ocrx_word' id='word_1_395' title='bbox 2288 2590 2384 2645; x_wconf 78' lang='lat' dir='ltr'><strong>est,</strong></span> <span class='ocrx_word' id='word_1_396' title='bbox 2413 2599 2442 2634; x_wconf 92' lang='grc' dir='ltr'><strong>ο</strong></span> <span class='ocrx_word' id='word_1_397' title='bbox 2468 2596 2625 2644; x_wconf 77' lang='lat' dir='ltr'><strong>mors,</strong></span> <span class='ocrx_word' id='word_1_398' title='bbox 2650 2581 2893 2635; x_wconf 76' lang='lat' dir='ltr'><strong>stimulus</strong></span> <span class='ocrx_word' id='word_1_399' title='bbox 2910 2580 3316 2646; x_wconf 75' lang='lat' dir='ltr'><strong>tuus?ubiest,o</strong></span> <span class='ocrx_word' id='word_1_400' title='bbox 3334 2580 3553 2651; x_wconf 81' lang='lat' dir='ltr'><strong>inferne,</strong></span> 
     </span>
    </p>
   </div>
   <div class='ocr_carea' id='block_1_57' title="bbox 2005 2671 3560 2745">
    <p class='ocr_par' dir='ltr' id='par_1_57' title="bbox 2005 2671 3560 2745">
     <span class='ocr_line' id='line_1_57' title="bbox 2005 2671 3560 2745; baseline -0.002 -16"><span class='ocrx_word' id='word_1_401' title='bbox 2005 2677 2221 2730; x_wconf 72' lang='lat' dir='ltr'><strong>victoria</strong></span> <span class='ocrx_word' id='word_1_402' title='bbox 2244 2685 2334 2729; x_wconf 88' lang='lat' dir='ltr'><strong>tua</strong></span> <span class='ocrx_word' id='word_1_403' title='bbox 2352 2677 2405 2729; x_wconf 74' lang='lat'><strong>&#39;1&#39;</strong></span> <span class='ocrx_word' id='word_1_404' title='bbox 2425 2675 2684 2745; x_wconf 86' lang='lat' dir='ltr'><strong>spoliatus</strong></span> <span class='ocrx_word' id='word_1_405' title='bbox 2705 2671 2807 2729; x_wconf 80' lang='lat' dir='ltr'><strong>fuit</strong></span> <span class='ocrx_word' id='word_1_406' title='bbox 2829 2672 3071 2729; x_wconf 61' lang='lat' dir='ltr'><strong>iniernus</strong></span> <span class='ocrx_word' id='word_1_407' title='bbox 3093 2688 3157 2728; x_wconf 88' lang='lat' dir='ltr'><strong>ac</strong></span> <span class='ocrx_word' id='word_1_408' title='bbox 3174 2672 3450 2738; x_wconf 82' lang='lat' dir='ltr'><strong>diabolus;</strong></span> <span class='ocrx_word' id='word_1_409' title='bbox 3469 2688 3560 2726; x_wconf 85' lang='lat' dir='ltr'><strong>ve-</strong></span> 
     </span>
    </p>
   </div>
   <div class='ocr_carea' id='block_1_58' title="bbox 2006 2766 3557 2838">
    <p class='ocr_par' dir='ltr' id='par_1_58' title="bbox 2006 2766 3557 2838">
     <span class='ocr_line' id='line_1_58' title="bbox 2006 2766 3557 2838; baseline -0.001 -14"><span class='ocrx_word' id='word_1_410' title='bbox 2006 2777 2092 2824; x_wconf 92' lang='lat' dir='ltr'><strong>tus</strong></span> <span class='ocrx_word' id='word_1_411' title='bbox 2115 2768 2189 2823; x_wconf 85' lang='lat' dir='ltr'><strong>illi</strong></span> <span class='ocrx_word' id='word_1_412' title='bbox 2209 2776 2482 2823; x_wconf 89' lang='lat' dir='ltr'><strong>armatura</strong></span> <span class='ocrx_word' id='word_1_413' title='bbox 2499 2768 2671 2823; x_wconf 84' lang='lat' dir='ltr'><strong>ablata</strong></span> <span class='ocrx_word' id='word_1_414' title='bbox 2688 2775 2799 2830; x_wconf 89' lang='lat' dir='ltr'><strong>est;</strong></span> <span class='ocrx_word' id='word_1_415' title='bbox 2819 2768 3033 2838; x_wconf 86' lang='lat' dir='ltr'><strong>propria</strong></span> <span class='ocrx_word' id='word_1_416' title='bbox 3050 2767 3280 2838; x_wconf 72' lang='lat' dir='ltr'><strong>potentia</strong></span> <span class='ocrx_word' id='word_1_417' title='bbox 3315 2766 3557 2836; x_wconf 63' lang='lat' dir='ltr'><strong>privatus</strong></span> 
     </span>
    </p>
   </div>
   <div class='ocr_carea' id='block_1_59' title="bbox 2007 2858 3556 2931">
    <p class='ocr_par' dir='ltr' id='par_1_59' title="bbox 2007 2858 3556 2931">
     <span class='ocr_line' id='line_1_59' title="bbox 2007 2858 3556 2931; baseline -0.001 -15"><span class='ocrx_word' id='word_1_418' title='bbox 2007 2860 2130 2925; x_wconf 79' lang='lat' dir='ltr'><strong>fuit,</strong></span> <span class='ocrx_word' id='word_1_419' title='bbox 2166 2873 2220 2917; x_wconf 85' lang='lat' dir='ltr'><strong>et</strong></span> <span class='ocrx_word' id='word_1_420' title='bbox 2244 2861 2695 2931; x_wconf 87' lang='lat' dir='ltr'><strong>quemadmodum</strong></span> <span class='ocrx_word' id='word_1_421' title='bbox 2727 2858 3007 2917; x_wconf 82' lang='lat' dir='ltr'><strong>Goliathus</strong></span> <span class='ocrx_word' id='word_1_422' title='bbox 3037 2875 3137 2916; x_wconf 91' lang='lat' dir='ltr'><strong>suo</strong></span> <span class='ocrx_word' id='word_1_423' title='bbox 3168 2860 3340 2930; x_wconf 82' lang='lat' dir='ltr'><strong>ipsius</strong></span> <span class='ocrx_word' id='word_1_424' title='bbox 3380 2859 3556 2930; x_wconf 80' lang='lat' dir='ltr'><strong>gladio</strong></span> 
     </span>
    </p>
   </div>
   <div class='ocr_carea' id='block_1_60' title="bbox 2006 2952 3553 3030">
    <p class='ocr_par' dir='ltr' id='par_1_60' title="bbox 2006 2952 3553 3030">
     <span class='ocr_line' id='line_1_60' title="bbox 2006 2952 3553 3030; baseline -0.005 -19"><span class='ocrx_word' id='word_1_425' title='bbox 2006 2954 2180 3020; x_wconf 70' lang='lat' dir='ltr'><strong>capite</strong></span> <span class='ocrx_word' id='word_1_426' title='bbox 2202 2968 2375 3030; x_wconf 63' lang='lat' dir='ltr'><strong>caesus</strong></span> <span class='ocrx_word' id='word_1_427' title='bbox 2402 2960 2505 3021; x_wconf 88' lang='lat' dir='ltr'><strong>est,</strong></span> <span class='ocrx_word' id='word_1_428' title='bbox 2522 2953 2596 3007; x_wconf 91' lang='lat' dir='ltr'><strong>ita</strong></span> <span class='ocrx_word' id='word_1_429' title='bbox 2616 2961 2671 3008; x_wconf 89' lang='lat' dir='ltr'><strong>et</strong></span> <span class='ocrx_word' id='word_1_430' title='bbox 2691 2953 2960 3019; x_wconf 86' lang='lat' dir='ltr'><strong>diabolus,</strong></span> <span class='ocrx_word' id='word_1_431' title='bbox 2982 2952 3075 3024; x_wconf 86' lang='lat' dir='ltr'><strong>qui</strong></span> <span class='ocrx_word' id='word_1_432' title='bbox 3096 2961 3324 3008; x_wconf 88' lang='lat' dir='ltr'><strong>mortem</strong></span> <span class='ocrx_word' id='word_1_433' title='bbox 3348 2952 3553 3023; x_wconf 82' lang='lat' dir='ltr'><strong>genuit,</strong></span> 
     </span>
    </p>
   </div>
   <div class='ocr_carea' id='block_1_61' title="bbox 2005 3042 3556 3116">
    <p class='ocr_par' dir='ltr' id='par_1_61' title="bbox 2005 3042 3556 3116">
     <span class='ocr_line' id='line_1_61' title="bbox 2005 3042 3556 3116; baseline -0.001 -16"><span class='ocrx_word' id='word_1_434' title='bbox 2005 3061 2101 3116; x_wconf 92' lang='lat' dir='ltr'><strong>per</strong></span> <span class='ocrx_word' id='word_1_435' title='bbox 2145 3055 2370 3101; x_wconf 91' lang='lat' dir='ltr'><strong>mortem</strong></span> <span class='ocrx_word' id='word_1_436' title='bbox 2410 3045 2644 3101; x_wconf 91' lang='lat' dir='ltr'><strong>vincitur</strong></span> <span class='ocrx_word' id='word_1_437' title='bbox 2670 3059 2735 3102; x_wconf 79' lang='lat' dir='ltr'><strong>ac</strong></span> <span class='ocrx_word' id='word_1_438' title='bbox 2750 3042 3081 3115; x_wconf 79' lang='lat' dir='ltr'><strong>fugatur,ac</strong></span> <span class='ocrx_word' id='word_1_439' title='bbox 3108 3045 3237 3100; x_wconf 88' lang='lat' dir='ltr'><strong>illud</strong></span> <span class='ocrx_word' id='word_1_440' title='bbox 3273 3045 3411 3100; x_wconf 88' lang='lat' dir='ltr'><strong>idem</strong></span> <span class='ocrx_word' id='word_1_441' title='bbox 3444 3060 3556 3099; x_wconf 69' lang='lat' dir='ltr'><strong>suae</strong></span> 
     </span>
    </p>
   </div>
   <div class='ocr_carea' id='block_1_62' title="bbox 340 3133 1904 3234">
    <p class='ocr_par' dir='ltr' id='par_1_62' title="bbox 340 3133 1904 3224">
     <span class='ocr_line' id='line_1_62' title="bbox 340 3133 1904 3224; baseline 0.006 -37"><span class='ocrx_word' id='word_1_442' title='bbox 340 3133 516 3188; x_wconf 85' lang='grc' dir='ltr'>ἀσατο</span> <span class='ocrx_word' id='word_1_443' title='bbox 534 3177 549 3200; x_wconf 94' lang='grc'><strong>,</strong></span> <span class='ocrx_word' id='word_1_444' title='bbox 583 3136 824 3199; x_wconf 78' lang='grc' dir='ltr'>καὶτοὺς</span> <span class='ocrx_word' id='word_1_445' title='bbox 845 3136 1111 3205; x_wconf 82' lang='grc' dir='ltr'>ἀγγέλους</span> <span class='ocrx_word' id='word_1_446' title='bbox 1133 3138 1226 3224; x_wconf 77' lang='grc' dir='ltr'><strong>τοῦ</strong></span> <span class='ocrx_word' id='word_1_447' title='bbox 1249 3138 1381 3192; x_wconf 80' lang='grc' dir='ltr'>Θεοῦ</span> <span class='ocrx_word' id='word_1_448' title='bbox 1413 3140 1792 3207; x_wconf 85' lang='grc' dir='ltr'>ἀναϐαίνοντας</span> <span class='ocrx_word' id='word_1_449' title='bbox 1813 3144 1904 3199; x_wconf 74' lang='grc' dir='ltr'>καὶ</span> 
     </span>
    </p>
   </div>
   <div class='ocr_carea' id='block_1_63' title="bbox 2008 3133 3553 3234">
    <p class='ocr_par' dir='ltr' id='par_1_63' title="bbox 2011 3136 3553 3215">
     <span class='ocr_line' id='line_1_63' title="bbox 2011 3136 3553 3215; baseline -0.001 -25"><span class='ocrx_word' id='word_1_450' title='bbox 2011 3136 2180 3207; x_wconf 90' lang='lat' dir='ltr'><strong>ipsius</strong></span> <span class='ocrx_word' id='word_1_451' title='bbox 2216 3137 2388 3191; x_wconf 68' lang='lat' dir='ltr'><strong>ruina:</strong></span> <span class='ocrx_word' id='word_1_452' title='bbox 2423 3137 2657 3215; x_wconf 85' lang='lat' dir='ltr'><strong>validum</strong></span> <span class='ocrx_word' id='word_1_453' title='bbox 2685 3136 3105 3195; x_wconf 86' lang='lat' dir='ltr'><strong>instrumentum</strong></span> <span class='ocrx_word' id='word_1_454' title='bbox 3130 3150 3249 3190; x_wconf 87' lang='lat' dir='ltr'><strong>esse</strong></span> <span class='ocrx_word' id='word_1_455' title='bbox 3270 3136 3553 3204; x_wconf 74' lang='lat' dir='ltr'><strong>comperit,</strong></span> 
     </span>
    </p>
   </div>
   <div class='ocr_carea' id='block_1_64' title="bbox 340 3225 1904 3306">
    <p class='ocr_par' dir='ltr' id='par_1_64' title="bbox 340 3225 1903 3306">
     <span class='ocr_line' id='line_1_64' title="bbox 340 3225 1903 3306; baseline 0.008 -29"><span class='ocrx_word' id='word_1_456' title='bbox 340 3225 795 3290; x_wconf 80' lang='grc' dir='ltr'>καταϐαίνοντας·</span> <span class='ocrx_word' id='word_1_457' title='bbox 831 3227 948 3281; x_wconf 74' lang='grc' dir='ltr'>νυνὶ</span> <span class='ocrx_word' id='word_1_458' title='bbox 978 3227 1035 3281; x_wconf 78' lang='grc' dir='ltr'>δὲ</span> <span class='ocrx_word' id='word_1_459' title='bbox 1066 3227 1153 3281; x_wconf 85' lang='grc' dir='ltr'><strong>διὰ</strong></span> <span class='ocrx_word' id='word_1_460' title='bbox 1188 3228 1279 3282; x_wconf 82' lang='grc' dir='ltr'>τὸν</span> <span class='ocrx_word' id='word_1_461' title='bbox 1313 3228 1592 3303; x_wconf 80' lang='grc' dir='ltr'>ἄνθρωπον</span> <span class='ocrx_word' id='word_1_462' title='bbox 1624 3232 1903 3306; x_wconf 77' lang='grc' dir='ltr'>ἄνθρωπος</span> 
     </span>
    </p>
   </div>
   <div class='ocr_carea' id='block_1_65' title="bbox 2008 3225 3557 3306">
    <p class='ocr_par' dir='ltr' id='par_1_65' title="bbox 2009 3228 3557 3298">
     <span class='ocr_line' id='line_1_65' title="bbox 2009 3228 3557 3298; baseline 0.001 -16"><span class='ocrx_word' id='word_1_463' title='bbox 2009 3242 2118 3298; x_wconf 91' lang='lat' dir='ltr'><strong>quo</strong></span> <span class='ocrx_word' id='word_1_464' title='bbox 2143 3228 2525 3283; x_wconf 80' lang='lat' dir='ltr'><strong>antea&#39;callide</strong></span> <span class='ocrx_word' id='word_1_465' title='bbox 2563 3238 2742 3296; x_wconf 90' lang='lat' dir='ltr'><strong>utens,</strong></span> <span class='ocrx_word' id='word_1_466' title='bbox 2787 3228 2944 3282; x_wconf 83' lang='lat' dir='ltr'><strong>facile</strong></span> <span class='ocrx_word' id='word_1_467' title='bbox 2989 3228 3230 3296; x_wconf 65' lang='lat' dir='ltr'><strong>decipere</strong></span> <span class='ocrx_word' id='word_1_468' title='bbox 3259 3242 3557 3283; x_wconf 86' lang='lat' dir='ltr'><strong>consueve-</strong></span> 
     </span>
    </p>
   </div>
   <div class='ocr_carea' id='block_1_66' title="bbox 337 3316 1905 3395">
    <p class='ocr_par' dir='ltr' id='par_1_66' title="bbox 337 3316 1905 3395">
     <span class='ocr_line' id='line_1_66' title="bbox 337 3316 1905 3395; baseline 0.008 -26"><span class='ocrx_word' id='word_1_469' title='bbox 337 3316 632 3387; x_wconf 83' lang='grc' dir='ltr'>γενόμενος</span> <span class='ocrx_word' id='word_1_470' title='bbox 663 3318 691 3370; x_wconf 90' lang='lat'><strong>6</strong></span> <span class='ocrx_word' id='word_1_471' title='bbox 714 3317 1093 3390; x_wconf 85' lang='grc' dir='ltr'>φιλάνθρωπος</span> <span class='ocrx_word' id='word_1_472' title='bbox 1128 3319 1218 3374; x_wconf 81' lang='grc' dir='ltr'>τὸν</span> <span class='ocrx_word' id='word_1_473' title='bbox 1256 3320 1614 3395; x_wconf 82' lang='grc' dir='ltr'>ἀπάνθρωπον</span> <span class='ocrx_word' id='word_1_474' title='bbox 1648 3325 1905 3391; x_wconf 84' lang='grc' dir='ltr'>λακτίσας</span> 
     </span>
    </p>
   </div>
   <div class='ocr_carea' id='block_1_67' title="bbox 340 3405 1905 3489">
    <p class='ocr_par' dir='ltr' id='par_1_67' title="bbox 340 3405 1905 3489">
     <span class='ocr_line' id='line_1_67' title="bbox 340 3405 1905 3489; baseline 0.007 -27"><span class='ocrx_word' id='word_1_475' title='bbox 340 3405 425 3476; x_wconf 81' lang='grc' dir='ltr'>τῷ</span> <span class='ocrx_word' id='word_1_476' title='bbox 465 3410 585 3464; x_wconf 74' lang='grc' dir='ltr'>ποδὶ</span> <span class='ocrx_word' id='word_1_477' title='bbox 617 3409 714 3481; x_wconf 84' lang='grc' dir='ltr'>τῆς</span> <span class='ocrx_word' id='word_1_478' title='bbox 753 3412 1019 3484; x_wconf 86' lang='grc' dir='ltr'>θεότητος,</span> <span class='ocrx_word' id='word_1_479' title='bbox 1054 3416 1147 3467; x_wconf 73' lang='grc' dir='ltr'>καὶ</span> <span class='ocrx_word' id='word_1_480' title='bbox 1180 3414 1269 3469; x_wconf 88' lang='grc' dir='ltr'>τὸν</span> <span class='ocrx_word' id='word_1_481' title='bbox 1308 3414 1589 3487; x_wconf 83' lang='grc' dir='ltr'>ἄνθρωπον</span> <span class='ocrx_word' id='word_1_482' title='bbox 1635 3417 1905 3489; x_wconf 83' lang='grc' dir='ltr'>βαστάσας</span> 
     </span>
    </p>
   </div>
   <div class='ocr_carea' id='block_1_68' title="bbox 338 3500 1906 3580">
    <p class='ocr_par' dir='ltr' id='par_1_68' title="bbox 338 3500 1906 3580">
     <span class='ocr_line' id='line_1_68' title="bbox 338 3500 1906 3580; baseline 0.007 -28"><span class='ocrx_word' id='word_1_483' title='bbox 338 3501 409 3571; x_wconf 77' lang='grc' dir='ltr'><strong>τῇ</strong></span> <span class='ocrx_word' id='word_1_484' title='bbox 444 3500 591 3571; x_wconf 71' lang='grc' dir='ltr'>χειρὶ</span> <span class='ocrx_word' id='word_1_485' title='bbox 636 3502 733 3573; x_wconf 81' lang='grc' dir='ltr'>τῆς</span> <span class='ocrx_word' id='word_1_486' title='bbox 777 3503 1143 3574; x_wconf 85' lang='grc' dir='ltr'>χριστότητος,</span> <span class='ocrx_word' id='word_1_487' title='bbox 1184 3505 1273 3559; x_wconf 78' lang='grc' dir='ltr'>τὸν</span> <span class='ocrx_word' id='word_1_488' title='bbox 1305 3506 1501 3562; x_wconf 83' lang='grc' dir='ltr'>ἄϐατον</span> <span class='ocrx_word' id='word_1_489' title='bbox 1531 3506 1720 3580; x_wconf 78' lang='grc' dir='ltr'>αἰθέρα</span> <span class='ocrx_word' id='word_1_490' title='bbox 1749 3510 1906 3563; x_wconf 75' lang='grc' dir='ltr'>ποσὶν</span> 
     </span>
    </p>
   </div>
   <div class='ocr_carea' id='block_1_69' title="bbox 337 3591 1904 3672">
    <p class='ocr_par' dir='ltr' id='par_1_69' title="bbox 337 3591 1904 3672">
     <span class='ocr_line' id='line_1_69' title="bbox 337 3591 1904 3672; baseline 0.008 -27"><span class='ocrx_word' id='word_1_491' title='bbox 337 3593 698 3663; x_wconf 74' lang='grc' dir='ltr'>ἀνθρωπίνοις</span> <span class='ocrx_word' id='word_1_492' title='bbox 721 3591 1083 3659; x_wconf 78' lang='grc' dir='ltr'>πεζεύσασθαι</span> <span class='ocrx_word' id='word_1_493' title='bbox 1114 3598 1540 3671; x_wconf 79' lang='grc' dir='ltr'>παρεσκεύασεν.</span> <span class='ocrx_word' id='word_1_494' title='bbox 1574 3600 1707 3654; x_wconf 82' lang='grc' dir='ltr'>Τότε</span> <span class='ocrx_word' id='word_1_495' title='bbox 1733 3604 1780 3655; x_wconf 87' lang='grc' dir='ltr'><strong>οί</strong></span> <span class='ocrx_word' id='word_1_496' title='bbox 1808 3602 1904 3672; x_wconf 84' lang='grc' dir='ltr'>ἀγ-</span> 
     </span>
    </p>
   </div>
   <div class='ocr_carea' id='block_1_70' title="bbox 338 3681 1905 3766">
    <p class='ocr_par' dir='ltr' id='par_1_70' title="bbox 338 3681 1905 3766">
     <span class='ocr_line' id='line_1_70' title="bbox 338 3681 1905 3766; baseline 0.01 -31"><span class='ocrx_word' id='word_1_497' title='bbox 338 3684 487 3752; x_wconf 83' lang='grc' dir='ltr'>γελοι</span> <span class='ocrx_word' id='word_1_498' title='bbox 508 3681 786 3741; x_wconf 82' lang='grc' dir='ltr'>ἀνέϐαινον</span> <span class='ocrx_word' id='word_1_499' title='bbox 816 3688 909 3741; x_wconf 78' lang='grc' dir='ltr'>καὶ</span> <span class='ocrx_word' id='word_1_500' title='bbox 936 3690 1252 3744; x_wconf 83' lang='grc' dir='ltr'>κατέϐαινον</span> <span class='ocrx_word' id='word_1_501' title='bbox 1274 3708 1288 3721; x_wconf 98' lang='grc'><strong>·</strong></span> <span class='ocrx_word' id='word_1_502' title='bbox 1318 3693 1431 3745; x_wconf 76' lang='grc' dir='ltr'>νυνὶ</span> <span class='ocrx_word' id='word_1_503' title='bbox 1460 3693 1514 3746; x_wconf 78' lang='grc' dir='ltr'>δὲ</span> <span class='ocrx_word' id='word_1_504' title='bbox 1546 3695 1575 3746; x_wconf 92' lang='lat'><strong>6</strong></span> <span class='ocrx_word' id='word_1_505' title='bbox 1606 3695 1705 3765; x_wconf 82' lang='grc' dir='ltr'>τῆς</span> <span class='ocrx_word' id='word_1_506' title='bbox 1739 3695 1905 3766; x_wconf 85' lang='grc' dir='ltr'>μεγά-</span> 
     </span>
    </p>
   </div>
   <div class='ocr_carea' id='block_1_71' title="bbox 339 3776 1897 3848">
    <p class='ocr_par' dir='ltr' id='par_1_71' title="bbox 339 3776 1897 3848">
     <span class='ocr_line' id='line_1_71' title="bbox 339 3776 1897 3848; baseline 0.008 -20"><span class='ocrx_word' id='word_1_507' title='bbox 339 3776 441 3847; x_wconf 87' lang='grc' dir='ltr'><strong>λης</strong></span> <span class='ocrx_word' id='word_1_508' title='bbox 471 3776 662 3848; x_wconf 84' lang='grc' dir='ltr'>βουλῆς</span> <span class='ocrx_word' id='word_1_509' title='bbox 686 3779 948 3848; x_wconf 80' lang='grc' dir='ltr'>Ἀγγελος</span> <span class='ocrx_word' id='word_1_510' title='bbox 993 3780 1091 3835; x_wconf 85' lang='grc' dir='ltr'>οὒκ</span> <span class='ocrx_word' id='word_1_511' title='bbox 1119 3782 1395 3837; x_wconf 88' lang='grc' dir='ltr'>ἀναϐαίνει</span> <span class='ocrx_word' id='word_1_512' title='bbox 1427 3784 1520 3838; x_wconf 76' lang='grc' dir='ltr'>καὶ</span> <span class='ocrx_word' id='word_1_513' title='bbox 1552 3786 1897 3841; x_wconf 88' lang='grc' dir='ltr'>καταϐαίνει·</span> 
     </span>
    </p>
   </div>
   <div class='ocr_carea' id='block_1_72' title="bbox 337 3867 1899 3952">
    <p class='ocr_par' dir='ltr' id='par_1_72' title="bbox 337 3867 1899 3952">
     <span class='ocr_line' id='line_1_72' title="bbox 337 3867 1899 3952; baseline 0.01 -33"><span class='ocrx_word' id='word_1_514' title='bbox 337 3876 436 3920; x_wconf 84' lang='grc' dir='ltr'><strong>και</strong></span> <span class='ocrx_word' id='word_1_515' title='bbox 471 3867 634 3922; x_wconf 87' lang='grc' dir='ltr'>πόθεν</span> <span class='ocrx_word' id='word_1_516' title='bbox 657 3869 765 3941; x_wconf 82' lang='grc' dir='ltr'><strong>γὰρ</strong></span> <span class='ocrx_word' id='word_1_517' title='bbox 800 3869 903 3923; x_wconf 78' lang='grc' dir='ltr'>ποῦ</span> <span class='ocrx_word' id='word_1_518' title='bbox 940 3874 1332 3945; x_wconf 86' lang='grc' dir='ltr'>μεταστήσεται</span> <span class='ocrx_word' id='word_1_519' title='bbox 1353 3878 1381 3929; x_wconf 91' lang='lat'><strong>6</strong></span> <span class='ocrx_word' id='word_1_520' title='bbox 1401 3877 1669 3949; x_wconf 81' lang='grc' dir='ltr'>πανταχοῦ</span> <span class='ocrx_word' id='word_1_521' title='bbox 1691 3879 1899 3952; x_wconf 87' lang='grc' dir='ltr'>παρὼν,</span> 
     </span>
    </p>
   </div>
   <div class='ocr_carea' id='block_1_73' title="bbox 334 3957 1902 4039">
    <p class='ocr_par' dir='ltr' id='par_1_73' title="bbox 334 3957 1902 4039">
     <span class='ocr_line' id='line_1_73' title="bbox 334 3957 1902 4039; baseline 0.007 -27"><span class='ocrx_word' id='word_1_522' title='bbox 334 3958 433 4012; x_wconf 73' lang='grc' dir='ltr'>καὶ</span> <span class='ocrx_word' id='word_1_523' title='bbox 453 3957 519 4011; x_wconf 77' lang='grc' dir='ltr'><strong>τά</strong></span> <span class='ocrx_word' id='word_1_524' title='bbox 539 3959 711 4013; x_wconf 81' lang='grc' dir='ltr'>πάντα</span> <span class='ocrx_word' id='word_1_525' title='bbox 739 3959 978 4032; x_wconf 82' lang='grc' dir='ltr'>πληρῶν,</span> <span class='ocrx_word' id='word_1_526' title='bbox 996 3963 1088 4016; x_wconf 73' lang='grc' dir='ltr'>καὶ</span> <span class='ocrx_word' id='word_1_527' title='bbox 1112 3964 1167 4016; x_wconf 79' lang='grc' dir='ltr'>ὲν</span> <span class='ocrx_word' id='word_1_528' title='bbox 1192 3966 1255 4035; x_wconf 82' lang='grc' dir='ltr'><strong>τῇ</strong></span> <span class='ocrx_word' id='word_1_529' title='bbox 1281 3965 1423 4036; x_wconf 78' lang='grc' dir='ltr'>χειρὶ</span> <span class='ocrx_word' id='word_1_530' title='bbox 1449 3965 1683 4038; x_wconf 84' lang='grc' dir='ltr'>συνέχων</span> <span class='ocrx_word' id='word_1_531' title='bbox 1699 3967 1766 4021; x_wconf 89' lang='grc' dir='ltr'><strong>τά</strong></span> <span class='ocrx_word' id='word_1_532' title='bbox 1788 3966 1902 4039; x_wconf 86' lang='grc' dir='ltr'><strong>[κό-</strong></span> 
     </span>
    </p>
   </div>
   <div class='ocr_carea' id='block_1_74' title="bbox 335 4046 1897 4128">
    <p class='ocr_par' dir='ltr' id='par_1_74' title="bbox 335 4046 1897 4128">
     <span class='ocr_line' id='line_1_74' title="bbox 335 4046 1897 4128; baseline 0.008 -28"><span class='ocrx_word' id='word_1_533' title='bbox 335 4046 501 4121; x_wconf 88' lang='grc' dir='ltr'>σμου]</span> <span class='ocrx_word' id='word_1_534' title='bbox 523 4046 765 4120; x_wconf 89' lang='grc' dir='ltr'>πέρατα;</span> <span class='ocrx_word' id='word_1_535' title='bbox 795 4051 974 4119; x_wconf 80' lang='grc' dir='ltr'>’Ἀπαξ</span> <span class='ocrx_word' id='word_1_536' title='bbox 990 4051 1098 4125; x_wconf 80' lang='grc' dir='ltr'><strong>γὰρ</strong></span> <span class='ocrx_word' id='word_1_537' title='bbox 1127 4052 1328 4127; x_wconf 88' lang='grc' dir='ltr'>κατέϐη</span> <span class='ocrx_word' id='word_1_538' title='bbox 1355 4055 1448 4110; x_wconf 85' lang='grc' dir='ltr'>καὶ</span> <span class='ocrx_word' id='word_1_539' title='bbox 1462 4056 1608 4123; x_wconf 76' lang='grc' dir='ltr'>ἅπαξ</span> <span class='ocrx_word' id='word_1_540' title='bbox 1627 4057 1812 4128; x_wconf 82' lang='grc' dir='ltr'>ἀνέϐη·</span> <span class='ocrx_word' id='word_1_541' title='bbox 1838 4060 1897 4112; x_wconf 79' lang='grc' dir='ltr'>οὐ</span> 
     </span>
    </p>
   </div>
   <div class='ocr_carea' id='block_1_75' title="bbox 410 4161 869 4231">
    <p class='ocr_par' dir='ltr' id='par_1_75' title="bbox 410 4161 869 4231">
     <span class='ocr_line' id='line_1_75' title="bbox 410 4161 869 4231; baseline 0.009 -16"><span class='ocrx_word' id='word_1_542' title='bbox 410 4163 426 4193; x_wconf 84' lang='grc'><strong><em>³</em></strong></span> <span class='ocrx_word' id='word_1_543' title='bbox 463 4161 629 4219; x_wconf 88' lang='lat' dir='ltr'><strong>lCor.</strong></span> <span class='ocrx_word' id='word_1_544' title='bbox 667 4179 756 4231; x_wconf 80' lang='lat' dir='ltr'><strong>xv,</strong></span> <span class='ocrx_word' id='word_1_545' title='bbox 780 4165 869 4219; x_wconf 81' lang='lat'><strong>55.</strong></span> 
     </span>
    </p>
   </div>
   <div class='ocr_carea' id='block_1_76' title="bbox 216 4277 1895 4357">
    <p class='ocr_par' dir='ltr' id='par_1_76' title="bbox 216 4277 1895 4357">
     <span class='ocr_line' id='line_1_76' title="bbox 216 4277 1895 4357; baseline 0.007 -28"><span class='ocrx_word' id='word_1_546' title='bbox 216 4332 233 4345; x_wconf 76' lang='lat'>_</span> <span class='ocrx_word' id='word_1_547' title='bbox 333 4292 477 4357; x_wconf 69' lang='lat' dir='ltr'><strong>ram,</strong></span> <span class='ocrx_word' id='word_1_548' title='bbox 510 4277 564 4331; x_wconf 92' lang='lat' dir='ltr'><strong>in</strong></span> <span class='ocrx_word' id='word_1_549' title='bbox 599 4278 699 4357; x_wconf 78' lang='lat' dir='ltr'><strong>illa</strong></span> <span class='ocrx_word' id='word_1_550' title='bbox 751 4279 968 4357; x_wconf 72' lang='lat' dir='ltr'><strong>quidem</strong></span> <span class='ocrx_word' id='word_1_551' title='bbox 1016 4280 1129 4349; x_wconf 90' lang='lat' dir='ltr'><strong>ipsa</strong></span> <span class='ocrx_word' id='word_1_552' title='bbox 1159 4283 1401 4357; x_wconf 76' lang='lat' dir='ltr'><strong>oratione</strong></span> <span class='ocrx_word' id='word_1_553' title='bbox 1434 4284 1895 4357; x_wconf 76' lang='grc' dir='ltr'>εδικαιοπραγετν,</span> 
     </span>
    </p>
   </div>
   <div class='ocr_carea' id='block_1_77' title="bbox 336 4347 1899 4429">
    <p class='ocr_par' dir='ltr' id='par_1_77' title="bbox 336 4347 1899 4429">
     <span class='ocr_line' id='line_1_77' title="bbox 336 4347 1899 4429; baseline 0.008 -30"><span class='ocrx_word' id='word_1_554' title='bbox 336 4347 699 4429; x_wconf 64' lang='grc' dir='ltr'>ἰδιοπραγίαν,</span> <span class='ocrx_word' id='word_1_555' title='bbox 743 4347 1335 4429; x_wconf 70' lang='grc' dir='ltr'>ἀλλπριοπραγοῦσαν,</span> <span class='ocrx_word' id='word_1_556' title='bbox 1360 4354 1635 4429; x_wconf 82' lang='grc' dir='ltr'>νωχελίας,</span> <span class='ocrx_word' id='word_1_557' title='bbox 1671 4347 1899 4429; x_wconf 54' lang='grc' dir='ltr'>μεληγοξ</span> 
     </span>
    </p>
   </div>
   <div class='ocr_carea' id='block_1_78' title="bbox 339 4419 1896 4543">
    <p class='ocr_par' dir='ltr' id='par_1_78' title="bbox 339 4419 1896 4543">
     <span class='ocr_line' id='line_1_78' title="bbox 339 4419 1896 4543; baseline 0.008 -73"><span class='ocrx_word' id='word_1_558' title='bbox 339 4420 473 4498; x_wconf 73' lang='grc' dir='ltr'>ρεῖν,</span> <span class='ocrx_word' id='word_1_559' title='bbox 503 4419 858 4491; x_wconf 83' lang='grc' dir='ltr'>ἀφραίνομεν,</span> <span class='ocrx_word' id='word_1_560' title='bbox 892 4419 1219 4543; x_wconf 69' lang='grc' dir='ltr'>μνωμένους,</span> <span class='ocrx_word' id='word_1_561' title='bbox 1245 4419 1502 4489; x_wconf 79' lang='grc' dir='ltr'>οὐδενέσί,</span> <span class='ocrx_word' id='word_1_562' title='bbox 1530 4419 1896 4500; x_wconf 69' lang='grc' dir='ltr'>φιλοσοφήσει,</span> 
     </span>
     <span class='ocr_line' id='line_1_79' title="bbox 339 4488 1890 4543; baseline 0.001 -2"><span class='ocrx_word' id='word_1_563' title='bbox 339 4488 549 4543; x_wconf 87' lang='lat' dir='ltr'><strong>altaaue</strong></span> <span class='ocrx_word' id='word_1_564' title='bbox 580 4490 859 4543; x_wconf 88' lang='lat' dir='ltr'><strong>nonnulla.</strong></span> <span class='ocrx_word' id='word_1_565' title='bbox 919 4507 951 4543; x_wconf 86' lang='grc' dir='ltr'><strong>ιι</strong></span> <span class='ocrx_word' id='word_1_566' title='bbox 987 4491 1087 4543; x_wconf 88' lang='lat' dir='ltr'><strong>hac</strong></span> <span class='ocrx_word' id='word_1_567' title='bbox 1115 4507 1241 4543; x_wconf 89' lang='lat' dir='ltr'><strong>vero</strong></span> <span class='ocrx_word' id='word_1_568' title='bbox 1270 4501 1474 4543; x_wconf 80' lang='lat' dir='ltr'><strong>nostra-</strong></span> <span class='ocrx_word' id='word_1_569' title='bbox 1507 4494 1890 4543; x_wconf 63' lang='grc' dir='ltr'>νηπιάξουσαν-</span> 
     </span>
    </p>
   </div>
   <div class='ocr_carea' id='block_1_79' title="bbox 332 4488 1891 4632">
    <p class='ocr_par' dir='ltr' id='par_1_79' title="bbox 332 4488 1891 4632">
     <span class='ocr_line' id='line_1_80' title="bbox 332 4488 1891 4610; baseline 0.008 -70"><span class='ocrx_word' id='word_1_570' title='bbox 332 4488 549 4610; x_wconf 40' lang='grc' dir='ltr'>ειιὶιιιῖιιο</span> <span class='ocrx_word' id='word_1_571' title='bbox 580 4488 859 4543; x_wconf 82' lang='lat' dir='ltr'><strong>nonnulla.</strong></span> <span class='ocrx_word' id='word_1_572' title='bbox 894 4488 951 4543; x_wconf 84' lang='lat' dir='ltr'><strong>In</strong></span> <span class='ocrx_word' id='word_1_573' title='bbox 987 4488 1087 4546; x_wconf 81' lang='lat' dir='ltr'><strong>hac</strong></span> <span class='ocrx_word' id='word_1_574' title='bbox 1115 4507 1241 4547; x_wconf 90' lang='lat' dir='ltr'><strong>vero</strong></span> <span class='ocrx_word' id='word_1_575' title='bbox 1270 4501 1474 4555; x_wconf 87' lang='lat' dir='ltr'><strong>nostra,</strong></span> <span class='ocrx_word' id='word_1_576' title='bbox 1507 4488 1891 4567; x_wconf 70' lang='grc' dir='ltr'>νὴπιάξόυσαν,</span> 
     </span>
     <span class='ocr_line' id='line_1_81' title="bbox 333 4559 1891 4632; baseline 0.009 -23"><span class='ocrx_word' id='word_1_577' title='bbox 333 4561 700 4632; x_wconf 22' lang='grc' dir='ltr'>ξγγερωντες,</span> <span class='ocrx_word' id='word_1_578' title='bbox 750 4559 1227 4632; x_wconf 44' lang='grc' dir='ltr'>ἀνθαρπάζονταςθ</span> <span class='ocrx_word' id='word_1_579' title='bbox 1270 4563 1369 4627; x_wconf 82' lang='grc' dir='ltr'>τὰς</span> <span class='ocrx_word' id='word_1_580' title='bbox 1415 4564 1560 4630; x_wconf 78' lang='grc' dir='ltr'>κλεῖς</span> <span class='ocrx_word' id='word_1_581' title='bbox 1605 4567 1854 4632; x_wconf 82' lang='grc' dir='ltr'>ἀνοίξωσι</span> <span class='ocrx_word' id='word_1_582' title='bbox 1875 4612 1891 4632; x_wconf 87' lang='grc'><strong>,</strong></span> 
     </span>
    </p>
   </div>
   <div class='ocr_carea' id='block_1_80' title="bbox 336 4574 1892 4711">
    <p class='ocr_par' dir='ltr' id='par_1_80' title="bbox 336 4574 1892 4711">
     <span class='ocr_line' id='line_1_82' title="bbox 336 4574 1892 4639; baseline 0.008 -28"><span class='ocrx_word' id='word_1_583' title='bbox 336 4574 664 4636; x_wconf 68' lang='grc' dir='ltr'>εγγελωντες</span> <span class='ocrx_word' id='word_1_584' title='bbox 684 4599 700 4622; x_wconf 95' lang='grc'><strong>,</strong></span> <span class='ocrx_word' id='word_1_585' title='bbox 750 4574 1227 4639; x_wconf 31' lang='grc' dir='ltr'>ανυαρπαςονταςι,</span> <span class='ocrx_word' id='word_1_586' title='bbox 1270 4574 1369 4627; x_wconf 82' lang='grc' dir='ltr'><strong>τας</strong></span> <span class='ocrx_word' id='word_1_587' title='bbox 1415 4574 1560 4630; x_wconf 79' lang='grc' dir='ltr'>κλεῖς</span> <span class='ocrx_word' id='word_1_588' title='bbox 1605 4574 1854 4632; x_wconf 84' lang='grc' dir='ltr'>ἀνοίξωσι</span> <span class='ocrx_word' id='word_1_589' title='bbox 1875 4612 1892 4638; x_wconf 87' lang='grc'><strong>,</strong></span> 
     </span>
     <span class='ocr_line' id='line_1_83' title="bbox 336 4625 1892 4711; baseline 0.008 -31"><span class='ocrx_word' id='word_1_590' title='bbox 336 4627 681 4711; x_wconf 52' lang='grc' dir='ltr'>ἐσκύλευσεν,</span> <span class='ocrx_word' id='word_1_591' title='bbox 708 4625 1017 4711; x_wconf 38' lang='grc' dir='ltr'>’τροπόυται</span> <span class='ocrx_word' id='word_1_592' title='bbox 1034 4670 1050 4695; x_wconf 89' lang='grc'><strong>,</strong></span> <span class='ocrx_word' id='word_1_593' title='bbox 1085 4635 1428 4711; x_wconf 76' lang='grc' dir='ltr'>περιπαρεὶς,</span> <span class='ocrx_word' id='word_1_594' title='bbox 1457 4635 1666 4711; x_wconf 70' lang='grc' dir='ltr'>δέλεαρ,</span> <span class='ocrx_word' id='word_1_595' title='bbox 1691 4638 1892 4711; x_wconf 89' lang='grc' dir='ltr'>πολεμ-</span> 
     </span>
    </p>
   </div>
   <div class='ocr_carea' id='block_1_81' title="bbox 335 4697 1892 4779">
    <p class='ocr_par' dir='ltr' id='par_1_81' title="bbox 335 4697 1892 4779">
     <span class='ocr_line' id='line_1_84' title="bbox 335 4697 1892 4779; baseline 0.009 -28"><span class='ocrx_word' id='word_1_596' title='bbox 335 4697 532 4777; x_wconf 72' lang='grc' dir='ltr'>ἀρχης,</span> <span class='ocrx_word' id='word_1_597' title='bbox 575 4708 630 4754; x_wconf 90' lang='lat' dir='ltr'><strong>et</strong></span> <span class='ocrx_word' id='word_1_598' title='bbox 674 4697 855 4768; x_wconf 65' lang='lat' dir='ltr'><strong>alitjua</strong></span> <span class='ocrx_word' id='word_1_599' title='bbox 883 4700 1010 4766; x_wconf 90' lang='lat' dir='ltr'><strong>alia,</strong></span> <span class='ocrx_word' id='word_1_600' title='bbox 1053 4697 1174 4770; x_wconf 68' lang='lat' dir='ltr'><strong>quae</strong></span> <span class='ocrx_word' id='word_1_601' title='bbox 1209 4697 1336 4758; x_wconf 77' lang='lat' dir='ltr'><strong>mox</strong></span> <span class='ocrx_word' id='word_1_602' title='bbox 1381 4697 1437 4759; x_wconf 86' lang='lat' dir='ltr'><strong>in</strong></span> <span class='ocrx_word' id='word_1_603' title='bbox 1484 4697 1708 4778; x_wconf 80' lang='lat' dir='ltr'><strong>legendo</strong></span> <span class='ocrx_word' id='word_1_604' title='bbox 1736 4697 1892 4779; x_wconf 74' lang='lat' dir='ltr'><strong>repe-</strong></span> 
     </span>
    </p>
   </div>
   <div class='ocr_carea' id='block_1_82' title="bbox 322 4784 1895 4930">
    <p class='ocr_par' dir='ltr' id='par_1_82' title="bbox 322 4784 1895 4930">
     <span class='ocr_line' id='line_1_85' title="bbox 331 4784 463 4823; baseline -0.023 0"><span class='ocrx_word' id='word_1_605' title='bbox 331 4784 463 4823; x_wconf 79' lang='lat' dir='ltr'><strong>nes.</strong></span> 
     </span>
     <span class='ocr_line' id='line_1_86' title="bbox 322 4835 1895 4930; baseline 0.01 -41"><span class='ocrx_word' id='word_1_606' title='bbox 322 4836 378 4930; x_wconf 52' lang='grc' dir='ltr'><strong><em>’ρ</em></strong></span> <span class='ocrx_word' id='word_1_607' title='bbox 405 4837 516 4930; x_wconf 70' lang='grc'>(21)</span> <span class='ocrx_word' id='word_1_608' title='bbox 644 4838 1096 4930; x_wconf 55' lang='grc' dir='ltr'>ερηβεξεηιέιιηι...</span> <span class='ocrx_word' id='word_1_609' title='bbox 1119 4844 1744 4930; x_wconf 40' lang='grc' dir='ltr'>ιαηιδαάοιεεςεηείὸιιε-ε..</span> <span class='ocrx_word' id='word_1_610' title='bbox 1771 4849 1895 4905; x_wconf 82' lang='lat' dir='ltr'><strong>iter.</strong></span> 
     </span>
    </p>
   </div>
   <div class='ocr_carea' id='block_1_83' title="bbox 336 4905 1891 5010">
    <p class='ocr_par' dir='ltr' id='par_1_83' title="bbox 336 4905 1891 5010">
     <span class='ocr_line' id='line_1_87' title="bbox 336 4905 1891 5010; baseline 0.01 -52"><span class='ocrx_word' id='word_1_611' title='bbox 336 4905 775 5010; x_wconf 35' lang='lat' dir='ltr'><strong>efﬁgians}?</strong></span> <span class='ocrx_word' id='word_1_612' title='bbox 804 4908 1022 5010; x_wconf 49' lang='lat' dir='ltr'><strong>lignloco</strong></span> <span class='ocrx_word' id='word_1_613' title='bbox 1052 4927 1064 4962; x_wconf 90' lang='lat'><strong>:</strong></span> <span class='ocrx_word' id='word_1_614' title='bbox 1100 4913 1511 5010; x_wconf 42' lang='grc' dir='ltr'><strong>ειέυνοξοιπορξειῖνς</strong></span> <span class='ocrx_word' id='word_1_615' title='bbox 1538 4916 1600 5010; x_wconf 58' lang='grc' dir='ltr'>1η</span> <span class='ocrx_word' id='word_1_616' title='bbox 1632 4919 1743 5010; x_wconf 50' lang='lat' dir='ltr'><strong>tilia.</strong></span> <span class='ocrx_word' id='word_1_617' title='bbox 1756 4935 1891 5010; x_wconf 52' lang='grc' dir='ltr'>ξεῖ-ο</span> 
     </span>
    </p>
   </div>
   <div class='ocr_carea' id='block_1_84' title="bbox 331 4979 1893 5103">
    <p class='ocr_par' dir='ltr' id='par_1_84' title="bbox 331 4979 1893 5103">
     <span class='ocr_line' id='line_1_88' title="bbox 332 4979 1893 5061; baseline 0.01 -31"><span class='ocrx_word' id='word_1_618' title='bbox 332 4979 611 5059; x_wconf 73' lang='lat' dir='ltr'><strong>oratione,</strong></span> <span class='ocrx_word' id='word_1_619' title='bbox 646 4994 767 5048; x_wconf 83' lang='lat' dir='ltr'><strong>pag.</strong></span> <span class='ocrx_word' id='word_1_620' title='bbox 800 4979 907 5060; x_wconf 52' lang='grc'><strong>420</strong></span> <span class='ocrx_word' id='word_1_621' title='bbox 933 4999 946 5034; x_wconf 92' lang='lat'><strong>:</strong></span> <span class='ocrx_word' id='word_1_622' title='bbox 977 4979 1393 5056; x_wconf 79' lang='grc' dir='ltr'>συνοδοιπόρουέ</span> <span class='ocrx_word' id='word_1_623' title='bbox 1416 4986 1511 5059; x_wconf 76' lang='grc' dir='ltr'><strong>ἀμ’</strong></span> <span class='ocrx_word' id='word_1_624' title='bbox 1542 4989 1699 5061; x_wconf 75' lang='grc' dir='ltr'>αὐτῇ,</span> <span class='ocrx_word' id='word_1_625' title='bbox 1731 4989 1783 5043; x_wconf 91' lang='lat' dir='ltr'><strong>id</strong></span> <span class='ocrx_word' id='word_1_626' title='bbox 1811 5000 1893 5045; x_wconf 89' lang='lat' dir='ltr'><strong>est</strong></span> 
     </span>
     <span class='ocr_line' id='line_1_89' title="bbox 331 5048 1675 5103; baseline 0.005 -3"><span class='ocrx_word' id='word_1_627' title='bbox 331 5062 431 5100; x_wconf 68' lang='lat' dir='ltr'><strong>vtae</strong></span> <span class='ocrx_word' id='word_1_628' title='bbox 461 5063 629 5101; x_wconf 70' lang='lat' dir='ltr'><strong>socios</strong></span> <span class='ocrx_word' id='word_1_629' title='bbox 658 5065 773 5103; x_wconf 84' lang='lat' dir='ltr'><strong>cum</strong></span> <span class='ocrx_word' id='word_1_630' title='bbox 802 5048 918 5103; x_wconf 75' lang='lat' dir='ltr'><strong>illa.</strong></span> <span class='ocrx_word' id='word_1_631' title='bbox 1672 5087 1675 5089; x_wconf 93' lang='lat'><em>-</em></span> 
     </span>
    </p>
   </div>
   <div class='ocr_carea' id='block_1_85' title="bbox 410 5115 1890 5243">
    <p class='ocr_par' dir='ltr' id='par_1_85' title="bbox 410 5115 1890 5243">
     <span class='ocr_line' id='line_1_90' title="bbox 410 5115 1890 5243; baseline 0.009 -74"><span class='ocrx_word' id='word_1_632' title='bbox 410 5115 523 5185; x_wconf 89' lang='grc'>(22)</span> <span class='ocrx_word' id='word_1_633' title='bbox 558 5116 725 5199; x_wconf 70' lang='lat' dir='ltr'><strong>Humi</strong></span> <span class='ocrx_word' id='word_1_634' title='bbox 749 5128 1024 5243; x_wconf 65' lang='lat' dir='ltr'><strong>reEtantea.</strong></span> <span class='ocrx_word' id='word_1_635' title='bbox 1063 5121 1354 5194; x_wconf 80' lang='lat' dir='ltr'><strong>Gregorius</strong></span> <span class='ocrx_word' id='word_1_636' title='bbox 1384 5141 1396 5179; x_wconf 89' lang='lat'><strong>:</strong></span> <span class='ocrx_word' id='word_1_637' title='bbox 1432 5125 1720 5199; x_wconf 77' lang='grc' dir='ltr'>ἓρπουσαν.</span> <span class='ocrx_word' id='word_1_638' title='bbox 1747 5127 1890 5183; x_wconf 89' lang='lat' dir='ltr'><strong>Idem</strong></span> 
     </span>
     <span class='ocr_line' id='line_1_91' title="bbox 410 5187 1890 5243; baseline 0.003 -4"><span class='ocrx_word' id='word_1_639' title='bbox 410 5187 662 5243; x_wconf 72' lang='lat' dir='ltr'><strong>etanhrasi</strong></span> <span class='ocrx_word' id='word_1_640' title='bbox 707 5205 761 5243; x_wconf 79' lang='grc' dir='ltr'>ιη</span> <span class='ocrx_word' id='word_1_641' title='bbox 843 5189 1183 5243; x_wconf 80' lang='lat' dir='ltr'><strong>cclesiauem.</strong></span> <span class='ocrx_word' id='word_1_642' title='bbox 1215 5209 1331 5243; x_wconf 85' lang='lat' dir='ltr'><strong>can.</strong></span> <span class='ocrx_word' id='word_1_643' title='bbox 1371 5211 1388 5243; x_wconf 89' lang='grc' dir='ltr'><strong>ι</strong></span> <span class='ocrx_word' id='word_1_644' title='bbox 1429 5213 1442 5243; x_wconf 93' lang='lat'>:</span> <span class='ocrx_word' id='word_1_645' title='bbox 1476 5197 1617 5243; x_wconf 79' lang='grc' dir='ltr'>κατὰ</span> <span class='ocrx_word' id='word_1_646' title='bbox 1650 5199 1752 5243; x_wconf 73' lang='grc' dir='ltr'><strong>νῆν</strong></span> <span class='ocrx_word' id='word_1_647' title='bbox 1797 5199 1890 5243; x_wconf 71' lang='grc' dir='ltr'><strong>ἕο-</strong></span> 
     </span>
    </p>
   </div>
   <div class='ocr_carea' id='block_1_86' title="bbox 333 5185 1892 5271">
    <p class='ocr_par' dir='ltr' id='par_1_86' title="bbox 333 5185 1892 5271">
     <span class='ocr_line' id='line_1_92' title="bbox 333 5185 1892 5271; baseline 0.008 -29"><span class='ocrx_word' id='word_1_648' title='bbox 333 5185 662 5257; x_wconf 76' lang='lat' dir='ltr'><strong>Metapltrasi</strong></span> <span class='ocrx_word' id='word_1_649' title='bbox 707 5190 761 5243; x_wconf 84' lang='lat' dir='ltr'><strong>in</strong></span> <span class='ocrx_word' id='word_1_650' title='bbox 794 5185 1198 5256; x_wconf 57' lang='lat' dir='ltr'><strong>Ecclesiastem:</strong></span> <span class='ocrx_word' id='word_1_651' title='bbox 1215 5209 1331 5265; x_wconf 92' lang='lat' dir='ltr'><strong>cap.</strong></span> <span class='ocrx_word' id='word_1_652' title='bbox 1370 5211 1388 5250; x_wconf 86' lang='grc' dir='ltr'><strong>ι</strong></span> <span class='ocrx_word' id='word_1_653' title='bbox 1429 5185 1617 5251; x_wconf 77' lang='grc' dir='ltr'>ε’κατά</span> <span class='ocrx_word' id='word_1_654' title='bbox 1650 5199 1752 5270; x_wconf 84' lang='grc' dir='ltr'>γῆν</span> <span class='ocrx_word' id='word_1_655' title='bbox 1797 5199 1892 5271; x_wconf 74' lang='grc' dir='ltr'><strong>ἕρ-</strong></span> 
     </span>
    </p>
   </div>
   <div class='ocr_carea' id='block_1_87' title="bbox 332 5273 1892 5409">
    <p class='ocr_par' dir='ltr' id='par_1_87' title="bbox 332 5273 1892 5409">
     <span class='ocr_line' id='line_1_93' title="bbox 332 5273 1892 5409; baseline 0.007 -29"><span class='ocrx_word' id='word_1_656' title='bbox 332 5273 841 5409; x_wconf 42' lang='grc' dir='ltr'>ῗοῖξξιῗδιαηυνςε.</span> <span class='ocrx_word' id='word_1_657' title='bbox 884 5326 1066 5409; x_wconf 73' lang='lat' dir='ltr'><strong>Codex</strong></span> <span class='ocrx_word' id='word_1_658' title='bbox 1105 5334 1403 5409; x_wconf 70' lang='lat' dir='ltr'><strong>mendose:</strong></span> <span class='ocrx_word' id='word_1_659' title='bbox 1445 5338 1723 5409; x_wconf 85' lang='grc' dir='ltr'>μάρτυρας</span> <span class='ocrx_word' id='word_1_660' title='bbox 1753 5338 1892 5409; x_wconf 84' lang='grc' dir='ltr'><strong>κατά</strong></span> 
     </span>
    </p>
   </div>
   <div class='ocr_carea' id='block_1_88' title="bbox 334 5396 1890 5474">
    <p class='ocr_par' dir='ltr' id='par_1_88' title="bbox 334 5396 1890 5474">
     <span class='ocr_line' id='line_1_94' title="bbox 334 5396 1890 5474; baseline 0.007 -24"><span class='ocrx_word' id='word_1_661' title='bbox 334 5396 569 5474; x_wconf 59' lang='grc' dir='ltr'>θανάτου</span> <span class='ocrx_word' id='word_1_662' title='bbox 608 5396 937 5474; x_wconf 75' lang='grc' dir='ltr'>σκιρτῶντας</span> <span class='ocrx_word' id='word_1_663' title='bbox 974 5400 1178 5474; x_wconf 80' lang='grc' dir='ltr'>ξίφεσιν</span> <span class='ocrx_word' id='word_1_664' title='bbox 1205 5396 1565 5474; x_wconf 69' lang='grc' dir='ltr'>ὲγγέλλοντες.</span> <span class='ocrx_word' id='word_1_665' title='bbox 1592 5396 1659 5461; x_wconf 62' lang='grc' dir='ltr'><strong>Αἶ</strong></span> <span class='ocrx_word' id='word_1_666' title='bbox 1685 5396 1730 5462; x_wconf 77' lang='lat' dir='ltr'><strong>si</strong></span> <span class='ocrx_word' id='word_1_667' title='bbox 1758 5408 1890 5461; x_wconf 80' lang='lat' dir='ltr'><strong>nihil</strong></span> 
     </span>
    </p>
   </div>
   <div class='ocr_carea' id='block_1_89' title="bbox 332 5466 1885 5558">
    <p class='ocr_par' dir='ltr' id='par_1_89' title="bbox 332 5466 1885 5558">
     <span class='ocr_line' id='line_1_95' title="bbox 332 5466 1885 5558; baseline 0.009 -41"><span class='ocrx_word' id='word_1_668' title='bbox 332 5466 575 5558; x_wconf 57' lang='lat' dir='ltr'><strong>librario</strong></span> <span class='ocrx_word' id='word_1_669' title='bbox 600 5466 855 5558; x_wconf 32' lang='lat' dir='ltr'><strong>escidlit,‘</strong></span> <span class='ocrx_word' id='word_1_670' title='bbox 872 5466 1355 5558; x_wconf 10' lang='lat' dir='ltr'><strong>rmanifestum&#39;est</strong></span> <span class='ocrx_word' id='word_1_671' title='bbox 1398 5466 1678 5558; x_wconf 66' lang='lat' dir='ltr'><strong>legendum</strong></span> <span class='ocrx_word' id='word_1_672' title='bbox 1726 5493 1885 5558; x_wconf 79' lang='lat' dir='ltr'><strong>esse:</strong></span> 
     </span>
    </p>
   </div>
   <div class='ocr_carea' id='block_1_90' title="bbox 333 5537 1888 5670">
    <p class='ocr_par' dir='ltr' id='par_1_90' title="bbox 333 5537 1888 5670">
     <span class='ocr_line' id='line_1_96' title="bbox 333 5537 1888 5670; baseline 0.009 -82"><span class='ocrx_word' id='word_1_673' title='bbox 333 5537 612 5670; x_wconf 50' lang='grc' dir='ltr'>μέρξέἕες</span> <span class='ocrx_word' id='word_1_674' title='bbox 644 5537 784 5592; x_wconf 84' lang='grc' dir='ltr'><strong>κατά</strong></span> <span class='ocrx_word' id='word_1_675' title='bbox 828 5538 1057 5595; x_wconf 79' lang='grc' dir='ltr'>θανάτου</span> <span class='ocrx_word' id='word_1_676' title='bbox 1101 5537 1692 5616; x_wconf 48' lang='grc' dir='ltr'>σκιρτῶντεςξξίφεσιν</span> <span class='ocrx_word' id='word_1_677' title='bbox 1732 5550 1888 5616; x_wconf 73' lang='grc' dir='ltr'>ἐγγε-</span> 
     </span>
    </p>
   </div>
   <div class='ocr_carea' id='block_1_91' title="bbox 368 5676 1889 5760">
    <p class='ocr_par' dir='ltr' id='par_1_91' title="bbox 368 5676 1889 5760">
     <span class='ocr_line' id='line_1_97' title="bbox 368 5676 1889 5760; baseline 0.007 -29"><span class='ocrx_word' id='word_1_678' title='bbox 368 5676 521 5760; x_wconf 28' lang='grc'>.-(24)</span> <span class='ocrx_word' id='word_1_679' title='bbox 555 5676 808 5760; x_wconf 75' lang='lat' dir='ltr'><strong>Dispergi.</strong></span> <span class='ocrx_word' id='word_1_680' title='bbox 827 5680 1504 5760; x_wconf 48' lang='grc' dir='ltr'>ϐτεεοξδιασκορπίζοντες.</span> <span class='ocrx_word' id='word_1_681' title='bbox 1522 5684 1809 5760; x_wconf 78' lang='lat' dir='ltr'><strong>Gregorius</strong></span> <span class='ocrx_word' id='word_1_682' title='bbox 1837 5688 1889 5742; x_wconf 89' lang='lat' dir='ltr'><strong>in</strong></span> 
     </span>
    </p>
   </div>
   <div class='ocr_carea' id='block_1_92' title="bbox 333 5752 1889 5830">
    <p class='ocr_par' dir='ltr' id='par_1_92' title="bbox 333 5752 1889 5830">
     <span class='ocr_line' id='line_1_98' title="bbox 333 5752 1889 5830; baseline 0.008 -30"><span class='ocrx_word' id='word_1_683' title='bbox 333 5752 495 5830; x_wconf 64' lang='lat' dir='ltr'><strong>citata</strong></span> <span class='ocrx_word' id='word_1_684' title='bbox 529 5752 789 5830; x_wconf 67' lang='lat' dir='ltr'><strong>oratione,</strong></span> <span class='ocrx_word' id='word_1_685' title='bbox 820 5752 1093 5830; x_wconf 63' lang='lat' dir='ltr'><strong>pag.£52_:</strong></span> <span class='ocrx_word' id='word_1_686' title='bbox 1115 5752 1492 5830; x_wconf 78' lang='grc' dir='ltr'>διασκορπίσαι</span> <span class='ocrx_word' id='word_1_687' title='bbox 1519 5758 1615 5827; x_wconf 74' lang='grc' dir='ltr'>τὴν</span> <span class='ocrx_word' id='word_1_688' title='bbox 1632 5752 1889 5830; x_wconf 66' lang='grc' dir='ltr'>πατρῴαν</span> 
     </span>
    </p>
   </div>
   <div class='ocr_carea' id='block_1_93' title="bbox 334 5815 1657 5898">
    <p class='ocr_par' dir='ltr' id='par_1_93' title="bbox 334 5815 1657 5898">
     <span class='ocr_line' id='line_1_99' title="bbox 334 5815 1657 5898; baseline 0.011 -29"><span class='ocrx_word' id='word_1_689' title='bbox 334 5815 546 5883; x_wconf 79' lang='grc' dir='ltr'>οὐσίαν,</span> <span class='ocrx_word' id='word_1_690' title='bbox 576 5820 629 5870; x_wconf 83' lang='lat' dir='ltr'><strong>id</strong></span> <span class='ocrx_word' id='word_1_691' title='bbox 657 5826 738 5872; x_wconf 78' lang='lat' dir='ltr'><strong>est</strong></span> <span class='ocrx_word' id='word_1_692' title='bbox 760 5815 1005 5891; x_wconf 61' lang='lat' dir='ltr'><strong>paternas</strong></span> <span class='ocrx_word' id='word_1_693' title='bbox 1038 5815 1319 5892; x_wconf 61' lang='lat' dir='ltr'><strong>facultates&#39;</strong></span> <span class='ocrx_word' id='word_1_694' title='bbox 1355 5815 1657 5898; x_wconf 53' lang='lat' dir='ltr'><strong>dissipas“.</strong></span> 
     </span>
    </p>
   </div>
   <div class='ocr_carea' id='block_1_94' title="bbox 2006 3317 3553 3390">
    <p class='ocr_par' dir='ltr' id='par_1_94' title="bbox 2006 3317 3553 3390">
     <span class='ocr_line' id='line_1_100' title="bbox 2006 3317 3553 3390; baseline 0 -18"><span class='ocrx_word' id='word_1_695' title='bbox 2006 3329 2109 3374; x_wconf 89' lang='lat' dir='ltr'><strong>rat.</strong></span> <span class='ocrx_word' id='word_1_696' title='bbox 2151 3318 2321 3373; x_wconf 85' lang='lat' dir='ltr'><strong>llamo</strong></span> <span class='ocrx_word' id='word_1_697' title='bbox 2363 3320 2528 3384; x_wconf 89' lang='lat' dir='ltr'><strong>enim,</strong></span> <span class='ocrx_word' id='word_1_698' title='bbox 2561 3320 2719 3375; x_wconf 90' lang='lat' dir='ltr'><strong>utsic</strong></span> <span class='ocrx_word' id='word_1_699' title='bbox 2745 3320 2958 3389; x_wconf 88' lang='lat' dir='ltr'><strong>loquar,</strong></span> <span class='ocrx_word' id='word_1_700' title='bbox 3001 3320 3054 3373; x_wconf 93' lang='lat' dir='ltr'><strong>in</strong></span> <span class='ocrx_word' id='word_1_701' title='bbox 3090 3317 3352 3375; x_wconf 88' lang='lat' dir='ltr'><strong>Deitatem</strong></span> <span class='ocrx_word' id='word_1_702' title='bbox 3382 3318 3553 3390; x_wconf 79' lang='lat' dir='ltr'><strong>jacto,</strong></span> 
     </span>
    </p>
   </div>
   <div class='ocr_carea' id='block_1_95' title="bbox 2005 3407 3557 3480">
    <p class='ocr_par' dir='ltr' id='par_1_95' title="bbox 2005 3407 3557 3480">
     <span class='ocr_line' id='line_1_101' title="bbox 2005 3407 3557 3480; baseline -0.003 -15"><span class='ocrx_word' id='word_1_703' title='bbox 2005 3411 2131 3465; x_wconf 88' lang='lat' dir='ltr'><strong>dum</strong></span> <span class='ocrx_word' id='word_1_704' title='bbox 2162 3420 2476 3465; x_wconf 89' lang='lat' dir='ltr'><strong>consuetam</strong></span> <span class='ocrx_word' id='word_1_705' title='bbox 2508 3425 2689 3465; x_wconf 89' lang='lat' dir='ltr'><strong>escam</strong></span> <span class='ocrx_word' id='word_1_706' title='bbox 2717 3409 2961 3480; x_wconf 88' lang='lat' dir='ltr'><strong>deglutit,</strong></span> <span class='ocrx_word' id='word_1_707' title='bbox 2994 3410 3204 3479; x_wconf 88' lang='lat' dir='ltr'><strong>capitur</strong></span> <span class='ocrx_word' id='word_1_708' title='bbox 3238 3408 3352 3478; x_wconf 92' lang='lat' dir='ltr'><strong>ipse</strong></span> <span class='ocrx_word' id='word_1_709' title='bbox 3384 3407 3557 3463; x_wconf 82' lang='lat' dir='ltr'><strong>mani-</strong></span> 
     </span>
    </p>
   </div>
   <div class='ocr_carea' id='block_1_96' title="bbox 2006 3500 3553 3573">
    <p class='ocr_par' dir='ltr' id='par_1_96' title="bbox 2006 3500 3553 3573">
     <span class='ocr_line' id='line_1_102' title="bbox 2006 3500 3553 3573; baseline -0.003 -16"><span class='ocrx_word' id='word_1_710' title='bbox 2006 3502 2143 3557; x_wconf 84' lang='lat' dir='ltr'><strong>festo</strong></span> <span class='ocrx_word' id='word_1_711' title='bbox 2185 3503 2276 3573; x_wconf 76' lang='lat' dir='ltr'><strong>qui</strong></span> <span class='ocrx_word' id='word_1_712' title='bbox 2320 3502 2422 3557; x_wconf 90' lang='lat' dir='ltr'><strong>sibi</strong></span> <span class='ocrx_word' id='word_1_713' title='bbox 2462 3516 2655 3570; x_wconf 86' lang='lat' dir='ltr'><strong>capere</strong></span> <span class='ocrx_word' id='word_1_714' title='bbox 2684 3500 2986 3563; x_wconf 88' lang='lat' dir='ltr'><strong>videbatur,</strong></span> <span class='ocrx_word' id='word_1_715' title='bbox 3014 3515 3079 3555; x_wconf 90' lang='lat' dir='ltr'><strong>ac</strong></span> <span class='ocrx_word' id='word_1_716' title='bbox 3104 3500 3399 3567; x_wconf 84' lang='lat' dir='ltr'><strong>hominem,</strong></span> <span class='ocrx_word' id='word_1_717' title='bbox 3448 3515 3553 3555; x_wconf 91' lang='lat' dir='ltr'><strong>non</strong></span> 
     </span>
    </p>
   </div>
   <div class='ocr_carea' id='block_1_97' title="bbox 2004 3590 3555 3664">
    <p class='ocr_par' dir='ltr' id='par_1_97' title="bbox 2004 3590 3555 3664">
     <span class='ocr_line' id='line_1_103' title="bbox 2004 3590 3555 3664; baseline -0.001 -17"><span class='ocrx_word' id='word_1_718' title='bbox 2004 3592 2170 3650; x_wconf 89' lang='lat' dir='ltr'><strong>Deum</strong></span> <span class='ocrx_word' id='word_1_719' title='bbox 2197 3610 2228 3650; x_wconf 89' lang='lat' dir='ltr'><strong>a</strong></span> <span class='ocrx_word' id='word_1_720' title='bbox 2260 3609 2318 3649; x_wconf 92' lang='lat' dir='ltr'><strong>se</strong></span> <span class='ocrx_word' id='word_1_721' title='bbox 2347 3593 2513 3648; x_wconf 88' lang='lat' dir='ltr'><strong>teneri</strong></span> <span class='ocrx_word' id='word_1_722' title='bbox 2542 3591 2655 3664; x_wconf 76' lang='lat'><strong>(&#39;50)</strong></span> <span class='ocrx_word' id='word_1_723' title='bbox 2699 3591 3084 3652; x_wconf 82' lang='lat' dir='ltr'><strong>arbitrabatur,</strong></span> <span class='ocrx_word' id='word_1_724' title='bbox 3113 3590 3401 3661; x_wconf 85' lang='lat' dir='ltr'><strong>Propterea</strong></span> <span class='ocrx_word' id='word_1_725' title='bbox 3426 3590 3555 3646; x_wconf 87' lang='lat' dir='ltr'><strong>dra-</strong></span> 
     </span>
    </p>
   </div>
   <div class='ocr_carea' id='block_1_98' title="bbox 2005 3684 3556 3758">
    <p class='ocr_par' dir='ltr' id='par_1_98' title="bbox 2005 3684 3556 3758">
     <span class='ocr_line' id='line_1_104' title="bbox 2005 3684 3556 3758; baseline -0.003 -17"><span class='ocrx_word' id='word_1_726' title='bbox 2005 3688 2156 3741; x_wconf 88' lang='lat' dir='ltr'><strong>conis</strong></span> <span class='ocrx_word' id='word_1_727' title='bbox 2185 3686 2346 3757; x_wconf 86' lang='lat' dir='ltr'><strong>capiti</strong></span> <span class='ocrx_word' id='word_1_728' title='bbox 2376 3685 2642 3741; x_wconf 91' lang='lat' dir='ltr'><strong>insultant</strong></span> <span class='ocrx_word' id='word_1_729' title='bbox 2674 3695 2957 3758; x_wconf 88' lang='lat' dir='ltr'><strong>martyres,</strong></span> <span class='ocrx_word' id='word_1_730' title='bbox 2984 3692 3038 3740; x_wconf 88' lang='lat' dir='ltr'><strong>et</strong></span> <span class='ocrx_word' id='word_1_731' title='bbox 3062 3684 3291 3754; x_wconf 88' lang='lat' dir='ltr'><strong>quodvis</strong></span> <span class='ocrx_word' id='word_1_732' title='bbox 3315 3691 3556 3739; x_wconf 75' lang='lat' dir='ltr'><strong>tormen—</strong></span> 
     </span>
    </p>
   </div>
   <div class='ocr_carea' id='block_1_99' title="bbox 2001 3773 3555 3847">
    <p class='ocr_par' dir='ltr' id='par_1_99' title="bbox 2001 3773 3555 3847">
     <span class='ocr_line' id='line_1_105' title="bbox 2001 3773 3555 3847; baseline -0.003 -15"><span class='ocrx_word' id='word_1_733' title='bbox 2001 3787 2179 3832; x_wconf 87' lang='lat' dir='ltr'><strong>torum</strong></span> <span class='ocrx_word' id='word_1_734' title='bbox 2215 3792 2383 3847; x_wconf 80' lang='lat' dir='ltr'><strong>genus</strong></span> <span class='ocrx_word' id='word_1_735' title='bbox 2406 3775 2731 3846; x_wconf 88' lang='lat' dir='ltr'><strong>despiciunt.</strong></span> <span class='ocrx_word' id='word_1_736' title='bbox 2763 3775 2838 3831; x_wconf 81' lang='lat' dir='ltr'><strong>Ex</strong></span> <span class='ocrx_word' id='word_1_737' title='bbox 2867 3790 2976 3846; x_wconf 90' lang='lat' dir='ltr'><strong>quo</strong></span> <span class='ocrx_word' id='word_1_738' title='bbox 3002 3776 3146 3830; x_wconf 88' lang='lat' dir='ltr'><strong>enim</strong></span> <span class='ocrx_word' id='word_1_739' title='bbox 3177 3782 3419 3842; x_wconf 87' lang='lat' dir='ltr'><strong>tempore</strong></span> <span class='ocrx_word' id='word_1_740' title='bbox 3446 3773 3555 3843; x_wconf 90' lang='lat' dir='ltr'><strong>pri-</strong></span> 
     </span>
    </p>
   </div>
   <div class='ocr_carea' id='block_1_100' title="bbox 2002 3864 3552 3932">
    <p class='ocr_par' dir='ltr' id='par_1_100' title="bbox 2002 3864 3552 3932">
     <span class='ocr_line' id='line_1_106' title="bbox 2002 3864 3552 3932; baseline -0.005 -9"><span class='ocrx_word' id='word_1_741' title='bbox 2002 3884 2152 3923; x_wconf 78' lang='lat' dir='ltr'><strong>mum</strong></span> <span class='ocrx_word' id='word_1_742' title='bbox 2180 3867 2445 3922; x_wconf 85' lang='lat' dir='ltr'><strong>Adamum</strong></span> <span class='ocrx_word' id='word_1_743' title='bbox 2471 3868 2741 3923; x_wconf 90' lang='lat' dir='ltr'><strong>secundus</strong></span> <span class='ocrx_word' id='word_1_744' title='bbox 2770 3882 2837 3922; x_wconf 81' lang='lat' dir='ltr'><strong>ex</strong></span> <span class='ocrx_word' id='word_1_745' title='bbox 2865 3864 3059 3921; x_wconf 79' lang='lat' dir='ltr'><strong>inferni</strong></span> <span class='ocrx_word' id='word_1_746' title='bbox 3084 3864 3273 3932; x_wconf 80' lang='lat' dir='ltr'><strong>fundo,</strong></span> <span class='ocrx_word' id='word_1_747' title='bbox 3296 3873 3552 3932; x_wconf 75' lang='lat' dir='ltr'><strong>tanquam</strong></span> 
     </span>
    </p>
   </div>
   <div class='ocr_carea' id='block_1_101' title="bbox 2001 3955 3552 4036">
    <p class='ocr_par' dir='ltr' id='par_1_101' title="bbox 2001 3955 3552 4036">
     <span class='ocr_line' id='line_1_107' title="bbox 2001 3955 3552 4036; baseline -0.004 -23"><span class='ocrx_word' id='word_1_748' title='bbox 2001 3958 2191 4014; x_wconf 87' lang='lat' dir='ltr'><strong>Jonam</strong></span> <span class='ocrx_word' id='word_1_749' title='bbox 2231 3975 2297 4014; x_wconf 79' lang='lat' dir='ltr'><strong>ex</strong></span> <span class='ocrx_word' id='word_1_750' title='bbox 2329 3968 2468 4023; x_wconf 91' lang='lat' dir='ltr'><strong>ceto,</strong></span> <span class='ocrx_word' id='word_1_751' title='bbox 2490 3958 2695 4036; x_wconf 75' lang='lat' dir='ltr'><strong>edpxit,</strong></span> <span class='ocrx_word' id='word_1_752' title='bbox 2722 3972 2785 4014; x_wconf 92' lang='lat' dir='ltr'><strong>ac</strong></span> <span class='ocrx_word' id='word_1_753' title='bbox 2811 3957 2985 4021; x_wconf 91' lang='lat' dir='ltr'><strong>illum,</strong></span> <span class='ocrx_word' id='word_1_754' title='bbox 3012 3958 3105 4027; x_wconf 88' lang='lat' dir='ltr'><strong>qui</strong></span> <span class='ocrx_word' id='word_1_755' title='bbox 3141 3957 3395 4026; x_wconf 89' lang='lat' dir='ltr'><strong>deceptus</strong></span> <span class='ocrx_word' id='word_1_756' title='bbox 3424 3955 3552 4008; x_wconf 88' lang='lat' dir='ltr'><strong>olim</strong></span> 
     </span>
    </p>
   </div>
   <div class='ocr_carea' id='block_1_102' title="bbox 2001 4045 3554 4141">
    <p class='ocr_par' dir='ltr' id='par_1_102' title="bbox 2001 4045 3554 4141">
     <span class='ocr_line' id='line_1_108' title="bbox 2001 4045 3554 4141; baseline -0.005 -34"><span class='ocrx_word' id='word_1_757' title='bbox 2001 4051 2196 4117; x_wconf 77' lang='lat' dir='ltr'><strong>fuerat,</strong></span> <span class='ocrx_word' id='word_1_758' title='bbox 2219 4051 2342 4107; x_wconf 88' lang='lat' dir='ltr'><strong>coeli</strong></span> <span class='ocrx_word' id='word_1_759' title='bbox 2371 4051 2543 4106; x_wconf 89' lang='lat' dir='ltr'><strong>civem</strong></span> <span class='ocrx_word' id='word_1_760' title='bbox 2566 4065 2690 4106; x_wconf 88' lang='lat' dir='ltr'><strong>cum</strong></span> <span class='ocrx_word' id='word_1_761' title='bbox 2719 4063 2917 4141; x_wconf 61' lang='lat' dir='ltr'><strong>magpo</strong></span> <span class='ocrx_word' id='word_1_762' title='bbox 2942 4045 3242 4118; x_wconf 86' lang='lat' dir='ltr'><strong>deceptoris</strong></span> <span class='ocrx_word' id='word_1_763' title='bbox 3268 4046 3466 4117; x_wconf 89' lang='lat' dir='ltr'><strong>probro</strong></span> <span class='ocrx_word' id='word_1_764' title='bbox 3488 4059 3554 4100; x_wconf 90' lang='lat' dir='ltr'><strong>ac</strong></span> 
     </span>
    </p>
   </div>
   <div class='ocr_carea' id='block_1_103' title="bbox 2071 4289 3549 4362">
    <p class='ocr_par' dir='ltr' id='par_1_103' title="bbox 2071 4289 3549 4362">
     <span class='ocr_line' id='line_1_109' title="bbox 2071 4289 3549 4362; baseline -0.002 -13"><span class='ocrx_word' id='word_1_765' title='bbox 2071 4296 2181 4361; x_wconf 80' lang='grc'>(25)</span> <span class='ocrx_word' id='word_1_766' title='bbox 2211 4293 2509 4350; x_wconf 73' lang='lat' dir='ltr'><strong>Constricta</strong></span> <span class='ocrx_word' id='word_1_767' title='bbox 2557 4301 2801 4348; x_wconf 83' lang='lat' dir='ltr'><strong>tenerent.</strong></span> <span class='ocrx_word' id='word_1_768' title='bbox 2831 4291 3012 4347; x_wconf 79' lang='lat' dir='ltr'><strong>Codex</strong></span> <span class='ocrx_word' id='word_1_769' title='bbox 3057 4311 3070 4346; x_wconf 90' lang='lat'><strong>:</strong></span> <span class='ocrx_word' id='word_1_770' title='bbox 3109 4291 3354 4362; x_wconf 83' lang='grc' dir='ltr'>σφίξωσι.</span> <span class='ocrx_word' id='word_1_771' title='bbox 3387 4289 3549 4361; x_wconf 84' lang='lat' dir='ltr'><strong>Lego,</strong></span> 
     </span>
    </p>
   </div>
   <div class='ocr_carea' id='block_1_104' title="bbox 2001 4362 3552 4488">
    <p class='ocr_par' dir='ltr' id='par_1_104' title="bbox 2001 4362 3552 4488">
     <span class='ocr_line' id='line_1_110' title="bbox 2001 4362 3552 4488; baseline -0.003 -68"><span class='ocrx_word' id='word_1_772' title='bbox 2001 4364 2283 4436; x_wconf 82' lang='grc' dir='ltr'>σφίγξωσι.</span> <span class='ocrx_word' id='word_1_773' title='bbox 2317 4364 2606 4488; x_wconf 52' lang='grc' dir='ltr'>ϐτέξοτίιιε</span> <span class='ocrx_word' id='word_1_774' title='bbox 2631 4365 2684 4417; x_wconf 91' lang='lat' dir='ltr'><strong>in</strong></span> <span class='ocrx_word' id='word_1_775' title='bbox 2712 4380 2775 4446; x_wconf 76' lang='lat' dir='ltr'><strong>ea</strong></span> <span class='ocrx_word' id='word_1_776' title='bbox 2800 4377 2963 4433; x_wconf 90' lang='lat' dir='ltr'><strong>quam</strong></span> <span class='ocrx_word' id='word_1_777' title='bbox 2995 4362 3152 4417; x_wconf 78' lang='lat' dir='ltr'><strong>toties</strong></span> <span class='ocrx_word' id='word_1_778' title='bbox 3188 4363 3396 4416; x_wconf 85' lang='lat' dir='ltr'><strong>laudavi</strong></span> <span class='ocrx_word' id='word_1_779' title='bbox 3428 4376 3552 4416; x_wconf 87' lang='lat' dir='ltr'><strong>ora-</strong></span> 
     </span>
     <span class='ocr_line' id='line_1_111' title="bbox 2001 4431 3552 4488; baseline 0 0"><span class='ocrx_word' id='word_1_780' title='bbox 2001 4439 2166 4488; x_wconf 89' lang='lat' dir='ltr'><strong>tione.</strong></span> <span class='ocrx_word' id='word_1_781' title='bbox 2200 4450 2321 4488; x_wconf 71' lang='lat' dir='ltr'><strong>naa.</strong></span> <span class='ocrx_word' id='word_1_782' title='bbox 2360 4435 2394 4488; x_wconf 72' lang='grc'>4</span> <span class='ocrx_word' id='word_1_783' title='bbox 2471 4476 2484 4488; x_wconf 94' lang='grc'><strong>.</strong></span> <span class='ocrx_word' id='word_1_784' title='bbox 2509 4450 2588 4488; x_wconf 81' lang='lat' dir='ltr'><strong>sic</strong></span> <span class='ocrx_word' id='word_1_785' title='bbox 2636 4434 2868 4488; x_wconf 73' lang='lat' dir='ltr'><strong>locuntur</strong></span> <span class='ocrx_word' id='word_1_786' title='bbox 2907 4431 3374 4488; x_wconf 77' lang='grc' dir='ltr'>εσυσφιγξάμενος</span> <span class='ocrx_word' id='word_1_787' title='bbox 3404 4432 3552 4488; x_wconf 76' lang='grc' dir='ltr'>ἡμᾶς</span> 
     </span>
    </p>
   </div>
   <div class='ocr_carea' id='block_1_105' title="bbox 2000 4431 3554 4559">
    <p class='ocr_par' dir='ltr' id='par_1_105' title="bbox 2000 4431 3554 4559">
     <span class='ocr_line' id='line_1_112' title="bbox 2000 4431 3554 4520; baseline -0.005 -28"><span class='ocrx_word' id='word_1_788' title='bbox 2000 4431 2166 4501; x_wconf 82' lang='lat' dir='ltr'><strong>tione,</strong></span> <span class='ocrx_word' id='word_1_789' title='bbox 2200 4450 2321 4520; x_wconf 87' lang='lat' dir='ltr'><strong>pag.</strong></span> <span class='ocrx_word' id='word_1_790' title='bbox 2360 4431 2484 4495; x_wconf 73' lang='grc'>422,</span> <span class='ocrx_word' id='word_1_791' title='bbox 2509 4434 2588 4517; x_wconf 73' lang='lat' dir='ltr'><strong>sic</strong></span> <span class='ocrx_word' id='word_1_792' title='bbox 2636 4431 2868 4520; x_wconf 69' lang='lat' dir='ltr'><strong>loquitur</strong></span> <span class='ocrx_word' id='word_1_793' title='bbox 2907 4431 3374 4514; x_wconf 63' lang='grc' dir='ltr'>εσυσφιγξάμενος</span> <span class='ocrx_word' id='word_1_794' title='bbox 3404 4432 3554 4503; x_wconf 77' lang='grc' dir='ltr'>ἡμᾶς</span> 
     </span>
     <span class='ocr_line' id='line_1_113' title="bbox 2059 4502 3552 4559; baseline -0.003 0"><span class='ocrx_word' id='word_1_795' title='bbox 2059 4549 2073 4559; x_wconf 93' lang='grc'><strong>.</strong></span> <span class='ocrx_word' id='word_1_796' title='bbox 2114 4548 2125 4559; x_wconf 89' lang='grc'><strong>.</strong></span> <span class='ocrx_word' id='word_1_797' title='bbox 2166 4522 2263 4559; x_wconf 78' lang='grc' dir='ltr'><strong>τας</strong></span> <span class='ocrx_word' id='word_1_798' title='bbox 2276 4504 2450 4559; x_wconf 64' lang='lat' dir='ltr'><strong>eum</strong></span> <span class='ocrx_word' id='word_1_799' title='bbox 2473 4506 2626 4559; x_wconf 76' lang='grc' dir='ltr'>ήιιων</span> <span class='ocrx_word' id='word_1_800' title='bbox 2640 4520 2785 4557; x_wconf 84' lang='grc' dir='ltr'>ουτω</span> <span class='ocrx_word' id='word_1_801' title='bbox 2810 4502 3206 4559; x_wconf 81' lang='grc' dir='ltr'>συνδεδεμένας.</span> <span class='ocrx_word' id='word_1_802' title='bbox 3235 4503 3285 4556; x_wconf 84' lang='lat' dir='ltr'><strong>nl</strong></span> <span class='ocrx_word' id='word_1_803' title='bbox 3312 4510 3429 4557; x_wconf 87' lang='lat' dir='ltr'><strong>est:</strong></span> <span class='ocrx_word' id='word_1_804' title='bbox 3458 4518 3552 4555; x_wconf 73' lang='lat' dir='ltr'><strong>nos</strong></span> 
     </span>
    </p>
   </div>
   <div class='ocr_carea' id='block_1_106' title="bbox 2059 4502 3552 4576">
    <p class='ocr_par' dir='ltr' id='par_1_106' title="bbox 2059 4502 3552 4576">
     <span class='ocr_line' id='line_1_114' title="bbox 2059 4502 3552 4576; baseline -0.003 -16"><span class='ocrx_word' id='word_1_805' title='bbox 2059 4549 2073 4562; x_wconf 95' lang='lat'><strong>.</strong></span> <span class='ocrx_word' id='word_1_806' title='bbox 2114 4548 2125 4562; x_wconf 91' lang='lat'><strong>.</strong></span> <span class='ocrx_word' id='word_1_807' title='bbox 2166 4502 2263 4570; x_wconf 79' lang='grc' dir='ltr'><strong>τὰς</strong></span> <span class='ocrx_word' id='word_1_808' title='bbox 2276 4502 2450 4576; x_wconf 57' lang='grc' dir='ltr'>ψυχὰς</span> <span class='ocrx_word' id='word_1_809' title='bbox 2473 4503 2626 4576; x_wconf 86' lang='grc' dir='ltr'>ήμῶν</span> <span class='ocrx_word' id='word_1_810' title='bbox 2640 4502 2785 4557; x_wconf 73' lang='grc' dir='ltr'>οὕτω</span> <span class='ocrx_word' id='word_1_811' title='bbox 2810 4502 3206 4576; x_wconf 73' lang='grc' dir='ltr'>συνδεδεμένας,</span> <span class='ocrx_word' id='word_1_812' title='bbox 3235 4503 3285 4556; x_wconf 82' lang='lat' dir='ltr'><strong>id</strong></span> <span class='ocrx_word' id='word_1_813' title='bbox 3312 4510 3396 4576; x_wconf 84' lang='lat' dir='ltr'><strong>est</strong></span> <span class='ocrx_word' id='word_1_814' title='bbox 3416 4502 3434 4557; x_wconf 39' lang='lat'><strong>:&#39;</strong></span> <span class='ocrx_word' id='word_1_815' title='bbox 3458 4518 3552 4555; x_wconf 72' lang='lat' dir='ltr'><strong>nos</strong></span> 
     </span>
    </p>
   </div>
   <div class='ocr_carea' id='block_1_107' title="bbox 1996 4573 3554 4647">
    <p class='ocr_par' dir='ltr' id='par_1_107' title="bbox 1996 4573 3554 4647">
     <span class='ocr_line' id='line_1_115' title="bbox 1996 4573 3554 4647; baseline -0.003 -16"><span class='ocrx_word' id='word_1_816' title='bbox 1996 4573 2408 4647; x_wconf 43' lang='lat' dir='ltr'><strong>constringens&quot;.</strong></span> <span class='ocrx_word' id='word_1_817' title='bbox 2452 4614 2467 4629; x_wconf 93' lang='lat'><strong>.</strong></span> <span class='ocrx_word' id='word_1_818' title='bbox 2509 4573 2525 4625; x_wconf 67' lang='grc' dir='ltr'>ζ</span> <span class='ocrx_word' id='word_1_819' title='bbox 2567 4614 2581 4627; x_wconf 93' lang='grc'><strong>.</strong></span> <span class='ocrx_word' id='word_1_820' title='bbox 2626 4614 2641 4628; x_wconf 91' lang='grc'><strong>.</strong></span> <span class='ocrx_word' id='word_1_821' title='bbox 2681 4576 2884 4627; x_wconf 80' lang='lat' dir='ltr'><strong>animas</strong></span> <span class='ocrx_word' id='word_1_822' title='bbox 2932 4583 3137 4626; x_wconf 65' lang='lat' dir='ltr'><strong>nostra:</strong></span> <span class='ocrx_word' id='word_1_823' title='bbox 3188 4573 3265 4625; x_wconf 86' lang='lat' dir='ltr'><strong>ita</strong></span> <span class='ocrx_word' id='word_1_824' title='bbox 3316 4573 3453 4625; x_wconf 73' lang='lat' dir='ltr'><strong>inter</strong></span> <span class='ocrx_word' id='word_1_825' title='bbox 3496 4588 3554 4626; x_wconf 72' lang='lat' dir='ltr'><strong>se</strong></span> 
     </span>
    </p>
   </div>
   <div class='ocr_carea' id='block_1_108' title="bbox 1994 4647 2401 4718">
    <p class='ocr_par' dir='ltr' id='par_1_108' title="bbox 1994 4647 2401 4718">
     <span class='ocr_line' id='line_1_116' title="bbox 1994 4647 2401 4718; baseline -0.007 -16"><span class='ocrx_word' id='word_1_826' title='bbox 1994 4647 2401 4718; x_wconf 81' lang='lat' dir='ltr'><strong>conglutinatus.</strong></span> 
     </span>
    </p>
   </div>
   <div class='ocr_carea' id='block_1_109' title="bbox 2061 4747 3477 4823">
    <p class='ocr_par' dir='ltr' id='par_1_109' title="bbox 2061 4747 3477 4823">
     <span class='ocr_line' id='line_1_117' title="bbox 2061 4747 3477 4823; baseline -0.001 -18"><span class='ocrx_word' id='word_1_827' title='bbox 2061 4752 2171 4823; x_wconf 90' lang='grc'>(26)</span> <span class='ocrx_word' id='word_1_828' title='bbox 2199 4750 2466 4805; x_wconf 81' lang='lat' dir='ltr'><strong>Claustra.</strong></span> <span class='ocrx_word' id='word_1_829' title='bbox 2490 4749 2670 4804; x_wconf 80' lang='lat' dir='ltr'><strong>Codex</strong></span> <span class='ocrx_word' id='word_1_830' title='bbox 2724 4748 2952 4822; x_wconf 79' lang='grc' dir='ltr'>κλῇθρα.</span> <span class='ocrx_word' id='word_1_831' title='bbox 2998 4747 3176 4804; x_wconf 80' lang='lat' dir='ltr'><strong>Malim</strong></span> <span class='ocrx_word' id='word_1_832' title='bbox 3237 4748 3477 4820; x_wconf 82' lang='grc' dir='ltr'>κλεῖθρα.</span> 
     </span>
    </p>
   </div>
   <div class='ocr_carea' id='block_1_110' title="bbox 2061 4839 3550 4916">
    <p class='ocr_par' dir='ltr' id='par_1_110' title="bbox 2061 4839 3550 4916">
     <span class='ocr_line' id='line_1_118' title="bbox 2061 4839 3550 4916; baseline -0.003 -19"><span class='ocrx_word' id='word_1_833' title='bbox 2061 4842 2451 4916; x_wconf 63' lang='lat' dir='ltr'><strong>(‘27)_Clavibus</strong></span> <span class='ocrx_word' id='word_1_834' title='bbox 2479 4853 2784 4916; x_wconf 62' lang='lat' dir='ltr'><strong>reserarent.</strong></span> <span class='ocrx_word' id='word_1_835' title='bbox 2810 4842 3001 4916; x_wconf 66' lang='grc' dir='ltr'><strong>⁸(ἶναιοιιι</strong></span> <span class='ocrx_word' id='word_1_836' title='bbox 3033 4859 3048 4895; x_wconf 88' lang='lat'><strong>:</strong></span> <span class='ocrx_word' id='word_1_837' title='bbox 3090 4839 3187 4916; x_wconf 82' lang='grc' dir='ltr'><strong>τὰς</strong></span> <span class='ocrx_word' id='word_1_838' title='bbox 3227 4840 3375 4916; x_wconf 77' lang='grc' dir='ltr'>κλεῖς</span> <span class='ocrx_word' id='word_1_839' title='bbox 3401 4840 3550 4916; x_wconf 72' lang='grc' dir='ltr'>ἀνοί-</span> 
     </span>
    </p>
   </div>
   <div class='ocr_carea' id='block_1_111' title="bbox 1991 4909 3548 5039">
    <p class='ocr_par' dir='ltr' id='par_1_111' title="bbox 1991 4909 3548 5039">
     <span class='ocr_line' id='line_1_119' title="bbox 1992 4909 3548 4986; baseline -0.001 -19"><span class='ocrx_word' id='word_1_840' title='bbox 1992 4909 2304 4981; x_wconf 60' lang='grc' dir='ltr'>ξωσιίριιω</span> <span class='ocrx_word' id='word_1_841' title='bbox 2338 4914 2585 4986; x_wconf 89' lang='lat' dir='ltr'><strong>loquendi</strong></span> <span class='ocrx_word' id='word_1_842' title='bbox 2625 4912 2857 4968; x_wconf 82' lang='lat' dir='ltr'><strong>formula</strong></span> <span class='ocrx_word' id='word_1_843' title='bbox 2892 4912 3363 4967; x_wconf 81' lang='lat' dir='ltr'><strong>animadversione</strong></span> <span class='ocrx_word' id='word_1_844' title='bbox 3387 4909 3548 4981; x_wconf 87' lang='lat' dir='ltr'><strong>digna</strong></span> 
     </span>
     <span class='ocr_line' id='line_1_120' title="bbox 1991 4992 2093 5039; baseline -0.01 0"><span class='ocrx_word' id='word_1_845' title='bbox 1991 4992 2093 5039; x_wconf 87' lang='lat' dir='ltr'><strong>est.</strong></span> 
     </span>
    </p>
   </div>
   <div class='ocr_carea' id='block_1_112' title="bbox 2062 5074 3548 5146">
    <p class='ocr_par' dir='ltr' id='par_1_112' title="bbox 2062 5074 3548 5146">
     <span class='ocr_line' id='line_1_121' title="bbox 2062 5074 3548 5146; baseline -0.003 -17"><span class='ocrx_word' id='word_1_846' title='bbox 2062 5076 2174 5146; x_wconf 87' lang='grc'>(28)</span> <span class='ocrx_word' id='word_1_847' title='bbox 2204 5075 2477 5146; x_wconf 82' lang='lat' dir='ltr'><strong>Infernum</strong></span> <span class='ocrx_word' id='word_1_848' title='bbox 2520 5076 2902 5146; x_wconf 80' lang='lat' dir='ltr'><strong>conculcatum.</strong></span> <span class='ocrx_word' id='word_1_849' title='bbox 2936 5074 3161 5131; x_wconf 81' lang='lat' dir='ltr'><strong>Videtur</strong></span> <span class='ocrx_word' id='word_1_850' title='bbox 3187 5074 3429 5146; x_wconf 64' lang='lat' dir='ltr'><strong>librario</strong></span> <span class='ocrx_word' id='word_1_851' title='bbox 3452 5087 3548 5127; x_wconf 72' lang='lat' dir='ltr'><strong>ex-</strong></span> 
     </span>
    </p>
   </div>
   <div class='ocr_carea' id='block_1_113' title="bbox 1990 5142 3545 5287">
    <p class='ocr_par' dir='ltr' id='par_1_113' title="bbox 1990 5142 3545 5287">
     <span class='ocr_line' id='line_1_122' title="bbox 1990 5142 3545 5268; baseline -0.004 -67"><span class='ocrx_word' id='word_1_852' title='bbox 1990 5142 2185 5268; x_wconf 55' lang='lat' dir='ltr'><strong>cig&#39;isse</strong></span> <span class='ocrx_word' id='word_1_853' title='bbox 2212 5142 2403 5201; x_wconf 81' lang='lat' dir='ltr'><strong>vocula</strong></span> <span class='ocrx_word' id='word_1_854' title='bbox 2430 5146 2536 5211; x_wconf 81' lang='grc' dir='ltr'>ὅτι,</span> <span class='ocrx_word' id='word_1_855' title='bbox 2571 5160 2635 5199; x_wconf 90' lang='lat' dir='ltr'><strong>ac</strong></span> <span class='ocrx_word' id='word_1_856' title='bbox 2664 5145 2949 5217; x_wconf 85' lang='lat' dir='ltr'><strong>legendum</strong></span> <span class='ocrx_word' id='word_1_857' title='bbox 2986 5161 3107 5202; x_wconf 90' lang='lat' dir='ltr'><strong>esse</strong></span> <span class='ocrx_word' id='word_1_858' title='bbox 3139 5161 3153 5196; x_wconf 90' lang='lat'><strong>:</strong></span> <span class='ocrx_word' id='word_1_859' title='bbox 3181 5145 3261 5197; x_wconf 81' lang='grc' dir='ltr'><strong>δτι</strong></span> <span class='ocrx_word' id='word_1_860' title='bbox 3288 5142 3420 5214; x_wconf 74' lang='grc' dir='ltr'>ᾅδης</span> <span class='ocrx_word' id='word_1_861' title='bbox 3447 5158 3545 5195; x_wconf 84' lang='grc' dir='ltr'>πε-</span> 
     </span>
     <span class='ocr_line' id='line_1_123' title="bbox 1992 5233 2248 5287; baseline 0 -18"><span class='ocrx_word' id='word_1_862' title='bbox 1992 5234 2033 5269; x_wconf 90' lang='grc' dir='ltr'><strong>π</strong></span> <span class='ocrx_word' id='word_1_863' title='bbox 2072 5233 2248 5287; x_wconf 87' lang='grc' dir='ltr'>τηται.</span> 
     </span>
    </p>
   </div>
   <div class='ocr_carea' id='block_1_114' title="bbox 2059 5316 3543 5402">
    <p class='ocr_par' dir='ltr' id='par_1_114' title="bbox 2059 5316 3543 5402">
     <span class='ocr_line' id='line_1_124' title="bbox 2059 5316 3543 5402; baseline -0.003 -29"><span class='ocrx_word' id='word_1_864' title='bbox 2059 5318 2171 5402; x_wconf 64' lang='grc'>(29)</span> <span class='ocrx_word' id='word_1_865' title='bbox 2200 5318 2494 5402; x_wconf 63' lang='lat' dir='ltr'><strong>Prguolutis</strong></span> <span class='ocrx_word' id='word_1_866' title='bbox 2516 5319 2783 5402; x_wconf 59' lang='grc' dir='ltr'><strong>Διιιιρὶιὶίιιιιι</strong></span> <span class='ocrx_word' id='word_1_867' title='bbox 2816 5319 3356 5402; x_wconf 35' lang='grc' dir='ltr'>αρρεεεηιεοιῼεαξθθ,</span> <span class='ocrx_word' id='word_1_868' title='bbox 3385 5316 3543 5402; x_wconf 71' lang='grc' dir='ltr'>κυϐι-</span> 
     </span>
    </p>
   </div>
   <div class='ocr_carea' id='block_1_115' title="bbox 1993 5388 3534 5461">
    <p class='ocr_par' dir='ltr' id='par_1_115' title="bbox 1993 5388 3534 5461">
     <span class='ocr_line' id='line_1_125' title="bbox 1993 5388 3534 5461; baseline -0.002 -18"><span class='ocrx_word' id='word_1_869' title='bbox 1993 5388 2249 5454; x_wconf 81' lang='grc' dir='ltr'>στῶντας.</span> <span class='ocrx_word' id='word_1_870' title='bbox 2268 5388 2848 5461; x_wconf 82' lang='lat' dir='ltr'><strong>Chrysostomustom.</strong></span> <span class='ocrx_word' id='word_1_871' title='bbox 2877 5388 2942 5455; x_wconf 91' lang='lat' dir='ltr'><strong>ll,</strong></span> <span class='ocrx_word' id='word_1_872' title='bbox 2975 5407 3097 5461; x_wconf 85' lang='lat' dir='ltr'><strong>pag.</strong></span> <span class='ocrx_word' id='word_1_873' title='bbox 3127 5388 3228 5461; x_wconf 72' lang='grc' dir='ltr'>Ἡϐ</span> <span class='ocrx_word' id='word_1_874' title='bbox 3246 5389 3312 5444; x_wconf 88' lang='lat' dir='ltr'><strong>de</strong></span> <span class='ocrx_word' id='word_1_875' title='bbox 3340 5395 3534 5461; x_wconf 39' lang='lat' dir='ltr'><strong>mat&#39;tyf</strong></span> 
     </span>
    </p>
   </div>
   <div class='ocr_carea' id='block_1_116' title="bbox 1989 5456 3544 5530">
    <p class='ocr_par' dir='ltr' id='par_1_116' title="bbox 1989 5456 3544 5530">
     <span class='ocr_line' id='line_1_126' title="bbox 1989 5456 3544 5530; baseline -0.002 -17"><span class='ocrx_word' id='word_1_876' title='bbox 1989 5461 2140 5530; x_wconf 89' lang='lat' dir='ltr'><strong>ribus</strong></span> <span class='ocrx_word' id='word_1_877' title='bbox 2176 5456 2402 5530; x_wconf 78' lang='lat' dir='ltr'><strong>loquens</strong></span> <span class='ocrx_word' id='word_1_878' title='bbox 2446 5460 2521 5514; x_wconf 90' lang='lat' dir='ltr'><strong>ait</strong></span> <span class='ocrx_word' id='word_1_879' title='bbox 2552 5476 2567 5513; x_wconf 89' lang='lat'><strong>:</strong></span> <span class='ocrx_word' id='word_1_880' title='bbox 2596 5461 2674 5523; x_wconf 77' lang='grc' dir='ltr'><strong>εἰς</strong></span> <span class='ocrx_word' id='word_1_881' title='bbox 2700 5459 2931 5530; x_wconf 75' lang='grc' dir='ltr'>λέϐητας</span> <span class='ocrx_word' id='word_1_882' title='bbox 2975 5456 3389 5530; x_wconf 71' lang='grc' dir='ltr'>κυϐιστοϐντας·</span> <span class='ocrx_word' id='word_1_883' title='bbox 3437 5456 3544 5530; x_wconf 83' lang='lat' dir='ltr'><strong>nisi</strong></span> 
     </span>
    </p>
   </div>
   <div class='ocr_carea' id='block_1_117' title="bbox 1988 5527 3542 5600">
    <p class='ocr_par' dir='ltr' id='par_1_117' title="bbox 1988 5527 3542 5600">
     <span class='ocr_line' id='line_1_127' title="bbox 1988 5527 3542 5600; baseline -0.004 -16"><span class='ocrx_word' id='word_1_884' title='bbox 1988 5527 2269 5600; x_wconf 80' lang='lat' dir='ltr'><strong>legendum</strong></span> <span class='ocrx_word' id='word_1_885' title='bbox 2304 5530 2376 5585; x_wconf 89' lang='lat' dir='ltr'><strong>ibi</strong></span> <span class='ocrx_word' id='word_1_886' title='bbox 2411 5530 2507 5591; x_wconf 91' lang='lat' dir='ltr'><strong>sit,</strong></span> <span class='ocrx_word' id='word_1_887' title='bbox 2538 5527 2918 5594; x_wconf 80' lang='grc' dir='ltr'>κυϐιστῶντας.</span> <span class='ocrx_word' id='word_1_888' title='bbox 2967 5529 3164 5600; x_wconf 82' lang='lat' dir='ltr'><strong>Fronto</strong></span> <span class='ocrx_word' id='word_1_889' title='bbox 3199 5527 3542 5600; x_wconf 58' lang='lat' dir='ltr'><strong>Ducaausin:</strong></span> 
     </span>
    </p>
   </div>
   <div class='ocr_carea' id='block_1_118' title="bbox 1989 5596 3545 5670">
    <p class='ocr_par' dir='ltr' id='par_1_118' title="bbox 1989 5596 3545 5670">
     <span class='ocr_line' id='line_1_128' title="bbox 1989 5596 3545 5670; baseline -0.002 -16"><span class='ocrx_word' id='word_1_890' title='bbox 1989 5596 2315 5670; x_wconf 72' lang='lat' dir='ltr'><strong>terpretatur</strong></span> <span class='ocrx_word' id='word_1_891' title='bbox 2348 5618 2361 5654; x_wconf 91' lang='lat'><strong>:</strong></span> <span class='ocrx_word' id='word_1_892' title='bbox 2398 5600 2450 5653; x_wconf 83' lang='lat' dir='ltr'><strong>in</strong></span> <span class='ocrx_word' id='word_1_893' title='bbox 2476 5600 2663 5654; x_wconf 77' lang='lat' dir='ltr'><strong>lebetes</strong></span> <span class='ocrx_word' id='word_1_894' title='bbox 2695 5600 2959 5668; x_wconf 80' lang='lat' dir='ltr'><strong>dejectos;</strong></span> <span class='ocrx_word' id='word_1_895' title='bbox 2989 5601 3080 5657; x_wconf 86' lang='lat' dir='ltr'><strong>sed</strong></span> <span class='ocrx_word' id='word_1_896' title='bbox 3102 5599 3272 5655; x_wconf 71' lang='lat' dir='ltr'><strong>Graaci</strong></span> <span class='ocrx_word' id='word_1_897' title='bbox 3296 5596 3545 5655; x_wconf 81' lang='lat' dir='ltr'><strong>vocabuli</strong></span> 
     </span>
    </p>
   </div>
   <div class='ocr_carea' id='block_1_119' title="bbox 1990 5670 2816 5726">
    <p class='ocr_par' dir='ltr' id='par_1_119' title="bbox 1990 5670 2816 5726">
     <span class='ocr_line' id='line_1_129' title="bbox 1990 5670 2816 5726; baseline 0.001 -3"><span class='ocrx_word' id='word_1_898' title='bbox 1990 5670 2097 5724; x_wconf 85' lang='lat' dir='ltr'><strong>vim</strong></span> <span class='ocrx_word' id='word_1_899' title='bbox 2130 5678 2411 5726; x_wconf 81' lang='lat' dir='ltr'><strong>assecutus</strong></span> <span class='ocrx_word' id='word_1_900' title='bbox 2442 5686 2548 5725; x_wconf 92' lang='lat' dir='ltr'><strong>non</strong></span> <span class='ocrx_word' id='word_1_901' title='bbox 2588 5670 2816 5724; x_wconf 89' lang='lat' dir='ltr'><strong>videtur.</strong></span> 
     </span>
    </p>
   </div>
   <div class='ocr_carea' id='block_1_120' title="bbox 1994 5761 3544 5898">
    <p class='ocr_par' dir='ltr' id='par_1_120' title="bbox 1994 5761 3544 5898">
     <span class='ocr_line' id='line_1_130' title="bbox 1994 5761 3544 5898; baseline 0.001 -81"><span class='ocrx_word' id='word_1_902' title='bbox 1994 5761 2261 5898; x_wconf 47' lang='lat'><strong>“5:125;</strong></span> <span class='ocrx_word' id='word_1_903' title='bbox 2271 5781 2331 5872; x_wconf 53' lang='grc' dir='ltr'>ξε</span> <span class='ocrx_word' id='word_1_904' title='bbox 2363 5764 2545 5820; x_wconf 81' lang='lat' dir='ltr'><strong>teneri.</strong></span> <span class='ocrx_word' id='word_1_905' title='bbox 2573 5761 2772 5827; x_wconf 78' lang='lat' dir='ltr'><strong>Codex,</strong></span> <span class='ocrx_word' id='word_1_906' title='bbox 2803 5765 3082 5836; x_wconf 83' lang='grc' dir='ltr'>κρατήσαι.</span> <span class='ocrx_word' id='word_1_907' title='bbox 3123 5764 3203 5818; x_wconf 79' lang='lat' dir='ltr'><strong>An</strong></span> <span class='ocrx_word' id='word_1_908' title='bbox 3239 5763 3544 5835; x_wconf 84' lang='lat' dir='ltr'><strong>legendum,</strong></span> 
     </span>
    </p>
   </div>
  </div>
