3950 6326
358 359 499 417 ηαδ

1205 355 1452 414 LEONIS
1491 356 1675 411 ALLA
1689 354 1768 412 l’ll
1807 352 2131 410 DIATRIBA
2163 351 2250 406 DE
2287 347 2701 405 THEODORIS.

3447 347 3589 403 i206

356 477 469 551 (ll)
515 475 660 532 risus
680 475 991 533 effusiorem
1016 477 1063 530 ei
1096 475 1323 541 luctum,
1346 475 1722 529 interminatas
1744 474 1919 545 lacry-
1946 476 1988 533 Α
2020 472 2095 525 tio
2125 478 2218 524 aut
2245 477 2492 524 nostrum
2523 468 2801 539 gaudium,
2826 475 2920 522 aut
2952 466 3149 523 diaboli
3178 466 3321 522 valet
3365 468 3591 523 calami-

354 585 497 635 mas,
548 567 992 623 inconsolabilem
1051 564 1234 623 ﬂetum
1300 581 1363 620 ac
1434 565 1683 620 intimum
1751 564 1915 619 telum

355 660 708 729 comparavit.
737 658 924 714 Telum
959 659 1128 714 hocce
1154 658 1207 713 in
1258 657 1498 728 virginea
1553 655 1773 711 fornace
1827 671 1919 725 per

356 751 535 821 ignem
556 752 851 822 imperator
889 750 1001 822 (42)
1031 751 1191 820 quale
1218 750 1403 814 voluit,
1437 759 1490 805 et
1522 749 1793 819 quomodo
1822 762 1918 802 vo-

356 844 476 907 luit,
503 853 691 899 contra
715 843 991 899 inimicum
1022 840 1324 908 fabricavit,
1354 842 1595 912 illudque
1644 850 1697 896 et
1742 840 1919 896 etlica-

356 936 517 991 citate
546 936 762 991 invictae
788 937 1003 992 deitatis
1026 950 1316 1001 exacuens,
1346 943 1402 989 et
1427 934 1585 1005 aquis
1621 933 1920 1004 incorrupti

355 1027 700 1099 baptismatis
733 1028 966 1098 tingens,
991 1036 1045 1083 et
1065 1028 1413 1098 passionibus
1432 1027 1706 1099 passionis
1731 1043 1921 1097 exper-

354 1121 503 1176 tibus
525 1120 845 1179 acuminans
878 1118 1012 1189 (45),
1043 1129 1097 1174 et
1122 1136 1219 1189 per
1245 1120 1527 1192 mysticam
1561 1119 1919 1176 resurrectio-

357 1229 481 1268 nem
514 1214 757 1279 vibrans,
788 1212 1076 1268 exitiosum
1112 1213 1358 1279 hostem,
1402 1226 1730 1282 omnemque
1777 1211 1921 1267 illius

356 1307 655 1364 exercitum
687 1307 837 1363 solus
864 1308 977 1379 ipse
1003 1304 1291 1362 interfecit.
1321 1304 1579 1372 Quaenam
1613 1304 1776 1376 igitur
1798 1318 1922 1358 ora-

429 1422 542 1494 (M)
577 1422 811 1493 E/fusus.
853 1423 1037 1479 Codex
1080 1421 1242 1477 etiam
1287 1420 1390 1476 hoc
1430 1420 1486 1475 in
1529 1421 1686 1484 loco,
1724 1417 1919 1471 πλατύ.

353 1492 501 1548 Lean
528 1493 747 1548 πλατύς.
1717 1506 1726 1517 ‘

468 1509 501 1547 0
528 1506 747 1547 πλατὺς.
1717 1506 1726 1517 ⁸

450 1511 887 1633 Τσὶῖτῖἷιῒὲιίαιον.
936 1561 1230 1633 Gregorius
1290 1577 1393 1633 pro
1446 1559 1784 1633 πολέμαρχος
1847 1558 1923 1612 ait

355 1630 732 1707 πρλεμάρχής,
760 1633 906 1703 quod
927 1630 1160 1688 fortasse
1187 1630 1398 1707 Domini
1423 1630 1689 1707 maiestati
1707 1644 1911 1707 _conve-

309 1706 318 1712 ’
356 1699 726 1760 ηἰρηίίιιέἶιὸο
761 1699 987 1767 nomen,
1018 1718 1182 1773 quam
1212 1703 1341 1757 illud
1375 1716 1496 1756 esse
1531 1699 1746 1754 duxerit
1774 1715 1786 1750 2
1816 1714 1921 1768 qua

354 1774 567 1831 ratione
591 1774 892 1847 τετράρχης
917 1774 1133 1841 dicitur,
1158 1784 1212 1828 et
1236 1773 1533 1865 vopdpxqg,
1651 1785 1760 1824 non
1795 1784 1920 1824 vero

369 1928 803 1955 εξ--τ--ε

819 1944 1129 1955 _—

2027 571 2187 617 tatem
2225 561 2534 632 exponere?
2579 559 2683 628 Qui
2710 559 2855 614 enim
2890 559 3019 614 olim
3046 568 3165 615 erat
3208 559 3592 629 archangelus,

2025 668 2170 707 nunc
2206 662 2287 706 est
2306 651 2554 707 diabolus
2588 668 2600 702 :
2632 650 2724 721 qui
2747 650 2874 705 olim
2902 650 2956 704 in
2989 652 3143 707 ctelis
3172 650 3420 721 degebat,
3450 667 3596 707 nunc

2025 759 2180 814 quas:
2219 743 2412 813 anguis
2443 740 2593 796 humi
2622 747 2841 810 reptans
2869 741 3289 811 spectaturzqui
3316 741 3592 811 quondam

2026 853 2150 892 cum
2180 834 2493 892 cherubinis
2527 832 2853 901 exsultabat,
2885 848 3030 887 nunc
3068 833 3122 886 in
3160 847 3448 901 porcorum
3474 846 3596 886 car-

2027 946 2203 986 cerem
2235 927 2631 984 excruciandus
2674 925 2788 996 (44)
2812 925 3059 980 inclusus
3097 933 3219 980 est:
3252 940 3412 994 quem
3439 924 3596 979 deni-

2027 1038 2132 1093 que
2166 1022 2218 1075 in
2265 1021 2444 1091 fugam
2492 1029 2546 1076 et
2589 1034 2690 1075 nos
2734 1027 3033 1084 vertemus,
3061 1019 3105 1073 si
3150 1033 3212 1073 ea
3257 1033 3379 1088 quae
3421 1018 3596 1087 ipsius

2028 1113 2292 1170 voluntati
2319 1112 2591 1167 contraria
2633 1119 2759 1166 sunt
2806 1110 3105 1181 sapiamus,
3142 1112 3312 1179 gratia
3357 1121 3411 1165 et
3445 1111 3598 1165 beni-

2029 1209 2233 1279 gnitate
2283 1206 2492 1263 Domini
2531 1204 2701 1261 nostri
2749 1202 2875 1258 Jesu
2926 1203 3164 1267 Christi,
3211 1204 3296 1258 cui
3345 1203 3516 1273 gloria
3545 1210 3599 1257 et

2030 1300 2265 1371 potentia
2290 1300 2342 1353 in
2374 1298 2570 1355 szecula
2603 1297 2949 1352 sasculorum.
2981 1293 3172 1349 Amen.

2029 1417 2320 1487 τέτραριφς
2349 1421 2402 1467 ει
2422 1411 2708 1487 visums-

2101 1478 2213 1555 (λδ)
2250 1478 2861 1544 Ἀσωπίηὰπέᾞϐοᾱθι,
2913 1478 3190 1544 ἀκονισας.
3240 1478 3418 1548 Lego,
3471 1480 3599 1533 ἀκο-

2029 1559 2212 1696 Mai).
2245 1623 2662 1680 Excruciandus.
2689 1622 2890 1696 Codex,
2917 1620 3249 1696 ρδυνόμενος.
3289 1620 3393 1675 Sed
3423 1620 3599 1690 legere

2030 1689 2203 1767 poles,
2233 1698 2276 1753 si
2311 1697 2481 1764 magis
2514 1696 2742 1767 placeat,
2774 1689 3125 1761 ὀδυνώμενοζ,
3162 1694 3231 1747 ob
3262 1706 3379 1746 eam
3435 1689 3599 1761 quam

2032 1765 2283 1839 superius
2306 1768 2457 1821 attuli
2486 1765 2769 1820 rationem.

794 1919 3562 1950 Μ

2238 1941 2639 1951 _—

1269 2086 1832 2217 LEONIS
1978 2040 2625 2213 ALLATII

494 2316 1067 2410 DIATRIBA
1139 2319 1287 2408 DE
1380 2315 2080 2411 THEODORIS
2151 2318 2304 2407 ET
2370 2314 2796 2409 EORUM
2871 2317 3453 2409 SCRIPTIS.

380 2473 527 2529 Num.
552 2474 695 2540 LXII,
722 2475 805 2528 ubi
823 2478 898 2530 De
917 2477 1180 2529 Theodoro
1205 2477 1289 2539 qui
1323 2475 1639 2587 postmoduml
1659 2472 2411 2600 6ὗῖρὲῗὶπὸἓῖξῖ
2433 2472 2593 2523 dictus
2625 2475 2703 2521 est
2750 2496 2812 2506 —
2840 2470 2933 2534 Ap.
2970 2470 3084 2533 MAI,
3126 2467 3421 2523 Bibliotheca
3459 2482 3600 2545 noua,

1943 2697 2015 2711 β

1670 2803 2288 2899 ΜΟΝΙΤυΜ.

433 2980 621 3035 Leonis
653 2978 841 3033 Allatii
869 2988 972 3033 tres
1003 2980 1233 3034 ineditas
1261 2980 1548 3047 diatribas,
1581 2981 1654 3037 De
1684 2980 1908 3048 Nicetis,
1929 2983 2004 3039 De
2020 2980 2365 3044 Philonibus,
2383 2988 2431 3034 et
2454 2977 2528 3034 Dc
2553 2978 2881 3045 Tlieodoris,
2912 2995 3098 3049 magno
3130 2978 3391 3032 desiderio
3423 2981 3600 3049 requi-

359 3053 545 3107 rebant
562 3048 771 3121 eruditi
802 3049 1035 3103 homines
1050 3050 1168 3119 jam
1196 3050 1317 3104 inde
1349 3068 1380 3105 a
1407 3050 1600 3106 Labbei
1626 3060 1677 3106 et
1712 3051 1951 3108 Fabricii
1982 3052 2301 3121 temporibus
2327 3067 2346 3115 ;
2378 3050 2474 3103 alii
2505 3052 2663 3104 etiam
2692 3062 2943 3120 tanquam
2982 3048 3282 3121 deperditus
3311 3048 3607 3121 complera-

359 3124 509 3178 bant.
547 3120 805 3190 Equidem
830 3129 879 3174 et
908 3121 1018 3193 ipse
1039 3118 1141 3193 non
1170 3120 1326 3193 semel
1363 3138 1452 3175 eas
1491 3130 2036 3193 commemoraveram,
2076 3118 2231 3193 atque
2269 3138 2313 3193 a7
2347 3137 2427 3175 me
2453 3122 2714 3190 inspectas
2752 3118 2810 3173 in
2840 3118 3074 3193 auctoris
3112 3118 3607 3193 scltedisAVallicel-
3662 3174 3666 3178 .

355 3193 522 3257 lanis,
550 3200 849 3261 coeptasque
871 3191 1002 3244 adeo
1024 3191 1251 3245 describi
1271 3192 1531 3246 dixeram.
1563 3191 1663 3248 Res
1711 3202 1887 3248 tamen
1919 3190 2154 3261 abrupta
2170 3192 2261 3244 diu
2287 3192 2486 3261 jacuit,
2516 3193 2678 3245 donec
2718 3194 2798 3246 vir
2829 3190 3168 3261 doctissimus
3214 3191 3438 3261 mihique
3470 3193 3608 3243 ami-

356 3258 633 3332 (tissimus,
649 3271 698 3315 et
727 3258 789 3315 de
811 3258 1088 3332 Catholica
1119 3261 1367 3332 religione
1385 3279 1447 3315 ac
1477 3262 1717 3317 Romana
1752 3262 1987 3318 Ecclesia
2008 3258 2234 3316 maxime
2264 3258 2502 3327 meritus,
2530 3262 2597 3316 P.
2629 3263 2953 3332 Augustinus
2976 3260 3281 3332 Theinerus,
3316 3258 3609 3330 Philippins'

359 3330 417 3383 in
450 3331 588 3388 Urbe
617 3331 855 3385 Oratorii
886 3330 1154 3401 presbyter
1202 3330 1263 3386 ac
1312 3332 1739 3387 bibliothecarius
1760 3374 1774 3397 ,
1812 3336 2074 3396 pretiosas
2096 3334 2221 3387 illas
2248 3332 2376 3384 mihi
2405 3331 2622 3385 schcdas
2674 3330 2861 3385 A'llatii
2900 3331 3250 3401 divulgandas
3301 3333 3557 3385 concessit
3587 3348 3607 3385 :

357 3420 463 3484 quo
490 3403 671 3484 statim
690 3400 1119 3484 munereltetus,
1147 3403 1845 3484 sentunt_hoc.Bibliothec_aa
1871 3421 1997 3460 mea:
2020 3405 2255 3457 volumen
2280 3402 2640 3484 exornandam
2667 3404 2870 3484 putavi.
2895 3400 3029 3457 Sunt
3053 3400 3149 3455 ha:
3170 3402 3419 3484 diatrist
3447 3418 3607 3455 manu

355 3472 526 3546 ipsius
555 3472 743 3526 Allatii
764 3474 1003 3546 _scriptte,
1047 3474 1279 3546 minutis
1307 3474 1591 3527 admodum
1635 3474 1828 3546 litteris
1854 3491 1873 3529 :
1910 3486 1960 3529 et
1992 3489 2290 3546 quanquam
2328 3472 2596 3546 exemplar
2627 3472 2773 3526 aliud
2814 3488 3016 3546 quoque
3046 3489 3077 3546 ᾳ
3112 3472 3395 3546 recentiore
3448 3488 3609 3525 manu

356 3541 653 3600 confectum
704 3543 924 3615 aderat,
958 3553 1193 3615 attamen
1226 3543 1418 3615 absque
1439 3545 1760 3615 autographa
1788 3545 1976 3600 Allatii
2003 3541 2094 3599 nia:
2146 3541 2331 3615 bonam
2363 3544 2646 3615 editionem
2691 3541 2904 3612 sperare
2932 3541 3204 3615 licuisset.
3262 3541 3444 3615 Neque
3487 3559 3609 3596 vero

358 3628 641 3683 quisquam
670 3612 955 3683 existimet,
977 3614 1087 3668 sine
1116 3612 1225 3667 ullo
1254 3611 1365 3669 meo
1398 3611 1583 3669 labore
1598 3611 1694 3669 hoc
1725 3616 1976 3671 editionis
1997 3630 2215 3683 pensum
2250 3614 2414 3683 fuisse
2441 3611 2741 3668 absolutum
2774 3628 2794 3667 .·
2833 3615 3022 3667 etenim
3060 3616 3114 3665 in
3144 3611 3606 3681 Nicetisprazser—

365 3633 641 3683 qntsquam
670 3633 955 3678 existimet,
977 3633 1087 3668 sme
1116 3633 1225 3667 ιιιιο
1254 3633 1365 3669 meo
1398 3633 1576 3669 ιαυοτε
1598 3633 1694 3669 noc
1725 3633 1976 3671 εαιιιοηιδ
2032 3633 2215 3669 ensum
2250 3633 2414 3683 μιιδδϐ
2441 3633 2741 3668 absumtum
2774 3633 2794 3667 ἰ
2833 3633 3022 3667 etenim
3060 3633 3114 3665 ιη
3144 3633 3344 3668 αιαθιιε
3381 3633 3600 3681 prwser-

365 3686 469 3756 tim,
493 3693 647 3752 atque
678 3681 1018 3750 Philonibus,
1042 3684 1288 3751 permulti
1338 3686 1467 3739 mihi
1499 3633 2031 3756 libripervolutandh2
2058 3686 2305 3755 fuerunt,
2336 3694 2392 3756 ut
2409 3694 2738 3756 memoratas
2773 3682 2837 3737 ab
2881 3684 3087 3756 Allatio
3124 3685 3489 3745 auctoritates,
3530 3683 3600 3756 ad

328 3754 623 3828 averitatis,
658 3762 730 3828 u_t_
743 3769 843 3823 par
869 3765 1005 3828 erat,
1035 3770 1272 3828 normam
1294 3756 1572 3826 exigerem.
1618 3754 1849 3828 Cumque
1878 3754 2110 3811 Allatius
2137 3754 2508 3828 priscislibris
2543 3754 2898 3828 ususfuisset,
2932 3754 3095 3828 nulla
3125 3769 3261 3828 stepe
3297 3754 3611 3828 typographi

357 3834 456 3877 aut
498 3824 601 3897 loci
639 3823 849 3897 adjecta
872 3824 1255 3897 designatione,
1291 3823 1397 3895 qui'
1415 3843 1577 3897 neque
1608 3823 1856 3897 capitulis
1895 3836 2063 3882 essent
2116 3823 2373 3897 distincti,
2402 3841 2561 3895 neque
2591 3824 2715 3878 aliis
2743 3825 2943 3897 critica:
2991 3825 3135 3897 artis
3167 3824 3488 3897 adjumentis
3524 3825 3607 3897 iu-

355 3896 570 3968 s_tructi,
600 3893 823 3968 multam
844 3912 905 3949 ea
936 3893 1015 3950 res
1043 3893 1334 3950 molestiam
1360 3893 1724 3965 mihi—creavit,
1755 3915 1844 3953 nec
1876 3914 2165 3968 paucorum
2213 3893 2518 3968 mendorum
2567 3896 2893 3968 purgationis
2939 3893 3306 3968 necessitatem
3332 3894 3604 3968 imposuit.

358 3963 550 4039 Itaque
576 3979 696 4039 non
744 3966 855 4039 sine
906 3968 1133 4039 patiente
1170 3983 1317 4020 mora
1355 3968 1475 4021 dedi
1515 3963 1748 4039 operam,
1796 3981 1854 4024 ut
1876 3963 2078 4022 'citatos
2121 3982 2279 4036 prope
2322 3966 2621 4039 innumeros
2670 3963 2997 4039 ethnicorum
3045 3972 3138 4039 aut
3178 3964 3610 4039 Christianorum

357 4033 526 4111 locos,
568 4035 624 4089 in
655 4035 803 4111 ipsis
825 4037 1056 4111 [alitibus
1113 4033 1574 4111 recognoscerem';
1603 4033 1740 4109 quos
1777 4039 1987 4111 quidem
2019 4046 2189 4111 textus
2220 4033 2319 4091 non
2354 4037 2770 4111 raro_d_istortos
2812 4037 2888 4090 vel
2944 4034 3157 4088 mutilos
3202 4033 3288 4111 _vel
3334 4036 3606 4111 mendosos

357 4054 525 4100 ιοσοε,
568 4054 624 4089 ιη
666 4054 794 4103 ipsis
825 4054 1055 4105 [animus
1113 4054 1229 4091 reco
1264 4054 1529 4093 noscerem
1554 4055 1574 4103 ;
1603 4056 1732 4109 quos
1777 4054 1987 4111 quidem
2019 4054 2189 4092 textus
2220 4054 2319 4091 non
2354 4054 2476 4089 raro
2516 4054 2770 4091 distortos
2812 4054 2885 4090 vet
2944 4054 3157 4088 mutuos
3210 4054 3287 4089 vet
3334 4054 3602 4088 menaosos

357 4121 472 4160 esse
491 4103 821 4174 deprehendi.
851 4105 921 4160 Et
948 4106 1084 4161 male
1115 4054 1349 4177 pro/icto
1377 4110 1440 4163 de
1465 4109 1749 4165 lectoribus
1780 4110 1908 4164 meis
1941 4110 2225 4163 meriturus
2244 4123 2410 4171 eram,
2453 4106 2501 4161 si
2538 4108 2675 4161 hanc
2708 4114 2969 4176 perpetua:
3005 4106 3375 4177 recognitionis
3400 4105 3602 4160 seduli-

363 4184 526 4250 tatem
554 4177 1025 4250 praetermisissem.
1058 4176 1349 4250 Tumqpero
1392 4181 1611 4250 contigit
1657 4193 1711 4234 ut
1754 4196 1848 4250 pro
1896 4180 2111 4236 vetustis
2154 4193 2286 4246 saepe
2328 4185 2378 4230 et
2422 4176 2666 4232 obsoletis
2715 4190 2995 4250 auctorum
3040 4176 3391 4250 editionibus,
3443 4193 3607 4250 novas

361 4245 1004 4373 meliqiresquelaudtirl'em
1038 4248 1367 4319 postAllatii
1415 4245 1626 4303 curatas
1660 4245 1895 4317 obitum;
1937 4250 2072 4321 quod
2115 4245 2312 4303 idcirco
2367 4264 2581 4316 moneo,
2634 4265 2696 4302 ne
2739 4249 2854 4317 quis
2899 4248 3036 4317 forte
3072 4247 3453 4318 ἀνιστορησὶαν
3499 4247 3604 4300 ali-

361 4332 499 4373 auan
541 4332 571 4370 o
596 4328 835 4372 miretur.
928 4334 1002 4373 Al.

357 4332 571 4387 quando
596 4332 835 4372 miretur.
874 4332 1002 4373 MAI.

432 4431 511 4489 De
534 4430 842 4497 Theodoro,
875 4434 966 4504 qui
990 4444 1174 4505 postea
1205 4434 1487 4507 Gregorius
1507 4438 1831 4509 appellatus,
1862 4438 1932 4493 ob
1965 4443 2007 4499 B
2035 4437 2177 4492 enim
2210 4452 2446 4508 agerem,
2473 4445 2525 4491 et
2551 4436 2779 4491 illustria
2804 4451 2865 4491 ac
2895 4436 3233 4491 nobilissima
3282 4434 3424 4490 facta
3466 4434 3607 4489 male

364 4526 520 4596 signa
556 4534 717 4595 atque
758 4526 1019 4581 miracula
1062 4527 1444 4599 Thaumaturgi
1479 4528 1582 4585 sibi
1625 4545 1928 4601 cognomen

360 4617 677 4680 vindicavit.
713 4617 1075 4675 Neocaesarea:
1102 4619 1261 4676 Ponti
1305 4622 1591 4692 episcopo,
1641 4623 1769 4693 quid
1815 4623 1930 4693 ipse

358 4721 485 4781 post
519 4710 777 4765 Basilium
812 4711 1062 4782 Magnum
1091 4713 1184 4768 lib.
1229 4714 1300 4769 De
1345 4714 1550 4785 Spiritu
1575 4725 1778 4785 sancto,
1806 4734 1924 4788 cap.

355 4802 453 4869 29,
480 4811 533 4857 et
582 4803 811 4873 epiStola
840 4802 977 4872 204,
1021 4820 1143 4876 quae
1190 4817 1273 4861 est
1323 4808 1390 4863 ad
1431 4806 1927 4866 Neocaesariensem

356 4892 679 4967 Ecclesium,
711 4896 1005 4953 Eusebium
1034 4899 1424 4956 Caesariensem
1462 4899 1720 4957 Historiae
1761 4904 1928 4957 eccle-

356 4988 515 5043 siast.
548 4989 686 5044 libro
719 5005 793 5055 v1,
817 5005 938 5061 cap.
964 4990 1053 5058 50,
1079 5001 1134 5046 et
1155 4992 1583 5059 alibi,_Rufinum
1608 4994 1925 5065 Aquileien-

355 5094 498 5143 sem,
526 5077 913 5152 Hieronymum
938 5082 990 5136 in
1023 5082 1278 5155 Catalogo
1326 5087 1643 5157 scriptorum
1680 5087 1927 5142 ecclesia—

354 5172 643 5238 sticorum,
682 5180 737 5228 et
782 5172 837 5228 in
884 5174 1111 5245 epistola
1147 5175 1212 5230 70
1236 5177 1304 5233 ad
1332 5177 1585 5251 Magnum
1630 5190 1924 5244 oratorem,

356 5262 679 5336 Gregorium
704 5278 901 5335 papam
927 5266 1019 5323 lib.
1057 5283 1075 5321 1
1101 5266 1337 5340 Dialog.,
1371 5286 1488 5342 cap.
1517 5272 1568 5337 7,
1594 5270 1924 5340 Cedrenum,

361 5357 611 5423 Suidam,
673 5358 1036 5432 Nicephorum
1079 5357 1370 5423 Callistum
1402 5410 1417 5435 ,
1478 5368 1778 5441 Menologia
1806 5412 1821 5437 ,
1873 5380 1925 5425 et

359 5449 500 5505 alios
537 5448 650 5522 (l)?
692 5451 822 5539 quid
872 5453 987 5524 ipse
1037 5465 1159 5527 post
1198 5456 1496 5530 Nyssenum
1563 5461 1881 5532 Gregorium
1909 5502 1927 5525 ,

359 5543 457 5612 qui
481 5557 602 5610 ejus
632 5542 797 5598 vitam
841 5553 896 5600 et
945 5561 1034 5601 res
1083 5557 1261 5618 gestas
1308 5552 1715 5608 accuratissime
1739 5561 1793 5608 et
1842 5552 1924 5607 fa-

358 5633 561 5690 cundia
611 5635 874 5723 singulari
925 5638 1252 5712 descripsit?
1292 5643 1457 5700 Plaue
1519 5648 1673 5701 nihil.
1730 5648 1922 5703 Actum

2032 4538 2246 4599 compta
2267 4529 2481 4583 dicendi
2506 4528 2783 4598 loquentia
2812 4529 3185 4584 obscurarem.
3213 4527 3290 4583 De
3314 4528 3435 4598 ejus
3461 4528 3605 4582 nihi-

2031 4626 2270 4681 lominus
2305 4625 2523 4695 scriptis
2570 4640 2670 4694 pro
2709 4625 2957 4679 instituto
2984 4638 3106 4679 meo
3135 4623 3339 4694 aliquid
3380 4624 3436 4678 in
3485 4640 3602 4679 me-

2031 4718 2179 4772 dium
2225 4715 2534 4788 proferam;
2580 4731 2722 4785 quae,
2757 4726 2830 4771 'ut
2867 4716 3061 4786 potuit,
3095 4718 3259 4773 variis
3304 4733 3336 4773 e
3382 4720 3607 4774 latebris

2031 4806 2238 4873 eduxit,
2260 4816 2315 4862 et
2342 4806 2531 4862 Latine
2562 4823 2741 4874 versa,
2771 4808 3024 4879 notisque
3065 4808 3355 4876 illustrata,
3390 4810 3601 4880 publica

2034 4898 2157 4954 fecit
2188 4899 2393 4969 primus
2418 4898 2690 4954 Gerardus
2721 4899 2949 4955 Vossius
2981 4900 3274 4975 Moguntite
3294 4904 3433 4969 in-l,
3458 4918 3603 4957 anno

2030 4991 2208 5058 1604;
2240 4990 2585 5061 postmodum
2618 5007 2763 5047 anno
2798 4992 2957 5060 1622,
2988 5011 3113 5050 cum
3146 4995 3384 5051 Macario
3438 4995 3603 5066 Egy-

2013 5086 2163 5154 ‘ptio,
2208 5092 2262 5138 et
2288 5083 2489 5139 Basilio
2536 5084 2865 5143 Seleuciensi
2908 5091 3050 5147 edita
3098 5099 3228 5146 sunt
3252 5089 3477 5146 Parisiis
3518 5090 3612 5145 in.

2030 5179 2125 5237 fol.

2119 5276 2261 5331 Inter
2300 5274 2445 5330 illius
2492 5291 2655 5347 opera
2691 5276 2921 5333 habetur
2944 5278 3293 5349 Hetaphrasis
3329 5280 3385 5332 in
3423 5276 3605 5331 Eccle-

2034 5376 2269 5436 siastem,
2309 5386 2429 5441 quae
2453 5370 2505 5425 in
2542 5369 2761 5442 Regina:
2787 5372 2973 5428 codice
2994 5411 3011 5437 ,
3051 5372 3244 5426 litteris
3279 5369 3605 5440 capitalibus

2037 5464 2256 5534 scripto,
2306 5473 2365 5518 ut
2408 5462 2598 5518 scribit
2646 5462 2857 5528 Billius,
2907 5472 2961 5519 et
2993 5463 3239 5535 Gregorii
3274 5460 3603 5516 Nazianzeni

2037 5556 2411 5625 antiquitatem
2463 5564 2742 5624 aequante,
2781 5556 2922 5611 inter
2966 5568 3224 5626 germana
3275 5551 3604 5608 Nazianzeni

2036 5664 2201 5718 opera
2226 5658 2565 5715 numeratur,
2589 5649 2732 5720 quod
2759 5649 2892 5703 tanti
2930 5647 3071 5718 apud
3105 5646 3322 5703 Billium
3361 5647 3483 5714 fuit,
3521 5657 3602 5714 ut,

429 5788 938 5862 (1)Pmmitlunlur
969 5795 1193 5854 editioni
1227 5797 1517 5856 Parisiacae
1559 5812 1797 5860 veterum
1840 5803 1951 5861 del

2039 5806 2189 5877 gurio
2221 5805 2551 5873 testimonia,
2572 5822 2690 5878 quae
2715 5806 2850 5863 vide.
2886 5807 3085 5862 ANGEL.
3116 5805 3247 5863 MAI.
