3972 6318
523 372 658 429 1Ξο7
808 369 812 377 ’
1402 373 1649 431 LEONIS
1687 374 1961 432 ALLATII
1998 374 2144 430 DlA'l
2159 373 2320 430 RIBA
2354 373 2441 428 DE
2477 369 2884 428 THEODORIS.
3556 377 3668 433 ηοε

520 506 836 566 quanquam
870 493 1184 548 reclamaret
1212 493 1402 564 stylus,
1432 497 1522 563 qui
1551 510 1658 549 non
1687 511 2078 566 usquequaque
2109 503 2150 557 Α
2181 493 2445 549 inoﬂ'cnso
2487 494 2617 563 pede
2663 507 2760 562 per
2812 488 3222 546 Hellenistarum
3272 505 3509 560 remoras,
3551 498 3669 562 quod

519 584 688 639 rcl‘ert
732 583 1067 638 elaboratum
1122 583 1253 638 illud
1327 592 1382 638 et
1435 584 1803 657 ἀπεξεσμένον
1865 586 2078 641 dicendi
2184 595 2370 641 nostro
2399 585 2481 640 vel
2516 585 2570 639 in
2610 582 2805 653 primis
2839 581 3009 644 deest,
3050 587 3105 634 et
3148 578 3489 650 signiﬁcanter
3519 582 3671 639 Grece

518 690 712 745 genus,
742 675 887 745 quod
924 675 1126 745 passim
1168 675 1221 733 in
1256 674 1581 731 Nazianzeni
1623 678 1840 748 scriptis
1880 678 2075 741 elucet,
2182 692 2366 746 aequor
2392 677 2496 731 hoc
2524 675 2802 730 decurrit:
2834 674 2907 727 ita
2940 680 2998 726 ut
3025 670 3291 727 lubentius
3313 673 3540 728 nonnth
3560 690 3672 744 pre-

517 767 884 823 connexiones
906 768 1291 823 sententiarum
1307 769 1585 840 aliquanto
1610 770 1881 836 duriores,
1901 779 2077 825 lrans-
2182 769 2443 825 termittat
2507 769 2693 841 ῥήσεις
2730 766 2897 829 enim,
2942 763 3088 835 quod
3125 778 3233 818 non
3278 766 3453 834 probo,
3491 766 3672 838 integre

516 860 732 928 itusque
758 859 1097 929 abruptiores
1130 878 1143 915 :
1173 861 1316 931 quod
1343 862 1390 917 si
1412 863 1656 932 quaedam
1687 862 1850 918 verba
1900 876 2074 932 quan-
2179 860 2580 932 desiderantur)
2610 874 2777 929 quam
2812 865 2871 913 ut
2913 871 3023 912 non
3053 864 3366 918 connectat,
3389 870 3499 911 cum
3524 866 3672 914 tmen

513 950 689 1020 doque
718 950 1002 1006 intertexta
1031 949 1283 1019 fuiSsent,
1314 953 1485 1008 multo
1509 954 1723 1009 mollior
1748 952 1940 1018 fuisset
1964 962 2073 1008 tota
2181 954 2306 1009 alibi
2343 950 2614 1018 nonnihil,
2645 951 2896 1022 quamvis
2941 963 3211 1019 nusquam
3256 956 3400 1003 extra
3446 948 3573 1018 leges
3593 965 3672 1019 pa-

514 1048 803 1095 contextus
842 1038 1028 1106 facies,
1064 1041 1355 1111 minusque
1392 1041 1579 1098 invita:
1614 1042 1752 1097 inter
1780 1058 1841 1098 se
1867 1043 2075 1097 coirent
2181 1045 2512 1114 raphraseos
2556 1043 2794 1098 insistat.
2847 1040 3041 1097 Veram
3086 1039 3393 1095 brevitatem
3434 1041 3588 1107 enim,
3628 1051 3676 1098 ut

511 1132 836 1189 sententiae:
878 1132 1019 1188 inter
1071 1142 1251 1188 tamen
1304 1135 1801 1205 pseudoepigrapha
1839 1132 2072 1189 Nazian-
2172 1138 2285 1207 jam
2321 1134 2457 1199 dixi,
2502 1135 2558 1189 in
2602 1133 2707 1189 hoc
2756 1147 2953 1204 genere
3000 1133 3257 1187 amabant
3293 1141 3505 1197 icteres,
3538 1151 3556 1185 ι
3586 1142 3671 1189 etc.

512 1224 635 1278 zcni
685 1223 828 1279 hanc
873 1224 1304 1280 lucubrationem
1358 1241 1648 1282 numerare
1702 1242 1811 1281 non
1856 1225 2073 1283 dubita-
2178 1226 2352 1297 Hujus
2379 1226 2736 1297 metaphrasis
2781 1232 2892 1280 tres
2933 1225 3164 1293 vulgatae
3202 1233 3328 1280 sunt
3365 1223 3548 1280 Latina:
3578 1226 3675 1281 edi-

510 1315 663 1369 verit.
702 1313 803 1369 Dat
847 1325 1028 1371 tamen
1081 1333 1277 1373 manus
1319 1318 1678 1389 Hieronymo,
1730 1319 1823 1389 qui
1856 1334 2068 1376 omnem
2177 1320 2372 1374 tiones.
2409 1318 2592 1373 Prima
2616 1316 2842 1373 Joannis
2873 1315 3294 1387 (Ecolampadii,
3332 1326 3437 1372 tum
3462 1319 3675 1374 monachi

508 1404 859 1462 dubitationis
893 1423 1083 1462 ansam
1122 1410 1330 1474 eximit,
1365 1420 1528 1480 atque
1560 1410 1707 1466 hunc
1742 1409 1908 1465 fetum
1939 1424 2069 1465 vero
2174 1392 2489 1482 Brigittani,
2538 1411 2677 1465 inter
2732 1408 3258 1480 Orthodoxographa,
3312 1407 3514 1466 Basileat
3559 1424 3674 1465 anno

507 1495 715 1565 parenti
746 1498 961 1553 asserit.
994 1496 1237 1569 Namque
1272 1501 1548 1571 explicans
1569 1502 1698 1556 illud
1727 1501 2069 1558 Ecclesiastae

509 1602 631 1657 cap.
664 1603 738 1653 1v,
776 1587 965 1643 Melior
1001 1601 1077 1646 est
1117 1609 1246 1663 puer
1282 1609 1499 1663 pauper,
1533 1611 1599 1648 ex
1638 1593 1880 1663 Gregorii
1909 1594 2065 1649 Ponti

507 1678 770 1748 episcopi,
799 1678 1045 1750 Origenis
1088 1682 1373 1746 auditoris,
1407 1684 1736 1753 metaphrasi
1781 1685 1835 1739 in
1881 1684 2066 1741 Eccle-
2173 1683 2355 1739 Tertia
2390 1683 2599 1740 Jacobii
2627 1684 2788 1751 Billii,
2815 1681 3001 1738 Sancti
3027 1680 3309 1740 Michaelis
3338 1685 3391 1738 in
3415 1697 3578 1739 eremo
3599 1684 3674 1738 ah-

506 1769 749 1836 siastem,
774 1772 1163 1840 expositionem
1212 1774 1460 1841 assumit,
1492 1774 1752 1830 verbatim
1801 1776 2062 1847 digestam
2171 1775 2331 1843 batis,
2360 1792 2481 1846 quae
2513 1775 2740 1832 Lutetiae
2773 1774 2972 1847 prodiit
3002 1789 3145 1830 anno
3186 1774 3346 1842 i583,
3383 1786 3433 1831 et
3458 1790 3583 1846 quae,
3611 1775 3675 1830 ul—

506 1861 561 1915 in
591 1861 752 1931 hujus
771 1864 1121 1933 metaphrasi,
1154 1879 1272 1935 cap.
1301 1882 1372 1920 ιν.
1402 1866 1582 1932 Quare
1603 1868 1736 1922 nulli
1764 1868 1988 1922 dubium
2014 1868 2066 1921 in
2098 1864 2139 1920 B
2171 1876 2293 1937 pote
2319 1867 2529 1923 ﬁdelior
2552 1876 2607 1923 et
2643 1866 2960 1939 elegantior,
2993 1882 3023 1922 a
3054 1866 3299 1924 Gerardo
3331 1865 3515 1923 Vossio
3548 1876 3676 1922 ante-

504 1961 777 2023 posterum
818 1954 998 2020 fuerit,
1031 1972 1219 2012 verum
1263 1959 1409 2015 illius
1449 1968 1725 2015 auctorem
1769 1959 2058 2016 Neocaesa-
2165 1961 2271 2015 lata
2292 1961 2512 2031 reliquis
2534 1970 2638 2018 est.

504 2050 733 2103 riensem
766 2063 884 2105 esse
931 2049 1270 2120 Gregorium.
1299 2049 1455 2118 Quod
1497 2062 1675 2107 autem
1722 2050 2061 2107 Nazianzeno
2234 2050 2542 2107 Orationem
2574 2052 2783 2108 tertiam
2833 2051 2887 2104 in
2928 2049 3431 2113 Annuntiationem,
3469 2063 3573 2119 qua:
3610 2050 3677 2104 in-

502 2152 719 2208 quoque
746 2138 979 2209 ascripta
1017 2140 1202 2207 fuerit,
1230 2157 1520 2196 commune
1558 2157 1758 2197 nomen
1808 2142 1860 2196 in
1895 2157 2033 2197 caus:

2164 2143 2312 2213 cipit,
2336 2146 2505 2204 Πάλιν
2523 2145 2695 2216 χαρᾶς
2713 2140 3022 2211 εὐαγγέλια,
3049 2141 3152 2196 sub
3179 2140 3425 2211 Gregorii
3448 2139 3676 2195 Thauma-

503 2227 621 2295 fuit,
650 2230 792 2300 quod
830 2230 1141 2301 frequenter
1167 2232 1401 2289 inlibris
1428 2233 1810 2289 ecclesiasticis
1837 2233 2055 2298 accidit,
2163 2233 2305 2303 turgi
2353 2234 2573 2289 nomine
2601 2234 2680 2288 ait
2754 2230 2979 2287 Vossius
3027 2244 3089 2287 se
3129 2222 3405 2288 invenisse
3434 2240 3542 2303 post
3568 2232 3676 2287 alias

2163 2324 2299 2380 duas
2323 2326 2595 2381 orationes
2621 2323 2865 2395 ejusdem
2905 2324 3145 2378 auctoris
3169 2323 3241 2378 de
3268 2324 3452 2379 eadem
3487 2324 3676 2377 Annuu-

2162 2415 2389 2473 tiatione
2413 2417 2582 2471 beatae
2607 2415 2787 2471 Mariae
2802 2414 3040 2487 Virginis
3056 2417 3110 2471 in
3127 2415 3505 2486 antiquissimo
3522 2415 3677 2471 Greco

2159 2509 2433 2564 volumine
2456 2522 2561 2563 ms.
2610 2506 3126 2578 Cryptoferratensis
3166 2507 3531 2569 bibliotheca;
3556 2505 3674 2560 aliir-

2160 2610 2397 2671 matque,
2422 2600 2468 2655 si
2498 2607 2748 2655 contenta
2773 2598 2859 2655 hic
2888 2601 3292 2664 examinentur,
3325 2599 3555 2656 eamdem
3575 2611 3674 2652 cun

2159 2691 2587 2763 praecedentibus
2612 2690 2954 2747 orationibus
2969 2691 3280 2747 doctrinam
3309 2690 3521 2753 referre,
3537 2688 3672 2759 phra-

2158 2787 2261 2841 sim
2298 2797 2459 2856 atque
2490 2784 2831 2850 sententiam,
2878 2783 3052 2854 elogia
3089 2782 3256 2853 plane
3297 2782 3509 2842 similia,
3535 2791 3582 2834 et
3605 2793 3674 2834 res

2155 2879 2394 2935 easdem.
2424 2877 2561 2933 Hinc
2586 2893 2644 2933 se
2684 2877 2869 2932 mirari
2912 2876 3058 2931 illam
3095 2876 3199 2931 sub
3245 2874 3463 2931 nomine
3486 2872 3673 2927 Joannis

2154 2970 2529 3042 Chrysostomi
2558 2968 2625 3023 ab
2655 2968 2875 3040 Aloysio
2906 2968 3208 3039 Lipomano
3247 2967 3303 3023 in
3342 2965 3471 3020 Vitis
3498 2972 3674 3018 sancto-

2176 1503 2334 1558 1555.
2386 1501 2632 1558 Secunda
2675 1500 2981 1573 Wolfgangi
3020 1500 3251 1557 Musculi
3298 1515 3415 1557 cum
3456 1501 3676 1555 orationi-

2172 1593 2277 1649 bus
2323 1592 2649 1648 Nazianzeni
2701 1608 2734 1648 a
2792 1591 3058 1648 Bilibaldo
3108 1592 3462 1665 Pyrkeymero
3513 1593 3673 1649 versis.

499 2329 553 2374 et
593 2320 827 2375 aliorum
867 2321 1116 2391 exemplo
1158 2322 1370 2392 probat.
1410 2322 1469 2377 In
1499 2324 1687 2379 codice
1737 2324 1865 2379 item
1910 2323 2059 2380 Vati-

497 2427 635 2468 cano
656 2412 759 2468 479
783 2414 1164 2482 antiquissimo
1187 2424 1240 2469 et
1271 2416 1486 2485 optimae
1511 2424 1671 2482 notae,
1713 2418 1765 2473 in
1795 2431 1905 2487 quo
1930 2434 2055 2473 cum

497 2505 620 2561 aliis
644 2504 967 2561 Nazianzeni
1008 2507 1264 2577 operibus
1294 2508 1407 2563 haec
1452 2523 1670 2579 quoque
1699 2509 2057 2580 metaphrasis

496 2599 673 2654 locum
706 2599 888 2668 habet,
920 2600 974 2655 in
1005 2601 1249 2671 margine
1281 2601 1566 2657 scribitur:
1600 2602 1792 2659 Ἰστέον
1815 2604 1896 2656 ὅτι
1916 2605 2056 2658 κατὰ

494 2709 643 2757 τινας
693 2693 723 2745 ὁ
754 2692 912 2763 λόγος
946 2686 1101 2756 οὗτος
1134 2692 1544 2764 ἀμφιϐάλλεται.
1588 2714 1607 2753 ς
1655 2693 1941 2750 Sciendum
1974 2706 2055 2750 est

496 2787 636 2857 apud
682 2788 974 2842 nonnullos
1018 2786 1165 2842 hunc
1208 2785 1408 2841 librum
1458 2788 1512 2841 in
1553 2787 1776 2842 dubium
1834 2788 1988 2843 verti.
2028 2806 2047 2839 ι

495 2876 610 2935 Hoc
634 2879 775 2934 idem
807 2880 969 2935 etiam
997 2879 1191 2950 legitur
1226 2877 1279 2931 in
1320 2879 1428 2934 alio
1459 2893 1567 2933 nec-
1603 2879 1784 2933 minus
1818 2888 2048 2945 vetusto,

496 2983 595 3026 nec
622 2972 804 3027 minus
830 2972 1075 3041 elegante
1117 2970 1304 3025 codice
1336 2968 1494 3024 1446.
1534 2970 1640 3023 Alii
1667 2985 1725 3024 se
1754 2970 1886 3026 satis
1920 2986 2052 3040 pro-

492 3058 652 3113 basse
700 3070 919 3129 putant,
962 3075 1025 3115 ac
1072 3059 1375 3117 vindicasse
1412 3059 1852 3132 Thaumaturgo,
1894 3063 2049 3118 testi-
2156 3077 2270 3114 rum
2292 3062 2593 3130 evulgatam
2630 3058 2823 3127 fuisse,
2849 3074 2913 3115 ac
2946 3057 3251 3129 praesertim
3283 3071 3407 3114 cum
3435 3052 3673 3123 interjecta

492 3151 679 3206 monio
726 3152 905 3207 Ruﬁni
936 3193 951 3212 .
1003 3151 1349 3225 Hieronymi,
1404 3151 1617 3212 Suidte.
1661 3154 1756 3222 qui
1805 3153 2046 3210 scribunt
2086 3219 2115 3226 _
2157 3154 2244 3209 illa
2273 3154 2661 3226 Chrysostomo
2702 3154 2919 3225 indigna
2969 3152 3298 3217 assertione,
3338 3169 3443 3224 qua
3488 3147 3672 3219 Josephi

492 3242 956 3314 Thaumaturgum
996 3248 1049 3298 in
1083 3219 1466 3313 Ecclesiastem
1503 3219 1888 3314 metaphrasim
1931 3245 2048 3299 edi-
2076 3219 2117 3275 ε
2151 3219 2435 3315 vlrginitas
2468 3219 2844 3315 impugnatur'
2865 3251 2919 3297 et
2958 3242 3183 3299 tollitur.
3229 3219 3500 3310 Quidquid
3532 3239 3595 3292 sit
3618 3235 3671 3289 de

490 3337 653 3391 disse.
680 3336 749 3390 At
770 3350 929 3405 quam
958 3335 1028 3391 sit
1057 3351 1280 3405 parvum
1305 3352 1611 3408 vanumque
1638 3338 1739 3394 hoc
1761 3354 2049 3409 argumen-
2146 3330 2413 3403 doctrina,
2442 3351 2563 3407 qua:
2593 3335 2858 3390 catholica
2872 3343 2953 3391 est
2989 3342 3041 3389 et
3069 3333 3192 3388 aliis
3223 3332 3432 3387 sanctis
3458 3328 3671 3386 Patribus

487 3435 622 3488 tum,
678 3424 806 3480 satis
856 3435 1077 3488 norunt,
1133 3425 1226 3496 qui
1268 3427 1447 3483 sciunt
1500 3427 1741 3482 diversos
1790 3443 1933 3497 saepe
1986 3442 2052 3482 ac
2146 3427 2306 3496 plane
2343 3426 2681 3493 communis;
2718 3433 2772 3481 et
2797 3425 2864 3480 de
2891 3424 3192 3480 assertione
3232 3423 3348 3490 illa,
3384 3436 3537 3493 quam
3566 3420 3664 3473 Vos

484 3517 664 3573 varios
714 3518 1000 3588 scriptores
1027 3519 1093 3574 de
1121 3519 1307 3574 eadem
1340 3534 1398 3575 re
1452 3520 1642 3575 eodem
1698 3520 1852 3575 titulo
1898 3521 2051 3574 lu'cu-
2144 3518 2258 3573 sius
2286 3518 2560 3588 indignam
2584 3517 2734 3571 ducit
2757 3516 3159 3589 Chrysostomo,
3190 3524 3248 3569 et
3263 3529 3425 3585 quam
3447 3527 3539 3567 nos
3564 3510 3672 3565 alias

484 3608 690 3664 brasse.
734 3607 955 3680 Scripsit
979 3610 1033 3664 in
1055 3610 1430 3667 Ecclesiastem
1453 3613 1832 3683 metaphrasim
1870 3613 2051 3667 Thau—
2143 3608 2200 3663 in
2252 3617 2441 3663 nostro
2495 3606 2783 3662 Eustathio
2827 3606 3163 3661 Antioclieno
3225 3604 3660 3675 impugnarimus;

483 3708 793 3771 maturgus;
850 3716 1010 3756 nemo
1060 3702 1113 3757 id
1155 3712 1361 3773 negat:
1406 3718 1534 3774 ergo
1582 3704 1696 3759 haec
1741 3704 2048 3775 metaphra-
2141 3699 2389 3770 equidem
2419 3699 2565 3770 quod
2587 3697 2654 3753 de
2676 3696 3088 3768 phrasi,elogiis
3116 3706 3169 3751 et
3196 3695 3482 3752 sententiis
3509 3690 3667 3748 iisdem

483 3789 559 3846 sis
608 3792 664 3844 in
707 3791 1082 3847 Ecclesiastem
1136 3792 1520 3865 Thaumaturgi
1571 3804 1687 3858 est;
1737 3795 1869 3850 illud
1916 3810 2047 3851 vero
2141 3790 2327 3855 tradit,
2362 3804 2527 3846 merae
2562 3804 2722 3860 nugae
2754 3798 2902 3845 sunt.
2956 3786 3163 3842 Rudior
3195 3797 3279 3842 est
3314 3781 3667 3850 Thaumaturgi

481 3882 822 3954 probandum
846 3894 930 3940 est
957 3885 1360 3955 prius,‘nullum
1384 3886 1547 3940 alium
1579 3887 1960 3956 metaphrasim
1990 3887 2043 3943 in
2140 3885 2194 3939 in
2218 3884 2744 3940 dicendo-numerus
2772 3890 2936 3953 atque
2975 3881 3271 3945 austerior,
3307 3890 3363 3936 ct
3390 3875 3669 3949 compositio

482 3969 865 4025 Ecclesiastem
908 3972 1212 4041 scripsisse.
1261 3973 1365 4029 Sed
1396 3974 1521 4045 quis
1559 3975 1611 4029 id
1655 3976 1903 4046 probabit
1931 3994 2037 4033 uno
2139 3976 2497 4045 circumplexa
2532 3991 2596 4031 ac
2629 3975 2741 4029 fere
2773 3975 2972 4039 soluta,
3000 3974 3341 4044 metaphoris
3375 3972 3667 4042 reliquisque

481 4062 683 4129 quam?
713 4060 778 4116 Et
810 4073 988 4118 tamen
1024 4063 1227 4135 aliquid
1272 4066 1325 4119 in
1363 4066 1465 4121 hac
1505 4082 1563 4122 re
1603 4076 1705 4135 est,
1742 4070 2036 4139 scriptores
2138 4068 2324 4135 ﬁguris
2350 4066 2607 4123 oratoriis
2634 4066 2802 4132 nuda,
2834 4064 3121 4120 sententia:
3162 4066 3487 4129 severiores,
3515 4060 3668 4117 mode-

478 4153 691 4208 tradere
720 4151 1181 4224 Thaumaturgum
1221 4157 1603 4225 metaphrasim
1665 4158 1720 4212 in
1769 4158 2036 4216 Ecclesia-
2134 4159 2357 4223 stiures,
2380 4158 2857 4213 meditatiorcszat
2879 4157 2931 4209 iu
2960 4156 3061 4212 hac
3081 4156 3668 4228 oratione,quemadnto-

476 4252 615 4299 stem
656 4244 959 4314 scripsisse,
1002 4260 1126 4301 cum
1171 4245 1351 4301 nuilus
1376 4248 1444 4303 de
1470 4247 1832 4318 Nazianzeno,
1878 4254 2033 4323 cujus
2133 4251 2260 4305 dum
2290 4259 2344 4305 et
2367 4250 2421 4303 in
2440 4249 2664 4320 reliquis
2683 4249 2915 4315 duabus,
2943 4257 3134 4304 auctor
3160 4250 3328 4305 veluti
3358 4250 3530 4321 pullus
3556 4246 3664 4303 sub-

476 4335 678 4406 scripta
699 4335 942 4391 omnium
979 4335 1087 4391 fere
1108 4337 1342 4392 examini
1369 4339 1591 4395 subacta
1624 4350 1775 4408 sunt,
1808 4344 1857 4397 id
1882 4360 2032 4399 asse-
2132 4340 2340 4395 sultans
2380 4340 2575 4396 laxatis
2608 4341 2853 4405 habenis,
2905 4341 3179 4397 adscititio
3229 4351 3427 4397 ornatu
3474 4339 3663 4403 nobilis,

473 4434 579 4482 rat.
612 4425 751 4482 Sunt
783 4428 966 4499 itaque
999 4442 1193 4498 praner
1215 4429 1451 4496 Billium,
1480 4440 1535 4487 et
1563 4432 1654 4486 alii
1679 4435 2026 4501 recentiores,
2131 4431 2369 4502 undique
2400 4446 2495 4501 per
2525 4447 2748 4502 campos
2786 4447 3081 4489 excurrens
3141 4443 3381 4506 nugatur
3419 4442 3471 4489 et
3508 4432 3660 4487 ludit:

471 4512 564 4610 qui
598 4513 797 4569 dictam
832 4517 1231 4602 metaphrasim.
1258 4519 1470 4588 parenti
1506 4522 1724 4591 proprio
1774 4524 2025 4592 reddunt,
2060 4556 2102 4610 ο
2132 4523 2287 4592 quasi
2313 4539 2376 4577 ex
2410 4524 2705 4593 improviso
2737 4524 2961 4591 diceret,
3001 4540 3100 4579 sua
3143 4527 3399 4580 enuntiat
3447 4527 3663 4580 homine—

471 4602 657 4660 Sixtus
681 4604 938 4665 Senensis
966 4610 1018 4664 in
1044 4610 1389 4678 Bibliotheca,
1418 4613 1685 4670 Antonius
1700 4614 2027 4674 Passerinus
2063 4602 2096 4610 ⁷
2129 4616 2322 4685 ριῡιίε,
2350 4626 2403 4671 et
2453 4616 2909 4685 liomteoteleutis,
2938 4627 2990 4673 et
3022 4618 3283 4675 omnibus
3323 4620 3463 4683 aliis,
3490 4617 3661 4689 quibus

469 4694 525 4783 in
549 4697 841 4765 Apparatu,
878 4703 932 4755 in
980 4701 1228 4773 Gregorio
1275 4702 1618 4760 Nazianzeno
1665 4716 1717 4761 ct
1777 4706 2026 4779 Gregorio
2127 4708 2341 4764 dicendi
2371 4726 2542 4780 genus
2588 4712 2995 4783 panegyricum,
3030 4710 3233 4769 Graecis
3281 4714 3562 4769 admodum
3590 4710 3658 4763 fa—

471 4782 888 4859 Tlmumaturgo,
924 4802 978 4847 et
1025 4796 1078 4848 in
1114 4794 1368 4851 Biblioth.
1411 4797 1618 4861 selecta,
1670 4798 1764 4853 lib.
1812 4815 1869 4865 ιι,
1902 4817 2021 4872 cap.
2126 4802 2336 4859 miliare
2359 4802 2412 4857 in
2446 4782 2607 4859 rebus
2645 4782 2982 4875 hujusmodi,
3018 4814 3205 4861 scatet.
3237 4804 3460 4875 Confer,
3491 4808 3654 4865 lector,

468 4875 570 4942 i5;
601 4875 803 4969 Fronto
828 4879 1054 4940 Duczeus
1082 4886 1134 4939 in
1178 4889 1320 4943 notis
1348 4888 1413 4942 ad
1443 4890 1685 4944 eamdem
1719 4893 2024 4961 metaphra-
2124 4910 2286 4948 unam
2339 4897 2590 4966 paginam
2648 4896 2965 4968 Gregoriani
3008 4899 3501 4969 prosphonematici
3547 4911 3653 4953 eum

465 4969 589 5034 sim,
624 4968 984 5029 Bellarminus
1032 4975 1104 5029 De
1148 4979 1488 5048 scriptoribus
1540 4982 1929 5048 ecclesiasticis,
1968 4995 2022 5041 et
2121 4982 2301 5050 dictis,
2335 4994 2388 5039 et
2414 4987 2572 5055 plane
2613 4987 2904 5043 discrimen
2936 4968 3231 5061 agnosces,
3266 4991 3323 5045 ni
3350 4997 3522 5046 creetis
3552 5002 3654 5043 esse

462 5062 705 5117 omnium
739 5075 1047 5135 postremus
1087 5067 1270 5124 Daniel
1319 5070 1573 5128 Heinsius
1602 5075 1653 5129 in
1709 5077 2018 5151 {iristarclio

432 5149 632 5243 fracro,
683 5171 802 5227 cap.
851 5157 937 5212 il.
984 5176 1003 5209 ‹
1049 5159 1367 5217 Venerabile
1411 5149 1768 5235 antiquitatis,
1817 5169 2014 5239 inquit,

463 5255 871 5300 monumentum
916 5246 1160 5319 Gregorii
1221 5247 1676 5310 Neoczesaricnsis
1727 5257 1781 5310 in
1830 5259 2014 5313 Eccle-

457 5338 669 5391 siastem
698 5348 875 5394 exstat
900 5341 1438 5413 paraphrasis,quam
1461 5362 1607 5402 nunc
1641 5349 2013 5419 metaphrasim

456 5425 777 5483 inscribunt.
817 5428 979 5485 Multa
1015 5431 1086 5486 ibi
1137 5439 1279 5488 terse
1321 5449 1385 5489 ac
1434 5435 1600 5505 polite
1650 5440 2007 5509 explicantur,

426 5532 628 5586 neque
675 5520 819 5576 aliud
863 5530 969 5575 tam
1007 5524 1082 5577 illi
1121 5539 1266 5579 cura:
1310 5526 1431 5592 fuit,
1475 5543 1639 5596 quam
1687 5532 1835 5599 quod
1878 5532 2008 5604 pro-

454 5607 626 5673 prium
652 5621 736 5665 est
772 5614 1161 5683 paraphrastae,
1195 5625 1255 5669 ut
1284 5617 1337 5670 in
1376 5617 1579 5687 scripto
1610 5620 2006 5678 obscurissima

450 5698 859 5768 connexionem,
909 5721 1003 5761 seu
1048 5706 1146 5778 τὴν
1195 5707 1546 5780 ἀλληλουχίαν
1590 5711 2001 5779 demonstraret,

449 5789 589 5856 quod
633 5800 686 5845 et
731 5791 961 5851 feliciter
989 5799 1305 5871 plerumque
1357 5811 1643 5858 assecutus
1678 5812 1779 5858 est.
1818 5805 2001 5875 Itaque

2120 5075 2376 5129 volueris.
2413 5075 2479 5131 Et
2521 5093 2653 5133 sane
2688 5082 3106 5150 prosphonetica
3144 5084 3234 5139 illa
3285 5084 3353 5139 ad
3393 5082 3650 5155 Origenem

2118 5167 2280 5232 dicta,
2310 5184 2432 5223 cum
2464 5179 2774 5225 versaretur
2805 5169 2857 5224 in
2886 5172 3188 5231 laudatorio
3206 5191 3422 5247 genere,
3453 5173 3650 5230 ﬂoribus

2116 5259 2428 5330 liujusmodi
2462 5261 2697 5334 inspergi
2721 5266 3047 5337 quandoque
3079 5269 3369 5338 debuerat;
3396 5271 3461 5326 ad
3482 5268 3642 5336 Orige-

2115 5367 2236 5405 nem
2278 5353 2619 5421 potissimum
2651 5356 2856 5425 habita,
2883 5361 2976 5428 qui
3009 5360 3062 5413 in
3103 5361 3377 5419 similibus
3406 5368 3644 5423 versatus,

2112 5457 2141 5495 a
2179 5443 2395 5507 talibus,
2433 5459 2552 5498 cum
2594 5461 2654 5502 se
2697 5448 2914 5505 offerret
2953 5452 3191 5516 occasio,
3225 5470 3335 5509 non
3387 5451 3641 5509 abstinuit.

2114 5533 2217 5589 Sed
2255 5536 2456 5604 respuit
2494 5536 2610 5592 haec
2652 5554 2901 5595 severum
2936 5541 3328 5617 Thaumaturgi
3369 5544 3640 5617 ingenium,

2107 5636 2161 5681 et
2190 5626 2359 5682 voluit
2391 5629 2562 5698 magis
2596 5644 2718 5687 esse
2772 5648 2935 5702 quam
2967 5635 3160 5699 videri,
3199 5637 3416 5693 virtutis
3438 5646 3490 5693 et
3521 5636 3638 5690 sim-

2106 5717 2361 5786 plicitatis
2393 5726 2622 5773 amator.
2649 5718 2816 5789 quue
2838 5721 2977 5776 adeo
3001 5739 3184 5778 verum
3205 5733 3312 5791 est,
3338 5733 3399 5780 ut
3424 5723 3637 5778 Vincen-

2107 5809 2217 5864 tius
2252 5807 2568 5876 liiccardus,
2592 5811 2675 5866 vir
2692 5812 2854 5870 rebus
2884 5814 2968 5871 his
2998 5817 3374 5876 examinandis
3402 5816 3635 5873 assiduus
