3972 6318
200 326 344 383 I209

1056 319 1306 377 LEONIS
1342 320 1619 377 ALLATII
1678 319 2001 377 DIA'I‘RIBA
2038 319 2126 375 DE
2162 318 2568 377 THEODORIS.

3288 325 3424 385 i210

201 449 259 497 et
310 418 619 510 perspicax,
669 437 723 493 in
780 436 1170 493 commentario
1215 437 1283 493 ad
1328 445 1538 493 sextam
1594 437 1766 494 sancti
1795 441 1842 499 Α
1869 436 2142 494 siensihus
2160 436 2490 496 editionibus
2524 437 2878 495 adornantur.
2903 438 3014 497 Nec
3033 438 3280 501 exhausti
3297 454 3426 503 sunt

203 532 384 589 Procli
434 533 757 598 orationem,
801 530 1171 585 testimonium
1215 546 1283 586 ex
1327 530 1598 596 secunda,
1644 546 1767 603 quze

205 624 396 694 incipit
417 621 668 696 ;Ἐορτὰς
692 622 789 693 μὲν
814 620 1030 685 ἁπάσας
1048 621 1142 674 καὶ
1158 621 1450 694 ὑμνῳδίας,
1471 622 1764 691 adducens,

205 718 503 774 asseruerit
532 732 546 771 :
581 732 601 768 ι
637 713 900 782 Quamvis
935 729 1282 797 summopere
1314 715 1533 784 ambigo
1567 724 1621 770 et
1656 715 1766 771 ha:-

205 824 322 873 reo,
359 824 429 864 an
457 823 643 864 revera
660 804 904 877 Gregorii
932 804 1324 878 Thaumaturgi
1358 807 1535 862 sitilla
1566 808 1764 865 oratio.

204 900 382 957 Dictio
408 900 554 956 enim
600 899 716 969 ipsa
760 898 975 953 videtur
1017 898 1199 968 potius
1246 899 1420 955 sancti
1469 898 1670 966 Procli,
1712 907 1768 955 et

203 991 561 1050 sententiain
584 1005 647 1047 ea
672 991 918 1061 plurimae
940 990 1146 1056 insunt,
1179 1006 1300 1061 qua:
1328 991 1605 1061 conceptis
1638 1006 1763 1045 ver-

202 1084 293 1141 bis
311 1093 441 1139 sunt
466 1084 521 1137 in
547 1084 794 1139 oratione
823 1084 998 1154 prima
1020 1082 1222 1149 Procli,
1250 1092 1301 1137 et
1331 1082 1614 1138 innumera
1638 1082 1764 1149 alia,

204 1187 328 1242 quae
357 1172 412 1226 in
442 1170 566 1227 aliis
593 1170 771 1228 Procli
799 1171 1137 1227 orationibus
1164 1170 1542 1234 offenduntur;
1578 1179 1633 1224 et
1659 1169 1769 1226 fre-

202 1279 382 1335 quens
411 1263 548 1317 adeo
574 1263 789 1319 iteratio
829 1264 979 1318 vocis
1010 1260 1280 1333 Θεοτόκου,
1319 1263 1535 1318 videtur
1574 1262 1768 1319 Nesto-

202 1353 347 1407 rium
379 1352 657 1422 impetere.
686 1371 706 1405 ι
740 1350 807 1405 Et
836 1351 977 1408 infra
1003 1367 1017 1404 :
1057 1370 1075 1403 ι
1107 1349 1353 1408 Imitatus
1382 1364 1607 1409 sanctus
1634 1351 1768 1408 Pro-

202 1446 326 1501 elus
372 1454 623 1501 sanctum
671 1443 990 1517 Gregorium
1027 1442 1494 1516 Thaumaturgum
1539 1444 1593 1499 in
1637 1458 1765 1500 ora-

207 1541 355 1594 tione
389 1536 628 1593 secunda
675 1534 742 1591 de
770 1534 1222 1599 Annuntiatione,
1250 1536 1295 1592 si
1330 1536 1493 1592 modo
1531 1534 1651 1607 ejus
1682 1545 1767 1593 est

208 1628 300 1684 illa
326 1628 526 1685 oratio.
568 1648 588 1682 ι
620 1626 732 1686 Nos
756 1629 809 1683 in
835 1629 1064 1699 epistola
1098 1629 1164 1684 ad
1196 1626 1483 1684 Nihusium
1514 1627 1582 1683 de
1613 1627 1769 1682 litur-

203 1723 292 1793 gia
320 1721 497 1776 sancti
543 1719 729 1776 Jacobi
769 1720 1021 1791 apostoli,
1067 1718 1135 1775 de
1180 1718 1331 1775 vocis
1370 1718 1622 1773 Θεοτόκου
1663 1734 1766 1774 usu

202 1783 370 1868 etiam
419 1822 547 1867 ante
589 1783 920 1877 Nestorium,
959 1783 1218 1867 nonnulla
1256 1809 1557 1866 attulimus.
1594 1808 1766 1877 Quid-
1798 1783 1840 1837 Β

201 1904 335 1975 quid
383 1911 563 1959 tamen
605 1904 695 1970 sit,
748 1903 960 1958 tertiam
1004 1918 1148 1959 unus
1192 1910 1401 1957 tantum
1447 1901 1615 1959 Codex
1658 1916 1765 1957 ms.

200 1999 330 2053 licet
351 1997 771 2068 antiquissimus
796 1996 1201 2067 Thaumaturgo
1226 1995 1494 2063 attribuit,
1526 1994 1769 2067 atChry-

202 2098 449 2145 sostomo
482 2096 723 2155 centum,
758 2104 857 2144 nec
889 2088 1071 2143 minus
1118 2087 1363 2156 antiqui;
1405 2087 1634 2157 ideoque
1667 2087 1768 2141 sub

200 2178 278 2236 Ch
288 2179 579 2251 rysostomi
592 2178 807 2233 nomine
821 2187 874 2234 et
890 2177 1142 2249 Augustae
1156 2177 1223 2231 ab
1239 2174 1545 2232 Hoeschelio
1563 2175 1766 2245 Graece,

201 2280 256 2327 et
290 2271 360 2325 ab
384 2270 506 2327 aliis
533 2269 676 2325 edita
705 2276 804 2325 est.
838 2267 910 2323 De
940 2268 1283 2324 sermonibus
1306 2267 1360 2321 in
1387 2266 1770 2322 Annuntiatio-

204 2378 330 2417 nem
364 2372 420 2417 et
451 2360 859 2432 Theophaniam
912 2358 1272 2435 Dominicam,
1310 2368 1368 2414 ut
1407 2361 1568 2415 etiam
1603 2359 1670 2416 de
1698 2359 1768 2414 li-

202 2453 348 2510 bello
376 2453 451 2509 De
474 2454 651 2507 anima
685 2453 750 2508 ad
783 2451 1089 2519 Tatianum,
1117 2452 1253 2506 nihil
1285 2453 1428 2507 'certi
1458 2467 1517 2508 se
1563 2451 1764 2507 habere

202 2545 397 2601 scribit
424 2543 783 2602 Bellarmiuus
817 2563 831 2599 :
866 2563 884 2597 ι
915 2560 1038 2600 cum
1067 2560 1166 2599 nec
1180 2553 1388 2599 veteres
1412 2545 1606 2599 horum
1636 2559 1766 2615 ope-

204 2653 329 2693 rum
367 2637 746 2703 meminerint;
782 2652 956 2707 neque
977 2645 1162 2690 tamen
1184 2635 1431 2690 convinci
1462 2636 1654 2706 possit,
1674 2652 1769 2692 eos

203 2745 326 2785 esse
348 2728 725 2800 supposititios
758 2747 772 2797 ;
806 2747 824 2781 ι
856 2736 909 2783 et
941 2728 1042 2783 hoc
1064 2743 1162 2798 pro
1178 2728 1264 2783 his
1299 2728 1497 2794 tribus,
1528 2728 1611 2783 vel
1634 2742 1770 2798 qua-

206 2831 332 2875 tuor
366 2820 731 2889 orationibus,
761 2818 1117 2890 conjectando
1153 2820 1337 2890 potius
1372 2836 1536 2890 quam
1578 2820 1768 2875 decer-

206 2915 409 2971 neudo.
432 2912 680 2986 Namque
704 2931 811 2971 non
841 2914 1043 2970 absone
1071 2914 1195 2984 quis
1220 2913 1442 2980 dixerit,
1476 2928 1767 2983 argumen-

205 3015 321 3060 tum
351 3020 419 3059 ex
440 3005 779 3070 charactere,
813 3013 867 3059 et
905 3003 1204 3060 dictionum
1245 3002 1492 3059 formulis
1551 3003 1770 3057 desunt-

1865 543 2035 584 sacra:
2067 528 2406 598 antiquitatis
2441 527 2702 596 thesauri,
2726 530 2772 585 si
2796 530 2861 584 de
2884 530 2966 586 eis
2994 539 3207 586 taceant
3235 531 3421 589 Posse-

1864 620 2027 676 vinus
2051 628 2107 675 et
2135 613 2759 691 Sixtus.'lgnoratplane
2790 618 3013 678 Rivetus
3045 624 3158 679 haec
3180 622 3425 696 Gregorii

1864 724 2027 780 Opera
2057 711 2150 766 diu
2179 723 2304 766 ante
2326 711 2394 767 ab
2418 711 2607 767 eodem
2634 710 2827 769 Vossio
2847 713 2988 769 notis
3016 714 3279 770 illustrata
3302 730 3427 787 pro-

1866 803 2036 860 diisse
2066 802 2251 860 Graece
2282 811 2336 859 et
2374 801 2587 867 Latine,
2628 812 2683 858 et
2715 813 2776 858 ut
2814 807 3155 875 postmodum
3177 808 3427 879 Parisiis,

1867 891 2159 963 Moguntiae
2194 909 2338 950 anno
2368 892 2526 948 1604.
2566 912 2583 944 ι
2614 892 2717 960 Qui
2756 910 2964 951 merces
2995 897 3137 964 illas,
3162 909 3427 969 quantum

1866 993 2062 1055 potest,
2087 986 2450 1041 commendat.
2485 1004 2505 1038 ι
2542 985 2853 1041 lllaudahile
2878 993 2960 1041 est
2985 987 3192 1044 scilicet
3212 990 3426 1059 Riveto,

1866 1078 2067 1150 scripta
2112 1074 2335 1135 Patrum
2366 1078 2768 1143 commendare,
2803 1088 2858 1133 et
2893 1094 3099 1137 merces
3138 1083 3274 1137 adeo
3304 1098 3430 1154 pre—

1869 1173 2035 1227 tiosas
2061 1179 2113 1226 et
2140 1169 2557 1240 pulcherrimas,
2597 1180 2657 1225 ut
2686 1179 2747 1225 ut
2769 1185 2848 1226 eae
2876 1176 3042 1237 sunt,‘
3063 1172 3429 1231 ambientibus

1868 1268 2177 1339 propinare.
2211 1264 2589 1331 Commendat,
2623 1274 2890 1335 quantum
2918 1275 3117 1336 potest,
3154 1265 3432 1322 Thauma-

1868 1361 2009 1431 turgi
2032 1361 2253 1429 scripta,
2280 1373 2401 1428 qua:
2434 1356 2835 1412 commendavit
2886 1356 3204 1427 antiquitas,
3229 1367 3284 1413 et
3331 1373 3431 1428 po-

1867 1447 2115 1505 sterioris
2128 1447 2227 1503 aevi
2245 1444 2832 1511 illustriores‘doctores
2846 1445 3198 1502 ecdesiastici
3216 1462 3428 1515 omnes;

1867 1548 1923 1595 at
1947 1538 2378 1594 exterminarunt
2414 1536 2676 1602 haeretici,
2720 1537 2864 1607 apud
2906 1551 3044 1608 quos
3086 1539 3248 1594 etiam
3280 1540 3333 1594 in
3365 1555 3432 1596 ea

1867 1633 2224 1688 aestimatione
2257 1630 2440 1698 fuere,
2481 1638 2543 1686 ut
2591 1630 2675 1685 vel
2716 1646 2905 1695 eorum
2949 1630 3069 1687 solo
3119 1631 3431 1687 testimonio

1870 1741 1968 1782 sua
1996 1723 2345 1781 constabilire
2372 1723 2718 1780 crediderint.
2742 1722 2881 1779 Hine
2899 1732 2983 1778 tot
3006 1723 3136 1788 illis,
3158 1725 3317 1782 malis
3341 1740 3434 1781 ar-

1876 1817 2040 1884 tibus,
2071 1830 2303 1882 annexa,
2336 1823 2391 1871 et
2414 1824 2608 1886 praeter
2649 1830 2856 1871 morem
2888 1823 3051 1886 atque
3095 1814 3266 1885 legem
3297 1831 3424 1887 pro-

1873 1909 2067 1964 borum
2102 1908 2382 1963 hominum
2437 1908 2723 1963 immutata
2760 1923 2774 1959 :
2807 1906 3062 1978 pleraque
3098 1907 3263 1962 etiam
3304 1922 3435 1963 ora-

1873 2004 2051 2058 tiones
2079 2011 2243 2073 atque
2275 2001 2538 2073 opuscula
2560 2016 2627 2058 ex
2659 2017 2801 2073 penu
2833 1999 3325 2057 haereticorumillis
3339 2015 3434 2069 ap-

1874 2096 2037 2166 picta.
2069 2093 2241 2150 Tanta
2290 2104 2409 2150 erat
2452 2096 2506 2151 in
2554 2094 2718 2150 unius
2762 2094 2989 2165 hujusce
3029 2095 3435 2150 commentariis

1874 2187 2195 2243 auctoritas!
2227 2185 2641 2241 Commendavit
2670 2186 2852 2257 itaque
2878 2183 3131 2254 Vossius,
3164 2202 3286 2257 qua:
3309 2194 3436 2241 ante

1874 2293 1998 2333 eum
2030 2285 2109 2332 tot
2131 2277 2529 2348 exscriptorum
2561 2277 2759 2334 calami
2810 2279 2953 2334 inter
2979 2277 3084 2333 alia
3119 2285 3432 2333 sanctorum

1874 2368 2096 2424 Patrum
2129 2367 2329 2441 scripta
2358 2370 2558 2441 scripto
2586 2370 3118 2426 commendaverant.
3143 2368 3437 2425 Commen-

1873 2463 2002 2518 dant
2057 2462 2274 2518 codices
2328 2462 2721 2533 antiquissimi,
2777 2471 2828 2518 et
2868 2463 3085 2532 optimae
3129 2470 3292 2529 notas,
3341 2462 3438 2532 qui

1875 2552 2054 2609 dictas
2100 2552 2346 2629 Gregorii
2380 2557 2659 2611 orationes
2689 2555 2913 2626 praefixo
2942 2553 3162 2610 nomine
3192 2552 3436 2626 Gregorii

1872 2643 2148 2697 exhibent.

1948 2753 1967 2785 ι
2001 2732 2201 2789 Dubias
2227 2748 2349 2789 esse
2378 2733 2571 2805 probat
2595 2732 2911 2791 Perkinsius
2941 2746 3006 2787 ex
3024 2745 3111 2797 eo,
3139 2730 3286 2802 quod
3302 2728 3439 2787 Vita

1874 2833 2211 2887 sanctorum,
2247 2823 2374 2878 item
2398 2832 2453 2878 et
2480 2822 2667 2895 hymni
2700 2837 2890 2878 eorum
2925 2821 3077 2878 festis
3107 2820 3424 2876 convenien-

1876 2922 1977 2977 tes,
2009 2915 2246 2983 primum
2278 2928 2309 2968 a
2340 2912 2540 2969 Carolo
2573 2912 2770 2984 Magno
2794 2912 3075 2967 constituti
3107 2920 3259 2977 sunt,
3289 2910 3438 2966 circa

1875 3020 2078 3059 annum
2158 3005 2261 3061 807
2318 3004 2541 3077 (Paulus
2600 3004 2858 3061 A‘llnilius
2911 3005 3006 3060 lib.
3061 3020 3098 3058 ιι
3157 3003 3229 3058 De
3277 3003 3436 3074 gestis

204 3109 385 3170 ptum,
442 3098 560 3152 leve
618 3096 909 3153 admodum
955 3111 1077 3152 esse
1115 3114 1129 3150 :
1176 3094 1548 3150 affectionibus
1574 3093 1770 3164 sapius
1800 3136 1842 3194 Ο
1879 3092 2229 3163 Francorum,
2266 3092 2580 3167 Sigebertus
2609 3096 2922 3164 item,2uno
2941 3095 3068 3168 807)
3116 3096 3304 3152 multis
3319 3106 3440 3167 post

204 3190 377 3245 animi
409 3188 680 3245 calamum
716 3189 800 3259 agi
847 3188 1100 3259 regique;
1149 3196 1305 3242 aetate
1346 3188 1508 3241 etiam
1564 3186 1767 3240 immu-

203 3283 333 3337 tari.
386 3279 525 3336 Hinc
558 3297 665 3336 non
700 3296 820 3336 esse
871 3294 1096 3335 necesse
1148 3278 1331 3333 omnia
1377 3276 1769 3348 Thaumaturgi

202 3374 409 3444 scripta
440 3373 630 3429 eodem
665 3387 878 3442 semper
910 3379 1073 3441 atque
1101 3386 1211 3424 uno
1239 3379 1427 3425 tenore
1459 3370 1665 3441 peragi.

273 3463 382 3519 Sed
408 3462 636 3518 Andreae
671 3461 843 3517 Riveti
875 3461 951 3533 (Ξ)
986 3463 1043 3516 in
1088 3461 1278 3515 Critici
1325 3461 1468 3514 sacri
1528 3459 1669 3515 libro
1708 3476 1769 3527 ιι,

204 3571 327 3624 cap.
378 3554 463 3620 16,
506 3555 573 3609 de
619 3554 706 3608 his
752 3554 1091 3609 orationibus
1143 3553 1285 3608 dicta
1335 3552 1767 3608 consideremus.

211 3668 230 3699 ι
269 3647 417 3704 Guil.
450 3645 767 3701 Pet-kinsius
795 3644 1045 3700 meminit
1075 3646 1423 3700 homiliarum
1457 3644 1524 3700 de
1547 3644 1771 3699 Annuu-

204 3742 455 3802 tiatione.
484 3747 613 3802 etc.,
649 3738 777 3794 huic
821 3737 1081 3808 Gregorio
1109 3739 1491 3809 ascriptarum,
1526 3752 1663 3809 quas
1684 3736 1773 3801 {vi-

203 3831 334 3886 dere
365 3830 498 3884 mihi
547 3846 654 3885 non
700 3830 1003 3900 contigerat
1036 3840 1152 3885 tum
1188 3846 1311 3886 eum
1371 3831 1609 3902 primum
1658 3828 1773 3883 haec

206 3925 441 3996 scripsi;
480 3938 657 3994 neque
689 3939 767 3980 ea:
795 3941 828 3980 a
857 3923 1155 3980 Possevino
1195 3925 1249 3980 in
1290 3924 1586 3996 Apparatu,
1617 3932 1711 3978 aut
1742 3937 1772 3977 a

208 4017 371 4072 Sixto
416 4027 808 4072 memorantur.
868 4036 889 4071 ι
924 4015 1229 4087 Antequam
1289 4030 1512 4070 causam
1560 4013 1771 4085 perspi-

205 4113 341 4177 ciat,
373 4110 696 4167 sententiam
728 4108 851 4166 fert.
885 4108 1038 4175 Esto,
1070 4125 1178 4164 non
1200 4108 1334 4163 vidit
1365 4106 1608 4170 Rivetus,
1646 4121 1772 4162 cum

209 4204 495 4260 scriberet.
542 4201 681 4269 Quid
734 4217 865 4274 ergo
918 4201 1044 4256 inde
1091 4200 1377 4270 sequitur?
1409 4198 1504 4255 Vel
1550 4196 1775 4254 Rivetus

210 4297 541 4353 temerarius
587 4306 692 4361 est,
737 4296 821 4351 vel
871 4311 1061 4367 parum
1106 4295 1359 4365 diligens.
1410 4293 1482 4349 De
1531 4293 1775 4361 Gregorii

210 4388 433 4457 scriptis
455 4401 640 4457 agens,
666 4394 726 4440 ut
752 4401 875 4440 vera
892 4387 1217 4449 enuntiaret,
1246 4386 1433 4441 sedulo
1455 4386 1774 4456 inquirenda

1877 3183 2342 3256 Thaumaturgum
2396 3186 2630 3242 saeculis.
2681 3205 2701 3238 ι
2748 3185 3093 3242 Perkinsium
3152 3186 3267 3257 ipse
3325 3200 3438 3241 non

1872 3278 2001 3334 vidi.
2034 3276 2211 3334 Credo
2244 3287 2427 3333 tamen
2464 3277 2715 3333 Rivetum
2761 3275 3032 3334 Perkinsii
3065 3278 3230 3333 verba
3259 3290 3437 3348 neque

1870 3367 2178 3434 invertisse,
2200 3382 2376 3438 neque
2397 3366 2699 3432 mutilasse,
2732 3366 2823 3421 sed
2849 3367 3080 3435 ingenue
3097 3379 3436 3419 numerasse.

1872 3457 2189 3525 Videamus,
2230 3466 2288 3512 ut
2317 3458 2421 3513 sibi
2455 3466 2665 3513 constet
2692 3456 2961 3513 Perkinsii
2995 3455 3169 3521 ratio;
3192 3470 3431 3525 namque

1872 3548 1918 3604 si
1948 3564 2010 3604 ea
2041 3549 2316 3614 ceciderit,
2360 3548 2517 3604 cadet
2558 3548 2721 3602 etiam
2756 3546 3022 3603 sententia
3063 3544 3356 3610 Perltinsii,
3385 3554 3441 3600 et

1872 3642 2142 3697 orationes
2172 3638 2457 3710 praedictas
2485 3638 2681 3693 dubias
2701 3652 2843 3693 esse.
2863 3635 3000 3691 Cum
3030 3637 3147 3693 ista:
3163 3636 3441 3692 orationes

1874 3733 2027 3790 facta:
2053 3739 2392 3795 asseruntur,
2408 3739 2522 3784 tum
2549 3744 2727 3798 neque
2748 3726 2884 3783 Vita:
2908 3737 3242 3792 sanctorum,
3265 3739 3441 3794 neque

1874 3825 2061 3897 hymni
2088 3837 2279 3879 eorum
2311 3820 2463 3877 festis
2493 3820 2876 3876 convenientes
2900 3819 2954 3872 in
2982 3816 3220 3873 Ecclesia
3247 3824 3434 3871 erant:

1874 3929 2000 3969 nam
2039 3915 2249 3985 primus
2271 3913 2502 3969 Carolus
2527 3913 2698 3967 multa
2730 3918 2854 3981 post
2883 3908 3080 3964 saecula
3109 3904 3392 3962 constituit
3419 3919 3436 3957 :

1874 4022 2005 4079 ergo
2032 4007 2187 4062 dicta:
2203 4005 2502 4069 orationes,
2530 3990 2904 4060 fcstisdiebus
2936 3997 3440 4057 etsolemuitatibus
3457 3990 3475 4001 “

1876 4110 2191 4155 sanctorum
2234 4097 2640 4162 convenientes,
2691 4110 2802 4150 non
2849 4100 3145 4163 potuerunt
3198 4089 3363 4145 scribi
3409 4104 3441 4143 a

1877 4190 2134 4262 Gregorio
2164 4188 2591 4258 Thaumaturgo,
2619 4186 2714 4256 qui
2745 4184 2916 4239 multo
2937 4183 3191 4238 Carolum
3210 4195 3443 4250 praeces-

1877 4291 2042 4340 serat.
2087 4281 2286 4337 Probat
2334 4288 2673 4351 assumptum
2728 4276 3051 4331 auctoritate
3098 4272 3342 4339 }Emilii,
3388 4278 3444 4326 et

1880 4375 2164 4450 Sigeberti.
2194 4374 2331 4430 Tum
2356 4376 2469 4445 ipse
2493 4371 2705 4428 infero:
2738 4372 2809 4426 At
2843 4370 3042 4426 falsum
3071 4378 3173 4435 est,
3207 4368 3441 4451 primum

209 4489 369 4532 erant
390 4476 563 4547 ipsius
598 4474 842 4545 Gregorii
872 4476 1093 4545 scripta,
1121 4472 1443 4529 consulendi
1477 4470 1658 4537 amici,
1690 4472 1771 4526 iu-
1803 4478 1848 4531 Ι)
1875 4471 2127 4526 Carolum
2172 4469 2225 4524 id
2255 4468 2580 4531 instituisse,
2609 4464 2878 4536 quidquid
2910 4461 3165 4518 [Emilius
3197 4471 3251 4518 et
3283 4459 3441 4532 Sigeo

210 4572 361 4627 dices
388 4568 691 4635 evolvendi,
728 4577 975 4623 auctores
1006 4568 1107 4638 ipsi
1140 4565 1534 4638 conquirendi;
1567 4576 1625 4621 ut
1648 4565 1774 4619 dili-

209 4663 394 4737 gentia
427 4678 533 4718 non
561 4662 722 4729 desit,
754 4678 854 4718 nec
884 4670 1081 4717 temere
1108 4661 1174 4717 de
1196 4662 1288 4717 ’iis
1346 4676 1467 4731 quae
1498 4677 1605 4715 non
1639 4659 1778 4715 vidi-

208 4772 336 4813 mus
380 4744 825 4825 pronuntiemus.
864 4772 883 4806 ς
918 4752 1103 4823 Neque
1133 4768 1162 4807 a
1194 4752 1494 4809 Possevino
1517 4753 1571 4807 in
1598 4753 1775 4822 Appa-

207 4865 361 4919 ratus,
396 4866 571 4922 neque
595 4866 625 4905 a
659 4850 813 4906 Sixto
850 4857 1240 4904 memorantur.
1282 4866 1300 4899 ι
1337 4846 1534 4904 Demus
1587 4845 1779 4903 Riveto

208 4960 323 5000 non
354 4942 794 4998 commemorari.
824 4939 963 5013 Ergo
993 4955 1100 4993 non
1137 4937 1299 4992 sunt?
1318 4926 1522 4993 Sto‘lida
1554 4938 1653 4994 ista
1687 4953 1774 4991 ar-

209 5034 553 5107 gumentatio
587 5044 690 5090 est.
718 5032 886 5100 Quasi
919 5045 1049 5086 vero
1079 5045 1201 5100 quae
1246 5044 1352 5085 non
1377 5044 1775 5085 commemora-

209 5128 395 5187 verint
425 5126 624 5196 scripta
653 5124 981 5180 Possevinus
1004 5132 1058 5177 et
1085 5122 1291 5187 Sixtus,
1320 5138 1590 5192 nusquam
1622 5123 1775 5189 alibi,

210 5230 310 5275 aut
339 5219 488 5274 nulla
517 5220 644 5275 sint.
676 5236 697 5270 ι
735 5215 839 5272 Sed
866 5224 1050 5286 postea
1078 5214 1235 5269 editae
1270 5214 1488 5269 fuerunt
1514 5213 1697 5269 Graece
1725 5223 1780 5270 et

122 5384 123 5387 η
214 5314 411 5370 Latine
463 5312 689 5367 Parisiis
734 5326 860 5367 cum
910 5310 1054 5387 notis
1083 5307 1265 5364 Vossii
1298 5304 1653 5377 Tungrensis,
1684 5308 1779 5378 qui

215 5420 433 5462 merces
485 5405 603 5460 illas
649 5413 913 5474 quantum
938 5383 1139 5471 'potest
1183 5401 1546 5455 commendat.
1588 5419 1606 5452 ι
1641 5399 1781 5455 Bene

214 5503 321 5551 est.
339 5493 484 5565 Ergo
504 5500 631 5547 sunt
658 5493 762 5547 alia
788 5492 1004 5547 tandem
1037 5490 1236 5559 scripta
1262 5488 1483 5545 Patrum
1509 5505 1617 5545 non
1637 5504 1783 5546 com-

218 5596 525 5644 memorata
553 5603 585 5641 a
612 5584 910 5642 Possevino
939 5592 995 5641 et
1018 5582 1194 5673 Sixtq,
1226 5583 1447 5654 quando
1477 5583 1592 5654 jam
1629 5582 1784 5639 Pari-

1879 4565 2065 4621 bertus
2085 4564 2348 4619 crocitent
2373 4580 2386 4617 :
2416 4575 2546 4631 ergo
2582 4559 2780 4614 falsum
2804 4562 3022 4627 quoque
3048 4555 3155 4610 erit
3186 4555 3284 4609 has
3326 4567 3442 4607 ora-

1879 4656 2054 4713 tiones
2100 4643 2293 4709 dubias
2335 4666 2473 4707 esse.
2524 4649 2639 4705 imo
2686 4658 2863 4706 certas
2908 4657 3068 4718 atque
3114 4645 3443 4701 indubitatas

1878 4763 1999 4804 esse
2028 4747 2312 4811 evincitur,
2343 4758 2467 4799 cum
2490 4752 2637 4799 certe
2666 4752 2828 4811 atque
2866 4737 3164 4795 indubitate
3216 4736 3444 4792 demon-

1883 4848 2111 4907 stretur,
2146 4846 2272 4893 ante
2298 4835 2556 4892 Carolum
2599 4837 2870 4891 orationes
2911 4844 2966 4888 et
2998 4834 3230 4906 hymnos
3264 4833 3317 4888 in
3348 4847 3443 4889 so-

1881 4931 2251 4989 lemnitatibus
2288 4939 2625 4995 sanctorum,
2663 4936 2718 4982 et
2762 4928 2831 4982 ab
2872 4928 2992 4997 ipso
3021 4926 3298 4984 nascentis
3335 4909 3452 4981 Ec?

1880 5025 2058 5081 clesia:
2100 5020 2327 5079 exordio
2371 5020 2427 5074 in
2469 5017 2711 5075 Ecclesia
2770 5018 3084 5087 frequentes
3132 5017 3320 5073 fuisse.
3377 5015 3445 5071 Et

1879 5118 2094 5174 Iudaeos
2125 5116 2273 5186 ipsos
2310 5130 2377 5170 ex
2418 5121 2601 5168 vetere
2632 5110 2853 5167 Patrum
2888 5111 3232 5169 institutione
3271 5110 3443 5180 legiti-

1883 5212 1988 5266 mis
2017 5208 2407 5281 praefinitisque
2447 5207 2639 5262 diebus
2672 5221 2739 5260 ex
2775 5205 2891 5276 lege
2937 5214 2991 5260 et
3036 5202 3312 5275 prephetis
3362 5202 3443 5256 le-

1880 5307 2087 5363 ctiones
2121 5306 2348 5360 recitare
2398 5302 2763 5366 consuevisse,
2795 5300 2956 5356 tradit
3013 5296 3252 5354 Isidorus
3297 5294 3389 5349 lib.
3424 5309 3441 5348 ι

1882 5397 1960 5452 De
1977 5396 2342 5452 ecclesiasticis
2380 5394 2548 5465 ofﬂa,
2580 5409 2699 5464 cap.
2738 5392 2826 5458 10,
2855 5390 3155 5461 probatque
3184 5385 3444 5440 Rabanus

1881 5487 2101 5545 Maurus
2128 5489 2223 5544 lib.
2285 5504 2324 5543 ιι
2362 5487 2439 5542 De
2480 5487 2710 5541 institut.
2754 5484 2955 5549 cleric.,
2985 5496 3103 5551 cap.
3146 5478 3198 5533 5.
3233 5476 3444 5531 Lectio-

1884 5596 2017 5636 num
2051 5580 2299 5636 meminit
2334 5577 2597 5651 Origenes
2639 5586 2821 5632 contra
2853 5573 3063 5631 Celsum
3109 5571 3202 5626 lib.
3230 5585 3316 5637 ιιι,
3349 5565 3445 5622 50:

293 5698 369 5768 (2)
394 5696 664 5771 Andream
688 5696 1164 5771 Rivetum,contra
1189 5715 1348 5771 quem
1370 5699 1461 5754 diu
1488 5710 1823 5771 pugnaturus
1870 5709 1955 5760 est
1976 5699 2228 5769 Allatius,
2260 5697 2480 5756 doctum
2546 5696 2849 5766 hominem,
2882 5693 2975 5751 sed
3013 5689 3242 5764 rigidum
3293 5703 3446 5746 acer-

222 5765 468 5841 bum'que
491 5765 705 5826 Calvini
733 5770 991 5826 asseclam
1025 5765 1219 5839 fuisse,
1247 5770 1466 5826 scimus.
1489 5765 1669 5825 'A.'M.
