3972 6318
644 363 774 418 1211

1519 359 1767 417 LEONIS
1806 359 2033 414 ALATII
2077 356 2398 412 DIATRIBA
2437 357 2522 411 DE
2561 355 2972 412 THEODORIS.

3627 354 3730 408 ιιιι

643 483 787 554 Ὅρα
813 481 876 550 δὴ
903 480 996 534 καὶ
1022 481 1078 533 ὲν
1103 480 1304 542 τούτοις
1331 479 1450 533 τίνα
1463 479 1660 550 τρόπον
1683 481 1829 550 ἡμᾶς
1863 477 2181 546 συκοφαντεῖ

2272 474 2509 533 .Canone
2550 476 2803 545 paschali,
2834 475 2920 528 ubi
2955 472 3207 527 lectiones
3229 472 3493 538 huiusmodi
3515 475 3559 528 in
3582 477 3732 533 cellulis

641 573 900 644 ὲξομοιῶν
929 573 1040 635 τοῖς
1066 573 1123 624 ἐν
1151 574 1268 634 ταῖς
1293 571 1516 643 ἀγοραῖς
1535 572 1603 625 τὰ
1635 569 2049 643 ἀπορρητὸτατα
2079 571 2201 620 ἑπι-

637 662 1004 733 δεικνυμὲνοις
1035 661 1127 714 καὶ
1167 662 1469 733 ἀγείρουσιο
1520 665 1651 715 ποῖα
1690 661 1748 714 δὲ
1786 657 2200 731 ἀπορῤητότατα

638 753 1073 824 ἐπιδεικνύμεθα,
1099 753 1132 824 ἢ
1160 752 1210 806 τί
1237 753 1444 816 τούτοις
1461 753 1834 824 παραπλήσιον
1861 750 2196 820 πράττομεν;

635 849 686 900 οἱ
731 847 824 902 καὶ
855 847 921 900 δι’
948 846 1389 916 ἀναγνωσμάτων
1408 886 1423 911 ,
1477 847 1570 899 καὶ
1600 844 1686 897 διὰ
1714 842 1818 898 τῶν
1847 843 1925 906 εἰς
1956 841 2023 895 τὰ
2061 841 2198 894 αὐτὰ

634 941 934 1012 διηγήσεων
971 937 1368 1010 προτρέποντες
1413 938 1509 1008 μὲν
1551 937 1642 990 ἐπὶ
1674 936 1770 1008 τὴν
1811 938 1889 998 εις
1928 934 2018 987 τὸν
2067 933 2196 986 Θεὸν

633 1031 739 1084 τῶν
760 1031 895 1084 ὅλων
917 1029 1213 1096 εὐσέϐειαν,
1233 1030 1326 1084 καὶ
1345 1029 1442 1092 τὰς
1458 1027 1584 1081 συνθ
1594 1027 1774 1098 ρόνους
1786 1025 1956 1098 ταύτῃ
1975 1023 2192 1095 ἀρετάς.

640 1141 660 1174 ι
699 1119 832 1178 Vide
862 1121 1136 1192 quomodo
1169 1123 1221 1175 in
1246 1122 1329 1176 his
1351 1134 1569 1190 quoque
1592 1119 1771 1174 verbis
1797 1115 2069 1172 calumnia
2093 1129 2192 1169 nos

634 1216 850 1282 alliciat,
885 1231 1023 1286 quos
1057 1231 1182 1270 cum
1213 1193 1650 1279 circulatoribus,
1674 1211 1847 1281 turpia
1877 1217 1932 1265 et
1960 1208 2192 1264 nefanda

632 1310 686 1364 in
711 1309 828 1364 foro
851 1307 1278 1378 proponentibus
1301 1315 1600 1376 comparat.
1633 1303 1770 1371 Qua:
1799 1318 1928 1358 vero
1955 1302 2188 1358 nefanda

631 1401 1028 1472 proponimus?
1049 1408 1144 1454 aut
1173 1399 1302 1469 quid
1336 1397 1588 1461 iacimus,
1607 1396 1750 1467 quod
1779 1395 1847 1450 ad
1881 1393 2190 1464 hujusmodi

632 1493 914 1547 hominum
945 1491 1337 1561 impudentiam
1367 1489 1588 1545 accedat
1613 1489 1636 1542 ?
1666 1504 1797 1553 nos,
1824 1487 2069 1557 inquam,
2097 1485 2190 1555 qui

631 1595 727 1649 per
755 1579 1034 1645 lectiones,
1061 1589 1114 1634 et
1143 1594 1237 1649 per
1261 1594 1447 1634 earum
1486 1578 1979 1646 interpretationes,
2014 1576 2191 1630 homi-

631 1684 728 1724 nes
767 1669 833 1724 ad
862 1670 1112 1740 pietatem
1141 1684 1268 1741 erga
1295 1669 1543 1727 omnium
1579 1685 1760 1724 rerum
1796 1667 1987 1732 Deum,
2015 1669 2187 1722 virtus

629 1771 820 1832 tesque
854 1778 975 1835 quae
1006 1763 1221 1818 easdem
1246 1773 1407 1833 atque
1435 1764 1606 1833 pietas
1648 1762 1801 1817 sedes
1822 1761 2042 1823 habent,
2062 1759 2189 1814 hor-

2296 584 2432 624 arcae
2456 569 2698 622 laterculi
2722 576 2871 622 stata:
2893 565 3251 636 designantur,
3275 566 3333 620 de
3352 582 3443 635 quo
3461 568 3588 636 plene
3607 569 3732 639 alibi),

2297 670 2448 716 certo
2477 675 2687 731 quoque
2719 659 2958 728 corporis
3002 658 3184 711 habitu
3211 656 3466 711 Christiani
3496 660 3542 712 in
3570 661 3735 715 ecclesia
3863 703 3865 730 ,

2298 747 2449 804 fuere
2479 769 2492 804 :
2539 764 2729 820 nempe
2762 749 2905 804 enim
2940 764 2967 802 a
3003 749 3267 804 stantibus
3309 748 3650 820 Evangeliorum
3681 753 3734 806 le-
3863 731 3865 826 l

2297 842 2507 898 ctioncs
2534 842 2708 896 audiri
2734 842 3060 912 oportuisse,
3104 841 3734 912 hicPhilostorgiilocusin-
3863 827 3865 906 ἢ

2296 933 2461 988 dicat.
2504 953 2521 984 ι
2551 932 2616 986 Ει
2637 949 2700 987 ex
2734 932 3022 986 Sozomeni
3054 933 3192 986 libro
3221 948 3311 995 vn,
3337 948 3444 1001 cap.
3473 934 3545 994 l9,
3564 943 3681 987 notat
3701 935 3736 986 in

2297 1027 2410 1080 sola
2427 1025 2789 1080 Alexandrina
2815 1025 3054 1080 Ecclesia
3073 1025 3370 1094 episcopum
3388 1025 3738 1085 Alexandrinum,

2295 1120 2421 1172 dum
2468 1119 2813 1189 Evangelium
2863 1121 3219 1185 recitaretur,
3272 1135 3366 1174 non
3417 1121 3738 1174 assurrexisse:

2293 1209 2451 1266 Ξένον
2482 1213 2537 1266 δὲ
2569 1215 2790 1268 κάκεῖνο
2839 1216 2968 1286 παρ’
3008 1213 3394 1285 Ἀλεξανδρεῦσι
3430 1213 3618 1276 τούτοις·
3653 1214 3740 1266 ἀνα-

2293 1306 2708 1376 γινωσκομένων
2762 1306 2868 1379 γάρ
2917 1306 3024 1360 τῶν
3081 1305 3439 1374 Εὐαγγελίων,
3486 1307 3568 1358 οὐκ
3613 1308 3740 1359 ἐπανε-

2294 1414 2484 1450 σταται
2538 1397 2863 1462 ἐπίσκοπος,
2890 1398 2919 1450 ὃ
2973 1399 3100 1470 παρ’
3125 1397 3302 1460 ἄλλοις
3336 1397 3436 1449 οὔτ’
3465 1396 3631 1465 ἔγνων,
3668 1397 3742 1449 οὖς’

2290 1487 2519 1559 ἀκήκοα.
2551 1507 2569 1539 ι
2600 1487 2808 1543 Novum
2839 1498 2891 1543 et
2909 1489 3036 1542 illud
3055 1488 3196 1558 apud
3217 1487 3421 1542 eosdem
3444 1487 3742 1542 Alexandriam

2290 1588 2403 1645 est,
2433 1581 2578 1650 quod
2608 1581 2925 1650 episcopus,
2983 1581 3111 1635 dum
3173 1581 3417 1636 recitatur
3445 1581 3741 1652 Evangelium,

2291 1686 2400 1726 non
2425 1682 2708 1744 assurgat,
2745 1673 2889 1743 quod
2933 1675 3074 1744 apud
3118 1674 3256 1730 alios
3281 1690 3500 1745 unquam
3526 1675 3742 1742 ﬁeriequi-
3837 1673 3869 1732 ,ἓ

2291 1765 2413 1820 dem
2459 1781 2634 1836 neque
2675 1767 2912 1834 comperi
2953 1783 3129 1837 neque
3176 1767 3371 1821 audivi.
3420 1785 3436 1818 ι
3491 1765 3613 1820 Adde
3637 1774 3677 1818 tu
3700 1781 3742 1818 ex

631 1861 830 1906 tamur.
863 1869 881 1903 ι
916 1851 1047 1907 Vide
1077 1851 1318 1921 ejusdem
1350 1852 1423 1904 De
1454 1852 1866 1922 engastrimytlio
1906 1863 2181 1903 commen-

2285 1859 2471 1913 eodem
2524 1857 2827 1914 Sozomeno
2855 1859 2993 1929 (loc.
3026 1859 3146 1927 cit.)
3176 1873 3191 1912 :
3232 1857 3437 1929 Ταύτην
3465 1858 3514 1912 δὲ
3537 1856 3613 1926 τὴν
3643 1855 3744 1926 ἱεράν

627 1943 826 1997 tarium
865 1943 941 2013 ('5)
988 1943 1043 1997 in
1086 1942 1372 2012 principio.
1427 1941 1656 1998 Sanctus
1716 1942 2050 2012 Augustinus
2107 1942 2184 2011 (in

626 2035 852 2106 prologo
891 2035 958 2089 ad
1007 2042 1268 2089 tractatus
1317 2035 1469 2104 suos)
1513 2035 1565 2088 in
1610 2033 1906 2103 Epistolam
1955 2033 2182 2103 primam

621 2125 852 2183 Joannis
881 2128 995 2183 ait:
1031 2147 1050 2179 ι
1091 2127 1196 2183 Sed
1227 2128 1357 2198 quia
1395 2127 1712 2197 interposita
1745 2133 1826 2182 est
1871 2125 2184 2180 solemnitas

623 2228 937 2273 sanctorum
997 2217 1246 2283 dierum,
1293 2217 1492 2287 quibus
1542 2227 1720 2273 certas
1772 2232 1836 2272 ex
1895 2217 2184 2288 Evangelio

621 2310 882 2366 lectiones
906 2319 1117 2380 oportet
1146 2311 1200 2364 in
1251 2309 1490 2365 Ecclesia
1534 2309 1770 2375 recitari,
1801 2325 1922 2380 quae
1954 2310 2023 2364 ita
2060 2319 2183 2365 sunt

621 2415 837 2467 annuae,
882 2409 942 2455 ut
986 2400 1104 2454 alia;
1139 2415 1260 2455 esse
1292 2415 1400 2454 non
1434 2400 1679 2470 possint;
1707 2401 1841 2454 ordo
1882 2400 1989 2465 ille,
2023 2415 2182 2468 quem

621 2504 1073 2559 susceperamus,
1122 2489 1445 2545 necessitate
1501 2489 1780 2560 paululum
1842 2489 2184 2545 intermissus

618 2590 722 2647 est,
756 2597 862 2635 non
895 2583 1148 2636 omissus.
1177 2600 1195 2633 ι
1222 2579 1366 2636 Idem
1401 2581 1454 2634 in
1477 2597 1729 2637 sermone
1753 2583 1826 2652 (v,
1857 2576 2184 2652 l)delitcta-

621 2670 769 2724 tione
786 2668 975 2726 Jacobi
1003 2686 1016 2721 :
1047 2688 1067 2722 ι
1102 2671 1219 2725 Ista:
1248 2670 1527 2737 lectiones,
1571 2687 1692 2741 quae
1725 2671 1876 2727 vobis
1909 2673 2180 2741 leguntur,

620 2762 864 2833 nunquid
902 2763 1065 2819 modo
1095 2764 1330 2833 primum
1365 2761 1520 2816 vobis
1545 2762 1816 2832 leguntur,
1855 2773 1910 2820 et
1933 2781 2039 2820 non
2074 2781 2180 2820 eae-

619 2853 739 2908 dem
773 2856 1015 2925 quotidie
1044 2857 1392 2926 repetuntur?
1421 2856 1575 2911 Sicut
1603 2865 1782 2911 autem
1803 2857 2062 2912 lectiones
2082 2857 2175 2913 Dei

617 2947 858 3018 quotidie
887 2963 1024 3018 opus
1058 2959 1162 3016 est,
1191 2959 1248 3005 ut
1279 2938 1712 3018 repetanturfne
1741 2951 1924 3006 saeculi
1950 2953 2091 3005 mala
2125 2960 2179 3006 et

618 3039 787 3109 Spinaa
833 3048 1132 3096 nascantur
1175 3041 1228 3095 in
1274 3042 1532 3097 cordibus
1583 3042 1801 3109 vestris,
1847 3051 1903 3096 et
1946 3042 2182 3098 eﬂ'occnt

617 3147 802 3187 semen
873 3133 1018 3202 quod
1065 3133 1141 3187 ibi
1199 3134 1525 3190 seminatum
1575 3143 1690 3201 est;
1734 3135 1814 3192 sic
1868 3144 2084 3206 Oportet
2127 3147 2180 3192 et

616 3235 922 3276 sermonem
951 3220 1045 3276 Dei
1075 3211 1464 3293 vobis'semper
1495 3225 1685 3294 repeti,
1713 3241 1779 3280 ne
1798 3204 1953 3281 obliti
1982 3226 2177 3282 dicatis
2206 3204 2262 3301 C_

617 3327 714 3367 vos
751 3329 857 3366 non
895 3313 1144 3380 audisse,
1188 3315 1332 3385 quod
1369 3316 1602 3372 dir-imus
1648 3333 1748 3372 nos
1799 3318 2028 3373 dixisse.
2063 3337 2081 3370 ι
2113 3317 2180 3373 Ει

614 3419 869 3460 sermone
898 3405 932 3458 5
961 3405 1014 3460 in
1050 3405 1136 3460 die
1160 3405 1538 3465 Pentecostes:
1563 3428 1582 3461 ‹
1619 3409 1920 3464 Adventum
1944 3407 2180 3479 Spiritus

614 3497 789 3552 sancti
843 3498 1213 3553 anniversaria
1277 3499 1565 3556 festivitate
1619 3501 1978 3557 celebramus.
2041 3499 2178 3557 Huic

613 3587 872 3643 solemnis
903 3591 1269 3663 congregatio,
1297 3592 1553 3647 solemnis
1575 3592 1753 3656 lectio,
1773 3593 2027 3648 solemnis
2059 3608 2175 3648 scr-

613 3694 704 3733 mo
737 3679 981 3735 debetur.
1001 3698 1019 3730 ι
1051 3677 1342 3748 Grsgorius
1372 3675 1845 3746 Nyssenusorat.2
1885 3685 2086 3753 (initio)
2111 3685 2178 3740 de

609 3766 948 3825 Besurrrect.
969 3770 1199 3825 Christi:
1222 3771 1425 3834 Παντες
1445 3772 1562 3842 μὲν,
1582 3775 1872 3845 ἀγαπητοὶ,
1893 3775 1967 3839 ὠς
1985 3777 2172 3841 εἰπεῖν,

609 3860 957 3930 ἀποδέχονται
987 3861 1085 3932 τὴν
1112 3863 1170 3914 ὲν
1196 3862 1448 3935 Κυριακῇ
1489 3865 1641 3918 νυκτὶ
1676 3868 1805 3937 παρ’
1833 3869 1986 3938 ἡμῶν
2028 3871 2176 3940 εἰση-

607 3952 865 4023 γηθεῖσαν
893 3953 1164 4024 ἁρμοδίως
1191 3955 1298 4008 τῶν
1326 3957 1484 4029 ἱερῶν
1506 3959 1847 4027 Εὐαγγελίων
1874 3961 2196 4029 ἀνάγνωσιν’

607 4043 738 4112 περὶ
763 4042 861 4112 τῆς
893 4043 1239 4112 ἀναστάσεως
1260 4047 1351 4102 τοῦ
1381 4049 1612 4119 μεγάλου
1641 4049 1775 4103 Θεοῦ
1803 4051 1897 4104 καὶ
1925 4051 2174 4124 Σωτῆρος

605 4133 764 4205 ἡμῶν
801 4135 972 4205 Ἰησοῦ
1015 4139 1271 4210 Χριστοῦ.
1319 4159 1337 4191 ι
1373 4140 1574 4195 Omnes
1619 4142 1835 4211 quidem
1887 4159 2172 4213 propemo-

607 4225 758 4292 dum,
784 4224 987 4294 dilecti,
1015 4230 1315 4299 approbant
1350 4232 1631 4287 lectionem
1678 4247 1956 4289 sacrorum
1995 4235 2171 4289 Evan-

605 4318 895 4388 geliorum,
929 4336 1050 4390 qua:
1089 4335 1120 4374 a
1156 4321 1317 4377 nobis
1367 4331 1523 4376 nocte
1561 4322 1840 4379 Dominica
1888 4327 2170 4381 commode

607 4407 710 4462 fuit
735 4409 1150 4477 introducta-de
1188 4412 1588 4468 resurrectione
1626 4416 1808 4485 magni
1836 4415 1928 4472 Dei
1967 4426 2021 4473 et
2050 4418 2170 4473 Salv

607 4499 812 4556 vatoris
850 4503 1020 4557 nostri
1043 4501 1169 4558 Jesu
1195 4501 1420 4558 Christi.
1453 4523 1472 4557 ι

677 4613 876 4668 Scribit
898 4614 1289 4688 Philostorgius
1319 4617 1434 4689 (lib.
1469 4634 1548 4685 ιιι,
1599 4620 1632 4674 5
1653 4619 1672 4690 )
1693 4618 2048 4691 Theophilum
2080 4623 2165 4676 ln-

605 4704 732 4758 dum
776 4706 1007 4776 legatum
1031 4725 1060 4762 a
1089 4710 1407 4766 Constantio
1430 4712 1680 4780 missum,
1713 4715 1779 4768 ad
1815 4713 2042 4780 Divaeos,
2071 4717 2162 4786 qui

613 4795 726 4849 Indi
767 4808 955 4861 erant,
1012 4801 1308 4870 profectum
1329 4845 1343 4871 ,
1371 4805 1540 4859 multa
1573 4822 1694 4876 qua:
1728 4815 1852 4861 ante
1894 4808 2034 4878 apud
2067 4823 2164 4864 cos

606 4886 751 4940 haud
783 4887 886 4942 rite
921 4889 1117 4946 ﬁebant
1151 4895 1567 4957 emendasse.et
1591 4898 1730 4951 inter
1753 4899 1877 4963 alia,
1912 4899 2054 4968 quod
2089 4900 2162 4953 illi

604 4977 852 5032 sedentes
867 4978 1123 5037 lectiones
1133 4987 1469 5055 evangelicas
1481 4987 1906 5043 audiebant.Kai
1919 4989 2027 5060 γὰρ
2040 4991 2165 5043 καο-

609 5070 857 5142 εξόμενοι
892 5071 998 5124 τῶν
1023 5073 1388 5143 εὐαγγελικῶν
1425 5080 1864 5150 ἀναγνωσμάτων
1887 5082 2163 5136 ἐποιοῦντο

601 5162 702 5235 τὴν
732 5161 1014 5234 ἀκρόασιν.
1053 5183 1072 5215 ι
1098 5163 1341 5237 Namque
1363 5170 1609 5227 sedentes
1633 5173 1955 5245 evangelicis
1977 5175 2163 5228 lectio-

603 5257 765 5312 nibus
792 5272 952 5312 aures
980 5258 1310 5327 praebebant.
1355 5280 1373 5313 ι
1411 5260 1671 5320 Observat
1690 5264 1924 5321 Jacobus
1955 5265 2161 5320 Gotho-

603 5347 784 5404 fredus
817 5349 911 5419 (in
955 5353 1080 5406 adn.
1127 5351 1192 5405 ad
1240 5351 1341 5406 loc.
1373 5353 1492 5422 cit.)
1527 5373 1538 5407 :
1575 5374 1594 5406 ι
1629 5354 1690 5409 Et
1724 5373 1845 5412 cum
1876 5356 2164 5426 Evangelia

599 5438 926 5508 legerentur,
961 5457 1190 5512 quorum
1225 5451 1379 5498 statae
1415 5444 1575 5498 etiam
1612 5455 1876 5517 certaeque
1906 5447 2163 5502 lectiones

605 5525 981 5599 (ἀναγνώσεις,
1028 5533 1370 5606 ἀκούσματα]
1404 5543 1560 5589 erant
1582 5536 1774 5606 (cujus
1815 5538 1890 5592 rei
1922 5537 2165 5592 luculen-

609 5624 718 5671 tum
776 5620 916 5676 inter
978 5621 1083 5678 alia
1132 5624 1501 5680 testimonium
1557 5635 1735 5680 exstat
1784 5626 1836 5680 in
1895 5625 2163 5698 Hippolyti

2290 1947 2467 2019 βίϐλον
2513 1948 2872 2017 ἀναγινώσκει
2924 1947 3107 2002 ἐνθάδε
3167 1948 3322 2018 μόνος
3367 1950 3393 2000 ὁ
3443 1945 3740 2016 ἀρχιδιάκονος·

2287 2039 2438 2113 παρά
2455 2040 2512 2094 δὲ
2540 2040 2736 2106 ἄλλοις,
2765 2040 3016 2093 διάκονοι·
3048 2041 3104 2094 ἐν
3141 2040 3358 2104 πολλαῖς
3384 2039 3436 2092 δὲ
3471 2036 3745 2106 Ἐκκιησξιις,

2285 2132 2332 2184 οἱ
2371 2133 2533 2203 ἱερεῖς
2567 2131 2734 2202 μόνοι·
2759 2133 2815 2184 ὲν
2847 2131 2904 2184 δὲ
2924 2132 3215 2203 ἐπισήμοις
3243 2131 3491 2202 ἡμέραις,
3521 2129 3745 2188 inimicat,

2284 2223 2358 2288 ὡς
2389 2226 2446 2276 ὲν
2472 2223 3035 2278 Κωνσταντινουπόλει
3076 2223 3216 2277 κατά
3245 2224 3341 2294 τὴν
3367 2223 3563 2294 πρώτην
3600 2220 3747 2290 ἡμέραν

2284 2316 2381 2387 τῆς
2412 2317 2778 2388 ἀναστασίμου
2807 2317 3018 2388 ἑορτῆς.
3057 2335 3076 2368 ι
3107 2316 3264 2372 Hunc
3321 2317 3472 2370 etiam
3499 2327 3668 2368 sacrum
3687 2326 3746 2364 co-

2283 2409 2456 2464 dicem
2483 2409 2570 2465 hic
2596 2410 2723 2480 legit
2754 2411 2903 2466 solus
2921 2411 3358 2473 archidiaconus,
3391 2407 3519 2474 apud
3538 2406 3646 2460 alios
3663 2417 3749 2456 vero

2283 2503 2498 2562 diaconi
2559 2502 2612 2556 in
2657 2507 2842 2562 multis
2879 2506 3041 2561 etiam
3084 2505 3343 2560 Ecclesiis
3375 2502 3463 2558 soli
3493 2499 3746 2559 sacerdotes,

2284 2595 2475 2658 diebus
2505 2612 2682 2658 autem
2740 2599 3074 2658 solemnibus
3120 2599 3392 2668 episcopi,
3435 2606 3488 2651 ut
3514 2591 3747 2650 Constanti-

2285 2693 2465 2760 nopoli
2491 2695 2663 2764 primo
2693 2695 2781 2750 dic
2811 2693 3079 2762 paschalis
3104 2690 3475 2746 solemnitatis.
3513 2708 3528 2738 ι
3554 2685 3640 2740 Leo
3655 2698 3746 2753 pon-

2284 2788 2413 2843 tifex
2451 2786 2504 2840 in
2535 2801 2784 2842 sermone
2799 2783 2942 2853 (v1.1
2976 2785 2994 2851 )
3032 2783 3084 2837 in
3103 2781 3453 2852 Epiphaniam
3481 2798 3493 2832 :
3523 2797 3538 2828 ι
3562 2774 3748 2842 Quaiiiris

2282 2895 2409 2950 ergo
2440 2877 2678 2933 narratio
2714 2875 3036 2948 evangelica:
3073 2873 3321 2928 lectionis
3347 2873 3462 2927 illos
3497 2867 3668 2939 proprie
3690 2879 3746 2918 rc-

2282 2977 2500 3025 ccnscat
2518 2968 2656 3034 dies,
2679 2968 2734 3023 in
2757 2968 2958 3039 quibus
2975 2976 3084 3022 tres
3105 2965 3228 3033 viri,
3248 2980 3385 3036 quos
3408 2979 3497 3017 nec
3521 2956 3748 3032 prophetica

2281 3060 2589 3132 praedicatio
2620 3060 2909 3126 docuerat,
2943 3073 3042 3113 nec
3068 3057 3374 3112 testiﬁcatio
3402 3054 3522 3124 legis
3551 3053 3747 3105 instruxe-

2282 3161 2384 3217 rat,
2409 3153 2475 3206 ad
2510 3151 2944 3222 cognoscendum
2973 3149 3141 3205 Deum
3188 3165 3220 3204 a
3265 3146 3600 3203 remotissima
3620 3139 3750 3196 Orien-

2281 3243 2348 3298 tis
2381 3251 2530 3311 parte
2564 3250 2858 3306 venerunt;
2904 3242 3005 3296 hoc
3030 3241 3169 3296 idem
3204 3249 3384 3294 tamen
3411 3246 3462 3292 et
3493 3229 3749 3290 manifestius

2279 3351 2425 3389 nunc
2469 3343 2522 3389 et
2559 3334 2836 3404 copiosius
2869 3332 2984 3389 ﬁeri
3011 3333 3064 3387 in
3097 3333 3344 3388 omnium
3376 3337 3648 3384 vocatorum
3668 3323 3750 3376 illu-

2278 3429 2575 3484 minatione
2604 3427 2981 3498 perspicimus.
3024 3445 3043 3479 ι
3097 3425 3368 3480 Maximus
3398 3416 3694 3478 Taurinensis
3716 3413 3748 3465 in

2280 3519 2500 3575 homilia
2543 3536 2596 3574 Ix
2642 3521 2708 3574 de
2753 3518 3094 3590 Epiphania:
3156 3535 3176 3568 ι
3205 3516 3465 3582 Audistis,
3501 3506 3749 3573 fratres,le'

2277 3611 2509 3666 ctionem
2524 3610 2794 3682 Evangelii
2816 3611 3071 3681 salutaria
3087 3606 3479 3681 prmsentisdiei
3500 3606 3749 3661 sacramenta

2278 3704 2614 3759 recitantem.
2660 3724 2676 3756 ι
2729 3703 2922 3760 Petrus
2975 3704 3346 3776 Chrysalogus
3370 3704 3424 3757 in
3458 3709 3666 3756 sermone
3684 3708 3750 3746 tt:

2283 3813 2301 3846 ι
2337 3795 2458 3865 Agit
2479 3797 2758 3851 nobiscum
2787 3795 2960 3862 Deus,
2993 3795 3102 3865 agit
3138 3795 3191 3848 in
3223 3796 3326 3850 hoc
3353 3793 3566 3856 szeculo,
3591 3802 3644 3841 ne
3666 3780 3751 3852 (Ιυι11

2276 3886 2432 3940 nobis
2465 3897 2649 3956 pereat
2677 3887 2729 3940 in
2761 3886 2962 3950 futuro,
2996 3885 3134 3940 sicut
3157 3901 3221 3939 ex
3251 3884 3371 3954 ipso
3408 3884 3537 3938 lucet
3559 3872 3752 3949 principio

2275 3978 2540 4034 lectionis.
2575 3997 2594 4030 ›
2625 3977 2690 4033 Et
2719 3978 2771 4031 in
2797 3991 3044 4032 sermone
3071 3992 3158 4029 xvi
3195 3995 3208 4030 :
3248 3995 3265 4026 ‹
3300 3975 3411 4028 Ibat
3431 3972 3492 4026 ad
3519 3981 3670 4024 eorum
3691 3977 3754 4014 cu-

2275 4085 2411 4137 τθῐη,
2442 4071 2640 4140 Quibus
2658 4069 2769 4140 jam
2801 4070 3037 4124 humana
3059 4067 3340 4123 defecerat
3373 4079 3529 4128 cura,
3559 4061 3670 4114 sicut
3692 4054 3756 4108 ho-

2271 4162 2458 4216 dierna
2509 4162 2796 4232 probatum
2826 4171 2908 4216 est
2939 4160 3189 4215 lectione.
3231 4179 3250 4213 i
3298 4158 3428 4214 Item
3467 4158 3750 4212 serm.mu:

2279 4275 2296 4310 ι
2329 4255 2599 4312 Hodierna
2623 4255 2850 4310 lectione
2888 4252 3076 4308 didicit
3119 4261 3360 4307 attentus
3393 4249 3606 4306 auditor.
3630 4262 3646 4295 ι
3682 4238 3752 4293 ιε’

2269 4349 2566 4404 ctionarius
2586 4347 2668 4402 vel
2696 4346 2891 4401 Comes
2919 4345 3058 4415 apud
3090 4343 3388 4398 Pamelium
3412 4353 3549 4397 tomo
3576 4339 3594 4389 Ι
3625 4334 3750 4388 Litur-

2268 4441 2432 4510 gicwn
2481 4437 2657 4492 editus
2682 4444 2796 4500 est,
2830 4450 2939 4505 quo
2966 4434 3311 4489 continentur
3358 4449 3423 4488 ex
3461 4425 3692 4501 prophetis
3720 4428 3752 4472 et

2197 4559 2244 4618 ι)
2269 4530 2527 4600 Apostolo
2577 4528 2836 4584 lectiones
2865 4542 2976 4611 .per
3009 4535 3176 4580 totum
3220 4524 3348 4579 anni
3396 4519 3681 4578 curriculum
3702 4514 3752 4618 le:

2269 4627 2470 4692 gelidae,
2503 4639 2598 4693 per
2626 4623 2808 4678 divum
2855 4606 3241 4692 Hieronymum
3277 4621 3540 4681 collectzc,
3586 4623 3635 4669 ut
3678 4606 3755 4661 vult

2271 4711 2593 4779 Micrologus
2627 4718 2704 4771 De
2759 4717 2941 4771 eccles.
2995 4717 3219 4782 0bserv.,
3273 4731 3394 4785 cap.
3442 4715 3538 4776 2:3,
3579 4717 3622 4764 et
3665 4703 3750 4758 alibi

2263 4807 2481 4874 smpius.
2504 4805 2677 4859 Berno
2709 4805 2994 4874 Augicnsis
3017 4804 3093 4858 De
3122 4805 3302 4868 missa,
3328 4811 3380 4855 et
3397 4799 3614 4855 Joannes
3647 4789 3750 4846 Bele-

2262 4895 2388 4951 thus
2443 4895 2655 4950 Ration.
2681 4893 2841 4950 divin.
2871 4893 2963 4962 οΙῙ.
2991 4896 3213 4965 cap.57,
3241 4909 3291 4952 et
3320 4910 3428 4948 non
3483 4889 3632 4946 multo
3667 4888 3750 4954 Ρ⁰⁵¹

2270 5007 2288 5038 ‹
2317 4985 2548 5042 Musaius
2573 4985 2925 5042 Massiliensis
2955 4984 3207 5041 Ecclesiae
3230 4985 3522 5055 presbyter,
3554 4999 3570 5030 ι
3611 4984 3658 5031 ιιι
3677 4982 3752 5025 tra-

2264 5077 2344 5132 dit
2368 5076 2680 5132 Gennadius
2702 5076 2776 5130 De
2799 5076 3140 5145 scriptoribus
3161 5072 3521 5129 ecclesiasticis
3548 5072 3664 5137 (cap.
3691 5058 3752 5122 79)

2270 5188 2286 5222 ι
2323 5169 2406 5223 vir
2434 5169 2487 5224 in
2523 5169 2721 5224 divinis
2749 5167 3046 5239 Scripturis
3070 5168 3280 5230 doctus,
3311 5173 3364 5218 et
3394 5164 3447 5216 in
3475 5170 3638 5214 earum
3665 5163 3751 5205 sen-

2264 5262 2416 5318 sibus
2469 5261 2822 5317 subtilissima
2873 5259 3104 5330 quadam
3141 5257 3519 5313 exercitatione
3561 5250 3751 5339 limatus.

2264 5354 2446 5424 lingua
2475 5369 2692 5425 quoque
2737 5353 3117 5416 scholasticus,
3154 5351 3366 5405 hortatu
3399 5344 3561 5403 sancti
3590 5338 3753 5392 Venerit

2265 5445 2524 5516 episcopi,
2554 5446 2825 5517 excerpsit
2870 5443 2937 5499 de
2991 5443 3194 5499 sanctis
3239 5431 3754 5510 Scripturislectioncs

2267 5536 2432 5592 totius
2453 5538 2580 5592 anni
2608 5536 2819 5592 festivis
2841 5535 3031 5591 diebus
3061 5543 3235 5605 aptas,
3269 5526 3593 5601 responsoria
3612 5519 3752 5575 etiam.

2265 5613 2598 5699 psalmorum
2629 5628 2861 5700 capitula
2895 5627 3226 5697 temporibus
3249 5635 3302 5681 et
3336 5618 3633 5680 lectionibus
3651 5623 3752 5665 con-

678 5731 752 5812 (β)
778 5732 1466 5816 lnllerprcta‘ttiscstatque
1501 5742 1667 5816 edidit
1701 5745 1798 5800 hoc
1829 5743 2147 5816 opusculum
2210 5744 2321 5813 ipse
2380 5745 2604 5800 Allatius
2653 5761 2772 5807 cum
2844 5751 3174 5815 syntagmate
3208 5738 3515 5796 doctissimo
3547 5731 3610 5786 De
3631 5736 3751 5797 enga-

610 5799 1176 5875 strimyl'lio,'l.tigdttni
1221 5799 1467 5868 1629.1.
1501 5813 1569 5870 Μ.
1667 5890 1674 5896 ε
