3972 6318
1081 360 1328 416 LEONlS
1364 356 1634 413 ALLATII
1672 353 1988 411 DlATRlBA
2028 350 2114 404 DE
2153 345 2555 402 TIlEODORlS.

231 484 486 550 qruentia
509 522 526 547 ,
555 481 696 552 quod
726 494 864 550 opus
892 488 998 532 tam
1045 477 1408 532 necessarium
1436 489 1466 528 a
1495 471 1785 528 lectoribus
1815 476 1860 529 Α
1887 465 2042 535 quasi
2067 463 2176 518 Deo
2205 462 2382 518 dicere
2406 475 2590 552 secum
2620 459 2873 552 invicem.
2912 477 2930 508 ι
2968 456 3117 552 Quid
3135 457 3234 552 iste
3256 469 3446 552 cantus

229 572 289 628 in
317 570 560 626 Ecclesia
584 571 862 641 probatur,
890 577 948 622 ut
977 565 1270 634 expetitum
1294 572 1348 618 et
1372 562 1782 618 sollicitudinem

229 663 387 717 tollat
409 673 464 717 et
492 677 698 716 moram
721 700 735 724 ,
765 659 1013 730 plebique
1046 657 1254 726 ingerat
1293 653 1570 709 scientiam
1589 693 1604 719 ,
1642 651 1782 707 cele—

229 754 527 823 briiatique
553 754 820 806 decorem.
862 770 880 802 ι
916 750 1112 804 Eadem
1150 749 1344 819 repetit
1372 746 1640 802 Honorius
1673 745 1782 798 Au-

228 842 654 910 gustodunensis
702 839 777 894 De
831 840 1170 908 scriptoribus
1199 838 1289 908 (ιι,
1356 837 1445 906 78)
1479 836 1534 890 in
1580 833 1780 887 Musaeo

227 930 576 986 Massiliensi.
604 928 679 983 De
707 927 1005 998 Scripturis
1026 926 1129 997 legi
1165 924 1342 980 solitis
1375 924 1430 976 in
1461 919 1699 976 Ecclesia
1726 925 1780 971 et

225 1036 419 1075 eorum
438 1018 886 1088 expositionibus,
908 1015 1030 1070 vide
1060 1015 1335 1070 Socratem
1360 1013 1458 1066 lib.
1477 1027 1532 1078 v,
1549 1025 1664 1079 cap.
1686 1006 1776 1070 22,

223 1123 282 1169 et
307 1113 668 1182 Nicephorum
695 1110 973 1165 Callistum
997 1108 1090 1162 lib.
1117 1123 1189 1161 xu
1212 1146 1226 1171 ,
1259 1120 1378 1183 cap.
1410 1103 1498 1158 54.

298 1203 375 1258 De
415 1201 630 1273 hymnis
671 1215 885 1270 quoque
927 1197 1191 1254 dubitabit
1239 1194 1501 1248 Rivetus?
1549 1191 1656 1246 Nos
1685 1189 1779 1260 qui

221 1292 459 1364 singulis
499 1291 650 1346 horis
679 1290 732 1344 in
763 1289 927 1359 gestis
957 1288 1222 1357 dictisque
1249 1284 1449 1340 Christi
1473 1297 1774 1346 versamur,

221 1385 430 1438 scimus
483 1381 760 1436 Christum
825 1388 947 1450 post
986 1392 1196 1434 sacram
1247 1391 1457 1432 caenam
1517 1377 1774 1444 hymnum

219 1475 466 1529 dixisse:
503 1471 817 1540 hortarique
847 1470 1104 1536 Paulum,
1149 1486 1167 1518 ι
1204 1477 1263 1522 ιιι
1297 1483 1397 1522 nos
1424 1467 1652 1522 invicem
1676 1466 1776 1519 do-

219 1580 446 1619 ceamus
465 1605 479 1628 ,
512 1570 674 1632 atque
697 1576 1138 1617 commoneamus
1177 1560 1429 1629 psalmis,
1459 1557 1695 1630 hymnis,
1722 1565 1777 1611 et

216 1656 452 1712 canticis
477 1653 846 1723 spiritualibus
894 1669 1122 1719 canere,
1157 1672 1176 1706 ι
1221 1652 1286 1706 ad
1314 1651 1527 1705 Coloss.
1557 1663 1646 1714 ιιι,
1685 1647 1770 1701 l6.

219 1747 285 1801 Et
315 1746 383 1801 ad
423 1744 686 1815 Ephesios
738 1760 791 1807 v,
844 1744 955 1798 l9:
1002 1763 1020 1794 ι
1061 1742 1360 1815 Implemini
1410 1739 1645 1809 Spiritu,
1693 1736 1771 1790 lo-

213 1824 450 1909 quentes
477 1836 875 1905 vobismetipsis
907 1836 956 1888 in
990 1835 1212 1906 psalmis
1242 1842 1296 1891 et
1325 1832 1538 1904 hymnis
1569 1839 1619 1886 et
1643 1846 1774 1886 can-

214 1930 343 1985 ticis
365 1929 733 1999 spiritualibus
751 1969 766 1993 ,
791 1936 1098 1994 cantantes,
1131 1936 1184 1982 et
1207 1925 1494 1995 psallentes
1519 1923 1574 1978 in
1598 1923 1772 1978 cordi-

213 2021 319 2075 bus
375 2018 567 2074 vestris
625 2017 870 2071 Domino.
913 2036 931 2068 ι
984 2017 1402 2087 Chrysostomus
1449 2015 1534 2086 (in
1581 2013 1767 2068 Matth.

211 2110 404 2164 homil.
441 2109 646 2178 Lxxxu)
677 2121 935 2161 enarrans
965 2105 1074 2173 illa,
1100 2106 1165 2159 Et
1209 2107 1398 2176 hymno
1424 2107 1584 2168 dicto,
1612 2105 1771 2161 exivit

211 2201 267 2254 in
288 2209 518 2254 montem
544 2199 729 2254 Oliveti
746 2216 764 2253 :
795 2217 813 2250 ι
845 2199 1080 2262 Gratias,
1106 2197 1297 2268 inquit,
1323 2197 1453 2268 agit,
1484 2205 1766 2267 postquam

209 2291 488 2357 ded-isset;
529 2291 783 2361 hymnum
815 2289 1032 2352 cecinit,
1059 2299 1118 2343 ut
1151 2305 1248 2343 nos
1275 2302 1494 2357 quoque
1519 2288 1570 2342 id
1592 2288 1767 2358 ipsum

212 2383 503 2438 faciamus.
540 2401 560 2434 ι
592 2382 658 2436 Ει
679 2383 974 2453 apostolos,
1005 2393 1056 2436 et
1079 2383 1398 2437 subsecutos
1433 2379 1768 2436 Christianos

209 2476 450 2545 hymnos
475 2490 504 2529 a
538 2490 594 2529 se
627 2475 977 2544 compositos,
1003 2474 1083 2528 vel
1114 2475 1180 2526 ab
1204 2473 1386 2543 aliquo
1407 2483 1589 2527 vatum
1618 2482 1764 2527 vete-

209 2578 337 2615 rum
385 2562 695 2631 desumptos
735 2563 1036 2627 cecinisse,
1083 2562 1461 2631 cxstitisseque
1505 2577 1567 2616 ea
1613 2569 1768 2616 aetate

211 2651 459 2706 carmina
486 2652 660 2722 prisca
691 2669 846 2707 versu
875 2653 1134 2718 trimetro,
1165 2661 1218 2707 et
1244 2651 1473 2722 hymnos
1506 2666 1630 2705 cum
1653 2651 1768 2706 suis

209 2744 524 2798 accentibus
549 2745 690 2798 inter
715 2761 867 2799 sacra
911 2753 1032 2800 ante
1060 2745 1248 2800 altaria
1279 2744 1543 2810 canenda,
1575 2744 1768 2814 prohat

211 2837 536 2890 testimoniis
589 2836 808 2892 Patrum
851 2837 1082 2894 Joannes
1123 2839 1427 2907 Stephanus
1473 2835 1766 2892 Durantius

210 2927 290 2980 De
314 2928 500 2982 ritibus
556 2927 757 2984 Eccles.
811 2930 1030 2994 cat/wh,
1061 2931 1152 2985 lib.
1191 2947 1275 2997 ιιι,
1313 2946 1432 3000 cap.
1476 2931 1560 2986 14.
1587 2930 1651 2984 Et
1699 2946 1766 2985 ne

211 3035 316 3074 nos
340 3019 392 3073 in
421 3021 555 3075 adeo
585 3023 764 3090 opima
794 3023 1046 3094 lautaque
1072 3039 1225 3079 coma
1243 3022 1411 3094 jejuni
1435 3039 1555 3080 esse
1584 3025 1765 3079 videa-

209 3127 357 3175 mur,
384 3112 698 3181 adjiciemus
727 3101 984 3168 nonnulla
1009 3131 1126 3184 qum
1164 3124 1355 3181 erunt,
1388 3115 1433 3170 si
1467 3117 1605 3170 ratio
1632 3128 1764 3170 tem-

207 3203 361 3273 poris
393 3205 778 3271 consideretur,
808 3206 1202 3276 antiquissima.
1240 3206 1390 3261 Philo
1416 3206 1632 3263 Judaaus
1666 3207 1759 3261 lib.

212 3293 286 3348 De
322 3295 428 3348 vita
455 3295 508 3348 in
536 3296 969 3365 contemplatione
997 3298 1187 3366 posita,
1219 3314 1520 3353 sermonem
1564 3299 1766 3353 habens

205 3384 274 3437 de
305 3382 527 3440 Esseuis
554 3426 568 3450 ,
597 3384 925 3440 Christianis
972 3386 1177 3441 scilicet
1204 3387 1256 3440 iu
1299 3387 1416 3456 ipso
1447 3393 1636 3440 exortu
1666 3383 1764 3438 Ec-

204 3476 405 3541 clesiae,
431 3486 489 3530 ut
514 3477 816 3532 doctissimi
867 3478 1069 3548 quique
1108 3478 1526 3534 allirmatissime
1547 3492 1761 3532 asseve-

205 3576 362 3630 rant,
393 3577 447 3620 et
488 3565 684 3623 Suidas
719 3568 930 3622 titulum
968 3568 1194 3638 prazbuit
1244 3569 1314 3624 De
1358 3571 1464 3624 vita
1505 3567 1764 3624 Christia-

203 3672 424 3721 norum,
474 3658 630 3727 cujus
673 3659 835 3713 verba
880 3659 1188 3716 referuntur
1231 3662 1296 3715 ab
1339 3661 1572 3716 Eusebio
1615 3660 1758 3715 Hist.

201 3746 332 3799 cccl.
367 3745 458 3800 lib.
494 3763 562 3814 ιι,
585 3764 705 3818 cap.
737 3749 823 3813 17,
852 3750 918 3804 de
939 3765 1124 3805 eorum
1160 3752 1403 3807 ecclesiis
1436 3751 1631 3807 refert:
1677 3753 1762 3806 Ἐν

200 3831 246 3905 ᾧ
270 3838 587 3909 μονούμενοι
615 3840 679 3893 τὰ
702 3842 795 3896 τοῦ
827 3843 1025 3913 σεμνοῦ
1041 3843 1150 3912 βίου
1186 3845 1452 3916 μυστήρια
1466 3845 1759 3911 τελοῦνται,

204 3929 376 4000 μηδὲν
407 3932 834 4002 εἰσκομίζοντες,
869 3936 943 4006 μὴ
981 3936 1157 4000 ποτὸν,
1201 3936 1275 4008 μὴ
1303 3939 1487 3996 σιτίον.
1524 3940 1596 4011 μή
1625 3941 1685 3992 τὲ
1709 3958 1762 3992 τι

198 4020 311 4072 τῶν
340 4019 535 4084 ἄλλων,
565 4023 665 4077 ὅσα
699 4026 834 4094 πρὸς
863 4025 960 4090 τὰς
991 4026 1080 4079 τοῦ
1109 4025 1354 4098 σώματος
1387 4030 1573 4100 χρείας
1599 4031 1763 4099 ἀναγ-

198 4113 332 4166 καῖα
353 4153 368 4177 ,
397 4112 530 4167 ἀλλὰ
555 4116 749 4186 νόμους
791 4118 884 4170 καὶ
934 4117 1089 4186 λόγια
1137 4117 1491 4172 θεσπισθέντα
1514 4120 1599 4174 διὰ
1631 4139 1762 4192 προ-

198 4204 409 4274 φητῶν,
435 4208 526 4258 καὶ
551 4206 770 4276 ὕμνους.
813 4227 830 4259 ι
870 4207 926 4262 lu
954 4225 1061 4278 quo
1085 4209 1160 4263 illi
1178 4209 1244 4262 ab
1278 4210 1398 4264 aliis
1424 4211 1656 4279 separati
1678 4227 1761 4264 se-

195 4295 482 4363 junctique
506 4295 626 4350 vita:
655 4297 755 4367 piae
789 4299 1042 4369 mysteria
1068 4300 1287 4365 obeunt,
1311 4299 1551 4369 nihilque
1583 4315 1648 4354 eo
1679 4300 1762 4354 vel

196 4383 328 4448 cibi,
364 4385 448 4438 vel
476 4386 731 4454 potionis,
760 4387 842 4440 vel
874 4388 1100 4441 aliarum
1145 4402 1345 4454 rerum,
1377 4404 1498 4459 quae
1541 4389 1606 4443 ad
1640 4403 1761 4444 cor-

199 4476 358 4542 poris
394 4491 549 4530 usum
593 4479 912 4533 necessaria:
949 4488 1108 4548 sunt,
1143 4481 1366 4535 omnino
1395 4497 1578 4537 secum
1623 4480 1761 4534 iul‘e-
1792 4505 1835 4560 ι)

198 4575 370 4619 runt:
429 4568 524 4622 sed
567 4569 715 4638 leges
772 4578 824 4623 et
859 4573 1077 4625 oracula
1112 4589 1140 4626 a
1181 4573 1459 4643 prophetis
1497 4572 1756 4627 divinitus

196 4659 367 4724 edita,
397 4659 749 4731 hymnosque.
789 4683 808 4716 ι
842 4664 905 4718 Et
926 4664 1061 4718 infra
1088 4666 1260 4735 magis
1285 4675 1466 4735 aperte
1497 4691 1510 4721 -.
1546 4664 1670 4719 ὡστ’
1695 4667 1755 4718 οὐ

197 4743 464 4815 θεωροῦσι
523 4749 714 4818 μόνον,
757 4751 891 4805 ἀλλὰ
951 4755 1043 4807 καὶ
1097 4753 1338 4808 ποιοῦσιν
1398 4755 1614 4826 ᾄσματα
1665 4757 1758 4809 καὶ

197 4835 404 4906 ὕμνους
429 4839 512 4902 εἰς
558 4841 649 4895 τὸν
693 4842 823 4896 Θεὸν
863 4844 951 4898 διὰ
1001 4847 1266 4900 παντοίων
1298 4849 1508 4920 μέτρων
1539 4851 1630 4902 καὶ
1663 4867 1756 4918 με-

193 4927 341 4993 λῶν,
391 4929 618 5002 poetici;
656 4935 1000 5007 σεμνοτέροις
1035 4938 1342 5006 ἀναγκαίως
1373 4939 1750 5011 χαράσσοντες.

201 5039 222 5072 ι
263 5019 339 5075 Ita
378 5022 535 5091 plane
578 5041 685 5080 non
734 5031 1174 5100 contemplationi
1208 5034 1382 5088 solum
1410 5049 1468 5089 se
1512 5035 1753 5100 dedunt,

194 5112 295 5167 sed
326 5112 490 5168 etiam
522 5118 802 5174 cautiones
835 5130 888 5175 et
909 5122 1140 5192 hymnos
1165 5123 1229 5177 ad
1259 5123 1353 5178 Dei
1382 5125 1591 5180 laudem
1614 5139 1759 5179 com-

202 5211 418 5271 ponunt
449 5207 597 5259 omni
623 5217 921 5264 metrorum
953 5227 1017 5267 ac
1036 5213 1461 5268 modulationum
1491 5231 1702 5285 genere.
1731 5235 1751 5266 ι

193 5291 410 5349 Plinius
444 5296 652 5367 (neque
681 5301 824 5355 enim
873 5303 1169 5358 absurdum
1215 5304 1376 5360 fuerit
1416 5308 1485 5362 ad
1539 5317 1753 5362 nostras

192 5398 286 5438 res
313 5385 764 5454 comprobandas,
787 5405 853 5445 ex
885 5392 1121 5449 inimicis
1153 5394 1406 5452 Ecclesia:
1450 5391 1753 5452 testimonia

194 5478 439 5541 sumere)
480 5473 536 5529 in
575 5478 803 5547 epistola
834 5483 900 5534 ad
945 5483 1239 5553 Trajanum
1280 5487 1398 5557 (lib.
1429 5504 1502 5555 χ,
1550 5489 1640 5559 97)
1688 5490 1754 5543 de

194 5567 528 5625 Christianis
559 5587 574 5622 :
609 5588 626 5620 ι
656 5570 1007 5630 Allirmabant
1032 5587 1210 5634 autem
1235 5580 1375 5637 hanc
1408 5581 1576 5637 fuisse
1601 5598 1751 5637 sum-

206 5673 340 5715 man
369 5659 458 5716 vel
482 5658 650 5729 culpa:
682 5677 794 5717 sure
821 5665 902 5720 vel
929 5668 1127 5722 erroris
1148 5711 1163 5735 ,
1213 5675 1354 5739 quod
1385 5680 1564 5734 essent
1609 5674 1754 5728 soliti

181 5745 458 5813 stato,‘die
483 5762 608 5812 ante
633 5755 802 5814 lucem
837 5763 1142 5820 convenire.
1171 5773 1496 5830 carmenque
1535 5763 1758 5819 Christo

1885 557 2066 614 fuerit.
2090 555 2287 610 habeat
2318 553 2420 608 sibi
2452 550 2674 606 Rivetus
2704 565 2769 606 ex
2795 548 3047 605 Canrado
3085 548 3440 610 Ritterhusio.

1883 656 1938 701 et
1964 645 2257 700 Francisco
2302 642 2602 706 Balduino,
2647 656 2784 710 quos
2816 642 2893 694 uti
2937 642 3226 711 proprios,
3269 649 3442 714 magis

1881 739 2042 793 etiam
2071 737 2174 791 sibi
2207 717 2469 805 propitios
2495 733 2549 788 in
2586 733 2689 786 hoc
2718 733 2965 804 negotio:
2985 733 3440 791 habebit-Carmi—

1882 846 1948 885 na
1976 830 2071 884 illa
2117 828 2549 884 Christianorum
2591 823 2854 880 trifariam
2901 824 3156 881 distincta
3199 835 3327 881 sunt
3372 826 3442 883 ab

1879 921 2157 991 Apostolo,
2212 921 2267 973 in
2310 919 2569 989 psalmos,
2607 917 2868 987 hymnos,
2909 926 2962 971 et
3007 918 3138 973 odas
3188 918 3440 989 spiritua-

1878 1011 1987 1076 les,
2039 1005 2160 1081 qua}
2209 1010 2449 1066 carmina
2485 1009 2623 1062 inter
2665 1023 2724 1062 se
2770 1008 2843 1062 ita
2884 1007 3097 1063 differre
3132 1019 3340 1078 putant,
3379 1019 3438 1066 ut

1877 1104 2102 1172 psalmis
2153 1103 2524 1171 signiﬁcentur
2562 1115 2900 1170 quacunque
2924 1115 3090 1155 sacra:
3127 1102 3437 1167 conciones,

1875 1194 2039 1250 variis
2071 1193 2404 1263 argumentis
2451 1192 2704 1262 scriptae;
2753 1189 2986 1261 hymnis.
3037 1191 3222 1245 laudes
3268 1192 3434 1245 divini

1876 1286 2114 1340 nominis
2144 1287 2228 1340 vel
2269 1295 2612 1350 sanctorum;
2644 1285 2762 1340 odis
2786 1285 2896 1340 sive
2918 1283 3168 1364 canticis,
3197 1285 3435 1353 peculia-

1875 1394 1962 1432 res
1985 1379 2228 1448 quaedam
2269 1387 2322 1433 et
2348 1377 2520 1446 magis
2568 1376 2874 1431 artiﬁciosa:
2905 1374 3207 1438 cautiones,
3239 1391 3360 1444 qua:
3385 1385 3439 1430 et

1874 1470 2005 1538 ipsae
2029 1471 2242 1540 quidem
2267 1471 2579 1524 contineant
2609 1469 2814 1534 laudes,
2837 1468 2929 1523 sed
2967 1468 3280 1534 augustiore
3303 1483 3436 1538 qna-

1873 1561 1997 1615 dam
2035 1571 2088 1615 et
2125 1560 2428 1615 sublimiori
2477 1559 2647 1613 forma
2691 1558 3062 1627 compositas.)
3091 1557 3227 1615 Tum
3245 1561 3438 1628 probat

1872 1653 2192 1706 auctoritate
2221 1651 2591 1723 Chrysostomi
2619 1651 2803 1705 homil.
2834 1666 2889 1704 ix
2921 1649 3028 1720 (ed.
3052 1649 3239 1704 Montf.
3269 1660 3308 1706 t.
3343 1649 3432 1715 Xl,

1873 1757 1925 1811 p.
1957 1741 2081 1810 599.)
2111 1740 2163 1794 in
2196 1739 2364 1810 Epist.
2419 1741 2484 1794 ad
2520 1741 2731 1799 Coloss.
2774 1741 3010 1811 hymnos
3043 1741 3267 1809 psalmis
3302 1741 3434 1810 ipsis

1807 1826 2192 1888 Bdiviniorem
2245 1849 2358 1888 rem
2413 1848 2535 1886 esse
2592 1845 2754 1902 atque
2811 1833 3205 1887 sublimiorem.
3259 1832 3430 1888 Verba
3529 1869 3536 1889 ι

1870 1923 2239 1992 Cbrysostomi
2268 1934 2391 1979 sunt
2421 1942 2434 1976 :
2467 1924 2629 1976 Ὅταν
2671 1923 2879 1986 τούτοις
2904 1925 2968 1976 ἐκ
3008 1923 3194 1985 παιδὸς
3239 1923 3430 1994 ὲνάξῃς

1869 2013 2050 2080 αὑτὸν,
2083 2015 2222 2069 κατὰ
2253 2015 2442 2087 μικρὸν
2478 2015 2570 2068 καὶ
2598 2016 2690 2066 ἐπὶ
2728 2013 2795 2066 τὰ
2827 2013 3128 2085 ὑψηλότερα
3162 2013 3307 2078 ἄξεις
3333 2033 3345 2044 ·
3381 2016 3430 2068 oi

1868 2103 2068 2174 ψαλμοὶ
2083 2103 2259 2156 πάντα
2288 2103 2513 2174 ἔχουσιν,
2534 2104 2583 2156 οἱ
2609 2103 2664 2156 δὲ
2687 2102 2842 2173 ὕμνοι
2871 2101 3031 2156 πάλιν
3055 2103 3204 2156 οὐδὲν
3225 2102 3432 2174 ἀνθρώ-

1870 2213 2038 2248 πινον·
2071 2197 2196 2248 ὅταν
2228 2197 2284 2249 ἐν
2315 2198 2426 2259 τοῖς
2456 2196 2687 2266 ψαλμοῖς
2715 2195 2891 2268 μάθῃ,
2928 2196 3046 2249 τότε
3095 2197 3188 2250 καὶ
3231 2196 3431 2268 ὕμνους

1869 2286 2068 2339 εἴσεται
2112 2287 2207 2340 ἅτε
2253 2287 2514 2359 θειότερον
2548 2289 2796 2358 πρᾶγμα·
2823 2289 2881 2340 αἱ
2909 2286 3014 2358 γὰρ
3041 2287 3152 2343 ἄνω
3175 2288 3430 2358 δυνάμεις

1868 2378 2146 2450 ὑμνοῦσιν,
2166 2380 2225 2433 οὐ
2246 2378 2550 2450 ψάλλουσιν.
2588 2397 2605 2430 ι
2640 2377 2698 2432 Si
2727 2394 2757 2432 a
2779 2394 2948 2448 puero
2971 2379 3091 2434 istis
3119 2380 3429 2435 assuefece-

1867 2469 1942 2524 ris
1976 2484 2122 2532 eum,
2153 2467 2410 2538 paulatim
2439 2477 2492 2523 et
2516 2469 2580 2522 ad
2610 2467 2925 2523 sublimiora
2950 2467 3205 2524 deduces.
3231 2468 3429 2523 Psalnii

1865 2559 2295 2628 complectuntur
2321 2559 2523 2612 omnia.
2557 2557 2767 2614 Rursus
2800 2569 2854 2613 et
2884 2559 3070 2628 hymni
3096 2574 3314 2629 quoque
3340 2560 3427 2613 ni-

1867 2651 1941 2705 hil
1978 2650 2177 2704 habcnt
2206 2649 2452 2704 humani.
2491 2649 2642 2716 Quod
2676 2649 2720 2704 si
2772 2649 2829 2703 iu
2875 2651 3102 2719 psalmis
3131 2651 3429 2707 instructus

1859 2739 2047 2808 ‘i‘uerit,
2073 2751 2189 2796 tum
2217 2755 2270 2798 et
2297 2743 2524 2814 hymnos
2547 2742 2804 2812 intelliget
2830 2758 2894 2797 ac
2925 2742 3059 2797 sciet
3100 2752 3285 2812 utpote
3313 2759 3426 2798 rem

1865 2834 2205 2888 diviniorem.
2240 2833 2450 2887 Etenim
2481 2839 2776 2902 potestates
2806 2848 3016 2901 supera:
3038 2833 3268 2903 hymnos
3297 2849 3428 2888 con-

1865 2924 2072 2988 cinunt,
2102 2938 2210 2977 non
2245 2923 2501 2992 psallunt.
2537 2940 2555 2972 ι
2592 2919 2862 2975 Hactenus
2893 2920 3210 2976 Balduinus.

1937 3013 2300 3069 Tertullianus
2332 3013 2386 3067 in
2440 3011 2696 3082 Apolog.,
2748 3026 2871 3081 cap.
2925 3012 3022 3077 59,
3066 3011 3131 3065 de
3175 3011 3426 3065 convivio

1863 3103 2294 3160 Christianorum
2324 3122 2337 3158 :
2372 3122 2390 3155 ι
2419 3099 2549 3158 Post
2569 3117 2762 3172 aquam
2787 3102 3093 3156 manualem
3118 3111 3170 3156 ct
3199 3103 3424 3169 lumina,

1866 3207 1924 3254 ut
1961 3199 2209 3269 quisquis
2242 3200 2309 3254 de
2333 3197 2629 3267 Scripturis
2649 3197 2872 3260 sanctis,
2903 3197 2984 3252 vel
3013 3197 3079 3252 de
3104 3197 3323 3266 proprio
3350 3196 3426 3250 in-

1865 3292 2019 3361 genio
2054 3299 2246 3358 potest,
2285 3298 2609 3360 provocatur
2643 3288 2698 3340 in
2721 3289 2959 3342 medium
2991 3286 3100 3342 Deo
3143 3303 3358 3343 canere.
3400 3307 3419 3340 ι

1863 3384 1993 3437 ltem
2034 3383 2130 3441 ιιι).
2165 3399 2204 3436 ιι
2227 3382 2304 3452 (iu
2339 3382 2463 3449 line)
2503 3381 2585 3435 Ad
2631 3397 2876 3446 uxorem,
2917 3378 3254 3434 Christianos
3305 3394 3426 3434 sese

1863 3482 2053 3528 mutuo
2085 3471 2427 3542 provecasse,
2457 3472 2582 3541 quis
2614 3471 2808 3525 melius
2853 3470 2962 3524 Deo
3009 3484 3111 3522 suo
3155 3476 3373 3524 caneret
3406 3485 3420 3521 :

1864 3579 2037 3633 neque
2067 3563 2240 3619 solum
2273 3563 2326 3615 in
2351 3561 2577 3617 ecclesia
2609 3570 2702 3615 aut
2747 3569 2912 3623 coztu,
2951 3558 3046 3614 sed
3100 3559 3152 3612 in
3198 3558 3424 3628 privatis

1861 3656 2292 3711 Christianorum
2338 3653 2585 3719 aedibus,
2625 3653 2864 3723 psalmos
2921 3651 3267 3706 concinuisse
3324 3652 3421 3707 ait.

1861 3748 2018 3802 Certe
2041 3747 2095 3800 in
2118 3746 2204 3810 iis,
2235 3745 2371 3799 utin
2397 3744 2626 3800 ecclesia
2652 3785 2666 3808 ,
2711 3758 2898 3813 preces
2945 3742 3194 3797 sonuisse
3232 3743 3424 3798 scribit

1861 3837 2164 3908 Cyprianus
2195 3837 2263 3890 ad
2291 3845 2563 3905 martyres.
2593 3833 2697 3888 Sed
2725 3841 2780 3887 ct
2808 3832 3058 3887 Clemens
3103 3833 3422 3887 Alexandri-

1863 3946 1965 3986 nus
2000 3929 2093 3984 lib.
2120 3945 2195 3982 vu
2227 3927 2365 3999 (cap.
2397 3928 2452 3996 7)
2484 3926 2812 3981 Stromatmn
2845 3924 3047 3978 indicat
3097 3923 3267 3980 moris
3286 3923 3424 3978 {uiso

1862 4037 1940 4088 se,
1968 4031 2030 4075 ut
2055 4035 2178 4075 cum
2206 4020 2386 4074 cibum
2411 4031 2688 4075 sumerent
2713 4016 3026 4082 Christiani,
3053 4015 3244 4086 psalmi
3267 4016 3420 4086 hym-

1861 4112 2027 4181 nique
2053 4118 2429 4180 personarent,
2464 4121 2568 4164 etc.
2608 4109 2722 4163 Erit
2759 4123 2888 4178 ergo
2933 4122 3152 4162 carmen
3203 4121 3418 4171 canere,

1864 4203 2090 4273 hymnos
2149 4201 2203 4255 in
2250 4200 2436 4255 laudes
2480 4200 2648 4254 divini
2693 4200 2931 4256 nominis
2978 4199 3061 4252 vel
3105 4206 3419 4254 sanctorum

1861 4292 2201 4361 conscriptos
2234 4293 2540 4347 concinere.
2587 4292 2812 4358 Auctor,
2844 4293 2938 4363 qui
2984 4292 3086 4347 sub
3118 4291 3419 4346 Commodo

1861 4383 2128 4437 scribebat
2151 4384 2407 4439 adversus
2437 4384 2747 4439 Artenionis
2765 4384 3038 4448 haresim,
3061 4391 3122 4437 ut
3151 4400 3216 4438 ex
3247 4381 3416 4436 Euse-

1863 4471 1936 4525 bii
1966 4470 2207 4526 Historia
2233 4472 2545 4534 ecclesiast.,
2580 4473 2674 4527 lib.
2700 4488 2753 4538 v,
2779 4487 2896 4542 cap.
2923 4471 3419 4535 27,discimus,sub

1864 4565 2037 4632 initio,
2071 4565 2404 4620 canticorum
2428 4573 2482 4620 et
2505 4565 2826 4636 hymnorum
2859 4566 2911 4618 in
2945 4568 3119 4634 ipsum
3141 4564 3417 4618 Christum

1861 4671 1892 4708 a
1919 4639 2166 4712 ﬁdelibus
2194 4657 2461 4711 editorum
2491 4657 2739 4710 meminit
2775 4675 2788 4710 ε
2823 4656 3040 4726 mpm
3071 4657 3126 4710 δὲ
3168 4657 3279 4710 ὅσοι
3328 4657 3421 4709 καὶ

1861 4747 1993 4819 ᾠδαὶ
2046 4748 2287 4818 ἀδελφῶν
2343 4749 2435 4800 ἀπ’
2488 4750 2661 4821 ἀρχῆς
2727 4749 2828 4803 ὑπὸ
2885 4749 3084 4802 πιστῶν
3130 4752 3418 4821 γραφεῖσαι

1859 4839 1952 4893 τὸν
1985 4839 2153 4907 Λόγον
2181 4838 2273 4891 τοῦ
2299 4837 2432 4890 Θεοῦ
2453 4839 2543 4892 τὸν
2581 4839 2813 4910 Χριστὸν
2854 4839 3080 4912 ὑμνοῦσι
3112 4839 3417 4909 θεολογοῦν-

1859 4949 1966 4994 τες.
2007 4947 2026 4981 ι
2060 4929 2337 4999 Quotquot
2365 4931 2492 4984 item
2523 4931 2906 5000 psalmiatque
2942 4932 3125 5002 hymni
3152 4932 3220 4984 ab
3262 4931 3416 4985 initio

1861 5022 2154 5091 (nascentis
2173 5035 2364 5091 nempe
2381 5035 2500 5091 post
2515 5021 2789 5077 Christum
2809 5022 3080 5087 Ecclesiae)
3107 5039 3136 5076 a
3159 5022 3416 5077 fratribus

1860 5114 2172 5183 conscripti,
2205 5115 2258 5167 hi
2289 5128 2477 5169 omnes
2498 5114 2772 5169 Christum
2799 5113 3030 5169 Verbum
3061 5114 3152 5169 Dei
3177 5114 3414 5168 concele-

1859 5207 2055 5272 brant,
2103 5207 2439 5262 divinitatem
2487 5208 2537 5262 ei
2583 5208 2888 5262 tribuendo.
2933 5227 2952 5260 ›
2995 5206 3062 5260 Et
3098 5209 3149 5260 in
3185 5206 3413 5262 concilio

1859 5299 2197 5355 Antiocheno
2239 5299 2342 5354 sub
2383 5299 2674 5354 Aureliano
2708 5299 2848 5368 apud
2881 5298 3126 5354 eumdem
3173 5297 3248 5351 lib
3317 5311 3412 5360 τιι,

1859 5409 1978 5462 cap.
2010 5393 2099 5459 '50,
2128 5394 2267 5448 inter
2294 5392 2398 5447 alia
2423 5392 2649 5446 crimina
2679 5391 2847 5446 Paulo
2885 5391 3238 5445 Samosateno
3263 5388 3414 5457 obje-

1859 5495 1966 5550 cta,
2002 5501 2108 5541 non
2133 5479 2464 5556 postremum
2505 5484 2681 5538 locum
2718 5485 2977 5549 obtinuit,
3017 5498 3139 5537 eum
3174 5480 3413 5550 psalmos

1857 5588 1910 5631 et
1937 5586 2149 5643 cantus,
2181 5577 2271 5646 qui
2301 5577 2367 5632 ad
2392 5593 2488 5632 sua
2519 5577 2826 5646 temporaiu
2855 5575 3140 5629 Dominum
3165 5581 3409 5626 nostrum

1859 5671 2072 5725 recitari
2117 5654 2745 5740 solebant,'explosisse,
2786 5677 2840 5722 et
2879 5669 2932 5720 in
2979 5665 3153 5720 media
3183 5661 3410 5718 ecclesia

1859 5766 2082 5822 solemni
2117 5763 2394 5822 Paschalis
2430 5765 2514 5821 die
2545 5765 2830 5831 mulieres,
2867 5777 2986 5832 qua:
3029 5759 3328 5817 cantilenas
3361 5761 3417 5818 in
