1954 3515
57 151 124 180 1217

478 149 600 179 LEONlS
615 149 751 178 ALLATll
771 147 930 176 DIATRIBA
949 147 992 175 DE
1013 145 1217 175 THEODORIS.

1605 145 1673 174 1218

57 212 219 248 interposita
234 220 321 245 mora,
342 216 421 240 nocte
432 212 547 247 quadam
561 211 706 239 tumultum
721 210 831 238 faciunt.
848 211 868 240 Α
882 217 942 244 cap.
955 208 988 236 l7
1002 218 1009 236 :
1026 217 1035 235 (
1063 207 1130 235 Viue
1145 207 1256 235 Patrum
1279 207 1338 235 sine
1364 207 1551 243 probabilibus
1572 214 1672 236 aucto-

56 258 130 286 Briso
141 258 322 293 imperatricis
336 258 478 286 eunuchus
488 279 495 291 ,
507 258 552 293 qui
571 263 661 293 partes
686 256 840 284 canentium

58 305 174 340 hymnos
193 304 225 331 ad
245 304 507 332 commendationem
529 304 588 331 fidei
610 301 840 330 consubstantialis

55 352 183 380 tuebatur
199 370 207 382 ,
235 350 322 385 lapide
341 351 367 377 in
392 350 480 378 fronte
500 350 659 385 percutitur.
680 348 842 376 lnterierunt

57 397 136 424 etiam
155 397 299 431 utriusque
320 397 405 431 partis
428 396 551 423 nonnulli
567 395 599 422 de
612 395 721 430 populo.
736 393 840 427 Quibus

57 444 137 471 rebus
154 444 301 478 imperator
314 444 460 471 admodum
479 449 630 470 commntus
641 463 648 474 ,
668 442 775 468 Arianis
799 441 842 468 in-

58 490 172 517 terdixit
197 498 230 518 ne
242 491 354 526 hymnos
366 490 392 516 in
404 490 511 524 publico
520 493 669 516 cantarent.
682 488 768 523 Atque
784 487 840 514 hmo

57 537 167 571 quidem
194 537 245 564 hoc
262 537 343 563 modo
359 541 433 571 gesta
460 541 533 564 sunt.
556 535 616 562 Jam
640 542 704 562 vero
717 535 840 562 dicamus

58 582 147 614 etiam,
162 582 233 609 unde
246 582 412 610 consuetudo
428 582 600 617 hymnorum,
613 581 658 615 qui
678 583 709 609 in
723 580 838 608 ecclesia

58 627 172 654 alternis
186 627 375 659 decantantur,
400 627 509 654 initium
528 627 638 662 ceperit.
653 626 771 661 lgnatius
784 625 839 653 An—

57 672 182 705 tiochize,
199 681 258 708 quae
276 677 316 700 est
333 673 359 702 in
377 672 470 708 Syria,
487 673 582 700 tertius
594 680 609 699 a
624 672 704 699 Petro
716 672 838 707 apostolo

56 717 211 752 episcopus,
225 718 270 753 qui
282 725 343 745 cum
358 718 486 753 apostolis
503 718 570 753 ipsis
587 718 701 745 multum
715 722 838 745 versatus

57 767 111 793 est,
127 763 263 790 visionem
279 763 345 791 vidit
359 764 516 799 angelorum
539 768 660 791 sanctam
677 763 836 790 Trinitatem

57 808 163 843 hymnis
187 809 292 836 alterna
316 809 374 837 vice
386 809 538 837 decantatis
563 809 794 842 collaudantium,
811 814 838 836 et

58 853 170 880 ferinam
190 854 305 881 canendi
321 855 348 881 in
363 862 394 881 ea
409 855 515 883 visione
535 863 690 890 expressam
711 854 837 882 Ecclesiae

57 899 232 927 Antiochena:
248 900 367 928 tradidit.
387 900 464 929 Unde
477 901 521 928 illa
539 901 648 929 traditio
666 901 693 928 in
712 901 838 928 omnibus

58 945 187 973 Ecclesiis
211 951 317 981 recepta
342 951 394 975 est.
425 945 459 972 Et
477 945 511 973 de
530 947 638 981 hymnis
657 947 760 974 alterna
781 947 838 974 vice

57 991 173 1018 cantatis
203 991 253 1018 ista
277 992 416 1019 hactenus.
437 999 446 1016 ι
472 991 530 1019 Non
551 992 603 1018 alia
628 996 741 1018 narrant
756 991 839 1019 Sozo—

58 1045 151 1064 menus
183 1037 229 1063 lib.
258 1044 315 1069 rm,
340 1044 399 1072 cap.
423 1036 458 1070 8,
475 1044 506 1064 ac
526 1035 694 1073 Nicephorus
711 1037 757 1065 lib.
773 1045 836 1069 ιιιιι,

57 1090 114 1117 cap.
128 1083 157 1109 8.
179 1082 210 1110 Et
229 1090 262 1110 ne
284 1082 358 1110 dicas
387 1087 443 1110 tum
462 1082 578 1118 primum
593 1083 745 1118 hujusmodi
762 1084 839 1120 hym-

57 1136 114 1160 nos,
123 1136 179 1155 non
188 1133 277 1160 antea,
292 1128 319 1155 in
334 1128 452 1156 Ecclesia
464 1128 631 1163 excogitatas
645 1127 738 1161 fuisse,
749 1129 838 1155 anim—

57 1174 166 1201 adverte
191 1174 311 1201 Socratis
339 1174 419 1201 verba
451 1173 537 1208 capite
564 1175 703 1208 superiore
730 1173 774 1209 (id
798 1180 839 1201 est

58 1220 101 1247 lib.
110 1228 149 1253 vi,
163 1220 189 1252 7,
203 1220 262 1256 litt.)
278 1229 285 1248 :
300 1219 407 1255 Ηῦξησε
421 1220 449 1246 δὲ
463 1220 570 1255 πρῶτος
584 1220 690 1252 καὶτὰς
703 1220 765 1256 περὶ
777 1220 838 1252 τοὺς

57 1266 230 1300 νυκτερινοὺς
253 1265 353 1301 ὕμνους
369 1265 460 1301 εὐχὰς.
477 1265 506 1299 ἐξ
521 1266 609 1298 αἰτίας
617 1266 732 1294 τοιᾶσδε.
755 1275 764 1291 ε
780 1265 838 1293 Pri-

58 1319 116 1339 mus
132 1312 214 1339 etiam
228 1311 323 1347 (Joan.
339 1312 446 1347 Chrys.)
460 1312 639 1346 precationes,
657 1320 718 1347 quae
739 1311 767 1339 in
788 1320 838 1339 no-

58 1358 161 1385 cturnis
186 1358 293 1393 hymnis
315 1357 372 1384 fieri
389 1357 475 1385 solent
491 1358 675 1392 ampliﬁcavit,
692 1358 736 1385 tali
756 1366 838 1386 causa

59 1404 194 1431 inductus.
210 1414 220 1430 ι
237 1404 444 1439 Ampliticantur
458 1411 488 1431 ea
497 1412 557 1439 qua:
571 1412 622 1431 usu
638 1409 744 1439 recepta
755 1409 836 1432 sunt:

59 1458 116 1484 qua:
130 1454 220 1477 autem
241 1450 330 1485 primo
352 1453 550 1486 excogitantur,
573 1458 635 1478 cum
649 1450 769 1478 nondum
794 1450 838 1477 ul~

60 1498 109 1524 lam
125 1498 168 1525 sui
179 1497 384 1525 subsistentiam
397 1497 523 1529 habeant,
538 1497 696 1531 amplificari
709 1504 762 1525 non
775 1505 838 1531 pos-

59 1548 131 1571 sunt.
147 1544 216 1576 Quid
230 1551 294 1579 ergo
310 1551 343 1571 cx
359 1547 518 1577 argumento
531 1541 662 1570 Pcrkinsii
680 1542 763 1577 probe
779 1542 836 1569 col~
851 1553 872 1582 ο

60 1590 123 1625 ligat
138 1589 261 1623 Rivetus,
277 1590 333 1624 ipse
350 1589 458 1617 viderit.
474 1588 526 1616 Sed
535 1588 599 1624 quid
617 1596 678 1616 cum
695 1588 749 1616 illis
762 1596 836 1623 agas,

59 1636 103 1671 qui
123 1643 211 1671 neque
224 1636 323 1670 scripta
335 1635 457 1668 Patrum,
467 1643 553 1670 neque
564 1635 775 1662 consuetudines
788 1634 839 1662 Ec-

59 1682 157 1713 clesiae,
171 1689 260 1716 neque.
281 1681 405 1708 instituta
421 1680 557 1714 majorum
574 1679 682 1707 sciunt?
699 1679 732 1706 Et
744 1679 766 1707 si
786 1688 837 1706 un—

59 1734 138 1760 quam
152 1726 233 1753 etiam
248 1726 319 1752 inter
333 1725 473 1760 legendum
482 1724 641 1756 occurrerit,
658 1724 729 1759 quod
744 1731 837 1751 eorum

62 1772 136 1800 ﬁctas
149 1777 232 1807 atque
247 1780 330 1799 vanas
344 1771 485 1806 opiniones
502 1771 615 1803 minuat,
632 1771 673 1799 vel
686 1778 739 1798 non
752 1770 838 1798 anim-

61 1819 220 1852 advertunt,
243 1818 283 1845 vel
303 1818 516 1846 animadversum
537 1818 675 1853 negligunt
692 1826 698 1844 :
716 1822 742 1845 et
765 1817 838 1853 quod

62 1865 139 1900 pejus
150 1869 204 1892 est.
221 1864 274 1892 alio
288 1863 453 1896 distrahunt,
466 1868 493 1891 et
507 1868 671 1899 pervertunt.

90 1908 152 1936 Jam
163 1908 245 1937 audio
273 1903 398 1936 Rivetum
424 1908 531 1941 dicere,
548 1916 636 1943 neque
649 1908 721 1936 enim
738 1907 838 1942 desipit

58 1962 175 1990 semper,
199 1955 271 1990 quod
295 1956 399 1983 utinam
414 1956 500 1983 esset!
524 1954 652 1983 lectiones
676 1959 704 1983 et
724 1955 838 1991 hymnos

58 2002 222 2029 constitutos
244 2010 259 2029 a
276 2001 386 2034 Carolo,
403 2009 436 2029 ex
447 2001 558 2029 Patrum
576 2001 683 2036 scriptis
698 2006 724 2029 et
739 2002 765 2029 in
777 2002 838 2029 lau-

58 2048 120 2075 dem
135 2053 290 2076 sanctorum
310 2048 394 2075 fuisse
410 2057 417 2076 :
436 2055 489 2075 non
503 2048 615 2075 dubium
629 2056 694 2076 vero
708 2048 838 2076 lectiones

59 2101 92 2122 ex
115 2094 202 2121 sacris
225 2094 332 2126 litteris,
354 2098 381 2121 et
404 2093 431 2122 in
454 2093 560 2121 laudem
586 2093 632 2122 Dei
661 2094 837 2129 Christique,

60 2141 147 2167 multo
176 2140 345 2175 antiquiores
371 2139 472 2171 fuisse,
497 2144 524 2167 et
552 2146 614 2167 ante
642 2140 722 2167 etiam
749 2141 837 2175 ipsum

59 2185 197 2212 Christum
216 2190 303 2213 natas.
320 2185 373 2212 Sed
385 2193 473 2220 neque
488 2185 538 2213 hoc
553 2185 634 2213 modo
644 2186 740 2220 probat
757 2186 838 2213 hasce

893 254 968 281 ribus
982 253 1093 280 minime
1106 253 1134 279 in
1150 252 1268 280 Ecclesia
1284 252 1420 287 leguntur.
1445 252 1512 280 Nam
1529 253 1563 281 ab
1578 254 1673 281 ortho-

892 298 970 326 doxis
994 299 1108 325 titulatze
1127 302 1154 325 et
1171 298 1357 332 suscipiuntur
1376 303 1403 326 et
1426 299 1562 334 leguntur.
1586 299 1671 334 Magis

890 344 962 370 enim
980 343 1125 370 Passiones
1137 346 1292 370 sanctorum
1302 348 1449 378 martyrum
1465 344 1537 371 sacri
1551 352 1671 372 canones

891 394 1065 422 censuerunt,
1083 394 1113 416 ut
1133 390 1215 416 liceat
1235 397 1282 417 eas
1302 390 1383 416 etiam
1410 391 1437 417 in
1463 390 1581 418 Ecclesia
1602 391 1669 426 legi,

890 442 951 462 cum
967 435 1146 462 anniversarii
1162 434 1220 461 dies
1236 442 1330 462 eorum
1347 434 1529 462 celebrantur.
1551 445 1560 462 ι
1575 436 1670 464 Canon

889 481 935 516 qui
948 480 973 507 id
985 480 1089 508 censuit
1106 480 1175 507 inter
1188 480 1303 506 concilia
1319 479 1445 507 Africana
1461 486 1501 508 est
1517 489 1592 509 num.
1611 483 1645 509 5t)
1661 491 1670 510 :

895 526 1008 560 Ἐξέστω
1017 526 1057 552 ἔτι
1069 526 1122 561 μὴν
1134 524 1363 560 ἀναγινώσκεσθαι
1375 525 1408 552 τὰ
1421 526 1495 562 Πάθη
1504 526 1558 553 τῶν
1568 528 1672 563 μαρτύ-

890 581 958 609 ρων,
972 572 1052 608 ὴνίκα.
1075 573 1102 598 αἱ
1130 572 1236 607 ἐτήσιαι
1250 571 1340 598 αὐτῶν
1360 572 1460 607 ἡμέραι
1475 573 1669 602 ἐπιτελοῦνται.

892 628 901 645 ε
918 618 1008 645 Liceat
1024 619 1106 645 etiam
1125 618 1176 652 legi
1196 617 1340 645 Passiones
1355 623 1520 653 martyrum,
1543 627 1604 646 cum
1620 628 1670 646 an-

889 664 1028 692 niversarii
1054 664 1112 691 dies
1138 671 1233 691 eorum
1266 664 1449 691 celebrantur.
1468 674 1477 690 ι
1513 664 1571 692 Dixi
1605 673 1669 693 vero

887 710 1009 745 probata,
1022 714 1052 736 ut
1063 717 1123 743 qua:
1136 709 1170 736 de
1182 713 1339 736 sanctorum
1352 709 1474 736 historiis
1486 709 1520 737 ab
1535 710 1670 738 ha'reticis

888 755 928 783 vel
955 756 1016 783 aliis
1036 754 1105 782 falso
1124 755 1223 789 scripta
1245 759 1310 782 sunt
1329 746 1497 782 excluderem
1524 756 1571 790 (ut
1593 756 1672 791 jubet

887 807 974 827 canon
991 799 1136 826 Trullanus
1151 799 1239 835 um).
1256 799 1316 832 Quo
1331 800 1372 827 vel
1386 800 1443 827 solo
1454 800 1554 827 factum
1568 806 1623 834 est,
1640 806 1670 828 ut

873 852 918 872 .ca
940 844 1044 879 legendi
1073 844 1100 870 in
1119 843 1240 872 Ecclesia
1263 849 1338 871 vetus
1356 845 1522 872 consuetudo
1535 846 1669 874 aGelasio

888 890 1028 925 antiquata
1039 890 1082 918 sit.
1093 889 1217 917 Gclasius
1228 898 1294 925 papa
1306 890 1333 917 in
1348 890 1470 918 Romano
1484 891 1599 919 concilio
1614 892 1668 927 (ed.

890 933 971 960 Lahb.
984 938 1003 960 t.
1020 933 1064 966 IV,
1078 941 1106 968 p.
1118 933 1197 968 1263)
1214 943 1220 961 :
1240 943 1248 959 ι
1259 934 1339 962 Gesta
1357 939 1668 971 sanctorummartyrum

888 979 1036 1007 secundum
1050 980 1188 1014 antiquam
1205 981 1439 1015 consuetudinem,
1455 982 1587 1017 singulari
1604 990 1669 1010 cau-

889 1025 939 1051 tela
952 1025 978 1052 in
993 1030 1088 1052 sancta
1106 1025 1225 1053 Romana
1243 1025 1361 1053 Ecclesia
1376 1034 1430 1054 non
1442 1027 1567 1062 leguntur
1583 1037 1590 1055 :
1605 1029 1668 1063 quia

887 1077 992 1104 eorum,
1019 1071 1065 1105 qui
1086 1071 1290 1106 conscripsere,
1324 1071 1435 1098 nomina
1457 1072 1563 1107 penitus
1593 1073 1666 1107 igno-

888 1121 993 1149 rantur,
1013 1121 1040 1144 et
1061 1117 1094 1144 ab
1120 1117 1274 1144 inlidelibus
1292 1122 1339 1144 aut
1366 1117 1457 1145 idiotis
1482 1118 1616 1153 superﬂua
1641 1124 1669 1147 et

889 1162 979 1189 minus
990 1166 1051 1197 apta
1061 1184 1068 1195 ,
1085 1170 1165 1197 quam
1182 1163 1220 1189 rei
1234 1163 1300 1190 ordo
1317 1163 1413 1196 fuerit,
1427 1164 1602 1198 scripta,esse
1618 1173 1669 1200 pu-

888 1213 992 1242 tantur,
1023 1209 1093 1236 sicut
1111 1209 1251 1242 cujusdam
1278 1209 1382 1242 Quirici
1409 1215 1435 1238 et
1460 1210 1576 1244 Juiittae,
1598 1212 1669 1239 sicut

888 1254 995 1289 Georgii
1017 1254 1186 1290 aliorumque
1216 1255 1349 1290 ejusmodi
1374 1255 1531 1290 Passiones,
1553 1266 1613 1292 qua:
1634 1258 1668 1285 ab

888 1300 1021 1328 htrrcticis
1034 1301 1209 1336 perhibentur
1220 1302 1377 1336 compositae
1392 1311 1399 1330 :
1422 1308 1531 1338 propter
1542 1304 1623 1338 quod,
1639 1309 1669 1332 ut

887 1346 989 1373 dictum
1003 1351 1054 1378 est,
1068 1355 1102 1374 ne
1120 1344 1160 1386 fel
1173 1347 1239 1374 levis
1256 1347 1443 1375 subsannandi
1456 1349 1573 1376 oriretur
1589 1357 1669 1377 occa-

887 1391 944 1424 sio,
968 1391 995 1418 in
1023 1395 1116 1419 sancta
1143 1391 1264 1419 Romana
1288 1392 1407 1420 Ecclesia
1429 1401 1483 1421 non
1503 1394 1637 1429 leguntur.
1654 1405 1665 1422 ο

887 1436 1033 1472 Antiquam
1052 1438 1276 1465 consuetudinem
1300 1438 1404 1474 legendi
1419 1444 1495 1474 gesta
1518 1444 1667 1476 martyrum

888 1483 914 1510 in
929 1483 1048 1512 Ecclesia
1069 1484 1193 1512 Gelasius
1215 1485 1300 1512 multo
1312 1490 1374 1513 ante
1387 1485 1476 1513 Caroli
1496 1491 1614 1522 tempora
1629 1487 1668 1514 fa-

888 1535 969 1565 tetur,
986 1535 1011 1558 et
1027 1531 1163 1559 Adrianus
1175 1530 1262 1558 eidetn
1280 1531 1377 1559 Carolo
1398 1532 1557 1564 denuntiat:
1576 1539 1603 1561 et
1619 1534 1668 1560 lti-

888 1580 964 1603 vetus
981 1581 1008 1603 et
1031 1576 1188 1603 Pcrkiusius
1209 1577 1325 1610 primum
1343 1585 1357 1604 a
1373 1576 1470 1605 Carolo
1492 1579 1667 1606 constitutam

887 1630 948 1650 esse
970 1622 1097 1650 tradunt?
1125 1622 1156 1649 Et
1185 1628 1213 1650 ut
1241 1623 1327 1658 magis
1351 1628 1442 1651 teneas
1471 1624 1537 1660 quid
1560 1630 1666 1658 essent,

888 1669 1000 1696 adeatur
1025 1668 1140 1696 Basilius
1166 1668 1348 1697 Sclcuciensis
1369 1669 1405 1696 De
1419 1670 1472 1696 vita
1487 1674 1512 1697 et
1533 1671 1667 1698 miraculis

888 1720 987 1742 sancta
1008 1715 1124 1748 Theclae,
1149 1716 1195 1743 lib.
1213 1724 1243 1743 Il.
1261 1716 1284 1744 Is
1297 1716 1423 1752 martyris
1437 1715 1543 1744 Thecla:
1563 1718 1607 1744 die
1622 1725 1668 1744 so-

888 1759 970 1788 lemni
992 1761 1026 1788 ad
1048 1761 1198 1788 habendam
1221 1761 1371 1789 orationem
1390 1761 1417 1788 in
1433 1761 1492 1795 ejus
1508 1762 1612 1790 laudem
1637 1770 1669 1791 se

888 1812 1061 1840 comparans,
1081 1805 1124 1833 die
1144 1806 1318 1834 antecedente
1340 1806 1367 1833 in
1391 1807 1577 1841 aigritudinem
1605 1817 1668 1843 per-

888 1859 969 1887 quam
984 1860 1095 1888 pravam
1110 1852 1219 1886 incidit,
1241 1856 1269 1880 et
1289 1857 1407 1888 martyre
1422 1853 1547 1880 morbum
1569 1854 1668 1881 dissol-

887 1905 976 1931 vente,
990 1899 1016 1926 in
1026 1899 1118 1926 laudes
1128 1899 1188 1934 ejus
1198 1898 1345 1926 ell‘unditur
1357 1899 1384 1927 in
1396 1899 1508 1927 ecclesia
1523 1909 1529 1927 :
1545 1898 1598 1926 Ἦν
1612 1901 1667 1937 γὰρ

888 1946 971 1982 αὐτῆς
986 1946 1003 1981 ή
1018 1946 1123 1981 ὲτήσιος
1149 1946 1240 1982 ἑορτή·
1264 1946 1510 1982 παρεσκευασάμην
1534 1946 1562 1973 δὲ
1589 1946 1667 1981 κάγὼ

888 1992 958 2028 πρὸς
966 1992 1075 2019 ἔπαινον
1087 1992 1184 2028 μικρὸν
1192 1992 1239 2028 τῆς
1246 1993 1350 2029 ἑορτῆς·
1357 1992 1450 2029 ὤφθην
1457 1994 1503 2020 ἐπὶ
1510 1993 1555 2020 τοῦ
1562 1993 1667 2029 δεικτη-

888 2038 957 2073 ρίου·
977 2037 1086 2071 λέγεται
1100 2037 1128 2064 δὲ
1142 2036 1228 2069 οὕτως
1238 2038 1340 2070 ότόπος
1351 2039 1379 2065 ὲν
1397 2035 1418 2072 ᾧ
1430 2039 1625 2066 ἐπιδείκνυνται
1641 2040 1666 2066 οἱ

887 2084 1021 2119 λέγοντες,
1033 2083 1112 2110 τοῦτό
1131 2084 1204 2111 ἐστιν
1217 2085 1232 2111 ὁ
1245 2084 1339 2120 ἄμῦων
1354 2085 1412 2120 ῆτοι
1428 2085 1457 2112 τὸ
1476 2085 1664 2121 ἀκροατήριον·

888 2132 934 2158 καὶ
948 2128 1024 2157 εἷπον
1038 2130 1086 2166 μὲν
1104 2132 1181 2158 ἄττα.
1197 2140 1206 2156 ‹
1220 2130 1376 2159 Conventus
1395 2132 1596 2160 anniversarios
1606 2133 1666 2167 ejus

889 2174 1028 2209 agebatur,
1043 2177 1070 2200 et
1083 2174 1116 2200 ad
1125 2173 1274 2200 orationem
1287 2174 1411 2209 exiguam
1422 2175 1454 2201 de
1468 2175 1592 2202 laudibus
1605 2175 1666 2204 festi

59 2229 256 2266 Thaumaturgi
277 2231 414 2258 orationes
429 2218 532 2259 ‘dubias
554 2239 624 2259 esse.
646 2218 679 2258 Et
696 2232 838 2266 negabitne
853 2227 876 2256 ι)
889 2218 1040 2266 Ῐ¹⁵¹¹¹θ¹¹δ³ι¹¹¹
1052 2225 1095 2266 We
1108 2225 1340 2266 °°"!P“ra"_e”f"-
1353 2218 1380 2246 ¹¹¹
1390 2219 1502 2266 diem“)
1513 2221 1664 2254 comparuit

59 2276 118 2310 ipse
132 2281 159 2303 et
174 2276 414 2303 Annuntiationem
430 2275 558 2311 Virginis,
575 2280 602 2303 et
616 2275 788 2310 Theophania
803 2277 837 2303 ad

57 2321 199 2348 Christum
221 2321 375 2356 pertinere?
394 2320 510 2356 Negabit
535 2322 647 2350 scilicet.
674 2321 745 2354 Quid
762 2322 838 2348 tum?

57 2365 202 2394 Lectiones
218 2366 245 2393 in
254 2367 469 2396 solemnitatibus
480 2371 636 2395 sanctorum
650 2367 727 2395 valde
740 2367 838 2395 Carolo

58 2412 227 2446 antiquiores
254 2416 333 2439 sunt:
362 2416 390 2440 ct
407 2417 556 2448 martyrum
579 2414 645 2440 Acta
674 2413 701 2440 in
720 2412 838 2441 Ecclesia

57 2462 122 2485 ante
134 2458 258 2485 eumdem
270 2457 396 2485 Carolum
411 2458 578 2493 legebantur.
598 2458 696 2487 Volens
707 2462 772 2493 puto
787 2458 839 2486 hoc

58 2503 197 2539 ignoravit
224 2503 359 2531 Rivetus:
387 2512 475 2538 neque
497 2504 570 2531 enim
597 2504 665 2531 adeo
696 2504 785 2532 infans
812 2504 838 2531 in

58 2550 144 2577 rebus
161 2550 362 2583 ecclesiasticis,
389 2555 416 2577 et
432 2550 541 2584 scriptis
557 2549 685 2583 Patrum,
709 2558 771 2585 qua:
791 2559 840 2585 pro

57 2596 172 2623 libidine
181 2596 320 2629 deartuat,
336 2588 534 2625 existimandus
548 2599 599 2624 est.
615 2595 692 2629 Quod
710 2596 732 2624 si
746 2596 839 2634 nolens

59 2641 86 2668 id
99 2641 253 2672 nesciverit.
273 2642 386 2669 edoctus
401 2641 481 2668 modo
495 2641 562 2670 sciat
578 2646 605 2669 et
618 2641 800 2674 Obmutescat,
813 2646 841 2669 et

58 2687 178 2721 deponat
190 2687 290 2722 aliquid
299 2695 331 2715 ex
345 2686 414 2715 fastu
431 2687 477 2714 illo
487 2708 495 2720 ,
509 2691 536 2714 et
552 2687 680 2715 tantailla
693 2695 774 2722 quam
789 2687 839 2714 sibi

60 2733 182 2761 vindicat
194 2733 326 2760 doctrina.
343 2734 409 2760 Acta
424 2737 572 2769 martyrum
586 2733 698 2768 probata
718 2737 780 2760 ante
790 2732 841 2759 Ca-

59 2779 151 2806 rolum
166 2779 191 2806 in
205 2778 325 2807 Ecclesia
338 2779 505 2814 legebantur,
520 2773 769 2813 eonsequentcrque
782 2779 842 2808 festi

888 2264 940 2291 hoc
955 2268 997 2291 est
1010 2263 1037 2290 in
1063 2263 1123 2289 loco
1143 2263 1187 2290 ubi
1204 2263 1284 2290 verba
1301 2263 1397 2292 facturi
1416 2272 1446 2292 se
1460 2266 1597 2298 exhibent,
1609 2267 1667 2294 sive

888 2309 1042 2341 amhouem,
1056 2309 1112 2336 sive
1123 2314 1289 2344 suggestum,
1298 2310 1355 2337 sive
1363 2310 1526 2338 auditorium
1536 2311 1664 2346 appelles,

888 2359 914 2381 et
928 2362 1012 2389 pauca
1034 2354 1155 2389 quaedam
1173 2354 1239 2381 dixi.
1267 2364 1276 2381 ι
1300 2355 1351 2388 Qui
1369 2356 1425 2391 jam
1444 2357 1567 2384 adductis
1590 2358 1666 2385 testi-

887 2399 1081 2427 moniistidem
1096 2408 1150 2426 non
1167 2400 1286 2431 adhibet,
1301 2400 1405 2427 ctiamsn
1420 2406 1548 2428 sexcenta
1562 2406 1612 2428 alia
1628 2402 1668 2429 of-

888 2444 1019 2477 ferantur,
1034 2445 1199 2480 pervicacius
1215 2445 1379 2472 indurescet.
1394 2445 1562 2481 Legebantur
1577 2447 1667 2482 itaque

887 2490 916 2518 in
937 2491 1054 2518 Ecclesia
1070 2495 1125 2518 tum
1146 2491 1240 2519 Latina
1265 2496 1321 2518 tum
1342 2491 1434 2520 Grrcca
1448 2500 1503 2519 non
1523 2492 1668 2528 Scriptura:

887 2543 970 2563 sacrae
982 2536 1158 2569 solummodo,
1174 2537 1221 2564 sed
1234 2541 1260 2564 et
1279 2537 1344 2564 Acta
1360 2542 1515 2570 martyrum,
1535 2543 1563 2565 et
1578 2539 1605 2565 in
1621 2539 1667 2565 iis-

887 2580 948 2608 detn
960 2580 1174 2609 solemnitatibus
1185 2581 1219 2609 ab
1230 2581 1425 2616 antiquioribus
1437 2582 1560 2610 Patribus
1570 2584 1667 2610 habiuc

891 2627 1027 2655 orationes
1037 2632 1099 2655 ante
1111 2627 1247 2660 Carolum,
1260 2628 1382 2663 quamvis
1395 2628 1422 2655 id
1434 2629 1558 2664 nequiter
1569 2635 1668 2665 negent

888 2678 915 2702 et
930 2673 1042 2702 Rivetus
1056 2678 1083 2702 et
1096 2673 1259 2702 Perkinsius.

926 2729 1034 2762 Dicent,
1049 2728 1155 2757 facinus
1174 2730 1225 2758 hoc
1243 2737 1297 2758 non
1319 2738 1379 2757 esse
1397 2735 1489 2756 natum
1511 2730 1581 2764 apud
1607 2729 1667 2757 illos

892 2780 929 2801 no
945 2783 1001 2808 um,
1016 2776 1063 2803 sed
1072 2776 1178 2811 culpam
1194 2776 1360 2804 referendam
1372 2783 1432 2803 esse
1445 2775 1472 2803 in
1485 2774 1668 2809 Sigebertum.

62 2829 219 2852 sanctorum
242 2824 300 2851 dies
320 2824 535 2851 celebrabantur.
561 2823 697 2851 Adrianus
718 2829 786 2858 papa
810 2825 837 2853 in
882 2815 1042 2848 et'Paulum
1054 2821 1332 2855 [Emiliummtliante
1346 2829 1375 2849 se
1388 2820 1510 2848 fraudem
1521 2820 1666 2849 hanccmn

62 2868 176 2902 cpistola
191 2869 225 2896 ad
239 2869 360 2903 ejusdem
372 2868 462 2896 Caroli
475 2869 605 2903 scriptum
623 2868 660 2895 De
672 2867 841 2904 imaginibus,

891 2858 1027 2901 ceperunt.
1050 2865 1145 2895 Dicent
1170 2867 1293 2901 equidem
1307 2888 1314 2901 ,
1337 2867 1383 2895 sed
1400 2865 1497 2894 callido
1512 2866 1654 2895 mendacio

832 3198 846 3214 ο
856 3198 866 3211 ν
1306 3192 1328 3230 ’ὶη-
1512 3228 1518 3230 _
1564 3184 1650 3240 tle

1320 3232 1332 3260 Σ
1456 3232 1477 3260 ’ᾗ
1522 3232 1570 3250 '1'—
1882 3242 1896 3246 ’

1308 3260 1320 3292 HI
1468 3260 1476 3272 Γ
1484 3294 1494 3296 _
1502 3294 1516 3296 _

1468 3304 1516 3330 xli
1524 3302 1526 3320 Ι

59 3420 65 3427 _
79 3416 81 3418 .
910 3400 940 3436 |-‘
950 3396 964 3400 ‘
980 3394 1072 3432 “-¹ι-““-.,Ιι
1288 3428 1292 3432 Α
1542 3408 1552 3436 Ill

70 3432 73 3435 ‹
83 3448 86 3453 .
906 3438 908 3448 |
1072 3434 1078 3448 '.
1286 3436 1288 3452 Ι
1416 3431 1434 3453 ll"
1528 3436 1536 3444 ¹’
1612 3442 1632 3456 “-.

60 3446 92 3483 \.
900 3448 904 3480 :'
1284 3460 1288 3484 1
1500 3454 1520 3482 Τ
1664 3478 1676 3484 ..

54 3483 78 3512 5';
84 3505 95 3510 ι
1096 3482 1106 3512 ἰι
1280 3498 1284 3508 ι
1404 3481 1449 3512 ,ειεεὲ
1486 3500 1488 3512 |
1500 3492 1504 3496 ‘
