3908 7030
772 288 906 343 1219

1651 292 1897 350 LEONIS
1933 295 2210 354 ALLATll
2249 298 2570 356 D‘IATRIBA
2607 303 2690 358 DE
2728 301 3138 360 THEODORIS.
3611 318 3682 374 tm

766 409 1142 480 Proponamus
1167 408 1329 462 verba
1360 408 1621 478 Sigeberti
1655 419 1770 465 tum
1803 427 1868 466 ex
1898 412 2174 480 Chronico,
2199 426 2312 470 tum
2345 427 2388 478 Α
2417 417 2563 474 nium
2596 420 3072 474 Annuntiationem
3096 417 3384 474 sanctissima
3400 419 3685 494 υεὶὒριιὶιιὶρὶδμ

767 517 834 557 ex
864 502 1001 555 libro
1027 500 1101 553 De
1131 500 1471 570 scriptoribus
1517 502 1667 571 (cap.
1725 503 1825 572 8i)
1863 523 1876 558 :
1919 523 1937 554 ι
1971 505 2198 560 Carolus
2225 507 2328 560 im-

769 600 986 662 perator
1039 605 1132 660 per
1172 607 1394 646 manum
1451 591 1604 648 Pauli
1649 595 1863 650 diaconi
1911 597 1994 652 sui
2036 599 2326 667 decerpens

770 682 971 751 optima
999 697 1230 752 quaeque
1283 682 1348 737 de
1391 683 1606 754 scriptis
1655 686 2041 741 catholicorum
2068 685 2286 742 Patrum
2307 731 2322 756 ,

769 775 1030 830 lectiones
1056 775 1349 844 unicuique
1380 775 1654 833 festivitati
1685 780 2068 835 convenientes
2103 795 2198 849 per
2221 781 2327 835 cir-

769 869 951 923 culum
985 867 1112 921 anni
1150 867 1204 922 in
1237 866 1477 924 Ecclesia
1514 870 1770 945 legendas
1799 873 2082 942 compilari
2122 871 2250 929 fecit
2272 875 2326 929 in

767 960 984 1015 duobus
1048 961 1436 1016 voluminibus.
1490 981 1508 1014 ι
1567 961 1642 1017 De
1674 962 1811 1019 Vitis
1869 973 2216 1032 sanctorum,
2260 965 2326 1020 de

769 1040 986 1122 hymnis
1013 1050 1068 1104 in
1098 1050 1203 1116 his,
1240 1065 1308 1105 ne
1333 1050 1554 1105 verbum
1572 1051 1810 1120 quidem.
1852 1051 1972 1120 Qua
2003 1051 2178 1109 fronte
2199 1069 2327 1126 ergo

766 1143 987 1205 dicitur,
1009 1157 1074 1196 ex
1111 1141 1194 1195 his
1211 1139 1474 1211 Sigeberti
1504 1143 1706 1210 verbis,
1733 1152 1788 1198 et
1808 1143 1960 1202 Vitas
1991 1155 2324 1213 sanctorum,

767 1243 821 1289 et
865 1233 1096 1304 hymnos
1145 1231 1298 1287 festis
1339 1234 1728 1289 convenientes
1781 1250 1811 1288 a
1863 1237 2057 1292 Carolo
2090 1238 2323 1308 primum

768 1325 1094 1380 constitutos
1131 1322 1336 1378 fuisse?
1381 1323 1447 1378 Et
1471 1327 1744 1394 quomodo
1766 1328 1976 1396 primus
2007 1330 2322 1395 constituit,

767 1416 859 1486 qui
884 1431 949 1472 ex
985 1415 1372 1470 catholicorum
1406 1415 1625 1471 Patrum
1649 1418 1873 1487 scriptis
1895 1461 1909 1485 ,
1940 1435 2062 1489 quze
2090 1430 2214 1475 ante
2239 1422 2323 1491 ip-

767 1495 1110 1574 sum-erant,
1156 1508 1443 1578 decerpere
1484 1509 1716 1564 Paulum
1741 1511 1943 1581 jussit?
1985 1513 2150 1568 Erant
2195 1529 2325 1586 ergo

767 1613 891 1657 ante
922 1603 1174 1656 Carolum
1215 1600 1482 1670 ejusmodi
1523 1600 1721 1669 scripta
1783 1601 1838 1654 in
1897 1600 2174 1668 Ecclesia,
2232 1604 2325 1659 sed

766 1710 892 1750 cum
940 1695 1009 1748 ab
1065 1693 1331 1748 luereticis
1372 1692 1511 1746 male
1572 1692 1754 1746 habita
1779 1732 1794 1756 ,
1837 1701 1892 1747 et
1931 1693 2192 1748 addititiis
2229 1694 2324 1749 do-

766 1785 956 1842 ctrinis
976 1792 1332 1855 conspurcata
1352 1784 1521 1838 multa
1538 1795 1799 1851 cerneret,
1817 1783 1984 1854 jussit
2004 1794 2062 1840 ut
2087 1786 2322 1841 triticum

766 1893 830 1930 ex
861 1876 1250 1932 catholicorum
1288 1875 1506 1944 scriptis
1526 1916 1542 1941 ,
1579 1873 1795 1944 rejectis
1840 1876 2138 1940 haereticis,
2167 1869 2326 1947 elige-

764 1978 934 2023 retur.
958 1966 1075 2022 Non
1113 1967 1294 2035 itaque
1321 1966 1434 2036 ipse
1471 1965 1679 2035 primus
1717 1967 2019 2022 constituit.
2064 1967 2201 2022 Tum
2229 1969 2325 2024 de-

766 2070 938 2121 mum,
975 2070 1042 2108 an
1081 2070 1250 2108 unum
1277 2063 1331 2109 et
1364 2055 1502 2108 idem
1538 2055 1670 2121 tibi,
1702 2053 1918 2121 Rivete,
1945 2057 2156 2113 videtur
2181 2073 2328 2113 com-

765 2148 936 2218 pilare
980 2146 1193 2214 facere,
1267 2155 1322 2200 et
1366 2145 1742 2201 constituere?
1791 2145 2097 2218 Compilare
2146 2158 2227 2204 est
2270 2149 2323 2203 in

766 2255 934 2294 unum
986 2253 1220 2311 cogere:
1277 2238 1512 2308 primum
1560 2238 1916 2306 constituere,
1959 2249 2045 2295 est
2093 2241 2326 2310 primum

765 2339 1031 2394 statuere,
1066 2343 1366 2401 proponere
1387 2368 1403 2394 ,
1430 2330 1760 2384 decernere.
1797 2329 2176 2402 Compilantur
2206 2347 2328 2402 qua:

765 2431 890 2477 ante
932 2430 1119 2488 erant;
1165 2421 1405 2491 primum
1439 2421 1845 2476 constituuntur
1897 2431 2017 2493 qlia:
2063 2430 2178 2478 tum
2215 2423 2328 2494 pri-

764 2529 912 2567 mum
956 2519 1274 2569 nascuntur.
1314 2510 1372 2566 Si
1413 2525 1542 2582 ergo
1588 2521 1743 2566 erant
1769 2520 1958 2579 antea,
2011 2527 2119 2568 non
2153 2514 2330 2584 potuit

763 2605 973 2674 primus
1003 2604 1337 2660 constituere
1363 2644 1378 2666 ,
1421 2602 1597 2671 potuit
1637 2610 1818 2657 tamen
1851 2602 1966 2690 ipse
1995 2605 2288 2674 compilare
2307 2645 2323 2671 ,

763 2697 846 2751 vel
877 2694 1055 2752 iacere
1106 2704 1166 2750 ut
1204 2693 1276 2749 Pa
1289 2695 1411 2750 ulus
1445 2695 1781 2765 compilaret.
1805 2693 1942 2749 Male
1963 2709 2092 2766 ergo
2120 2695 2326 2766 legeras

763 2789 924 2843 verba
956 2785 1239 2858 Sigeberti,
1270 2787 1424 2856 pejus
1453 2800 1807 2856 conceperas,
1842 2786 2080 2856 pessime
2113 2795 2204 2841 tua
2225 2801 2324 2858 pro

762 2883 908 2938 illius
947 2881 1127 2936 verbis
1157 2879 1496 2944 divenditas,
1543 2887 1597 2933 et
1634 2878 1886 2933 lectorem
1921 2879 2091 2934 fallis.
2128 2878 2192 2934 Et
2248 2880 2326 2936 sic

761 2975 886 3029 talis
920 2988 1075 3027 error
1129 2972 1183 3025 in
1242 2981 1474 3040 utroque
1525 2979 1765 3024 vestrum
1817 2969 1935 3025 fuit.
1992 2969 2144 3026 Pauli
2197 2987 2326 3027 vero

761 3063 971 3119 Emilii
1008 3063 1084 3117 De
1124 3062 1280 3132 gestis
1310 3060 1640 3114 Francorum
1665 3061 1719 3114 in
1761 3059 1954 3115 Carolo
2003 3061 2113 3132 (ed.
2155 3061 2321 3117 Basil.

762 3172 816 3226 p.
834 3155 924 3228 65)
937 3155 1101 3210 verba
1116 3161 1274 3209 sunt:
1308 3172 1326 3204 ‹
1352 3152 1747 3208 Vetustissimis
1766 3155 2186 3223 exemplaribus,
2208 3171 2329 3210 san-

761 3245 969 3316 ctisque
993 3244 1331 3307 auctoribus,
1376 3243 1604 3314 imperio
1640 3259 1848 3314 opeque
1874 3243 2057 3300 Caroli
2090 3246 2328 3316 undique

760 3337 1106 3408 conquisitis,
1133 3347 1434 3408 martyrum
1456 3337 1598 3391 vitas
1623 3345 1982 3407 mortemque,
2008 3354 2072 3393 ac
2101 3348 2326 3394 caetero-

761 3443 883 3482 rum
935 3429 1190 3483 divorum
1223 3468 1237 3494 ,
1301 3443 1514 3483 summa
1580 3428 1842 3484 brevitate
1891 3431 2205 3500 perstrinxit
2271 3431 2328 3484 in

763 3519 977 3590 templis
1016 3520 1294 3590 legendas.
1329 3538 1348 3571 ι
1398 3519 1544 3574 Nulli
1583 3521 1674 3576 hic
1713 3520 1900 3592 hymni
1933 3533 2324 3580 memorantur.

763 3614 1046 3670 Lectiones
1080 3629 1223 3683 quas
1269 3629 1481 3670 summa
1513 3614 1774 3669 brevitate
1803 3615 2144 3684 [perstrinxit
2189 3615 2327 3671 Pau-

762 3704 881 3773 lus,
905 3719 973 3759 ex
1008 3705 1398 3761 vetustissimis
1427 3704 1828 3774 exemplaribus
1872 3705 2182 3776 sanctisque
2231 3721 2327 3761 au-

762 3793 1005 3851 cto’ribus
1045 3797 1312 3866 decerpta:
1343 3804 1488 3851 sunt.
1525 3793 1788 3850 Laborem
1811 3793 1964 3850 Pauli
1996 3810 2098 3866 ope
2125 3812 2221 3850 sua
2253 3805 2328 3851 at-

761 3904 869 3958 que
903 3889 1130 3958 imperio
1165 3888 1394 3943 Carolus
1441 3888 1747 3958 promovit,
1775 3887 2104 3957 exemplaria
2135 3905 2326 3961 nempe

761 3981 1135 4052 conquirendo
1156 4021 1171 4048 ,
1207 3989 1262 4036 et
1309 3991 1558 4052 sumptus
1587 3980 1890 4052 erogando,
1933 3987 1993 4034 ut
2022 3983 2326 4051 promptius

764 4077 820 4130 in
879 4074 1118 4130 Ecclesia
1171 4075 1498 4145 legerentur,
1533 4091 1653 4144 quae
1684 4074 1851 4128 nimia
1893 4088 1992 4129 sua
2021 4075 2326 4142 prolixitate

762 4169 994 4224 lectores
1020 4167 1295 4236 segniores
1331 4166 1646 4222 reddebant.
1679 4164 1964 4232 Quomodo
1993 4165 2176 4236 itaque
2215 4166 2326 4236 pri-

763 4273 886 4314 mus
908 4246 1136 4312 Carolus
1172 4257 1432 4312 lectiones
1476 4255 1628 4312 testis
1657 4265 1966 4312 sanctorum
2001 4255 2326 4311 convenien-

764 4359 844 4406 tes
872 4347 1190 4404 constituit?

2427 524 2534 563 non
2568 520 2627 564 ut
2657 522 2938 582 argutatur
2975 511 3196 565 Rivetns
3225 510 3300 564 has
3314 526 3396 566 esse
3417 513 3553 572 dubias.
3574 522 3698 588 quale.

2425 602 2633 656 ctiones
2653 612 2705 656 et
2731 603 2918 672 hymni
2944 601 3137 658 diebus
3161 601 3294 657 festis
3309 605 3560 660 convenientes
3574 611 3698 676 primum

2425 709 2456 748 a
2480 693 2674 747 Carolo
2717 692 2909 762 Magno
2955 694 3232 749 constituti
3265 695 3359 748 sint.
3379 691 3635 759 Quamvisvero
3660 719 3707 757 si.

2425 791 2739 845 gumentum
2779 781 3044 838 Perkinsii
3099 783 3291 838 nullum
3326 782 3392 848 sit,
3417 793 3458 838 ut
3490 801 3591 854 supra
3611 792 3710 857 proh.

2425 881 2540 924 tum
2569 880 2671 939 est,
2706 881 2938 928 attamen
2960 873 3093 927 illud
3131 873 3379 926 maximum
3405 873 3441 926 in
3474 873 3712 936 llivemluerit.

2425 963 2612 1019 critico
2666 980 2848 1019 rerum
2899 979 3180 1020 sacrarum
3207 964 3532 1033 improbissimo,
3553 981 3657 1036 pauca
3672 972 3712 1025 ist

2423 1053 2688 1111 Perkinsii
2731 1057 2998 1112 intellecta
3057 1069 3165 1110 non
3199 1040 3711 1127 fuissejltplaneargnmen

2428 1155 2538 1198 tum
2570 1143 2835 1200 Perkinsii
2861 1146 2935 1199 ita
2965 1153 3274 1213 conceptum
3303 1144 3579 1198 stultissimum
3595 1147 3712 1203 esti]:

2425 1240 2536 1292 nim
2561 1238 2605 1292 si
2636 1238 2762 1307 quia
2790 1238 3117 1308 hymnorum
3152 1245 3207 1292 et
3246 1235 3452 1289 festorum
3473 1235 3615 1290 dierum
3633 1255 3712 1292 mem

2425 1331 2528 1394 nit,
2564 1330 2684 1385 ideo
2708 1338 2818 1384 tres
2850 1329 2936 1384 vel
2971 1337 3206 1400 quatuor
3236 1328 3336 1381 ista:
3355 1326 3554 1382 orationes
3568 1329 3714 1397 rejiciem

2425 1430 2572 1483 sunt,
2629 1419 2918 1490 rejicienda
2973 1429 3130 1474 erunt
3161 1429 3214 1475 et
3257 1417 3512 1489 Evangelia,
3541 1428 3578 1472 et
3607 1420 3713 1488 Episto

2424 1512 2607 1576 Pauli,
2650 1523 2703 1568 et
2746 1520 2826 1568 tot
2880 1512 2983 1566 alia
3033 1523 3359 1578 sanctorum,
3399 1511 3473 1582 qui
3493 1520 3582 1566 ante
3609 1512 3716 1568 Caroli

2424 1604 2707 1670 vixerunt,
2758 1613 3106 1658 monumenta
3139 1602 3480 1673 pulcherrima,
3515 1613 3554 1656 et
3567 1603 3612 1656 de
3630 1619 3715 1672 quor

2425 1697 2739 1752 auctoribus
2765 1696 3014 1751 dubitare
3043 1694 3194 1750 nefas
3235 1703 3379 1760 esset,
3397 1693 3462 1748 vel
3479 1708 3529 1748 eo
3551 1695 3635 1749 solo
3647 1712 3716 1750 uolt

2424 1789 2569 1860 quod
2599 1789 2653 1843 i-n
2676 1788 2782 1846 illis
2812 1787 3018 1843 mentio
3046 1787 3284 1850 habetur,
3302 1796 3346 1841 et
3365 1787 3534 1841 dierum
3555 1786 3715 1841 lestorun

2425 1879 2781 1951 hymnorum,
2833 1877 2981 1949 quod
3025 1877 3127 1933 ista
3165 1876 3380 1946 primum
3418 1889 3442 1928 a
3484 1873 3631 1930 Carolo
3664 1891 3718 1931 eor

2424 1979 2538 2025 tuta
2566 1969 2694 2024 sint.

2495 2061 2560 2116 Et
2585 2071 2646 2118 ut
2670 2061 2842 2133 magis
2863 2076 3082 2132 urgeam
3106 2103 3122 2127 ,
3163 2061 3242 2116 ha:
3273 2059 3602 2131 Thaumaturgi
3628 2064 3717 2116 orati

2425 2164 2659 2224 quatuor
2712 2165 2858 2218 sunt,
2903 2164 3013 2210 tres
3068 2155 3122 2208 in
3171 2154 3720 2218 Annuntiationemmnit

2428 2243 2854 2314 Theophaniam,
2877 2253 2932 2299 et
2954 2260 3020 2299 ex
3046 2244 3131 2300 his
3164 2244 3216 2297 in
3241 2260 3339 2298 una
3367 2252 3566 2305 tantum,
3590 2261 3679 2313 quae
3695 2261 3715 2298 e

2425 2335 2599 2390 cunda
2629 2335 2684 2389 in
2712 2335 3222 2400 Annuntiationem,
3253 2344 3305 2389 et
3333 2333 3520 2388 dierum
3555 2335 3720 2388 festorul

2427 2426 2751 2497 hymnorum
2783 2423 2841 2479 ﬁt
2866 2424 3087 2478 mentio.
3115 2421 3244 2489 Quae
3267 2423 3450 2493 poterit
3487 2423 3698 2493 assignari

2425 2527 2485 2574 ut
2512 2533 2618 2572 una
2645 2516 2811 2572 simul
2833 2531 2956 2571 cum
2980 2515 3082 2570 hac
3103 2515 3320 2583 reliqua:
3347 2514 3658 2584 rejiciantur?
3691 2514 3721 2566 E

2425 2624 2546 2680 quae
2569 2609 2636 2664 de
2660 2606 2812 2663 festis
2851 2615 2906 2661 et
2952 2605 3167 2677 hymnis
3191 2606 3442 2675 loquitur,
3464 2619 3492 2659 e
3512 2605 3691 2674 scriptis

2427 2701 2656 2770 maturgi
2699 2708 2844 2756 esset
2895 2699 3318 2765 exterminanda,
3353 2698 3454 2753 ista
3488 2712 3589 2752 non
3611 2713 3701 2752 una

2427 2793 2661 2848 traheret
2683 2791 2836 2846 alias.
2865 2789 2972 2846 Fac
2990 2791 3134 2846 enim
3161 2789 3299 2844 inter
3311 2789 3576 2844 orationes
3591 2788 3718 2843 Seleu

2426 2886 2508 2940 vel
2553 2883 3060 2957 Chrysostomiauas
3097 2881 3168 2935 sit
3200 2894 3328 2945 una,
3378 2895 3500 2950 qua:
3536 2880 3724 2934 beleuc'v

2427 2975 2510 3029 vel
2543 2974 2987 3044 Chrysostomum
3023 2986 3129 3026 non
3177 2980 3467 3040 agnoscat,
3519 2970 3688 3024 ideone

2425 3079 2546 3137 qua:
2580 3065 2697 3119 aliae
2731 3061 3085 3118 amandandae
3134 3061 3298 3116 sunt?
3345 3060 3531 3116 Κακοῦ
3561 3061 3723 3132 κόραι·

2427 3158 2552 3212 ὡόν.
2586 3156 2728 3210 lnter
2757 3156 2940 3210 decem
2988 3153 3356 3209 adolescentes
3397 3169 3543 3208 unus
3593 3154 3722 3222 spuri

2430 3267 2603 3321 neque
2638 3248 2967 3313 indubitate,
3006 3259 3134 3316 ergo
3186 3246 3366 3300 caeteri
3397 3257 3592 3300 onmes
3608 3261 3719 3315 spur

2428 3343 2612 3398 decem
2641 3341 2873 3411 pecudes
2898 3355 3006 3395 una
3055 3341 3205 3409 nigra
3245 3347 3330 3392 est
3350 3378 3366 3403 ,
3398 3351 3534 3408 ergo
3557 3345 3610 3391 et
3637 3336 3722 3390 reli

2429 3435 2584 3488 veni?
2632 3431 2698 3488 Et
2751 3442 2810 3486 ut
2850 3430 3057 3495 ﬁniam,
3112 3430 3252 3484 inter
3299 3428 3532 3484 critieos
3559 3442 3726 3482 sacros

2429 3539 2616 3579 amens
2670 3523 2999 3591 demensque
3049 3527 3152 3587 est,
3206 3533 3339 3590 ergo
3405 3531 3464 3575 et
3509 3526 3726 3589 quotquc

2429 3617 2568 3671 sacri
2589 3614 2750 3671 sunt?
2792 3613 3007 3668 Demus.
3033 3627 3163 3683 ergo
3208 3612 3620 3667 dubitationem
3658 3625 3725 3664 es:

2428 3703 2603 3759 cunda
2638 3703 2690 3756 in
2718 3700 3223 3768 Annnntiationem,
3252 3701 3389 3771 quia
3425 3709 3488 3756 et
3533 3699 3722 3771 hymni

2429 3793 2551 3848 festi
2590 3793 2644 3848 in
2665 3810 2728 3849 ea
2760 3793 3031 3859 tinniunt;
3066 3808 3194 3861 ergo
3237 3802 3550 3862 propterea
3587 3801 3642 3848 et
3674 3791 3723 3844 al

2428 3900 2652 3940 annexa:
2699 3885 2753 3938 in
2799 3884 3024 3939 dubium
3051 3883 3375 3938 vertantur?
3401 3880 3718 3936 Vertantur

2428 3978 2609 4034 forsan
2634 3978 2876 4043 Rivetus,
2913 3978 2998 4031 cui
3033 3977 3214 4030 omnia
3245 3991 3421 4030 sacra
3458 3977 3522 4028 in
3561 3974 3725 4027 dubie

2427 4070 2483 4124 in
2519 4069 2702 4123 animo
2732 4077 2832 4122 est.
2869 4067 2935 4122 Et
2982 4069 3095 4122 haec
3140 4067 3370 4137 quidem
3414 4066 3491 4120 ad
3533 4066 3725 4120 ration

2427 4158 2748 4223 Gordianis,
2795 4167 2856 4212 ut
2901 4159 3001 4229 ipsi
3061 4158 3305 4222 videtur,
3371 4157 3557 4211 nodis
3620 4157 3726 4210 cirt

2426 4255 2560 4310 satis
2585 4253 2710 4308 sint.

2503 4343 2758 4400 Scribunt
2787 4345 2874 4399 alii
2915 4362 2928 4398 :
2963 4341 3158 4409 Verba,
3192 4359 3320 4413 qua:
3361 4343 3436 4398 ad
3476 4340 3725 4397 Jordan‘

832 4437 1017 4509 Neque
1063 4438 1196 4493 illud
1258 4437 1618 4493 omittendum
1668 4443 1752 4492 est
1779 4455 1792 4491 :
1842 4435 2005 4491 verba
2059 4435 2322 4491 Perkinsii
2353 4449 2397 4505 ι)
2428 4437 2482 4491 in
2506 4447 2690 4491 monte
2710 4437 2842 4491 dicit
2872 4435 3032 4491 Pater
3055 4436 3120 4490 de
3142 4434 3405 4500 Christo,
3442 4435 3532 4488 ita
3571 4434 3715 4503 conj

763 4545 885 4600 quae
925 4530 1060 4600 ipse,
1094 4538 1154 4585 ut
1182 4545 1346 4600 supra
1376 4529 1507 4593 dixi,
1534 4545 1640 4584 non
1661 4529 1790 4595 vidi,
1817 4543 1878 4584 ex
1915 4528 2114 4599 quibus
2135 4538 2215 4584 tot
2235 4545 2321 4583 er-

765 4636 916 4676 rores
965 4633 1392 4692 consequuntur,
1471 4620 1692 4677 Rivetus
1733 4620 1943 4675 videtur
1990 4635 2098 4674 non
2167 4621 2324 4674 intel-

765 4713 981 4768 lexisse.
1026 4713 1518 4784 Argumentabatur
1557 4711 1824 4784 siquidem
1871 4711 2218 4778 Perkinsius,
2276 4713 2322 4769 si

765 4819 914 4858 sanat
941 4804 1138 4858 mentis
1173 4820 1395 4875 compos
1426 4805 1729 4868 scribebat,
1751 4804 2030 4868 lectiones,
2068 4803 2320 4874 hymnos,

764 4903 818 4949 et
843 4891 992 4948 Vitas
1021 4902 1331 4949 sanctorum
1376 4895 1568 4949 diebus
1601 4894 1753 4949 festis
1783 4894 2183 4960 convenientes,
2214 4893 2324 4963 pri-

767 5000 914 5039 mum
938 4999 971 5038 a
992 4984 1188 5039 Carolo
1210 4986 1532 5040 constitutos
1555 4985 1745 5040 fuisse.
1773 4984 1914 5056 Ergo
1946 4987 2026 5040 hae
2054 4985 2324 5040 orationes

766 5084 848 5132 tot
890 5084 1016 5132 ante
1059 5076 1255 5130 srecula
1295 5077 1581 5131 scribentis
1631 5075 2024 5150 Thaumaturgi
2066 5093 2187 5132 esse
2214 5093 2321 5132 non

767 5176 1014 5239 possunt.
1051 5165 1117 5221 Et
1147 5167 1491 5222 manifestum
1535 5179 1646 5233 est,
1693 5170 1838 5240 quod
1895 5170 1951 5224 in
2003 5185 2191 5224 earum
2239 5185 2325 5225 se-

767 5260 943 5314 cunda
963 5301 977 5325 ,
1001 5259 1118 5328 ipso
1145 5259 1324 5312 statim
1351 5259 1536 5327 initio,
1563 5260 1748 5315 talium
1779 5261 1979 5315 mentio
2012 5259 2274 5316 habeatur
2305 5277 2320 5315 :

777 5351 1001 5423 Ἐορτὰς
1034 5352 1134 5422 μὲν
1165 5352 1380 5415 ἁπάσας
1400 5353 1493 5406 καὶ
1515 5354 1784 5432 ὑμνῳδίας
1810 5353 1926 5407 δέον
1950 5355 2098 5425 ἡμᾶς
2127 5352 2324 5406 Θυσιῶν

765 5443 921 5514 δίκην
963 5444 1290 5517 προσφέρειν
1338 5445 1416 5516 τῷ
1447 5445 1581 5515 Θεῷ,
1616 5445 1828 5518 πρῶτον
1876 5446 1933 5498 δὲ
1965 5446 2180 5500 πάντων
2234 5446 2324 5499 τὸν

768 5535 1179 5606 Εὐαγγελισμὸν
1211 5536 1310 5606 τῆς
1332 5536 1494 5604 ἁγίας
1519 5536 1798 5590 Θεοτόκουο
1839 5555 1858 5589 ι
1880 5535 2074 5592 Sacras
2105 5536 2323 5606 quidem

769 5623 1028 5681 festorum
1059 5626 1400 5682 celebritates
1439 5636 1602 5698 atque
1635 5629 1865 5698 hymnos
1893 5627 2047 5682 decet
2088 5643 2187 5683 nos
2243 5643 2326 5682 sa-

767 5715 1094 5772 criﬁciorum
1125 5717 1296 5774 instar
1322 5715 1515 5775 oderre
1544 5717 1675 5784 Deo,
1708 5719 1946 5786 primum
1985 5728 2167 5776 autem
2198 5733 2321 5774 om-

2427 4529 2830 4597 interpretatur,
2885 4543 2950 4582 ac
2993 4527 3040 4581 si
3087 4526 3199 4596 ipsa
3234 4524 3540 4595 baptismi
3579 4525 3725 4578 hora

2427 4629 2587 4686 sent,
2623 4628 2812 4674 auctor
2853 4619 3088 4674 homiliae
3128 4620 3180 4672 in
3207 4616 3703 4687 Theophaniam

2426 4711 2597 4768 Filius
2627 4727 2780 4767 meus
2802 4711 3050 4774 dilectus,
3095 4711 3148 4764 in
3177 4724 3293 4780 quo
3330 4709 3498 4763 mihi
3561 4709 3726 4762 bene

2425 4803 2595 4858 Filius
2611 4803 3107 4865 consubstantialis,
3134 4821 3152 4854 ι
3169 4811 3305 4867 etc.,
3327 4800 3511 4855 unde
3540 4814 3725 4872 pars;

2425 4904 2582 4951 catur
2609 4907 2881 4951 auctorem
2909 4895 3052 4950 illius
3085 4894 3335 4949 homiliae
3361 4893 3726 4962 scripsisse

2429 4984 2645 5039 concilii
2672 4982 2871 5039 Nicteni
2897 4993 3168 5053 tempora,
3201 4983 3326 5038 imo
3367 4993 3533 5054 post
3578 4984 3726 5052 ipso

2424 5087 2478 5131 et
2527 5075 2876 5148 Eutychetem
2931 5077 3236 5130 damnatos.
3280 5074 3471 5128 Idem
3530 5090 3722 5144 quoq

2426 5167 2733 5223 iaciendum
2763 5167 2828 5222 de
2857 5156 3129 5222 duodecim
3161 5167 3477 5237 capitibus
3513 5167 3599 5220 de
3649 5169 3726 5236 [ἱι

2425 5259 2787 5315 thematismis
2817 5275 2938 5330 quae
2966 5274 3090 5315 cum
3132 5257 3695 5314 Nestorianorum

2426 5368 2620 5407 norum
2652 5366 2866 5406 errores
2904 5363 2958 5405 et
2993 5350 3394 5420 blasphemias
3439 5349 3726 5403 damnet

2426 5452 2554 5498 sunt
2587 5451 2864 5496 auctorem
2897 5441 3094 5496 habere
3126 5441 3524 5511 Gregorium
3581 5438 3725 5492 Tha

2424 5535 2517 5604 qui
2552 5533 2735 5588 multis
2760 5542 2884 5588 ante
2912 5533 3106 5588 harum
3139 5534 3479 5588 haereseos:
3523 5541 3725 5586 ortu:

2425 5639 2583 5680 suum
2604 5624 2832 5680 obierat.
2855 5622 2980 5680 Hae
3007 5623 3144 5680 ratio
3170 5639 3283 5678 non
3304 5624 3539 5693 plane
3572 5637 3718 5676 con

2425 5717 2568 5773 enim
2613 5717 2741 5786 quia
2793 5714 3012 5772 Patrum
3061 5716 3381 5773 sententiis
3423 5715 3720 5770 haerese
