3972 6318
163 349 296 408 ηαξ

1038 350 1281 408 LEONIS
1319 347 1597 404 ALLATII
1635 345 1959 402 DIATRIBA
1997 343 2087 402 DE
2126 339 2532 401 TllEODORIS.

3264 351 3284 402 l
3294 350 3402 406 222

161 472 474 524 subsecutae
542 478 703 534 sunt,
764 468 1100 541 iugulantur,
1161 472 1281 526 ideo
1326 472 1463 526 bene
1512 469 1743 525 infertur
1772 474 1814 531 Α
1844 481 1950 536 que
1984 463 2281 522 Personam
2309 481 2405 536 per
2435 482 2492 522 se
2527 465 2842 532 subsistere,
2878 475 2933 523 et
2959 468 3117 523 aliam
3153 485 3274 525 esse
3305 470 3407 543 hy-

159 563 335 616 dietas
362 562 659 617 sententias
685 562 769 617 vel
792 565 1183 619 commentaria
1208 605 1223 629 ,
1271 565 1325 617 in
1355 564 1555 633 quibus
1595 563 1729 618 tales

162 653 447 707 sententia:
493 654 835 724 digeruntur,
876 670 982 710 non
1020 670 1144 710 esse
1179 654 1400 708 Patrum
1432 654 1523 724 qui
1557 655 1729 709 haere-

162 740 317 796 sibus
354 743 732 812 praziverunt:
791 760 913 799 cum
979 743 1210 814 Spiritus
1260 753 1482 801 sanctus
1541 760 1727 800 eorum

163 840 404 885 mentem
435 840 490 886 et
526 833 794 887 calamum
841 834 1114 904 dirigens,
1167 845 1291 890 ante
1318 849 1534 890 exortas
1585 837 1729 906 ipsas

162 923 422 990 haereses,
445 939 538 978 eas
562 924 962 995 proﬁigaverit;
999 935 1056 982 ut
1083 928 1340 983 haberent
1370 928 1572 993 fideles,
1605 944 1727 984 cum

164 1014 269 1068 illae
299 1026 674 1080 nascerentur,
710 1016 778 1072 ad
819 1017 1098 1072 veritatem
1135 1003 1730 1076 ostendendam'subsi-

75 1109 77 1112 ‘
162 1107 274 1159 dia.
309 1104 437 1160 lnde
463 1107 605 1162 natis
628 1107 946 1173 bzeresibus,
976 1108 1068 1178 qui
1102 1119 1216 1163 tum
1245 1109 1492 1164 vivebant
1525 1111 1726 1177 ﬁdeles,

163 1213 227 1251 ex
269 1199 618 1268 antiquorum
660 1199 880 1255 Patrum
919 1203 1138 1273 scriptis
1191 1203 1406 1271 eclogas
1443 1203 1730 1258 commini-

164 1291 481 1355 scebantur,
543 1301 603 1345 ut
643 1307 842 1346 novum
897 1293 1115 1362 quidem
1170 1295 1546 1350 haereticorum
1609 1309 1730 1349 esse

162 1381 384 1452 dogma,
413 1382 543 1438 illud
585 1393 765 1439 autem
792 1383 1048 1440 Ecclesiae
1070 1385 1514 1455 antiquissimum
1542 1393 1596 1440 et
1623 1383 1728 1438 Pa-

162 1484 308 1528 trum
339 1477 746 1530 commentariis
780 1476 1138 1543 insinuatum,
1160 1494 1223 1533 ex
1243 1479 1442 1548 quibus
1465 1478 1596 1533 illud
1631 1480 1730 1533 eli-

164 1578 372 1635 cerent,
417 1578 926 1625 commonstrarent.
975 1570 1050 1626 De
1089 1587 1198 1642 quo
1229 1586 1331 1626 nos
1382 1571 1508 1626 alibi
1551 1572 1724 1642 plura.

163 1659 348 1728 Quare
375 1661 550 1730 potuit
589 1669 646 1715 et
683 1660 1125 1734 Thaumaturgus
1173 1673 1300 1719 ante
1331 1663 1728 1736 Eutycbianam

161 1762 215 1805 et
244 1751 505 1805 Arianam
531 1751 781 1807 haeresim
805 1753 1084 1809 veritatem
1104 1770 1370 1824 promere,
1393 1757 1602 1826 etquod
1630 1756 1730 1812 Ec-

1833 558 2094 628 postasim
2122 556 2320 624 Patris,
2353 558 2513 612 aliam
2541 557 2683 624 Filii,
2710 568 2814 613 etc.
2841 557 3107 615 Praeterea
3130 558 3400 618 Vossiana

1832 649 2053 703 videtur
2085 649 2310 704 omnino
2343 651 2542 719 scripta
2576 658 2764 704 contra
2790 649 3044 715 Arianos,
3077 665 3140 706 ac
3169 667 3266 722 per
3296 653 3404 710 hoc

1831 742 1966 796 satis
1993 740 2088 795 diu
2122 751 2242 810 post
2274 751 2514 812 tempora
2545 740 2977 813 Thaumaturgi;
3015 744 3094 798 sic
3131 745 3276 799 enim
3313 745 3398 799 in-

1831 833 1998 902 cipit:
2031 852 2049 884 ‹
2080 832 2446 889 lnimicissimi
2499 843 2551 888 et
2597 834 2758 888 alieni
2808 849 2838 888 a
2878 834 3224 892 confessione
3271 853 3402 908 apo-

1831 925 2021 980 stolica
2047 934 2198 990 sunt,
2225 926 2315 994 qui
2350 925 2538 979 dicunt
2574 939 2696 979 esse
2724 923 2920 980 Filium
2953 942 3020 980 ex
3045 943 3153 980 non
3179 937 3402 983 exstan-

1831 1015 1997 1080 tibus,
2027 1034 2045 1067 ι
2071 1024 2178 1069 etc.
2206 1013 2272 1069 Et
2305 1013 2448 1070 infra
2477 1033 2490 1071 :
2524 1034 2542 1067 ι
2566 1014 2672 1070 Eos
2697 1031 2847 1080 vero,
2874 1016 2967 1086 qui
2996 1019 3402 1074 communicant

1830 1121 1952 1160 cum
1987 1107 2055 1162 iis
2085 1107 2179 1176 qui
2204 1106 2456 1176 rejiciunt
2486 1108 2873 1173 homoousion,
2904 1115 3163 1179 tanquam
3192 1109 3400 1165 alienos

1830 1213 1860 1251 a
1890 1195 2226 1268 Scripturis;
2280 1206 2335 1253 et
2385 1199 2478 1268 qui
2529 1199 2717 1254 dicunt
2773 1200 2979 1269 aliquid
3025 1215 3092 1254 ex
3134 1199 3399 1256 Trinitate

1830 1298 2070 1345 creatum
2102 1306 2242 1356 esse,
2282 1292 2487 1346 alienos
2528 1291 2927 1346 existimamus.
2959 1309 2978 1343 ι
3032 1291 3260 1346 Constat
3301 1308 3399 1346 au-

1830 1389 1936 1434 tem
1972 1380 2205 1436 Arianos
2238 1381 2443 1436 dixisse
2497 1379 2692 1434 Filium
2729 1397 2850 1461 esse
2895 1395 2963 1435 ex
2997 1395 3104 1435 non
3135 1381 3400 1436 exstanti-

1830 1474 1950 1539 bus,
1969 1485 2023 1529 et
2046 1476 2301 1545 rejecisse
2319 1477 2700 1533 homoousion.
2725 1476 3028 1544 Quinetiam
3060 1477 3133 1532 ita
3163 1477 3402 1560 disputat

1829 1566 1918 1621 hic
1962 1577 2154 1623 auctor
2198 1568 2266 1624 de
2310 1570 2717 1634 incarnatione,
2769 1580 2831 1626 ut
2871 1571 3121 1627 videatur
3154 1566 3400 1630 refellere

1829 1658 2182 1716 Nesrorianos
2232 1671 2285 1716 et
2316 1661 2707 1734 Eutycliianos.
2755 1663 2822 1718 Et
2859 1665 2974 1720 haec
3001 1665 3221 1734 quidem
3270 1676 3401 1723 sunt

1830 1750 2144 1806 Bellarmini
2172 1761 2509 1823 argumenta.

164 1843 328 1899 clesia
356 1844 480 1913 ipsa
503 1852 625 1913 post
659 1844 865 1915 aliquot
915 1845 1111 1900 szecula
1157 1847 1416 1902 adversus
1445 1824 1728 1904 haereticos
1759 1824 1800 1878 Β
1898 1843 2091 1900 Posset
2117 1845 2239 1899 addi
2265 1845 2560 1900 auctoritas
2582 1844 2794 1900 Leontii
2830 1844 2905 1899 De
2928 1847 3105 1911 sectis,
3133 1854 3240 1901 aet.
3267 1863 3392 1912 vm,

163 1934 216 1988 in
250 1935 335 1989 sui
408 1934 778 1991 defensionem
824 1947 1169 2008 proponeret,
1218 1941 1602 2009 praenuntiam.
1665 1941 1730 1996 Et

162 2026 393 2081 istorum
442 2027 580 2081 ratio
625 2043 734 2100 non
778 2043 1167 2100 usquequaque
1213 2030 1413 2085 absona
1451 2030 1641 2099 fuerit,
1673 2045 1731 2087 ut

162 2116 247 2170 illa
292 2115 512 2170 Riveti:
563 2135 580 2167 ι
611 2116 972 2172 Bellarminus
1007 2119 1139 2173 nihil
1181 2135 1241 2174 se
1286 2120 1485 2176 habere
1522 2134 1727 2177 certum

159 2208 446 2277 proﬁtetur
492 2217 602 2263 tam
655 2209 720 2265 de
761 2210 1000 2265 bomiliis
1053 2211 1106 2264 in
1161 2211 1644 2268 Annuntiationem
1678 2225 1730 2268 et

159 2299 522 2368 Epiphaniam
549 2300 906 2368 Dominicam,
942 2317 1110 2371 quam
1139 2301 1205 2356 de
1240 2303 1419 2358 libello
1446 2304 1522 2358 De
1550 2308 1728 2361 anima

156 2390 224 2442 ad
253 2389 546 2444 Tatianum
568 2429 583 2454 ,
610 2405 844 2460 quorum
894 2401 1100 2447 veteres
1140 2409 1246 2448 non
1281 2395 1663 2451 meminerunt.
1705 2417 1722 2448 ι

157 2481 303 2554 Ergo
332 2483 424 2536 illa
463 2483 626 2538 dubia
665 2482 885 2539 fuerint.
938 2483 1106 2551 Quasi
1139 2502 1266 2541 vero
1291 2487 1433 2558 quod
1461 2491 1726 2545 incertum

157 2582 243 2628 est
269 2573 622 2639 Bellarmino,
662 2575 716 2629 id
752 2590 968 2645 quoque
1009 2576 1063 2630 in
1096 2575 1338 2633 Ecclesia
1367 2579 1590 2636 dubium
1614 2583 1684 2638 sit
1715 2604 1727 2638 :

153 2672 215 2718 et
246 2679 485 2734 quorum
524 2679 746 2734 operum
786 2676 993 2722 veteres
1025 2682 1134 2721 non
1170 2670 1483 2738 meminere,
1534 2687 1596 2727 ea
1642 2673 1728 2728 in»

155 2766 312 2811 certa
335 2757 476 2824 sint;
504 2767 556 2813 et
585 2760 744 2828 quasi
779 2769 990 2816 veteres
1015 2762 1258 2817 omnium
1288 2765 1654 2834 meminerint,
1678 2777 1731 2822 et

156 2862 262 2903 nos
292 2850 537 2904 omnium
571 2862 834 2918 veterum,
865 2869 1204 2926 quaecunque
1223 2857 1314 2912 illa
1345 2855 1579 2925 fuerint,
1619 2875 1731 2930 prae

156 2941 416 2996 manibus
448 2942 766 3000 habeamus.
804 2944 910 3000 Sed
937 2945 1133 3012 Riveti,
1170 2964 1296 3004 eum
1334 2949 1594 3006 solidiora
1621 2967 1728 3009 non

161 3033 384 3101 habeat,
409 3035 504 3090 bili
545 3049 871 3107 nugamenta
905 3039 1020 3095 haec
1058 3049 1204 3098 sunt.

236 3215 358 3272 Non
404 3219 582 3274 minor
625 3220 910 3277 difficultas
954 3231 1038 3278 est
1083 3223 1151 3278 de
1187 3222 1528 3294 Expositione
1574 3228 1721 3298 ﬁdei,

152 3325 328 3381 quam
377 3311 466 3364 ille
503 3313 723 3383 scripsit
766 3325 820 3370 et
854 3317 1172 3388 publicavit,
1217 3322 1538 3390 vocavitque
1586 3323 1728 3378 κατὰ

161 3401 368 3474 μέροςο
414 3406 522 3457 no‘n
550 3405 694 3474 quod
735 3422 802 3461 ex
843 3418 1027 3479 parte,
1068 3428 1190 3483 qua:
1225 3425 1353 3469 sunt
1388 3415 1510 3470 fidei
1553 3417 1729 3472 tradat

154 3503 215 3547 et
248 3503 508 3563 exponat,
534 3495 620 3550 vel
645 3499 786 3567 quod
827 3515 922 3570 per
954 3514 1136 3573 partes
1162 3505 1295 3560 inibi
1331 3505 1464 3563 ﬁdes
1492 3508 1726 3578 explice-

161 3593 272 3650 tur,
310 3585 393 3638 vel
419 3587 561 3654 quod
591 3587 750 3643 ﬁdem
788 3605 895 3644 non
930 3593 1239 3649 universam
1270 3597 1364 3650 sed
1391 3598 1585 3664 partim
1614 3607 1724 3653 tra-

162 3675 276 3741 dat,
316 3677 402 3731 vel
446 3680 590 3748 quod
631 3683 975 3749 partieularis
1019 3686 1152 3742 ﬁdes
1196 3686 1387 3753 fuerit,
1440 3691 1536 3745 sed
1580 3691 1727 3762 quod

157 3768 409 3839 sigulas
442 3779 494 3825 et
514 3773 774 3841 speciales
798 3774 919 3830 ﬁdei
943 3786 1125 3846 partes
1145 3779 1410 3835 enueleat.
1440 3780 1571 3836 Eam
1593 3782 1727 3838 Vos-

156 3863 283 3918 eius
335 3863 577 3930 invenit,
625 3867 897 3939 ediditque
928 3869 1115 3927 Latine
1151 3873 1348 3939 solum,
1380 3891 1505 3930 cum
1539 3875 1725 3932 Grmca

153 3971 272 4010 non
299 3956 551 4012 habuerit
573 3959 676 4030 (5).
717 3959 911 4016 Subdit
936 3962 1318 4033 Bellarminus,
1348 3965 1580 4024 fortasse
1615 3969 1726 4024 falli

157 4045 444 4102 Vossium.
477 4047 611 4104 Nam
647 4049 925 4122 Expositio
951 4055 1095 4124 ﬁdei,
1129 4058 1288 4127 cujus
1324 4061 1570 4117 meminit
1601 4079 1728 4118 san-

151 4146 284 4191 ctus
329 4137 561 4196 Basilius
610 4141 664 4196 in
708 4143 933 4212 epistola
983 4162 1082 4201 cex
1126 4148 1194 4202 ad
1241 4147 1724 4221 Neocaesaricnses,

155 4242 288 4280 vere
319 4241 350 4280 a
377 4227 779 4302 Thaumaturgo
812 4235 1010 4305 scripta
1042 4237 1301 4293 adversus
1324 4237 1599 4296 Elianum
1624 4243 1723 4315 (6),

157 4319 395 4373 multum
424 4320 600 4376 diﬁert
631 4337 662 4377 a
687 4322 949 4379 Vossiana
994 4326 1136 4381 ista:
1166 4328 1218 4382 in
1251 4328 1338 4383 illa
1374 4332 1518 4385 enim
1557 4334 1722 4390 habe-

154 4413 343 4477 batur,
378 4413 593 4470 Patrem
635 4425 688 4471 et
708 4415 904 4471 Filium
942 4419 1217 4490 hypostasi
1266 4439 1387 4478 esse
1409 4436 1623 4494 "unum,
1671 4437 1724 4482 et

1827 1938 1882 2005 4,
1905 1939 1999 2009 qui
2029 1939 2105 1992 ait
2131 1956 2144 1992 :
2187 1936 2345 1990 Ἀλλὰ
2374 1937 2468 1989 καὶ
2515 1937 2680 2008 ἄλλην
2732 1939 2864 2008 ἡμῖν
2894 1937 3092 2008 χρῆσιν
3145 1939 3398 2010 παραφέ-

1831 2049 2030 2103 ρουσιν,
2061 2031 2137 2094 ὡς
2175 2031 2283 2084 ἀπὸ
2327 2028 2422 2083 τοῦ
2464 2030 2616 2098 ἁγίου
2667 2030 2969 2101 Γρηγορίου
3015 2028 3108 2084 τοῦ
3138 2030 3398 2102 Θαυματ-

1827 2122 2022 2196 ουργοῦ
2046 2125 2112 2176 ὲκ
2132 2122 2242 2191 τῆς
2268 2121 2418 2176 κατὰ
2435 2121 2616 2191 μέρος
2652 2122 2934 2188 Ιιιστεωςο
2959 2125 3042 2178 Οὺ
3071 2123 3179 2177 δύο
3207 2125 3396 2192 πρόσ-

1829 2230 1979 2282 ωπα,
2006 2218 2078 2271 οὺ
2103 2215 2212 2270 δύο
2238 2215 2470 2284 φύσεις·
2498 2216 2569 2268 οὐ
2590 2213 2685 2267 δεῖ
2706 2213 2817 2283 γὰρ
2846 2215 3111 2283 τέσσαρα
3137 2229 3397 2284 προσκυ-

1827 2312 1974 2367 νεῖν·
2004 2313 2098 2367 κα)⁸
2122 2314 2188 2366 τὰ
2208 2311 2425 2383 ὲφεξῆςο
2457 2310 2687 2383 λέγομεν
2718 2309 2778 2364 δὲ
2807 2311 2900 2366 καὶ
2936 2312 3072 2384 πρὸς
3101 2312 3280 2377 τοῦτο,
3315 2314 3397 2367 ὅτι

1827 2405 2040 2478 πρῶτον
2076 2405 2172 2477 μὲν
2228 2405 2322 2458 καὶ
2376 2403 2516 2476 αὕτη
2569 2403 2895 2476 ἀμφεόλήθη
2937 2404 3088 2474 παρὰ
3132 2407 3244 2467 τοῖς
3289 2423 3397 2459 πα·-

1827 2497 2142 2569 λαιοτέροις,
2197 2498 2270 2570 μὴ
2304 2492 2443 2550 εἶναι
2494 2495 2589 2550 τοῦ
2639 2496 2794 2565 ἁγίου
2847 2498 3169 2570 Γρηγορίου·
3208 2497 3398 2552 ἔπειτα

1828 2588 2125 2661 Γρηγόριος
2151 2590 2180 2643 ὁ
2222 2589 2509 2651 Νυσσαεὺς
2551 2589 2778 2660 γράφων
2839 2589 3121 2659 ἐπιτάφιον
3166 2593 3247 2654 είς
3305 2590 3398 2644 τὸν

1828 2678 2250 2752 Θαυματουργὸν
2305 2679 2488 2748 λέγει,
2532 2678 2698 2750 μηδὲν
2758 2679 3094 2752 σύγγραμμα
3137 2680 3397 2752 φέρεσθαι

1827 2769 2016 2836 αὐτοῦ,
2040 2774 2088 2826 εἰ
2117 2771 2190 2843 μὴ
2247 2771 2413 2843 μόνην
2455 2770 2552 2842 τὴν
2589 2770 2796 2835 Πίστιν,
2829 2773 2918 2842 ἣνΔ
2945 2771 3087 2826 κατὰ
3131 2772 3398 2826 ὀπτασίαν

1829 2860 1990 2917 εἶδεν.
2047 2883 2064 2915 t
2094 2861 2383 2919 Proferunt
2418 2863 2579 2919 nobis
2616 2871 2670 2918 et
2692 2862 2854 2917 aliam
2884 2864 3176 2933 quamdam
3207 2872 3398 2919 aucto-

1828 2958 2046 3024 ritatem
2084 2958 2257 3012 sancti
2284 2957 2532 3028 Gregorii
2563 2955 2957 3028 Thaumaturgi
2994 2973 3063 3012 ex
3092 2957 3238 3014 illius
3271 2975 3396 3014 con-

1830 3049 2052 3119 fessione
2090 3050 2215 3120 ﬁdei
2259 3049 2357 3121 τῆς
2395 3048 2536 3103 κατὰ
2572 3048 2755 3122 μέρος.
2809 3048 2934 3104 Non
2965 3052 3100 3107 duas
3124 3069 3396 3122 personas,

1830 3142 2026 3212 inquit,
2063 3158 2165 3196 non
2202 3142 2337 3195 duas
2378 3151 2596 3195 naturas
2621 3157 2641 3196 :
2675 3142 2800 3212 quia
2842 3159 2944 3198 non
2973 3143 3251 3199 adoranda
3274 3157 3398 3200 sunt

1828 3249 2073 3308 quatuor.
2118 3237 2188 3292 Et
2233 3238 2339 3292 alia
2384 3253 2505 3307 qua:
2545 3247 2869 3308 sequuntur.
2921 3239 3002 3294 Ad
3049 3240 3155 3294 hoc
3179 3257 3399 3311 quoque

1827 3327 2260 3399 respondemus,
2308 3329 2545 3398 primum
2601 3330 2667 3385 de
2711 3331 2814 3386 hac
2857 3331 3043 3386 itidem
3091 3332 3396 3389 dubitatum

1827 3420 1970 3490 apud
1995 3421 2351 3490 antiquiores,
2380 3436 2448 3474 an
2480 3421 2550 3476 sit
2573 3416 2842 3491 Gregorii.
2875 3422 3082 3480 Deinde
3101 3423 3398 3496 Gregorius

1826 3512 2112 3586 Nyssenus
2181 3513 2487 3568 orationem
2533 3514 2601 3567 de
2647 3513 3060 3587 Thaumaturgo
3112 3514 3394 3573 funebrem

1828 3610 2096 3676 scribens,
2131 3610 2341 3663 nullum
2382 3609 2458 3663 ait
2497 3623 2636 3678 opus
2676 3609 2850 3679 ipsius
2893 3611 2948 3665 in
2983 3611 3237 3669 manibus
3275 3628 3398 3671 esse

1826 3711 2020 3772 praeter
2043 3702 2214 3757 solam
2246 3701 2456 3765 Fidem,
2488 3715 2653 3771 quam
2676 3701 2732 3756 in
2757 3701 2966 3757 visione
2994 3705 3390 3775 conspexerit.»

1826 3795 1937 3851 Nec
1973 3795 2119 3850 aliud
2158 3794 2397 3850 sensisse
2430 3793 2718 3865 Eulogium
2760 3795 3127 3865 patriarcbam
3158 3797 3395 3852 Alexan-

1826 3887 2042 3941 drinum
2071 3887 2340 3959 colligitur
2367 3902 2433 3942 ex
2465 3887 2898 3942 oratione.illius
2921 3889 3074 3943 tertia
3133 3890 3395 3945 adversus

1827 3978 2219 4036 calumniantes
2246 3988 2464 4035 sanctos
2487 3978 2697 4044 Patres,
2740 3991 2794 4035 et
2840 3983 3131 4038 concilium
3167 3983 3396 4040 Chalce-

1827 4071 2067 4126 donense
2109 4071 2208 4142 (7),
2254 4088 2377 4127 cum
2411 4073 2542 4127 dicit
2578 4092 2592 4127 :
2625 4074 2687 4125 Ei
2709 4073 2766 4126 δέ
2805 4091 2888 4139 τις
2913 4077 3046 4147 ἡμῖν
3081 4076 3395 4132 Ἀθανὰσιον

1828 4161 1886 4213 ἐν
1924 4160 2004 4231 τῷ
2027 4161 2170 4230 Περὶ
2211 4163 2570 4230 σαρκώσεως
2599 4163 2921 4238 προκομίζει
2965 4164 3126 4237 λόγῳ,
3171 4167 3265 4221 καὶ
3301 4167 3394 4222 τὸν

1825 4252 2253 4324 Νεοκαισαρείας
2297 4256 2593 4328 Γρηγόριον
2639 4257 2696 4309 ἐν
2734 4255 2831 4326 τῷ
2880 4258 3020 4325 Περὶ
3082 4257 3192 4326 τῆς
3245 4260 3394 4315 κατὰ

1818 4345 2000 4414 μέρος
2032 4347 2309 4413 πίστεως,
2344 4348 2436 4400 δύο
2468 4349 2646 4418 λέγειν
2681 4349 3008 4419 ικωλύοντας
3038 4350 3130 4403 ἐπὶ
3157 4352 3392 4425 Χριστοῦ

1824 4437 1921 4501 τὰς
1945 4437 2154 4506 φύσεις,
2178 4456 2232 4492 κ.
2259 4457 2308 4491 τ.
2334 4438 2382 4491 λ.
2417 4457 2435 4490 ι
2467 4437 2523 4494 Si
2552 4454 2677 4495 vero
2701 4441 2824 4510 quis
2855 4440 3011 4496 nobis
3032 4441 3390 4497 Athanasium

153 4503 286 4570 5°13.
341 4503 887 4606 animincogil?“‘ine
945 4509 1203 4606 ξιῖειὶηευὶ
1228 4554 1242 4579 ν
1293 4515 1434 4569 Uﬂde
1484 4519 1721 4587 Suspicio
1756 4539 1798 4594 υ
1826 4529 2064 4598 proferat
2094 4531 2146 4584 in
2181 4531 2320 4586 libro
2354 4531 2431 4585 De
2466 4533 2860 4601 incarnatione;
2893 4534 3208 4606 Gregorium
3261 4535 3390 4590 item

151 4603 278 4647 orta
312 4603 428 4648 erat
459 4610 487 4647 a
508 4594 766 4667 Gregorio
795 4596 962 4654 foveri
991 4600 1234 4656 haeresim
1257 4603 1506 4671 Sabellii;
1533 4625 1725 4678 quam-

151 4686 351 4740 obrem
415 4701 538 4741 eum
580 4687 813 4745 Basilius
877 4707 907 4745 a
956 4690 1356 4753 Sabellianismi
1415 4704 1725 4771 suspicione

149 4775 452 4832 defendere
493 4781 802 4848 contendit;
845 4783 938 4837 sed
971 4783 1236 4841 Vossiana
1282 4788 1575 4848 Sabellium
1625 4813 1724 4852 no-

150 4869 412 4924 minatim
465 4873 682 4937 refutat,
729 4878 906 4944 neque
956 4893 1195 4948 unquam
1246 4882 1379 4938 dicit
1412 4885 1625 4942 Patrem
1671 4900 1725 4945 et

147 4962 360 5016 Filium
390 4961 666 5032 hypostasi
699 4983 820 5024 esse
854 4985 1044 5039 unum,
1075 4983 1127 5028 et
1159 4976 1272 5030 sola
1310 4980 1540 5036 rationis
1572 4985 1722 5053 cogi-

146 5055 367 5110 talione
394 5055 685 5126 distingui;
730 5062 822 5116 sed
864 5074 1053 5120 contra
1098 5068 1260 5132 dicit,
1301 5069 1513 5127 Patrem
1553 5085 1606 5130 et
1635 5075 1724 5131 Fi-

144 5147 292 5203 lium
329 5159 521 5203 natura
550 5150 847 5209 divinitatis
880 5171 1000 5212 esse
1039 5173 1230 5226 unum,
1275 5171 1329 5217 et
1356 5180 1718 5236 unamquam-

228 5308 312 5390 (ξς)
351 5308 634 5390 Egregium
679 5312 783 5390 hoc
827 5330 927 5390 nec
968 5317 1132 5374 breve
1176 5324 1497 5390 opusculum
1541 5326 1723 5383 Thau-

147 5383 550 5468 maJt‘urgiunos
588 5383 819 5465 denique
853 5383 1036 5468 Graece
1075 5383 1344 5468 edidimus
1389 5410 1454 5468 ex
1496 5400 1721 5468 antiquo

148 5447 372 5536 co‘dice'
396 5447 657 5505 Vaticano
704 5447 756 5508 iu
783 5457 1076 5536 _\;9|uniine
1121 5447 1352 5536 septimo
1389 5447 1718 5536 δένέᾗὶὸύἒῖἓτῖ

146 5529 413 5593 veterum,
437 5531 585 5593 part.
617 5538 654 5587 ι,
699 5525 1020 5593 p.170-l76.
1049 5525 1205 5585 AJK

229 5586 775 5679 S§)_:llu.j}ismquoq'ue
804 5599 1069 5678 opusculi,
1099 5603 1244 5679 quod
1280 5601 1721 5679 Thaumaturgus

148 5658 383 5728 scripsit
412 5658 490 5714 De
516 5658 796 5729 Trinitate,
839 5658 1180 5738 insignenos
1210 5658 1583 5743 fragmentum
1593 5658 1720 5734 tendi:

145 5729 346 5806 dignus
383 5743 455 5784 ex
497 5730 701 5806 codice_
726 5733 956 5806 Arabico
989 5736 1112 5794 Vat.
1159 5741 1237 5806 (in
1271 5759 1431 5806 quam
1479 5748 1719 5806 linguam

147 5759 346 5808 υιειιυυ
383 5759 455 5784 ς.
497 5759 684 5786 υυυιυυ
726 5759 956 5792 nrautcu
998 5759 1112 5794 vat.
1159 5759 1237 5806 un
1271 5759 1431 5813 quam
1479 5759 1719 5818 linguam

147 5799 292 5854 olim
318 5812 642 5857 convenam
675 5802 870 5876 fuerat)
918 5805 1103 5880 Spicil.
1135 5809 1284 5868 Rom.
1309 5824 1364 5888 .t.
1390 5814 1474 5885 ΙΙΙ,
1512 5833 1562 5887 p.
1589 5818 1720 5876 696-

1799 5825 2187 5907 fragmentum
2203 5825 2564 5916 protulimus.
2591 5830 2656 5887 A.

1828 4621 2297 4694 Thaumaturgum
2343 4623 2395 4676 in
2434 4623 2574 4678 libro
2609 4624 2686 4678 De
2742 4627 2846 4694 [ide
2893 4627 3174 4681 secundum
3215 4637 3391 4698 partes

1825 4714 2082 4782 exposita,
2116 4713 2464 4784 prohibentes
2511 4713 2645 4768 duas
2677 4715 2731 4768 in
2759 4714 2980 4770 Christo
3019 4731 3265 4772 asserere
3296 4734 3391 4773 na-

1824 4812 2000 4869 turas,
2030 4825 2047 4856 ι
2093 4814 2200 4860 etc.
2251 4804 2315 4858 Et
2349 4820 2416 4859 ne
2441 4804 2507 4860 de
2541 4805 2647 4859 alia
2673 4821 2795 4860 eum
2839 4807 2987 4878 loqui
3017 4809 3256 4880 suspicio
3279 4812 3392 4865 ori-

1823 4905 1996 4963 retur,
2030 4896 2169 4950 infra
2209 4912 2276 4951 ex
2308 4895 2496 4951 eadem
2535 4897 2641 4966 ﬁde
2666 4898 2829 4953 verba
2874 4899 2964 4954 illa
2996 4901 3224 4970 profert,
3269 4918 3391 4974 quae

1822 4987 2149 5058 Apollinaris
2181 4988 2508 5058 impietatem
2549 4989 2793 5045 redolere
2827 4991 3149 5047 videbantur
3180 5011 3193 5047 :
3227 4994 3289 5046 'H
3327 4995 3388 5048 δὲ

1823 5081 1913 5133 τὸν
1943 5080 2365 5152 Θαυματουργὺν
2393 5081 2690 5154 Γρηγόριον
2719 5083 3123 5157 ὑποϐαλλομένη
3171 5086 3388 5157 χρῆσις,

1822 5173 2038 5250 λέγεῖαι
2076 5175 2175 5246 μὲν
2224 5175 2333 5246 γὰρ
2356 5175 2562 5229 ἐκείνου
2583 5215 2598 5240 ,
2620 5176 2708 5232 τὸν
2749 5176 2806 5230 δὲ
2852 5179 3252 5252 Ἀπολλινάριον
3275 5179 3388 5231 εἰσ-

2203 5405 2383 5491 ίιοοθι
2414 5408 2750 5491 subsequens
2775 5407 2991 5491 Eulogii
3002 5407 3384 5491 testimonium

1822 5474 2055 5530 Allatius
2092 5475 2199 5528 ἀπὸ
2234 5477 2499 5542 στόματος
2527 5474 2736 5533 Φὼτίου
2785 5481 2838 5534 in
2869 5474 3225 5540 Bibliotheca,
3257 5480 3384 5532 cod.

1820 5559 2014 5617 ccxxx,
2053 5561 2108 5616 p.
2132 5546 2255 5617 845.
2293 5546 2478 5616 Neque
2504 5549 2647 5604 enim
2683 5551 2896 5605 illarum
2924 5549 2982 5602 ll
3012 5547 3222 5617 Eulogii
3263 5562 3390 5603 ora-

1823 5616 2028 5689 tionum
2055 5616 2350 5689 quidquam
2385 5629 2653 5687 superest,
2676 5629 2869 5689 praeter
2893 5619 3070 5673 Photii
3107 5616 3382 5689 θέρει-μιῇ.

1819 5685 1932 5741 Nos
1962 5685 2157 5760 tanien
2197 5685 2392 5760 script.
2424 5685 2524 5743 vet.
2563 5699 2600 5744 t.
2629 5685 2741 5758 Ἧι,
2773 5697 2914 5760 part.
2938 5705 2978 5755 ι,
3023 5703 3077 5758 p.
3104 5686 3229 5753 177,
3261 5685 3388 5760 178,

1821 5769 1887 5809 ex
1928 5757 2034 5812 alio
2060 5755 2273 5829 Eulogii
2316 5755 2628 5841 dogmatico
2679 5755 2842 5889 prere
2878 5775 2987 5818 non
3017 5755 3388 5830 spernendqu

1823 5825 2187 5889 fragmentum
2220 5830 2564 5889 protulimus.
2591 5830 2656 5887 A.
2737 5870 2752 5887 .
2842 5886 2849 5889 _
