3972 6318
617 305 756 364 1225

1493 305 1739 361 LEONIS
1774 301 2053 360 ALLAT“
2091 301 2413 364 DlATlllBA
2450 305 2538 362 DE
2575 304 2986 363 THEODORIS.

3613 319 3714 380 12³4

615 418 851 492 κομίζει,
894 417 1198 491 κατάφορον
1239 419 1596 492 προϐάλλεται
1625 423 1723 494 τὴν
1744 422 1998 480 ἁτοπίαν’
2029 423 2176 491 λέγει

2276 423 2674 494 judicarentur,
2725 421 2772 478 si
2831 421 2921 476 ille
2971 429 3124 476 antea
3176 422 3445 492 probasset,
3482 429 3553 483 vel
3594 447 3716 490 unam

612 511 741 593 γάρ·
760 511 867 566 Καὶ
897 509 1029 565 ἐστι
1075 510 1217 576 Θεὸς
1253 512 1535 579 ἀληθινὸς
1567 516 1599 567 ό
1620 513 1885 584 ἄσαρκος
1906 516 1973 568 ἐν
1996 516 2175 584 σαρκὶ

613 601 967 674 φανερωθείς
989 641 1003 665 ,
1065 601 1289 668 τέλειος
1352 602 1426 672 τῇ
1485 605 1741 673 ἀληθινῇ
1790 607 1889 660 καὶ
1935 607 2062 674 θείᾳ
2087 624 2178 660 τε-

612 695 898 761 λειότητι,
937 695 1009 746 οὺ
1044 692 1152 746 δύο
1189 693 1495 760 πρόσωπα,
1525 695 1664 748 οὐδὲ
1687 696 1761 766 (8)
1793 696 1901 750 δύο
1930 699 2196 766 φύσειςσε

612 783 754 839 οὐδὲ
782 784 889 853 γὰρ
929 783 1227 852 τέσσαρας
1261 786 1625 852 προσκυνεῖν
1650 785 1921 857 λέγομεν.
1953 806 1972 840 ι
2001 787 2178 843 Testi-

613 876 854 930 monium
885 875 1028 944 quod
1059 874 1305 946 Gregorii
1336 875 1725 950 Thaumaturgi
1760 881 1978 935 nomine
2006 881 2178 951 subji-

614 967 771 1029 citur,
790 965 932 1024 illius
949 965 1163 1036 quidem
1189 981 1308 1020 esse
1331 966 1546 1034 dicitur,
1570 970 1664 1023 sed
1681 970 2009 1039 Apollinaris
2029 989 2170 1040 esse,

615 1057 921 1112 absurditas
973 1057 1063 1111 illa
1124 1056 1410 1113 manifeste
1474 1058 1731 1115 declarat.
1795 1059 1965 1116 liabet
1997 1063 2173 1117 enim:

615 1147 683 1200 Et
713 1159 786 1201 est
821 1165 968 1200 verus
997 1149 1153 1214 Deus,
1177 1148 1266 1218 qui
1296 1165 1413 1201 cum
1437 1160 1568 1202 esset
1589 1151 1701 1204 sine
1725 1168 1879 1206 carne
1935 1155 1987 1207 in
2023 1171 2177 1207 carne

614 1239 881 1308 apparuit,
935 1240 1193 1308 perfectus
1242 1255 1359 1293 vera
1398 1239 1674 1311 divinaque
1703 1244 2034 1312 perlectione,
2074 1261 2176 1298 non

613 1334 731 1386 dare
749 1349 1002 1402 persona,
1019 1348 1176 1403 neque
1195 1331 1314 1385 dum
1341 1343 1560 1399 naturw,
1600 1351 1758 1406 neque
1791 1337 1927 1390 enim
1951 1347 2178 1408 quatuor

613 1425 836 1478 adorare
868 1425 1112 1479 dicimus.
1142 1442 1160 1474 ι
1210 1421 1334 1478 Haec
1362 1434 1541 1479 autem
1576 1427 1737 1481 verba
1769 1427 1915 1497 leges
1949 1430 2174 1483 omnino

614 1516 668 1571 in
703 1517 942 1572 editione
984 1514 1279 1570 Parisicnsi
1325 1513 1715 1588 Thaumaturgi
1767 1534 1890 1590 pag.
1928 1519 2022 1573 101
2073 1520 2170 1589 (9).

612 1607 859 1662 Monachi
905 1607 1030 1661 item
1060 1607 1356 1661 Palaestinae
1399 1608 1452 1662 in
1496 1609 1721 1678 epistola
1772 1611 1838 1665 ad
1865 1611 2174 1667 Alcisonem

613 1701 753 1771 apud
794 1699 1079 1769 Evagrium
1131 1701 1224 1753 lib.
1276 1715 1336 1753 Ill
1362 1741 1376 1763 ,
1423 1716 1542 1770 cap.
1583 1702 1670 1754 5|:
1710 1702 1819 1756 Kal.
1853 1703 1914 1756 οὐ
1957 1702 2172 1774 Θαῦμα·

612 1789 720 1854 καὶ,
749 1788 855 1860 γὰρ
883 1790 974 1842 καὶ
1007 1788 1195 1857 λόγους
1229 1791 1486 1862 Πατέρων
1525 1790 1781 1854 πολλάκις
1813 1791 2173 1846 νενοοεύκασιο
2207 1779 2249 1832 Β
2279 1787 2611 1859 καρίζοντες.

613 1878 842 1942 πολλοὺς
911 1879 967 1932 δὲ
1027 1879 1430 1950 Ἀπολλιναρίου
1485 1880 1676 1950 λόγους
1735 1881 2033 1954 Ἀθανασίῳ
2083 1884 2178 1937 καὶ

611 1973 895 2044 Γρηγορίῳ
939 1971 1017 2044 τῷ
1060 1973 1488 2045 Θαυματουργῷ,
1537 1973 1630 2027 καὶ
1683 1974 1918 2044 Ἰουλίῳ,
1953 1975 2043 2029 διὰ
2071 1975 2178 2029 τῶν

613 2063 930 2137 ἐπιγραφῶν
975 2064 1414 2130 ἀνατεθείκασιν,
1469 2059 1550 2129 οἷς
1594 2064 1824 2136 μάλιστα
1875 2066 2001 2129 τοὺς
2051 2065 2179 2120 πολ-

610 2156 734 2221 λοὺς
781 2157 913 2229 πρὸς
945 2156 1044 2220 τὰς
1079 2157 1213 2220 ἰδίας
1247 2156 1496 2220 ἀσεὸείας
1533 2155 1954 2227 σφετερίζονται.
2015 2175 2034 2209 ι
2068 2155 2177 2212 Nec

611 2249 770 2318 plane
808 2248 1028 2301 mirum.
1084 2244 1296 2301 Etenim
1355 2255 1670 2300 sanctorum
1726 2244 1946 2299 Patrum
2007 2245 2177 2301 libros

617 2354 758 2408 saepe
801 2339 1200 2408 depravarunt,
1262 2336 1569 2407 multosque
1619 2335 1953 2406 Apollinaris
2006 2335 2176 2390 libros

612 2429 930 2494 Athanasio,
959 2429 1220 2498 Gregorio
1255 2435 1616 2499 cognomento
1646 2425 2080 2498 Thaumaturgo,
2124 2436 2177 2482 et

610 2519 792 2585 Julio,
857 2519 1303 2590 inscriptionibus
1370 2519 1719 2573 commutatis
1769 2519 2173 2585 attribuerunt,

610 2613 808 2682 quibus
848 2611 1066 2682 quidem
1116 2610 1269 2666 libris
1320 2610 1584 2679 plurimos
1644 2611 1698 2663 in
1740 2625 1899 2664 suum
1947 2609 2174 2678 impium

611 2719 850 2759 errorem
888 2703 1170 2758 inducunt.
1207 2721 1226 2754 ι
1278 2700 1343 2756 Et
1367 2712 1558 2756 auctor
1591 2700 1726 2756 Vita:
1752 2703 1924 2755 sancti
1953 2699 2178 2754 Maximi

611 2798 947 2868 homologeta:
993 2796 1100 2864 (ed.
1151 2793 1464 2858 Combelis.,
1519 2801 1559 2846 t.
1588 2791 1646 2855 Ι,
1698 2793 1900 2862 p.11):
1938 2792 2004 2844 Τί
2045 2787 2175 2858 οὖν;

611 2892 686 2942 Οὐ
721 2891 850 2962 δέχῃ
879 2887 1314 2960 μίαν.ἐνέργειαν
1350 2884 1458 2938 τῶν
1509 2884 1777 2956 ἐκκρίτων
1813 2883 2174 2950 eameam;

611 2979 721 3031 Kal.
769 2979 942 3048 ἧγαγε
989 2975 1260 3037 Θεοδόσιος
1308 2973 1406 3036 τὰς
1451 2972 1816 3044 ψευδωνύμως
1850 2976 1975 3046 παρ’
2000 2965 2176 3028 αὐτῶν

611 3068 1041 3142 περιφερομένας
1098 3069 1173 3132 ὠς
1239 3066 1454 3120 Ἰουλίου
1517 3067 1614 3138 τῆς
1660 3065 1905 3136 ’1)ὡμης,
1955 3067 2047 3119 καὶ
2084 3067 2174 3120 τοῦ

609 3160 1033 3234 Θαυματουργοῦ
1059 3160 1374 3232 Γρηγορίου,
1403 3160 1495 3214 καὶ
1531 3160 1844 3213 Ἀοανασίου
1873 3159 1980 3212 τῶν
2008 3161 2175 3230 ἁγίων

611 3254 851 3324 χρήσειςη
899 3253 992 3308 καὶ
1058 3252 1261 3320 ἀνέγνω
1309 3252 1496 3316 αὐτάς.
1544 3252 1653 3305 Καὶ
1717 3247 1836 3304 εἷπε
1896 3252 2170 3324 Μάξιμος·

607 3343 933 3415 Φοϐηθῶμεν
959 3344 1022 3415 δὴ
1063 3344 1152 3397 τὸν
1182 3343 1333 3407 Θεὸν,
1386 3343 1478 3396 καὶ
1519 3343 1592 3414 μὴ
1624 3341 1934 3414 Θελήσωμεν
1973 3361 2175 3417 παρορ-

608 3437 759 3506 γίσαι
789 3437 948 3490 αὐτὸν
979 3437 1070 3490 ἐπὶ
1129 3440 1193 3509 τῇ
1236 3439 1533 3510 παραγωγῇ
1570 3436 1674 3490 τῶν
1710 3437 1995 3508 αἱρετικῶν
2043 3439 2173 3509 χρή-

611 3546 767 3582 σεων·
816 3528 987 3592 οὐδεὶς
1031 3527 1138 3599 γὰρ
1183 3529 1383 3598 ἀγνοεῖ,
1425 3526 1627 3592 ταύτας
1665 3523 1802 3580 εἶναι
1846 3527 1939 3581 τοῦ
1981 3527 2171 3581 δυο-σε-

609 3621 737 3685 δοῦς
799 3619 1230 3691 Ἃπολλιναρίουο
1286 3621 1333 3672 εί
1389 3620 1484 3691 μὲν
1535 3619 1698 3683 ἄλλας
1756 3618 1928 3690 ἔχεις,
1980 3619 2168 3687 δεῖξον.

613 3732 634 3765 ι
663 3711 799 3779 Quid
835 3712 1029 3782 igitur?
1060 3709 1176 3764 Non
1213 3710 1467 3767 admittes
1495 3727 1658 3766 unam
1692 3712 1981 3778 actionem,
2005 3727 2170 3782 quam

607 3803 793 3858 selecti
827 3801 1017 3856 Patres
1059 3799 1290 3870 professi
1339 3800 1507 3856 sunt?
1545 3799 1612 3855 Et
1648 3801 1874 3856 adduxit
1914 3799 2168 3856 Theodo-

607 3894 744 3959 sius,
791 3909 911 3965 quaa
955 3894 1093 3949 falso
1128 3893 1231 3948 sub
1264 3901 1576 3948 sanctorum
1611 3893 1831 3947 nomine
1877 3891 2168 3947 circumfe-

608 3985 888 4053 rebantur,
922 3985 1231 4041 testimonia
1256 3983 1388 4038 Julii
1417 3981 1669 4050 Romani,
1705 3981 1955 4053 Gregorii
1983 3983 2168 4037 Thau-

607 4078 868 4146 maturgi,
910 4086 964 4132 et
995 4076 1300 4140 Athanasii,
1337 4083 1392 4130 et
1437 4075 1564 4146 legit
1595 4090 1678 4128 ea.
1726 4073 1863 4128 Tum
1897 4073 2168 4131 Maximus

604 4168 742 4224 dixit
784 4187 798 4222 :
831 4167 1144 4222 Timeamus
1177 4165 1486 4229 Dominum,
1519 4173 1572 4218 et
1599 4180 1707 4219 non
1735 4165 1803 4218 ad
1831 4164 2167 4221 iracundiam

606 4260 760 4314 illum
813 4272 1172 4329 provocemus
1229 4255 1536 4310 inductione
1577 4253 1953 4309 haareticorum
2014 4257 2170 4310 testi-

605 4351 934 4406 moniorum.
981 4346 1151 4401 Nemo
1193 4345 1458 4416 siquidem
1502 4344 1716 4414 ignorat
1753 4360 1814 4400 ea
1849 4359 1970 4400 esse
2016 4345 2165 4415 impii
2224 4361 2226 4364 ·

2280 525 2485 570 tantum
2517 514 2641 569 ﬁdei
2674 513 3068 594 expositionem
3098 527 3128 566 a
3150 511 3509 586 Thaumaturgo
3529 524 3713 576 conscri-

2277 615 2424 677 ptam
2469 605 2671 671 fuisse;
2724 612 2820 658 aut
2857 619 3000 669 eam,
3040 602 3105 656 de.
3143 617 3243 672 qua
3286 605 3384 672 agit
3408 605 3616 672 Basilius.
3639 625 3720 668 non

2277 696 2439 750 aliam
2486 710 2606 750 esse
2646 709 2809 764 quam
2855 692 3001 746 illam
3041 707 3203 761 quam
3238 689 3440 748 Vossius
3481 696 3704 762 publicavit

2277 786 2479 842 Verum
2521 802 2645 841 cum
2683 785 2994 855 oppositum
3015 783 3187 854 magis
3208 792 3392 853 pateat,
3415 781 3728 842 VossianaFidei

2277 880 2444 934 editio
2475 878 2653 933 adhuc
2685 886 2792 932 stat
2820 876 3058 942 ﬁrmius;
3095 883 3148 930 et
3189 875 3288 929 nisi
3316 876 3611 934 validioribus
3630 895 3724 936 con-

2277 973 2524 1027 vellatur'
2549 969 2844 1034 machinis,
2873 967 3060 1023 stabit.
3090 966 3477 1024 Consideremus
3500 971 3630 1024 verba
3650 971 3724 1026 Ba-

2277 1064 2388 1119 silii
2428 1062 2494 1117 ad
2528 1059 2995 1116 Neocresarienses
3041 1058 3147 1128 (ep.
3170 1053 3284 1120 cex,
3316 1058 3399 1124 5):
3453 1060 3661 1130 Καθῆκαν

2275 1173 2397 1210 τινα
2437 1158 2628 1226 πεῖραν
2675 1153 2740 1206 δι’
2781 1151 3098 1222 ἐπιστολῆς,
3139 1151 3230 1203 καὶ
3270 1150 3390 1221 πρὸς
3417 1150 3495 1204 τὸν
3527 1152 3726 1224 apaula,

2277 1248 2432 1318 ἡμῶν
2489 1245 2746 1315 ’Δνθιμον
2802 1243 2909 1296 τῶν
2959 1243 3180 1296 Τυάνων
3235 1243 3516 1307 ἐπίσκοπον,
3568 1244 3627 1307 ὡς
3655 1248 3728 1316 ἄρα

2276 1337 2578 1410 Γρηγορίου
2613 1337 2854 1400 εἰπόντος
2904 1338 2960 1389 ἐν
2994 1334 3250 1388 Ἐκθέσει
3297 1335 3535 1401 πίστεως·
3572 1336 3728 1407 Πατέρα

2277 1432 2371 1484 καὶ
2417 1429 2544 1482 Υίὸν
2598 1428 2808 1499 ἐπινοίᾳ
2845 1427 2941 1498 μὲν
2994 1423 3131 1480 εἶναι
3167 1425 3284 1488 δύο,
3329 1427 3581 1482 ὑποστάσει
3611 1428 3726 1481 δὲένι

2275 1519 2432 1574 τοῦτο
2458 1520 2513 1573 δέ
2537 1519 2618 1572 ὅτι
2657 1519 2717 1571 οὐ
2751 1516 3092 1589 δογματικῶς
3113 1517 3340 1587 εἴρηται,
3385 1517 3481 1570 ἀλλ’
3517 1519 3730 1585 ἀγωνιττιι

2277 1611 2385 1676 κῶς
2417 1613 2476 1664 ἐν
2504 1613 2568 1683 τῇ
2599 1610 2748 1679 πρὸς
2776 1610 3056 1664 Allius-or
3094 1608 3342 1676 διαλέξει,
3363 1610 3453 1662 οὐκ
3475 1609 3732 1680 ἠδυνήθησαν

2281 1697 2507 1752 συνιδεῖν
2552 1698 2601 1752 οἱ
2644 1697 2736 1750 ἐπὶ
2765 1697 3051 1768 λεπτότητι
3079 1697 3187 1752 τῶν
3221 1697 3417 1769 φρενῶν
3456 1698 3638 1762 samo-‘3;
3660 1717 3731 1768 μα-

2705 1806 2724 1839 (
2769 1787 3114 1843 lmmiserunt
3191 1799 3364 1844 autem
3432 1797 3731 1843 tentamentum

2277 1877 2548 1949 quoddam
2579 1893 2674 1948 per
2697 1878 2981 1947 epistolam
3010 1880 3172 1934 etiam
3205 1880 3267 1934 ad
3285 1879 3504 1948 ejusdem
3528 1879 3732 1934 nobiscum

2277 1971 2566 2026 sententiae
2603 1970 2916 2026 Anthimum
2943 1969 3254 2042 Tyanornm
3288 1971 3592 2041 episcOpum,
3627 1972 3734 2039 quasi

2276 2059 2570 2132 Gregorius
2624 2061 2679 2116 in
2727 2061 3066 2130 Expositione
3110 2063 3238 2131 ﬁdei
3296 2064 3480 2118 dixerit
3511 2062 3736 2116 Palremet

2278 2152 2508 2222 Filium,
2551 2155 2708 2224 juxta
2759 2154 2956 2209 mentis
3007 2154 3298 2223 quamdam
3347 2154 3736 2210 considerationem

2277 2244 2414 2300 duos
2451 2260 2592 2309 esse,
2625 2245 2901 2316 bypostasi
2959 2259 3088 2298 vero
3140 2261 3330 2299 unum.
3365 2243 3469 2299 Hoc
3493 2254 3635 2298 autem
3664 2259 3738 2296 non

2278 2335 2578 2405 dogmatice
2637 2336 2732 2390 sed
2787 2335 3098 2390 decertandi
3150 2351 3316 2390 causa
3367 2337 3419 2390 in
3471 2335 3643 2404 dialogo
3673 2336 3738 2386 ad-

2277 2443 2454 2482 versus
2476 2427 2756 2481 Elianum
2796 2429 3001 2484 dictum
3049 2440 3196 2490 esse,
3242 2427 3521 2496 intelligere
3550 2425 3738 2494 nequive-

2278 2526 2425 2583 runt,
2472 2518 2566 2588 qui
2615 2526 2835 2587 propter
2872 2515 3210 2586 intelligendi
3257 2514 3577 2570 subtilitatem
3611 2512 3742 2564 beatus

2278 2625 2397 2665 sese
2421 2617 2692 2680 reputant.
2718 2627 2736 2661 ι
2774 2608 2907 2663 Illud
2937 2610 2994 2662 ἐν
3028 2599 3244 2661 ἐκθέσει
3274 2609 3492 2668 πίστεως
3521 2602 3739 2658 indeﬁnite.

2276 2715 2329 2759 et
2353 2703 2617 2776 ἀορίστως
2643 2703 2936 2774 prolatum,
2959 2712 3013 2758 et
3043 2703 3192 2758 nullo
3221 2702 3440 2757 articulo
3464 2700 3521 2754 ad
3545 2695 3744 2768 singulare

2277 2795 2553 2865 quidpiam
2603 2794 2881 2864 alligatum
2903 2838 2917 2860 ,
2962 2795 3166 2849 nullam
3202 2795 3360 2850 nobis
3396 2803 3573 2849 certam
3608 2805 3654 2844 ac
3679 2789 3740 2842 de-

2279 2889 2620 2942 terminatam
2651 2887 2773 2942 ﬁdei
2804 2887 3198 2956 expositionem
3227 2895 3404 2952 notat;
3434 2885 3517 2940 sed
3548 2890 3683 2946 sonat,
3705 2881 3741 2932 in

2277 2993 2384 3032 una
2422 2979 2760 3048 expositione
2807 2995 2836 3032 a
2868 2978 3276 3049 Thaumaturgo
3315 2977 3470 3032 edita.
3500 2973 3624 3040 Quod
3649 2973 3681 3025 si
3706 2972 3742 3023 in

2280 3085 2388 3123 una
2436 3070 2509 3124 ita
2557 3071 2948 3139 pronuntiavit,
2991 3069 3199 3139 absque
3243 3069 3404 3123 dubio
3444 3067 3560 3121 alias
3592 3076 3743 3134 quoque

2279 3163 2578 3216 confecisse
2632 3161 2991 3216 indubitatum
3051 3161 3392 3230 relinquitur.
3447 3158 3562 3225 Qua:
3598 3156 3634 3210 si
3671 3168 3744 3206 una

2275 3264 2483 3308 tantum
2520 3253 2731 3317 fuisset,
2765 3269 2871 3307 non
2902 3256 2958 3307 ἐν
2992 3253 3204 3307 ἐκθέσει
3250 3253 3493 3316 πίστεως,
3523 3250 3599 3305 sed
3635 3251 3675 3300 ὲν
3699 3245 3744 3314 τῇ

2275 3346 2486 3399 ἐκθέσει
2522 3347 2618 3417 τῆς
2650 3346 2883 3409 πίστεως
2913 3344 3142 3400 Basilius
3181 3345 3585 3415 pronuntiasset,
3612 3354 3744 3409 quem-

2275 3437 2567 3491 admodum
2626 3437 2786 3506 paulo
2847 3445 2970 3506 post
3010 3437 3178 3502 dixit,
3227 3438 3284 3489 ἐν
3312 3439 3377 3507 τῇ
3413 3434 3534 3506 πρὸς
3570 3428 3743 3486 Αίλιανὺν

2272 3528 2524 3594 διαλέξει,
2549 3530 2672 3599 quia
2712 3545 2818 3582 una
2851 3528 3194 3583 solummodo
3224 3527 3400 3582 fuerat
3439 3527 3500 3580 ad
3523 3524 3742 3579 Ailianum.

2273 3622 2535 3690 Praeterea
2572 3623 2738 3677 editio
2785 3622 2874 3676 illa
2914 3622 3039 3691 ﬁdei
3069 3637 3164 3692 per
3193 3622 3413 3676 modum
3445 3619 3671 3674 dialexeos
3699 3610 3743 3663 ad

2273 3714 2584 3780 Elianum,
2622 3727 2813 3782 nempe
2853 3711 3180 3782 disputando
3215 3722 3269 3767 et
3301 3709 3590 3767 altercando
3619 3705 3746 3760 habita

2270 3815 2375 3872 est,
2415 3806 2574 3876 cujus
2616 3803 2998 3874 disputationis
3043 3819 3110 3858 ne
3155 3804 3439 3874 vestigium
3477 3800 3653 3870 quidem
3680 3810 3745 3862 ap—

2270 3909 2422 3970 paret
2474 3899 2528 3953 in
2569 3897 2852 3952 Vossiana.
2897 3897 3075 3962 Quare
3117 3895 3541 3952 concludendum
3577 3890 3747 3947 videtur,

2270 3993 2494 4048 omnino
2516 3992 2582 4046 de
2606 3991 2714 4044 alia
2735 3988 3072 4059 expositione
3097 3987 3220 4042 lidei
3252 3989 3305 4041 in
3329 4003 3389 4043 ea
3411 3984 3609 4055 epistola
3635 3977 3749 4032 rerlu

2269 4081 2464 4141 fecisse
2485 4083 2768 4145 Basiliutn,
2794 4092 2846 4135 et
2862 4081 3024 4134 aliam
3053 4079 3212 4135 nobis
3236 4077 3486 4134 Vossium
3513 4074 3747 4132 tradidisse.

2336 4177 2406 4231 At
2437 4175 2697 4231 Vossiana
2727 4170 2937 4228 videtur
2960 4187 3083 4227 esse
3124 4173 3326 4242 scripta
3359 4178 3536 4228 contra
3559 4166 3746 4220 Ariauos.

2269 4271 2441 4325 multo
2467 4269 2873 4335 'l‘banmaturgo
2901 4265 3250 4320 recentiores.
3295 4265 3427 4319 Cum
3453 4262 3654 4316 Ariauos
3677 4269 3748 4306 non

2268 4362 2543 4424 nominet,
2592 4375 2782 4429 parum
2841 4357 3007 4413 refert
3051 4358 3094 4413 si
3150 4357 3357 4428 Spiritu
3411 4355 3567 4409 fretus
3601 4349 3747 4408 divino.

604 4441 948 4512 Apollinaris.
982 4437 1039 4493 Si
1059 4453 1186 4493 vero
1212 4436 1316 4490 alia
1342 4447 1512 4498 tenes,
1544 4435 1822 4490 ostende.»
1851 4432 1986 4490 Hinc
2011 4435 2167 4505 plane
2199 4454 2242 4508 ι)
2272 4463 2556 4523 antequam
2603 4460 2748 4507 esse;
2771 4493 2786 4514 ν
2844 4450 3091 4505 Ιηθτεδίη]
3142 4450 3400 4503 AI-ianam
3444 4445 3648 4516 jugulat.
3705 4435 3750 4490 llt

605 4534 820 4588 videtur
847 4531 1104 4601 professio
1138 4529 1240 4583 ista
1274 4525 1398 4598 ﬁdei
1435 4541 1465 4579 e
1495 4525 1742 4597 Gregorii
1765 4525 2162 4596 Thaumaturgi

607 4622 885 4692 operibus,
929 4621 1008 4675 uti
1052 4619 1428 4674 haereticorum
1478 4618 1619 4673 fetus
1655 4617 1946 4687 genuinus,
1989 4615 2166 4669 elimi-

606 4714 784 4768 nanda
836 4722 998 4782 atque
1052 4712 1482 4768 exterminanda.
1551 4709 1656 4765 Sed
1709 4707 2162 4765 considerandum

605 4813 690 4860 est
717 4803 769 4856 id
801 4804 1131 4859 accuratius.

673 4911 984 4966 Bellarmini
1048 4923 1367 4982 argumenta
1425 4911 1656 4982 alicujus
1713 4924 1840 4966 esse
1901 4905 2161 4962 momenti

673 5096 752 5166 (8)
786 5093 949 5149 Vides
987 5093 1249 5162 insignem
1283 5093 1670 5166 Monophxsitae
1712 5092 1940 5166 alicujus
1976 5091 2159 5166 homi-

607 5153 896 5236 nis,'qui,
932 5173 993 5236 ut
1025 5153 1152 5236 mdx
1193 5153 1468 5228 dicemus,
1499 5153 1906 5236 ATjhaumaturgi
1957 5161 2160 5236 scripta

604 5231 889 5306 corrupit,
935 5235 1216 5306 fraudem,
1276 5237 1404 5289 dum
1460 5233 1980 5306 obasgscripsit‘pro
2024 5231 2159 5306 ἀλλὰ

606 5301 806 5378 (neque;
842 5321 938 5375 pro
961 5305 1095 5378 sed),
1122 5315 1282 5373 atque
1311 5306 1383 5360 ita
1414 5320 1482 5378 ex
1508 5303 1811 5378 orthodoxe
1840 5301 2156 5378 Gregorium

605 5373 731 5434 fecit
762 5373 1189 5446 Menophysitam
1245 5379 1441 5446 (neque
1474 5377 1613 5430 hanc
1645 5375 1860 5446 brevem
1905 5373 2160 5446 interpo-

605 5450 856 5504 lationem
894 5441 1153 5515 Eulogius
1199 5441 1313 5514 ipse
1354 5441 1552 5500 diserte
1595 5444 1859 5515 agnovit).
1904 5441 2157 5515 llem_ita

609 5535 666 5573 se
700 5519 898 5572 habere
925 5508 1264 5571 denfonstrat
1307 5517 1577 5571 sincerum
1620 5508 1954 5581 excerptum,
1980 5527 2014 5565 a
2043 5508 2160 5563 Sir-

605 5589 810 5641 mondo
855 5585 1120 5656 prolatum
1155 5587 1207 5639 in
1239 5586 1366 5640 adn.
1398 5655 1401 5656 ν
1429 5587 1516 5656 ad,
1551 5580 1865 5656 Facundum
1915 5580 2159 5656 llermia-

605 5649 870 5719 nensem;
933 5657 1094 5726 quod
1134 5671 1259 5710 mox
1301 5655 1546 5726 recitabit
1578 5653 1841 5726 Allatius.
1871 5649 2158 5726 _Jam\_'ero

605 5727 673 5782 de
698 5721 968 5796 corruptis
995 5725 1421 5783 orthodoxorum
1470 5724 1622 5780 libris
1653 5722 1842 5778 fraude
1871 5721 2156 5775 haeretico-

2265 4547 2410 4601 enim
2440 4546 2637 4599 veritas
2679 4545 2732 4598 in
2764 4542 3004 4597 Ecclesia
3036 4542 3220 4596 haberi
3260 4541 3430 4611 possit
3454 4555 3515 4593 ex
3541 4534 3746 4590 Patrium

2263 4646 2317 4690 et
2347 4645 2546 4688 exorta:
2593 4634 2822 4688 haereses
2851 4633 3012 4686 dictis
3053 4632 3402 4702 antiquorum
3452 4627 3748 4699 proﬂigentur.

2264 4726 2444 4778 divina
2487 4723 2820 4794 providentia
2867 4722 3067 4777 factum
3107 4733 3211 4790 est,
3250 4732 3310 4776 ut
3341 4721 3566 4776 veritatis
3598 4712 3747 4768 sentin!

2266 4819 2318 4874 in
2366 4819 2710 4888 antiquorum
2767 4817 2982 4885 scriptis
3039 4815 3460 4876 ollenderentur,
3511 4819 3560 4866 et
3593 4815 3750 4862 errores

2270 4925 2462 4965 recens
2504 4911 2615 4964 nati
2660 4909 2979 4963 auctoritate
3009 4908 3276 4978 majorum
3323 4907 3673 4960 refutat-catur.
3705 4891 3749 4945 Et

2263 5099 2383 5141 rum
2405 5125 2420 5149 ,
2462 5082 2552 5137 diu
2586 5095 2685 5134 nos
2717 5078 2882 5133 locuti
2912 5093 3102 5149 sumus
3136 5077 3194 5149 in
3219 5074 3600 5149 dissertatione,
3629 5076 3751 5149 qua!“

2265 5145 2433 5210 habes
2461 5159 2516 5213 in
2541 5155 2701 5223 hujus
2721 5152 2888 5212 Nata:
2914 5148 3028 5204 PP.
3055 5147 3395 5202 Bibliomeca:
3429 5155 3562 5199 torno
3583 5145 3748 5208 quarto.

2263 5223 2655 5380 Αςςέῗϐιδωοθ,
2683 5289 2827 5380 apud
2876 5303 2974 5380 nLos
2998 5287 3201 5380 ξετερι.
3237 5294 3423 5380 venit.
3460 5280 3564 5380 V’ltl2
3592 5269 3750 5380 ρέέξῖ

2263 5345 2552 5432 υδὶᾟωῂίέ
2581 5345 2665 5415 eSt
2693 5345 3137 5432 lljonophysitica'
3152 5358 3426 5432 corruptio
3460 5345 3752 5432 οὐδέςειειξί

2264 5437 2314 5490 id
2359 5428 2671 5501 corruptum
2699 5428 3091 5501 Thaumaturgi
3141 5428 3502 5501 testimonium
3547 5428 3749 5501 etiam!"

2262 5506 2447 5560 codice
2490 5494 2722 5556 Arabico
2748 5500 2870 5552 Vat.
2903 5494 3120 5564 101,'iu
3151 5513 3259 5566 quo
3303 5508 3428 5551 sunt
3461 5494 3650 5568 Patrum
3675 5497 3749 5568 ex:

2261 5584 2442 5644 cerpta
2477 5573 2544 5626 ab
2579 5573 2793 5626 [nurnine
2816 5561 3540 5648 Μοηορίιγείιιίροιιεςιο,,ιιι
3563 5561 3752 5635 dixinws

2262 5647 2315 5698 in
2366 5642 2552 5702 Spicil.
2601 5642 2750 5695 Rom.
2801 5649 2838 5694 t.
2872 5639 2936 5693 lll
2966 5679 2981 5702 ,
3031 5640 3230 5702 p.665,
3283 5639 3373 5694 ubi
3422 5626 3750 5702 ahquotdlmc

2262 5647 2315 5698 in
2358 5642 2552 5712 'Spicil.
2601 5642 2750 5695 Rom.
2801 5649 2838 5694 t.
2872 5642 2936 5693 ιιι
2966 5679 2981 5708 ,
3029 5642 3230 5710 ρ.6ϋὸ,

2262 5715 2604 5787 protulimus.
2641 5713 2708 5766 A.
2739 5709 2811 5766 Μ.
