3972 6318
260 356 400 414 1225

1105 354 1351 415 LEONIS
1382 354 1654 411 ALLATII
1684 354 2007 412 DlATRIBA
2038 353 2130 409 DE
2170 351 2581 410 THEODORIS.

3349 354 3488 411 1226

253 473 597 531 divinitatem
653 469 774 526 Filii
811 486 919 526 non
965 470 1197 540 primum
1246 471 1473 535 Arium,
1527 470 1620 525 sed
1676 471 1810 526 alios

1930 472 1993 533 είς
2047 468 2346 541 μαρτυρίαν
2377 466 2680 539 Γρηγόριον
2726 466 2816 521 τὸν
2858 468 2915 520 ὲν
2962 467 3200 537 θαύμασι
3263 468 3493 541 διαλάμ-

253 565 423 621 etiam
452 568 579 617 ante
608 560 784 631 ipsum
810 559 878 613 ab
907 560 1024 627 ipso
1044 558 1249 613 Christi
1290 560 1519 613 adventu
1554 574 1809 628 negasse;

253 664 314 710 et
370 652 745 708 Nestorianam
810 651 1056 705 haeresim
1110 648 1613 721 Eutycbianamque
1690 659 1816 703 ante

255 752 440 817 ipsum
473 743 782 800 Nestorium
830 752 884 799 et
937 741 1288 813 Eutychetem
1326 743 1395 797 ab
1435 743 1557 797 aliis
1601 756 1816 812 quoque

254 839 430 893 fuisse
473 836 893 906 promulgatam,
940 835 1160 888 memini
1210 850 1296 890 me
1348 835 1475 889 alibi
1524 836 1657 890 satis
1698 832 1817 890 fuse

255 928 545 997 probasse.
600 924 919 980 Vossianam
962 940 1092 978 vero
1122 940 1334 994 semper
1372 942 1401 979 a
1437 942 1542 980 non
1577 934 1817 981 contem-

256 1021 455 1075 nendis
493 1018 833 1082 auctoribus,
880 1030 936 1072 ct
983 1019 1038 1072 in
1079 1017 1454 1072 discernendis
1506 1028 1815 1073 sanctorum

254 1113 481 1182 scriptis
507 1111 935 1168 accuratissimis
958 1113 1192 1183 agnitum
1218 1112 1380 1167 veluti
1407 1110 1818 1179 Tbaumaturgi,

253 1216 312 1259 et
342 1204 752 1274 Thaumaturgo
785 1215 971 1260 nostro
1003 1206 1348 1269 vindicatam,
1379 1205 1623 1274 quilibet,
1658 1205 1806 1258 dum-

252 1295 425 1350 modo
458 1295 529 1349 sit
559 1294 616 1349 in
643 1294 867 1349 Patrum
911 1294 1277 1349 monumentis
1307 1294 1598 1357 exercitus,
1635 1292 1822 1347 fatebi—

257 1396 372 1440 tur.
404 1383 514 1441 Nec
543 1385 790 1455 singulos
823 1399 1158 1440 recenseam.

331 1476 606 1533 Collector
659 1478 792 1533 satis
840 1478 1127 1546 antiquus,
1177 1475 1428 1546 quisquis
1488 1474 1578 1528 ille
1637 1473 1820 1540 fuerit,

255 1568 648 1623 auctoritatum
684 1566 752 1621 de
782 1564 997 1620 duabus
1043 1564 1095 1618 in
1124 1565 1340 1619 Christo
1364 1566 1573 1618 naturis
1604 1580 1669 1619 ex
1698 1579 1824 1618 san-

256 1659 372 1713 ctis
418 1658 692 1724 Patribus,
736 1672 899 1727 quam
935 1671 1058 1710 esse
1090 1643 1322 1710 veterem
1362 1655 1733 1710 collectionem
1770 1664 1825 1709 et

258 1751 319 1805 in
344 1749 595 1820 pluribus
626 1749 854 1818 reperiri
892 1747 1237 1803 bibliothecis
1265 1748 1429 1802 tradit
1464 1746 1715 1811 Vossius,
1752 1762 1821 1801 ex

1913 562 2108 631 ψαντα,
2156 561 2285 631 παρ’
2322 552 2395 613 ὧν
2431 561 2525 613 καὶ
2560 558 2657 629 τὴν
2702 560 3019 630 ἐπωνυμίαν
3054 559 3415 631 ὲπλούτησεν’
3457 567 3489 616 ὀ

1920 649 2137 720 μὲνγὰρ
2162 649 2381 719 Κύριος,
2408 667 2425 699 ι
2455 647 2551 700 Διὰ
2570 647 2662 700 δύο
2689 649 3025 720 μαρτύρωνῆ
3056 651 3148 702 καὶ
3164 650 3330 720 τριῶν
3353 651 3481 711 πᾶν.

1916 736 2056 806 εἶπε,
2074 742 2220 812 ῥῆμα
2242 740 2585 810 σταθήσεται,
2601 758 2618 787 ι
2644 740 2703 791 τὺ
2716 741 2969 811 ἀποχρῶν
2986 741 3161 793 αὐτῶν
3175 743 3252 805 εἰς
3266 740 3487 810 βεϐαία)⁹

1919 849 2002 884 σιν
2032 833 2169 902 τάχα
2199 829 2505 903 xpoorﬂld'rr
2540 833 2698 901 ἡμεῖς
2738 831 2796 883 δὲ
2847 831 2937 884 τὸν
2985 834 3221 886 τοιοῦτον
3250 833 3484 905 ἀριθμὸν

1919 919 2061 973 κατὰ
2094 918 2289 990 πολλὴν
2348 920 2606 991 εὐπορίαν
2653 919 3123 985 διπλασιάσαντες,
3169 924 3325 977 ἕκτον
3381 923 3484 994 ἢδη

1916 1010 2103 1065 τοῦτον
2126 1013 2443 1084 παράγομεν
2501 1012 2690 1082 ἔχοντα
2715 1012 2847 1066 πολὺ
2872 1015 3006 1085 πρὸς
3062 1020 3173 1080 τοῖς
3202 1016 3380 1080 ἄλλοις
3424 1017 3486 1071 τὸ

1919 1101 2248 1167 ἀξιόπιστον,
2268 1105 2325 1168 ὃς
2347 1107 2404 1157 ὲν
2430 1103 2507 1175 τῷ
2537 1104 2685 1158 κατὰ
2710 1104 2892 1172 μέρος
2916 1106 3177 1174 Πίστεως
3202 1110 3366 1163 αὑτοῦ
3399 1109 3488 1164 λό-

1920 1209 2001 1262 γῳ
2017 1192 2188 1246 ταῦτὰ
2204 1211 2382 1264 φησιν’
2402 1195 2678 1263 Ὀμολογο
2688 1193 2832 1262 ῦμεν
2853 1196 3175 1263 ὀλιοούσιον
3202 1197 3279 1263 τῷ
3303 1198 3488 1267 Harp!

1919 1281 2091 1337 εἶναι·
2132 1285 2225 1337 καὶ
2254 1285 2322 1338 τὰ
2365 1284 2505 1353 ἑξῆς.
2566 1304 2585 1336 ι
2619 1284 2730 1339 Hoc
2769 1300 2985 1355 quoque
3024 1287 3393 1351 ostendemus,
3438 1289 3487 1344 si

1922 1379 2218 1447 placuerit,
2282 1378 2334 1431 in
2388 1378 2756 1432 testimonium
2819 1377 3151 1432 adducentes
3204 1379 3487 1436 miraculis

1922 1466 2243 1535 praeclarum
2273 1463 2627 1534 Gregorium,
2657 1478 2720 1516 ex
2750 1463 2948 1531 quibus
2978 1465 3140 1519 etiam
3184 1480 3484 1536 cognomen

1923 1555 2147 1625 adeptus
2175 1566 2276 1609 est.
2313 1552 2559 1622 Namque
2584 1552 2868 1616 Dominus,
2897 1571 2915 1602 ι
2945 1555 2997 1607 in
3024 1570 3117 1608 ore
3142 1554 3373 1611 duorum
3403 1558 3486 1612 vel

1923 1648 2087 1702 trium
2133 1647 2347 1704 testium
2379 1661 2539 1700 omne
2569 1649 2791 1699 verbum
2830 1656 2992 1709 stare,
3031 1666 3049 1698 ι
3088 1649 3233 1717 quod
3267 1648 3319 1703 id
3351 1649 3485 1706 satis

1923 1744 2067 1790 esset
2096 1735 2163 1789 ad
2207 1750 2320 1789 rem
2352 1734 2762 1798 coiirmandam,
2795 1734 3007 1788 asserit.
3046 1734 3115 1788 At
3158 1750 3258 1791 nos
3290 1737 3482 1807 hujus-

260 1845 373 1896 hac
402 1841 591 1896 eadem
617 1839 771 1895 Fidei
798 1840 1116 1911 expositione
1140 1839 1422 1894 secundum
1460 1848 1632 1905 partes
1672 1839 1824 1893 testi-

1930 1827 2071 1881 modi
2116 1841 2422 1890 numerum,
2457 1841 2579 1879 cum
2616 1824 2982 1879 abundantius
3022 1836 3350 1895 suppeteret,
3381 1828 3487 1883 du-

258 1934 512 1988 monium
554 1933 778 2004 profert,
814 1935 956 2005 quod
985 1934 1153 1987 edidit
1195 1930 1442 1987 Vossius.
1479 1932 1825 1986 Andronicus

256 2026 608 2090 Gamaterus,
655 2041 760 2080 non
809 2024 1236 2081 contemnendus
1267 2034 1484 2087 auctor,
1536 2032 1590 2078 et
1647 2024 1701 2077 in
1750 2024 1825 2078 le-

255 2116 443 2170 ctione
473 2126 786 2170 sanctorum
815 2113 1036 2168 Patrum
1066 2114 1492 2177 versatissimus,
1541 2114 1682 2166 inter
1718 2114 1825 2166 alia

257 2215 581 2260 sanctorum
619 2206 927 2260 testimonia
969 2222 999 2258 a
1030 2220 1088 2260 se
1120 2205 1345 2273 collecta
1377 2205 1443 2258 de
1474 2206 1824 2274 processioue

258 2296 504 2367 Spiritus
560 2296 763 2357 sancti,
820 2310 885 2349 ex
915 2295 1017 2349 hac
1068 2310 1284 2365 quoque
1305 2295 1455 2351 Fidei
1504 2296 1824 2364 expositione

259 2401 436 2441 unam
474 2393 530 2439 et
561 2386 786 2439 alteram
826 2400 891 2439 ac
924 2384 1134 2438 tertiam
1166 2385 1543 2438 auctoritatem
1590 2385 1821 2454 collegit,

257 2487 320 2533 et
367 2476 447 2531 uti
490 2476 756 2547 genuinas
794 2473 1183 2544 Thaumaturgi
1230 2475 1343 2530 suis
1405 2474 1827 2529 animadversio-

261 2571 433 2624 nibus
460 2582 728 2639 exponere
775 2574 1039 2632 conatur;
1079 2565 1168 2619 cui
1210 2565 1547 2635 respondens
1587 2565 1827 2620 Joannes

260 2658 480 2715 Veccus
525 2657 833 2729 patriarcha
861 2654 1530 2723 Coustantinopolitanus,
1581 2668 1688 2709 non
1734 2668 1826 2709 eas

264 2758 533 2815 tanquam
568 2744 783 2815 spurias
824 2744 1037 2814 rejicit,
1086 2742 1181 2798 sed
1233 2743 1309 2797 uti
1357 2742 1622 2813 genuinas
1660 2759 1829 2813 agno-

263 2853 454 2900 scens,
488 2852 584 2893 sua
627 2836 988 2906 explicatione
1018 2835 1088 2890 ab
1116 2835 1323 2890 absona
1352 2836 1620 2891 Camateri
1660 2850 1825 2905 expo-

264 2930 470 2986 sitione
512 2929 565 2982 in
614 2938 813 2983 rectam
862 2927 1095 2997 tideique
1152 2942 1449 2982 consonam
1504 2928 1827 2982 sententiam

265 3020 534 3086 traducit,
576 3028 632 3073 et
670 3034 857 3073 verum
908 3018 1224 3072 earumdem
1284 3033 1506 3073 sensum
1561 3020 1828 3076 enucleat.

267 3109 434 3181 Quod
480 3111 525 3166 si
568 3107 1002 3182 ψευδεπίγραφον
1041 3116 1367 3178 reputasset,
1411 3108 1738 3164 extricasset
1770 3124 1831 3165 se

265 3202 518 3268 facilius,
571 3201 864 3255 asserenda
920 3214 1027 3255 non
1081 3214 1205 3254 esse
1259 3199 1369 3255 illis
1423 3199 1831 3262 attendendum,

266 3310 401 3350 cum
436 3300 621 3349 essent
663 3292 1047 3362 supposititize.
1084 3291 1340 3370 Quinimo
1368 3292 1508 3347 idem
1540 3290 1749 3347 Veccus
1778 3292 1833 3345 in

264 3384 515 3443 oratione
548 3382 620 3437 De
655 3384 843 3436 unione
877 3382 1234 3437 Ecclesiarum
1265 3398 1328 3437 ex
1359 3398 1421 3437 ea
1452 3391 1709 3453 tanquam
1744 3398 1836 3453 ge-

269 3479 441 3534 nuina
479 3476 546 3531 ad
575 3476 900 3531 retellcndos
924 3475 1140 3530 Graecos
1170 3477 1541 3531 testimonium
1571 3478 1831 3532 assumit:

277 3569 342 3624 σο
388 3568 558 3640 μέγας
594 3569 688 3621 καὶ
729 3567 1149 3639 θαυματςυργὸς
1196 3568 1490 3640 Γρηγόριος
1533 3568 1834 3622 Νεοκαισα-

270 3661 426 3737 ρείας
451 3661 737 3725 ἐπίσκοπος
760 3662 817 3714 ὲν
847 3660 1091 3732 τῷλόγῳ
1146 3654 1206 3714 οὗ
1252 3663 1284 3731 ἡ
1327 3662 1486 3733 ἀρχή·
1536 3662 1833 3731 Ἔχθιοντοι

268 3753 375 3807 καὶ
420 3753 719 3822 ἀλλότριοι
776 3752 887 3823 τῆς
936 3751 1342 3821 ἀποστολικῆς
1391 3754 1729 3823 ὁμολογίας,
1779 3755 1834 3807 οἱ

268 3842 384 3897 τὸν
440 3842 574 3894 rw»-
613 3842 683 3907 ἐξ
720 3844 831 3895 οὐκ
883 3841 1071 3896 ὄντων
1099 3840 1415 3913 λέγοντες,
1458 3843 1638 3914 φησίν.
1680 3841 1834 3897 «Ma-

270 3948 418 4003 gnus
455 3942 508 3986 et
537 3933 920 3987 miraculorum
961 3933 1183 3988 cil‘ector
1215 3931 1507 4005 Gregorius
1552 3932 1832 3989 Neocaesa-

272 4021 477 4078 riensis
504 4021 792 4091 cpiscopus
826 4022 879 4074 in
907 4022 1151 4075 oratione
1178 4022 1338 4090 cujus
1365 4019 1691 4090 principium
1727 4031 1828 4073 est:

276 4116 644 4171 lnimicissimi
676 4124 724 4169 et
750 4115 910 4167 atieni
933 4114 1000 4167 ab
1022 4116 1326 4184 apostolica.
1346 4114 1667 4183 confessione
1692 4122 1831 4178 sunt,

271 4210 367 4279 qui
391 4206 591 4260 Filium
615 4223 678 4260 ex
703 4207 769 4260 iis
798 4222 915 4276 qua:
944 4222 1045 4259 non
1076 4215 1283 4259 exstant
1312 4214 1573 4270 asserunt,
1602 4205 1827 4276 inquit.»

279 4299 346 4353 Et
385 4298 438 4351 in
467 4298 581 4353 suis
612 4296 926 4366 Eptgrapltis
960 4310 1066 4350 non
1099 4311 1201 4349 una
1233 4297 1387 4351 vice:
1435 4297 1491 4349 '0
1542 4295 1712 4366 μέγας
1742 4297 1835 4349 καὶ

270 4386 698 4461 Θαυματουργδς
719 4388 1011 4459 Γρηγόριος
1026 4388 1447 4460 Νεοκαισαρείας
1465 4389 1757 4451 ἐπίσκοπος
1778 4390 1835 4442 ὲν

1932 1917 2216 1986 plicantes,
2245 1926 2454 1969 sextum
2486 1915 2630 1969 hunc
2662 1916 2715 1969 in
2749 1916 2983 1969 medium
3018 1918 3357 1984 adducimus,
3392 1919 3487 1988 qui

1926 2024 2037 2077 pra:
2067 2007 2188 2061 aliis
2218 2006 2321 2061 Iide
2356 2007 2709 2077 dignissimus
2752 2016 2854 2061 cst.
2893 2006 2989 2061 llic
3028 2009 3079 2061 in
3108 2009 3352 2064 oratione
3387 2024 3485 2064 sua

1924 2100 1988 2153 de
2025 2101 2127 2168 [ide
2179 2099 2462 2152 secundum
2505 2110 2716 2167 partes,
2759 2099 2873 2153 haec
2921 2099 3078 2154 habet
3116 2116 3128 2150 :
3165 2100 3488 2171 Conﬁtentur

1927 2192 2422 2246 consubstantialem
2458 2208 2569 2246 esse
2600 2190 2774 2255 Patri,
2803 2201 2907 2245 etc.
2950 2211 2968 2243 ι
2998 2190 3063 2243 Ει
3103 2200 3245 2247 orat.
3278 2208 3315 2247 ll
3340 2211 3353 2246 :
3379 2193 3489 2246 Καὶ

1925 2281 1990 2352 δὴ
2027 2280 2241 2335 λεκτέον
2270 2281 2405 2336 κατὰ
2426 2281 2597 2354 ἀρχὰς
2623 2283 2719 2355 τὴν
2750 2282 2905 2354 ῥῆσιν
2941 2283 3033 2336 τοῦ
3063 2282 3489 2359 Θαυματουργοῦ

1928 2375 2230 2448 Γρηγορίου
2256 2415 2270 2439 ,
2328 2375 2420 2429 τοῦ
2464 2375 2524 2428 τὸ
2567 2377 2674 2430 πᾶν
2727 2376 3009 2447 διαϐοήτου
3070 2380 3180 2442 τοῖς
3241 2381 3487 2453 πέρασιν,

1927 2460 1995 2537 ἧς
2042 2467 2140 2520 οὐκ
2190 2466 2255 2519 ἂν
2300 2469 2364 2538 τῇ
2411 2467 2650 2539 προτέρᾳ.
2706 2468 2807 2538 τῆς
2850 2466 2943 2522 νῦν
2995 2473 3345 2544 πραγματεία
3370 2473 3489 2527 καθ’

1928 2556 2113 2628 ἕτερον
2160 2555 2433 2628 ἐμνήσθην
2480 2556 2710 2609 σκοπόν·
2760 2558 2792 2627 ἡ
2834 2555 2890 2609 δὲ
2949 2558 3137 2628 ῥῆσις,
3182 2558 3257 2623 ὡς
3295 2559 3361 2613 ἂν
3398 2563 3492 2615 καὶ

1928 2647 2127 2717 ταύτην
2176 2648 2394 2717 γένηταί
2448 2666 2536 2719 μοι
2586 2647 2852 2701 διαλαϐεῖν
2890 2648 3095 2719 τάχιον,
3142 2651 3200 2703 ἐν
3235 2650 3312 2721 τῷ
3350 2651 3493 2725 λόγῳ

1929 2740 2027 2812 τῆς
2070 2740 2231 2794 αὐτοῦ
2281 2740 2429 2794 κατὰ
2466 2739 2646 2809 μέρος
2690 2740 2953 2805 Πίστεως
3000 2742 3260 2812 κειμένη,
3305 2745 3487 2815 φησίν·

1942 2830 2366 2901 Ὁμολοτοῦμεν
2419 2831 2738 2899 όμοούσιον
2793 2830 2874 2895 τῷ
2921 2833 3105 2900 Πατρὶ
3154 2830 3339 2889 εἶναι’
3398 2838 3492 2893 καὶ

1929 2923 2086 2978 τοῦτο
2122 2924 2217 2995 μὲν
2257 2925 2286 2976 ὁ
2310 2923 2415 2975 τῶν
2454 2922 2613 2975 θείων
2656 2922 3047 2992 ἀποκαλύψεων
3094 2919 3248 2991 οὗτος
3280 2928 3493 3001 ὑφηγη-

1929 3016 2052 3087 τής.
2097 3036 2114 3066 ι
2146 3013 2211 3068 Ει
2241 3029 2369 3068 vero
2413 3013 2796 3083 proferendum
2845 3024 2928 3069 est
2969 3016 3074 3071 hoc
3104 3020 3373 3091 principio
3403 3022 3492 3077 dic

1934 3115 2079 3162 ctum
2107 3105 2496 3174 Thaumaturgi
2526 3104 2793 3176 Gregorii,
2820 3106 2978 3176 cujus
3009 3106 3150 3164 fama
3180 3111 3314 3168 lines
3337 3114 3491 3170 orbis

1936 3198 2196 3267 pervasit,
2227 3198 2382 3267 cujus
2420 3213 2526 3251 non
2557 3199 2665 3252 alio
2691 3211 2856 3266 scopo
2891 3199 2946 3253 in
2985 3202 3309 3270 praecedenti
3350 3221 3490 3276 quo-

1935 3304 2040 3360 que
2073 3301 2303 3344 tractatu
2349 3290 2675 3345 mentionem
2729 3291 2938 3348 induxi.
2992 3292 3203 3351 Dictum
3241 3313 3392 3366 vero,
3425 3315 3494 3357 ne

1936 3395 2121 3435 moras
2152 3380 2384 3434 texendo
2412 3389 2623 3449 tempus
2666 3381 2960 3449 insumam,
2986 3384 3130 3453 jacet
3161 3387 3213 3440 in
3246 3390 3494 3447 oratione

1954 3471 2098 3524 illius
2137 3474 2198 3523 de
2227 3471 2330 3538 fide
2365 3471 2645 3523 secundum
2690 3481 2887 3540 partes,
2922 3482 2975 3529 ct
3007 3485 3090 3532 est
3121 3493 3135 3529 :
3172 3477 3494 3550 Con/itemur

1935 3561 2431 3617 consubstantialem
2459 3577 2570 3616 esse
2594 3560 2771 3618 Patri.
2805 3562 2871 3618 Et
2902 3565 3006 3621 hoc
3036 3568 3255 3638 quidem
3293 3572 3382 3627 ille
3407 3574 3494 3629 di-

1933 3657 2182 3710 vinarum
2239 3655 2626 3709 revelationum
2687 3656 2972 3726 interpres.
3006 3677 3025 3710 ι
3090 3658 3157 3714 Et
3185 3658 3493 3718 Demetrius

1932 3747 2209 3818 Cydonius
2243 3746 2317 3801 De
2370 3746 2695 3814 processione
2734 3745 2965 3817 Spiritus
3013 3751 3206 3817 sancti,
3248 3737 3491 3822 cap.‘10:

1933 3839 2126 3894 Καίτοι
2174 3837 2269 3892 καὶ
2318 3837 2424 3891 τῶν
2469 3837 2799 3893 διδασκάλων
2853 3840 2995 3903 τινὲς
3038 3841 3136 3913 τὴν
3208 3841 3303 3896 τοῦ
3333 3844 3491 3912 ἁγίου

1934 3930 2249 4001 Πνεύματος
2288 3929 2609 4002 ὲκπόρευσιν
2662 3929 2935 4002 ἔκπεμψιν
2972 3925 3110 3986 εἶναι
3155 3932 3493 3990 διδάσκουσιν

1934 4021 2101 4074 ἀΐδιον
2119 4037 2132 4050 ο
2164 4018 2320 4074 τοῦτο
2362 4021 2460 4093 μὲν
2492 4023 2521 4076 ὁ
2540 4020 2958 4094 Θαυματονργδς
2985 4024 3312 4096 Γρηγόριος,
3341 4026 3496 4081 τοῦτο

1934 4113 1990 4166 δὲ
2024 4114 2320 4185 Γρηγὸριος
2346 4117 2375 4168 ὁ
2405 4112 2685 4183 Θεολόγος·
2713 4115 2742 4166 ὁ
2774 4116 2871 4186 μὲν
2894 4116 2951 4169 ὲν
2987 4114 3130 4188 λόγῳ
3171 4111 3233 4170 οὗ
3264 4120 3297 4189 ἡ
3327 4119 3490 4192 ἀρχή·

1938 4210 2243 4277 Ἕχθιστοι
2289 4208 2384 4262 καὶ
2427 4207 2758 4276 ἀλλότριοι,
2814 4208 3056 4277 φάσκων·
3099 4209 3194 4263 καὶ
3232 4210 3299 4264 τὰ
3345 4210 3490 4283 ἑξῆς.

1941 4301 2240 4367 «Quamvis
2287 4300 2533 4355 nonnulli
2569 4299 2849 4355 doctorum
2887 4300 3289 4369 processiouem
3320 4302 3491 4357 sancti

1938 4390 2173 4462 Spiritus
2200 4393 2546 4446 emissionem
2577 4406 2696 4445 esse
2721 4398 2974 4445 :eternam
3010 4391 3261 4456 doceant,
3290 4392 3492 4462 partim

271 4483 355 4554 τῷ
378 4482 520 4552 λόγῳ
563 4472 624 4533 οὗ
658 4482 692 4551 ἡ
723 4482 882 4552 ἀρχή*
920 4481 1223 4549 Ἔχθιστοι
1253 4480 1349 4532 καὶ
1396 4482 1689 4549 ἀλλότριοι
1724 4480 1826 4549 τῆς

1934 4483 2151 4551 quidem
2216 4482 2505 4554 Gregorius
2567 4480 3039 4551 Tltaumaturgus,
3103 4482 3301 4551 partim
3366 4498 3496 4537 vero

270 4567 692 4636 ἁποστολικῆς
719 4568 1051 4638 ὁμολογίας.
1092 4587 1109 4619 ι
1138 4568 1361 4639 Magnus
1393 4578 1444 4623 et
1471 4568 1825 4624 Tliaumatur-

273 4676 384 4733 gus
432 4658 726 4727 Gregorius
774 4656 1225 4714 Neocaesaricnsis
1275 4660 1561 4728 cpiscopus
1608 4662 1660 4714 in
1703 4677 1829 4715 ora-

273 4755 429 4806 tione
499 4767 618 4820 quas
665 4751 889 4820 incipit:
923 4748 1281 4803 Inimicissimi
1323 4761 1371 4804 et
1411 4752 1570 4805 ιιίὶεηί
1612 4753 1675 4805 ab
1704 4770 1832 4822 apo-

270 4843 469 4898 stolica
492 4844 864 4913 confessione,»
883 4851 987 4897 etc.
1012 4841 1076 4895 Et
1099 4857 1164 4896 ex
1183 4858 1244 4897 ea
1278 4843 1580 4898 testimonia
1605 4845 1827 4913 profert.

271 4936 551 5006 Georgius
578 4934 865 4989 Metocliita
904 4935 958 4987 in
985 4933 1228 4989 oratione
1258 4935 1427 5004 prima
1461 4936 1523 4988 de
1547 4952 1671 5005 pace
1700 4938 1833 4990 inter

269 5029 417 5081 duas
470 5026 734 5081 Ecclesias
765 5043 785 5081 :
832 5024 894 5079 '0
945 5024 1040 5096 τὴν
1085 5024 1271 5095 κλῆσιν
1335 5026 1674 5097 ἁρμοζόντως
1724 5032 1833 5094 τοῖς

271 5119 463 5191 ἔργοις
514 5116 689 5188 λαχὼν
728 5115 1024 5190 Γρηγόριος
1090 5115 1119 5169 ὀ
1164 5115 1580 5189 Θαυματουργὺς
1646 5117 1707 5171 ὲν
1758 5117 1833 5188 τῷ

266 5210 427 5280 λόγῳ
477 5203 537 5263 οὗ
565 5211 597 5280 ἠ
623 5210 784 5281 ἀρχή’
819 5210 1123 5278 Ἐχθιστοι
1160 5209 1257 5262 καί
1289 5210 1607 5279 ἀλλότριοι,
1649 5209 1828 5280 φησίν·

290 5300 641 5377 ’Δτεννήτου
676 5300 793 5371 μὲν
820 5301 991 5366 ὄντος
1018 5300 1123 5355 τοῦ
1162 5301 1408 5370 Πατρύς,
1448 5303 1540 5355 καὶ
1577 5301 1645 5355 τὰ
1685 5301 1830 5371 ἑξῆς.

279 5413 304 5445 ι
342 5392 448 5459 Qui
485 5407 682 5446 nomen
721 5392 976 5459 operibus
1014 5394 1340 5448 conveniens
1370 5404 1560 5449 nactus
1587 5403 1672 5449 est
1694 5393 1820 5450 Gre-

274 5486 468 5557 gorius
503 5484 959 5554 Thaumaturgus,
1007 5484 1063 5539 in
1111 5485 1357 5541 oratione
1443 5485 1600 5556 cujus
1634 5486 1836 5557 princi-

274 5577 435 5649 pium
463 5592 483 5632 :
513 5576 880 5632 lnimicissimi
912 5586 962 5631 et
996 5576 1157 5631 alieni
1176 5576 1308 5632 dicit
1338 5595 1352 5630 :
1380 5574 1649 5648 Ingenitus
1674 5578 1835 5630 Pater

276 5685 407 5722 cum
439 5669 529 5736 sit,
559 5677 665 5724 etc.
702 5687 722 5720 ι
785 5666 1172 5724 Constantinus
1215 5667 1563 5734 Meletiniota,
1616 5679 1755 5724 orat.
1783 5685 1833 5723 I:

272 5762 540 5833 Δείξομεν
578 5761 634 5815 δὲ
674 5760 766 5814 καὶ
796 5760 857 5813 τὸ
898 5761 1091 5833 παρὸν,
1139 5764 1188 5816 εί
1224 5762 1387 5828 δοκεῖ,
1436 5760 1835 5832 παραλαϐόντες

598 5856 869 5917 ΡΑτιιοι..
901 5855 993 5917 Gn
1056 5859 1137 5919 X.

1933 4573 2581 4643 GregorinsThcoingns;
2609 4573 2696 4626 ille
2723 4572 2939 4642 quidem
2970 4573 3020 4626 in
3047 4572 3315 4638 oratione,
3340 4574 3498 4643 cujus

1935 4666 2181 4719 initium:
2221 4663 2582 4718 Inimicissimi
2615 4675 2769 4733 atque
2793 4664 2975 4728 alieni,
3006 4666 3259 4733 inquiens
3281 4706 3296 4725 .
3325 4675 3431 4721 etc.
3467 4685 3486 4718 ι

1934 4752 2057 4808 Vin”
2090 4754 2309 4825 plures?
2351 4752 2619 4823 Joscphus
2655 4751 2959 4825 Bryennius
2992 4765 3129 4810 orat.
3179 4773 3246 4810 xv
3279 4756 3352 4810 De
3388 4756 3500 4811 Tri-

1934 4847 2130 4900 nitate:
2153 4844 2293 4897 Αὐτὸ
2322 4843 2481 4897 τοῦτο
2513 4843 2757 4914 βούλεται
2788 4845 2928 4899 κατὰ
2955 4848 3153 4914 πάντα,
3192 4848 3283 4902 καὶ
3308 4848 3370 4901 τὸ
3401 4848 3495 4901 τοῦ

1933 4935 2358 5008 Θαυματουργοῦ
2395 4936 2717 5008 Γρηγορίου,
2770 4937 2865 4990 καὶ
2913 4936 2974 4991 τὸ
3011 4937 3103 4991 τοῦ
3134 4939 3377 5010 Νύσσης,
3406 4938 3498 4991 καὶ

1934 5029 1995 5083 τὸ
2015 5029 2108 5082 τοῦ
2140 5028 2546 5100 Χρυσοστόμου,
2571 5027 2662 5081 τοῦ
2696 5028 2794 5101 μὲν
2830 5028 3094 5096 λέγοντος
3152 5029 3496 5100 Ἄτεννήτου

1928 5121 2043 5191 μὲν
2066 5120 2238 5185 ὄντος
2264 5119 2368 5173 τοῦ
2395 5120 2645 5188 Πατρός,
2680 5119 3069 5189 γεννηθέντος
3100 5121 3168 5175 δὲ
3199 5123 3303 5177 τοῦ
3336 5122 3491 5176 Υἱοῦ’

1936 5213 2034 5266 καὶ
2066 5212 2135 5266 τὰ
2168 5212 2313 5285 ἑξῆς.
2368 5234 2385 5264 ι
2413 5211 2527 5269 Hoc
2571 5214 2710 5268 idem
2745 5214 2844 5269 sibi
2881 5215 2995 5269 vult
3030 5230 3124 5285 per
3155 5215 3337 5270 omnia
3381 5223 3492 5269 tum

1936 5305 2327 5374 Tltaumaturgi
2365 5306 2633 5377 Gregorii,
2690 5315 2801 5360 tum
2852 5304 3102 5377 Nysseni,
3163 5315 3277 5360 tum
3321 5306 3497 5378 Chry-

1935 5399 2162 5453 sostomi
2223 5398 2448 5454 dictum.
2503 5398 2685 5451 Primo
2733 5398 2951 5467 quidem
3012 5396 3225 5452 dicente
3274 5415 3289 5452 :
3342 5395 3498 5467 Inge-

1936 5488 2082 5541 nitus
2117 5503 2237 5540 cum
2277 5488 2345 5540 sit
2377 5486 2576 5554 Pater,
2619 5488 2827 5557 genitus
2866 5497 3039 5544 autem
3067 5484 3278 5554 Filius,
3332 5495 3441 5544 etc.
3471 5506 3491 5541 ι

1936 5576 2003 5632 Et
2030 5593 2099 5632 ne
2127 5578 2527 5647 antiquioribus
2554 5578 2776 5633 destitui
2805 5578 3106 5641 videamur,
3137 5579 3498 5635 accersendas

1938 5677 2023 5723 est
2056 5669 2381 5729 Anastasius
2414 5668 2619 5724 Sinaita
2642 5710 2658 5734 ,
2693 5670 2786 5740 qui
2829 5687 2897 5724 ex
2933 5669 3035 5724 bac
3064 5667 3311 5738 Gregorii
3340 5667 3501 5728 Fidei

1937 5762 2281 5832 expositione,
2319 5774 2574 5834 tanquam
2591 5762 2980 5832 Tbaumaturgi
3016 5762 3269 5834 genuina,
3291 5764 3497 5823 dictum

3134 5849 3213 5918 39
