3972 6318
559 322 697 382 4927

1364 315 1609 372 ιΕθΝιδ
1646 315 1919 371 ALLATII
1957 313 2284 371 DIATRIBA
2441 314 2851 373 THEODORIS.
3563 270 3685 386 lm’

556 443 759 515 laudat,
785 451 859 496 'et
895 439 1068 496 aﬂert.
1105 438 1241 494 Vide
1272 431 1549 511 Euthymii
1580 438 1850 510 Zygabeni
1887 438 2118 509 Dogma-
2147 438 2194 495 Α
2289 436 2613 494 Dubitarunt
2639 452 2768 509 ergo
2794 436 2982 494 Patres
3012 438 3079 493 de
3107 437 3225 503 hac,
3254 441 3380 510 quod
3417 442 3464 498 in
3488 458 3537 499 ea
3557 462 3671 517 repe-

553 536 714 588 ricam
742 531 1067 602 panopliam,
1100 528 1256 584 titulo
1293 529 1505 584 decimo
1536 530 1728 599 quinto
1758 527 1889 598 (10).

623 622 843 678 Interim
876 620 1276 691 consideranda
1317 628 1444 675 sunt
1482 620 1625 675 dicta
1659 619 1876 674 Baronii
1908 619 1975 673 ad
2019 632 2117 673 an-

549 729 683 770 num
708 712 911 768 Christi
935 712 1062 776 253,
1096 729 1151 766 n.
1177 712 1242 766 l9
1268 732 1281 766 :
1321 730 1341 763 ι
1373 711 1599 768 Constat
1625 712 1782 766 ﬁdem
1809 719 2114 780 susceptam

552 823 582 861 a
620 808 775 861 beata
802 804 1023 872 Virgine
1054 820 1177 859 cum
1204 803 1413 860 Joanne
1456 805 1805 875 evangelista,
1840 802 2008 857 fuisse
2047 804 2116 856 ab

551 901 741 955 eodem
810 898 931 968 ipso
980 895 1243 967 Gregorio
1304 896 1713 951 accuratissime
1769 895 2113 964 explicatam,

552 992 803 1061 apposito
841 988 1253 1052 commentario,
1294 988 1370 1042 De
1398 986 1721 1056 expositione
1746 986 1870 1055 fidei
1924 986 2116 1041 inscri-

550 1092 664 1153 pto,‘
696 1082 788 1150 qui
833 1081 1033 1136 citatus
1065 1081 1333 1150 reperitur
1375 1081 1513 1133 inter
1545 1080 1682 1133 alios
1712 1094 1742 1131 a
1772 1077 1971 1133 Basilio
2004 1077 2116 1132 Ma-

550 1187 658 1242 gno
688 1171 764 1225 De
791 1171 1001 1241 Spiritu
1038 1180 1241 1236 sancto,
1295 1186 1412 1240 cap.
1442 1169 1512 1223 29
1565 1171 1642 1240 (η.
1671 1169 1756 1241 74)
1802 1178 1855 1224 et
1887 1169 2115 1240 epistola

550 1266 693 1337 (cex)
717 1264 782 1319 ad
805 1263 1289 1329 Neocaesarienses,
1318 1272 1370 1317 et
1402 1278 1433 1316 a
1458 1260 1681 1315 Leontio
1709 1260 2057 1317 scholastica.
2089 1279 2108 1311 ι

550 1356 661 1419 Sed
689 1357 893 1413 erroris
937 1356 1041 1411 iste
1068 1355 1315 1425 arguitur
1339 1354 1467 1412 dum
1504 1354 1579 1407 ait
1610 1352 1912 1408 dubitatum
1949 1369 1979 1407 a
2005 1353 2111 1407 Pa-

548 1450 753 1512 tribus,
796 1463 868 1501 an
917 1446 1192 1515 Expositio
1211 1444 1336 1514 ﬁdei
1383 1444 1548 1500 fuerit
1592 1445 1659 1499 ab
1693 1446 1811 1515 ipso
1847 1445 2112 1518 Gregorio

550 1540 771 1609 scripta.
804 1536 940 1591 Nam
966 1535 1222 1600 Basilius,
1248 1535 1341 1605 qui
1372 1535 1556 1589 omnia
1582 1534 1829 1604 Gregorii
1859 1545 2111 1591 accurate

548 1637 833 1700 perspecta
869 1626 1091 1691 habuit,
1120 1634 1179 1680 ut
1209 1625 1328 1695 ejus
1359 1640 1495 1694 opus
1521 1625 1669 1691 citat,
1704 1637 1758 1680 et
1800 1626 1868 1680 ab
1900 1640 1964 1680 eo
1992 1628 2108 1680 edi-

548 1735 664 1778 tum
718 1723 888 1778 fuisse
921 1736 1031 1776 non
1077 1719 1307 1785 dubitat,
1341 1718 1467 1774 licet
1512 1718 1655 1773 idem
1703 1719 1778 1775 ibi
1825 1718 2106 1781 desubsi-

2220 527 2457 581 rirentur
2509 530 2769 583 nonnulla
2796 568 2811 592 ,
2870 543 2993 599 qua:
3042 528 3275 583 scholam
3322 531 3589 602 Apollinaris
3629 549 3670 595 et

2218 615 2529 688 Eutychetis
2562 619 2788 674 olerent.
2824 619 3043 675 Certum
3085 628 3168 676 est
3203 622 3460 679 dubitasse.
3497 626 3675 684 Verum-

2217 720 2397 766 tamen
2431 721 2491 766 ut
2516 727 2585 767 ex
2624 726 2815 768 eorum
2856 714 3017 768 dictis
3052 729 3158 768 una
3191 715 3339 769 simul
3371 718 3545 773 collatis
3578 736 3675 775 con-

2217 809 2344 867 stat,
2377 816 2485 856 non
2517 803 2583 857 de
2618 811 2729 857 tota
2760 803 2863 858 hac
2896 788 3159 866 oratione,
3198 804 3284 858 sed
3318 800 3601 861 solummodo
3629 810 3677 863 de

2216 891 2361 946 dicto
2406 893 2632 957 inserto,
2682 894 2735 947 in
2774 908 2884 964 quo
2914 894 3200 949 videbatur
3239 894 3406 950 tollere
3443 912 3469 950 e
3502 913 3677 966 persona

2216 982 2419 1038 Christi
2448 986 2582 1040 duas
2614 992 2856 1052 naturas,
2890 995 2945 1040 et
2976 1002 3137 1040 unam
3166 994 3357 1040 tantum
3383 988 3677 1044 constabilire.

2218 1073 2308 1129 Sic
2335 1075 2628 1145 Eulogius:
2666 1077 2730 1129 Ἦ
2776 1078 2834 1130 δὲ
2874 1077 2966 1130 τὸν
3010 1077 3410 1149 Θαυματουργὸν
3449 1080 3681 1150 Γρηγόριον

2216 1169 2621 1240 ὑποϐαλλομένη
2659 1170 2871 1240 χρῆσις,
2907 1169 3120 1237 λέγεται
3154 1169 3249 1239 μὲν
3269 1170 3364 1240 γὰρ
3395 1170 3587 1233 ἐκείνου,
3614 1170 3680 1223 τὸν

2213 1262 2268 1315 δὲ
2317 1262 2717 1334 Ἀπολλινάριον
2759 1260 3080 1333 εἰσκομίζει.
3137 1282 3155 1312 ι
3188 1261 3539 1316 Testimonium
3572 1262 3681 1331 quod

2215 1351 2457 1423 Gregorii
2478 1352 2869 1425 Thaumaturgi
2888 1369 3084 1409 nomen
3106 1370 3215 1424 prae
3229 1370 3282 1408 se
3297 1354 3405 1417 l‘crt,
3419 1355 3583 1408 dicitur
3599 1356 3686 1423 qui-

2214 1443 2333 1497 dem
2355 1443 2497 1499 illius
2522 1459 2662 1506 esse,
2691 1446 2781 1498 sed
2803 1445 3168 1515 Apollinarem
3193 1445 3313 1499 olet.
3344 1463 3361 1495 ι
3387 1442 3465 1498 Sic
3489 1445 3684 1499 monachi

2211 1531 2509 1589 Palaestina:
2522 1536 2662 1604 apud
2675 1533 2960 1607 Evagrium
2970 1576 2984 1599 ,
3000 1536 3248 1604 quamvis
3264 1536 3429 1589 dicant
3442 1536 3685 1599 hereticos,

2212 1625 2531 1691 Athanasio,
2554 1627 2834 1697 Gregorio,
2848 1643 2910 1682 ac
2925 1625 3090 1693 Julio,
3107 1628 3685 1697 inscriptiseorumnomi-

2212 1720 2391 1785 nibus,
2407 1720 2606 1773 multos
2616 1719 2939 1788 Apollinaris
2955 1719 3555 1788 tractatussupposuisse.
3567 1727 3685 1772 antea

549 1815 763 1871 stentiis
804 1812 1007 1884 aliquid
1048 1811 1230 1866 minus
1255 1811 1470 1881 proprie
1490 1810 1766 1866 videretur
1807 1825 1928 1865 esse
1954 1812 2108 1866 locu-
2138 1796 2183 1852 Β
2212 1822 2389 1867 tamen
2412 1813 2679 1875 dixerant,
2709 1831 2728 1863 ‹
2757 1810 2978 1866 Patrum
3003 1813 3173 1867 libros
3190 1827 3325 1881 saepe
3351 1813 3683 1881 depravassezo

550 1915 639 1961 tus
676 1924 689 1959 :
725 1903 870 1959 sicut
905 1911 960 1958 et
1001 1902 1248 1957 accidere
1290 1899 1470 1969 potuit
1506 1916 1573 1954 ex
1617 1901 1806 1955 eodem
1851 1909 1999 1955 textu
2039 1901 2109 1955 ab

548 1995 843 2060 haereticis,
884 2002 946 2047 ut
978 1992 1055 2047 ait
1078 1990 1341 2061 Evagrius
1379 1990 1478 2045 lib.
1515 2006 1598 2056 tn,
1631 2006 1753 2060 cap.
1788 1991 1877 2057 5i,
1915 1991 2107 2060 depra-

546 2097 694 2155 vato,
725 2096 819 2142 aut
845 2099 1126 2167 perpgram
1176 2083 1444 2153 exposito.
1500 2081 1632 2138 Rem
1658 2083 2102 2167 .consideremus.

549 2187 639 2242 Uti
672 2199 862 2240 verum
892 2175 1157 2238 est'lidem
1196 2179 1488 2235 revelatam
1517 2195 1546 2232 a
1572 2175 1793 2247 Virgine
1818 2188 1870 2233 et
1899 2177 2107 2233 Joanne

544 2277 880 2346 evangelista
925 2273 1248 2339 adnotasse,
1292 2271 1504 2339 sibique
1551 2285 1855 2331 reservasse
1904 2271 2106 2341 Grego-

545 2372 713 2438 rium,
741 2370 814 2425 ita
854 2368 1053 2423 falsum
1090 2380 1209 2421 eam
1237 2363 1631 2419 commentario
1663 2363 1909 2433 apposito
1944 2377 2107 2417 accu-

545 2462 817 2519 ratissime
839 2459 1158 2531 explicasse.
1186 2456 1277 2511 Sic
1296 2470 1513 2526 quoque
1549 2456 1838 2508 orationem
1854 2454 1968 2511 sive
1993 2452 2105 2507 Ea:-

544 2555 854 2627 poaitionem
879 2551 1024 2622 ﬁdei,
1049 2565 1171 2620 qua;
1192 2549 1379 2619 incipit
1410 2547 1703 2617 Ἐχθιστοι,
1731 2562 1838 2601 non
1859 2561 1980 2601 esse
2011 2562 2104 2601 ex-

546 2648 891 2717 plicationem
935 2643 1079 2698 illius
1098 2641 1229 2695 ﬁdei
1258 2639 1529 2702 revelatae,
1558 2637 1652 2693 sed
1681 2646 1977 2692 tractatum
2010 2652 2107 2707 per

546 2756 604 2794 se
638 2738 894 2805 divisum,
944 2734 1013 2790 ab
1056 2747 1228 2803 eaque
1270 2732 1607 2796 distinctum,
1648 2736 1710 2784 ut
1750 2729 1973 2799 planum
2014 2728 2106 2783 ﬁet

544 2831 756 2902 singula
789 2825 1112 2885 conferenli.
1146 2823 1381 2878 Basilius
1407 2821 1485 2875 De
1512 2819 1714 2890 Spiritu
1741 2829 1943 2888 sancto,
1981 2836 2100 2891 cap.

542 2924 632 2990 29,
669 2938 738 2978 ne
775 2920 1000 2977 verbum
1050 2916 1271 2987 quidem
1321 2912 1451 2968 facit
1495 2913 1563 2969 de
1583 2909 1925 2982 Expositione
1955 2912 2100 2981 ﬁdei,

543 3016 635 3080 sed
666 3009 1045 3072 tantummodo
1068 3005 1498 3079 glori/icaﬁonem
1533 3021 1563 3060 a
1592 3003 1853 3075 Gregorio
1877 3004 2099 3070 editam,

2210 1905 2303 1958 καὶ
2322 1904 2510 1973 λόγους
2529 1903 2673 1957 Πατέ
2682 1920 2786 1975 ρων
2801 1902 3057 1966 πολλάκις
3073 1903 3425 1958 νενοθεύκασι.
3458 1902 3536 1957 Sic
3545 1911 3689 1956 auctor

2219 1995 2352 2051 Vita:
2371 1998 2543 2051 sancti
2576 1995 2800 2049 Maximi
2824 1997 3214 2067 vocatxpijcm;
3226 1996 3404 2064 ἁγίων,
3435 1995 3517 2048 καὶ
3535 1995 3691 2065 αἱρετι-

2207 2088 2318 2143 κῶν
2335 2091 2555 2161 χρήσεις
2577 2088 2709 2161 (11)·
2731 2088 2909 2161 ῥῆσις,
2933 2088 3045 2143 sive
3077 2090 3290 2160 χρῆσις,
3315 2097 3391 2143 est
3409 2086 3570 2151 dictio,
3590 2084 3689 2139 eh-

2208 2189 2343 2246 tum,
2366 2180 2652 2245 sententia,
2666 2194 2793 2248 pars
2814 2179 3077 2234 orationis
3099 2179 3338 2249 integra;
3358 2174 3694 2249 τεμάχιον,ῐι-ιι-

2206 2280 2372 2339 stum,
2390 2270 2749 2341 fragmentum
2768 2267 2916 2343 (ᾝσ’
2932 2271 3231 2343 Εὐριπίδης
3247 2270 3395 2342 ῥῆσιν
3408 2287 3533 2333 τινα,
3548 2267 3692 2323 cecinit

2207 2364 2489 2435 Euripides
2509 2365 2823 2419 sententiam
2839 2362 3169 2434 quamdam),
3199 2378 3327 2434 pars
3352 2362 3600 2425 orationis,
3615 2374 3693 2413 non

2206 2458 2379 2513 oratio
2411 2457 2639 2526 integra.
2658 2453 2837 2521 Quare
2854 2456 2943 2510 hic
2965 2453 3492 2526 contenduntxp'ijcw
3506 2450 3692 2506 illamch

2207 2551 2382 2622 ῥῆσιν,
2400 2564 2521 2619 qua:
2550 2563 2617 2602 ex
2643 2547 2968 2617 Apollinaris
2989 2562 3129 2617 penu
3152 2556 3341 2601 exorta
3364 2554 3460 2612 est,
3481 2543 3697 2597 Thauma-

2206 2643 2347 2713 turgi
2366 2657 2469 2697 non
2498 2657 2639 2706 esse,
2654 2641 2747 2696 sed
2769 2639 3116 2710 Apollinaris.
3138 2638 3260 2695 Non
3289 2639 3405 2693 ideo
3424 2647 3579 2692 tamen
3591 2635 3698 2689 abili-

2205 2746 2331 2790 cant
2345 2735 2608 2805 reliquam
2625 2734 2924 2788 orationem
2938 2734 3332 2798 continuatam,
3355 2745 3467 2800 qua:
3488 2724 3697 2796 Gregorio

2205 2827 2424 2894 indigna
2456 2841 2566 2880 non
2599 2833 2701 2880 est.
2739 2822 2804 2879 Et
2841 2825 2970 2880 dum
3005 2825 3134 2879 dicit
3161 2823 3437 2885 Leontius,
3469 2818 3589 2888 apud
3624 2831 3696 2869 an-

2206 2918 2471 2986 tiquiores
2510 2903 2848 2980 dubitatum,
2905 2930 3014 2970 non
3063 2914 3130 2969 de
3146 2915 3304 2969 Fidei
3343 2911 3627 2983 expositione
3658 2903 3698 2959 id

2206 3008 2458 3075 afﬁrmat,
2509 3009 2601 3063 sed
2645 3015 2854 3062 tantum
2909 3006 2976 3061 de
3026 3005 3174 3062 dicto
3232 3006 3325 3062 illo
3375 3014 3427 3060 et
3470 2999 3697 3061 sententia.

544 3121 669 3161 cum
720 3105 843 3161 aliis
892 3103 962 3158 ab
1002 3101 1124 3156 aliis
1179 3098 1579 3170 antiquioribus
1634 3097 1884 3152 Patribus
1938 3095 2099 3151 factis
2129 3123 2175 3185 ο
2205 3117 2368 3172 quam
2406 3102 2483 3170 uti
2529 3102 2671 3170 ipse,
2710 3102 2785 3153 ita
2824 3106 2878 3153 et
2918 3098 3009 3152 alii
3052 3098 3320 3153 verbatirn
3362 3097 3699 3165 expresserunt,

543 3196 755 3254 confert
798 3205 852 3251 et
894 3194 1184 3252 examinat.
1235 3189 1329 3245 Sic
1371 3199 1426 3245 et
1472 3190 1527 3243 in
1575 3189 1803 3260 epistola
1852 3188 1993 3259 (θοι)
2036 3189 2102 3243 de

541 3291 646 3347 alia
671 3290 739 3344 ad
761 3287 1039 3346 Elianum
1076 3284 1276 3355 scripta
1308 3298 1613 3339 sermonem
1653 3282 1831 3349 habet,
1855 3294 1916 3335 ut
1938 3296 2100 3351 supra

541 3391 728 3440 contra
790 3379 1178 3435 Bellarminum
1252 3376 1621 3447 probavimus.
1699 3374 1766 3430 Et
1828 3375 2100 3430 immerito

540 3472 801 3529 Leontius
842 3468 1202 3527 scholasticus
1236 3467 1473 3537 vapulat,
1512 3467 1605 3537 qui
1646 3483 1752 3521 nou
1798 3466 1865 3521 de
1904 3466 2100 3521 tradita

539 3582 571 3619 a
618 3564 677 3618 Β.
716 3562 959 3634 Virgine,
1014 3574 1180 3632 quam
1217 3567 1273 3616 et
1307 3560 1421 3629 ipse
1448 3566 1501 3614 et
1529 3558 1620 3612 alii
1654 3557 1730 3612 uti
1762 3558 1985 3613 verbum
2018 3558 2100 3613 di-

527 3659 726 3711 vinum
773 3655 1015 3711 venerati
1057 3663 1223 3720 sunt,
1261 3662 1315 3707 et
1371 3652 1573 3721 scripto
1618 3649 2096 3720 consignaveruut,

532 3740 634 3806 ξω
686 3749 753 3803 de
808 3747 911 3802 hac
946 3761 1111 3817 quam
1150 3744 1370 3816 speciali
1431 3744 1585 3798 titulo
1632 3742 1725 3796 τοῦ
1761 3741 1903 3796 κατὰ
1934 3744 2099 3815 μέρος

536 3840 605 3894 ab
662 3838 784 3893 aliis
834 3836 1126 3906 Gregorius
1189 3833 1476 3903 separavit,
1549 3831 1739 3887 scribit
1792 3830 2098 3885 dubitatum

536 3931 707 3986 fuisse
748 3944 779 3983 a
804 3928 1074 3984 Patribus.
1121 3924 1188 3981 Et
1222 3926 1348 3981 licet
1377 3927 1539 3979 etiam
1567 3938 1755 3978 verum
1790 3924 1880 3987 sit,
1915 3923 2099 3977 omnia

535 4022 666 4077 dicti
719 4018 913 4091 [Patris
966 4026 1246 4089 perspecta
1307 4015 1563 4071 habuisse
1621 4013 1913 4079 Basiliam,
1949 4013 2097 4066 nihi-

533 4112 772 4167 lominus
811 4108 1095 4178 Expositio
1147 4108 1294 4177 ﬁdet,
1358 4121 1521 4176 quam
1572 4106 1686 4175 ipse
1732 4104 2008 4176 suggillat,
2044 4112 2097 4159 et

534 4212 798 4261 excusare
810 4201 1021 4278 nititur,
1038 4215 1146 4255 nou
1170 4198 1273 4253 fuit
1287 4215 1461 4268 neque
1484 4197 1569 4252 illa
1588 4212 1620 4251 a
1633 4195 1852 4266 Virgine
1873 4196 2094 4261 dictata,

535 4312 711 4368 neque
750 4297 864 4350 haec
905 4295 1041 4365 ipsa,
1089 4293 1157 4348 de
1192 4308 1298 4362 qua
1343 4290 1499 4346 nobis
1537 4304 1763 4345 examen
1807 4288 2091 4352 incumbit,

534 4390 627 4445 sed
679 4388 786 4444 alia
822 4386 990 4441 'tertia
1031 4386 1097 4441 ad
1121 4383 1420 4444 IElianum,
1472 4381 1586 4436 sive
1612 4379 1937 4448 Gelianum,
1992 4396 2091 4436 ceu

2204 3191 2592 3247 dubitationem
2645 3188 2847 3255 fuisse,
2902 3188 3128 3260 intelligi
3176 3190 3355 3245 debet.
3426 3184 3564 3253 Quod
3604 3193 3699 3234 vero

2203 3283 2392 3337 ultimo
2442 3283 2562 3340 loco
2601 3280 2755 3350 ponit
2803 3295 2869 3335 ex
2922 3279 3189 3335 sententia
3221 3278 3466 3350 Gregorii
3499 3270 3700 3348 Nyssenii

2201 3376 2409 3431 nullum
2457 3389 2579 3430 esse
2620 3389 2757 3444 opus
2800 3371 3195 3443 Thaumaturgi
3231 3380 3424 3442 praeter
3466 3369 3609 3425 solam
3631 3360 3699 3417 Fi-

2200 3468 2346 3534 dem,
2378 3483 2541 3537 quam
2595 3467 2650 3521 in
2680 3466 2892 3521 visione
2941 3475 3327 3535 conspexerat,
3378 3464 3477 3519 hoc
3517 3474 3609 3515 non
3642 3461 3701 3510 est

2201 3563 2301 3617 hac
2322 3559 2814 3629 Fideiexpasitione
2849 3561 2964 3615 sola
2985 3598 3000 3623 ,
3036 3559 3131 3614 sed
3179 3560 3404 3629 reliquis
3444 3556 3586 3611 etiam
3612 3549 3700 3604 aliis

2198 3653 2473 3723 operibus,
2504 3668 2624 3723 quae
2658 3652 2956 3708 indubitate
2985 3650 3236 3722 Gregorii
3269 3662 3417 3716 sunt,
3439 3644 3701 3718 Gregorium

2200 3745 2455 3816 spoliare,
2495 3744 2638 3815 quod
2683 3744 2849 3799 fuerit
2889 3744 3050 3814 plane
3093 3743 3399 3806 absonum,
3440 3750 3490 3796 et
3515 3752 3619 3793 vere
3643 3734 3701 3787 in~

2198 3839 2622 3896 consideratum.
2682 3836 2748 3892 Et
2814 3838 2940 3892 licet
3002 3837 3055 3891 id
3118 3835 3402 3908 Nyssenus
3464 3835 3703 3891 assereret,

2197 3931 2499 4003 Nyssenum
2546 3931 2660 4000 ipse
2698 3944 2969 3995 revereor,
3010 3938 3064 3984 et
3098 3928 3250 3985 illius
3282 3928 3424 3983 dicta
3452 3921 3702 3988 exosculor.

2197 4024 2379 4079 Ilabco
2447 4033 2627 4079 tamen
2657 4039 2795 4095 quos
2835 4023 2913 4077 illi
2942 4036 3217 4092 opponam
3249 4021 3503 4077 Basiliam
3543 4026 3589 4073 et
3611 4011 3705 4067 Ilie-

2194 4134 2504 4191 ronymum,
2531 4119 2625 4189 qui
2657 4109 2828 4173 multa
2872 4118 2977 4173 alia
3009 4118 3257 4187 ejusdem
3293 4122 3579 4173 recensent.
3609 4108 3706 4163 Erat

2193 4227 2322 4284 ergo
2350 4212 2419 4267 ab
2444 4211 2710 4267 haereticis
2730 4210 2933 4266 dictum
2956 4209 3088 4264 illud
3116 4209 3186 4263 de
3210 4208 3425 4263 duabus
3455 4205 3508 4260 in
3531 4199 3705 4257 Christo

2193 4305 2402 4359 naturis
2428 4304 2798 4373 depravatum,
2817 4301 2960 4373 quod
2990 4302 3320 4357 Anastasius
3346 4302 3400 4355 in
3434 4298 3607 4365 Ecloge
3631 4303 3704 4347 sua

2195 4410 2261 4449 ex
2296 4394 2514 4464 puriore
2553 4393 2803 4448 codicum
2841 4390 2990 4445 fonte
3035 4390 3322 4455 hauriens,
3377 4395 3437 4442 ut
3472 4382 3590 4439 illud
3620 4376 3705 4433 edi-

533 4483 721 4537 scribit
743 4480 1032 4538 Facundos
1064 4476 1469 4532 Hermianensis
1503 4475 1595 4531 lib.
1620 4491 1654 4529 x
1685 4479 1830 4545 (cap.
1863 4474 1917 4543 6)
1952 4475 2089 4530 scri-
2120 4467 2165 4522 D
2193 4486 2345 4541 dem;
2372 4483 2829 4554 Thaumaturgus’
2858 4482 3165 4553 exscripsi”
3180 4482 3480 4550 recimque
3509 4474 3707 4531 Simon-

506 4589 652 4644 ~pla,
687 4584 747 4628 ut
773 4590 937 4644 supra
961 4572 1215 4637 diximus,
1259 4570 1311 4623 in
1346 4584 1451 4639 qua
1493 4568 1561 4624 de
1587 4568 1950 4624 subsistentiis
1979 4583 2089 4623 non

535 4678 609 4722 ἰιι
646 4667 929 4722 commode
968 4667 1215 4723 locutum
1258 4664 1426 4718 fuisse
1465 4662 1628 4717 tradit
1660 4678 1675 4715 :
1704 4676 1829 4716 cum
1880 4661 1935 4716 in
1965 4660 2088 4727 hac,

535 4765 599 4815 ile
628 4774 736 4829 qua
762 4774 906 4812 nunc
933 4758 1228 4823 dubitatur,
1259 4756 1393 4810 nihil
1430 4756 1500 4809 sit
1528 4769 1703 4824 neque
1739 4754 1792 4807 in
1833 4753 2090 4824 mysterio

529 4850 835 4915 Trinitatis,
883 4862 1058 4917 neque
1107 4848 1165 4902 in
1212 4846 1469 4917 mysterio
1517 4844 1931 4907 lncarnationis,
1982 4859 2088 4897 non

533 4943 813 5015 aptissime
830 4939 1105 5003 traditum,
1130 4938 1479 5008 et;catholica:
1494 4935 1745 4991 Ecclesiae
1766 4949 2085 4989 consonum.

533 5037 598 5111 Et
621 5046 728 5091 tres
747 5031 1055 5101 huiusmodi
1072 5030 1438 5100 expositiones
1453 5037 1578 5083 ante
1594 5044 1678 5083 me
1694 5037 1975 5083 notaverat
1988 5029 2088 5082 do-

526 5130 811 5185 ctissimus
835 5123 1071 5179 Jacobus
1092 5122 1412 5177 Sirmondus
1442 5123 1501 5175 in
1528 5121 1670 5176 notis
1690 5122 1755 5176 ad
1772 5121 2086 5177 Facundum

530 5219 998 5278 Hermianensem.

603 5378 716 5449 (10)
778 5375 968 5449 Latine
1029 5374 1243 5449 quidem
1277 5375 1362 5449 _in
1436 5374 1784 5449 Bibliotlieea_-
1831 5375 2082 5449 Lugdun.

532 5449 647 5504 I’P.
698 5444 747 5503 't.
799 5446 943 5512 XIX,
978 5444 1218 5515 p.187;
1266 5444 1450 5500 Graece
1517 5444 1665 5502 dedit
1696 5444 1945 5502 Allatius’.
1983 5446 2087 5516 Zy-

527 5520 725 5589 gabeni
770 5519 1193 5589 disputationem
1228 5517 1652 5589 cumhsaraceno
1694 5519 1860 5572 habes
1892 5519 1945 5571 in
1982 5518 2085 5573 hac

530 5586 717 5643 nostra
748 5586 879 5643 PP.‘
896 5588 1219 5642 Bibliotheca
1254 5598 1290 5640 t.
1318 5587 1404 5642 IV.
1425 5586 1572 5642 Nova
1606 5598 1659 5642 et
1691 5589 1955 5658 ampliora
1977 5589 2080 5643 alia

526 5659 767 5726 ejusdem
797 5660 996 5728 scripta
1024 5658 1186 5727 prmio
1212 5674 1486 5726 paramus.
1517 5659 1582 5713 Λ.
1607 5658 1677 5711 Μ.

598 5727 711 5799 (Il)
751 5727 957 5798 Reapse
994 5730 1048 5782 in
1094 5739 1281 5783 nostro
1310 5730 1580 5782 volumine
1622 5730 1850 5797 septimo
1883 5727 2077 5797 Script.

524 5812 645 5864 seu,
690 5810 829 5863 part.
875 5817 912 5865 ι,
954 5800 1117 5855 habes
1180 5817 1230 5870 p.
1291 5800 1388 5854 l65
1446 5801 1657 5855 titulum
1700 5802 1920 5870 χρήσεις
1966 5803 2071 5856 τῶν

2192 4579 2294 4633 dus
2344 4577 2488 4631 dicto
2533 4576 2652 4630 loco
2694 4591 2709 4627 :
2753 4575 2848 4628 Ἐκ
2901 4572 3012 4642 τῆς
3074 4573 3228 4628 κατὰ
3265 4573 3451 4643 μέρος
3488 4567 3705 4624 Πίστεως

2191 4673 2488 4747 Γρηνγορίου
2552 4672 2644 4726 τοῦ
2689 4671 2937 4741 Μεγάλου
2976 4670 3068 4725 καὶ
3116 4663 3540 4741 Θαυματουργοῦ
3560 4678 3574 4693 ·
3622 4650 3707 4712 Καὶ

2190 4766 2319 4820 ἔστι
2367 4763 2509 4830 Θεὸς
2544 4762 2846 4831 ἀληθινὸς,
2898 4765 2932 4816 ό
2959 4762 3226 4829 ἄσαρκος
3264 4760 3337 4813 ἐν
3370 4754 3539 4825 σαρκὶ
3564 4759 3704 4823 90⁸⁸⁸

2181 4857 2414 4926 ρωθεὶς,
2450 4854 2674 4920 τέλειος
2708 4851 2782 4922 τῇ
2814 4850 3072 4920 ἀληθινῇ
3110 4851 3209 4904 καὶ
3248 4850 3379 4916 θείᾳ
3412 4844 3704 4926 τελειότητιγ

2189 4924 2261 5003 ῥὺ
2303 4948 2411 5002 δύο
2453 4948 2768 5015 πρόσωπα,
2820 4944 2979 4997 ἀλλά
3022 4942 3133 5013 (12)
3162 4942 3276 4996 δύο
3320 4941 3561 5009 φύσεις,
3597 4924 3707 4984 οὐδὲ

2192 5041 2490 5109 τέσσαρας
2534 5035 2899 5106 προσκυνεῖν
2936 5036 3214 5105 λέγομεν,
3264 5032 3409 5087 Θεὸν
3445 5028 3539 5083 καὶ
3582 5021 3704 5109 Υὲὀτέι

2191 5132 2339 5187 Θεὸν
2362 5108 2459 5186 καὶ
2487 5129 2814 5199 ἄνθρωπον,
2845 5128 2941 5185 καὶ
2967 5127 3209 5197 Πνεῦμα
3238 5126 3428 5195 ἅγιον.
3456 5141 3477 5174 ς
3508 5120 3579 5173 Ex
3601 5108 3705 5215 Fide

2188 5223 2470 5276 secundum
2508 5231 2683 5290 partes
2714 5219 2959 5291 Gregorii
2998 5217 3174 5289 Magni
3223 5225 3281 5272 et
3313 5215 3697 5275 Thaumaturgi:

2190 5382 2472 5455 μακαρίων
2504 5382 2598 5455 ita}
2636 5376 2926 5455 opﬁoadﬁaov
2958 5376 3233 5455 Hgséptov.
3285 5373 3356 5428 Et
3371 5369 3558 5455 “hiis,
3586 5360 3707 5455 [fit

2188 5441 2299 5533 ἔξεις
2332 5441 2634 5533 ὁεοστοχῶν
2657 5441 2969 5533 ᾱιὶρετιξιᾶυίἒ
2998 5441 3237 5516 Denique
3290 5460 3346 5515 p.
3371 5441 3492 5505 202,
3518 5441 3703 5511 χρήσεις

2185 5523 2456 5594 ἆχρτιιειηεοχ.⁸
2489 5518 2796 5594 Ἀρειανῶν.
2825 5520 2890 5574 A.
2921 5518 2992 5572 Μ.

2256 5565 3152 5673 fi§)"viu'éﬁ"§éﬁiiﬁiai"me,
3186 5565 3703 5673 iprpmspuri‘o-oﬁ?

2185 5646 2380 5718 εἶρῖξοιὲ
2411 5646 3083 5717 ηοειτοῐηυοόιιοιειιίοιιοω
3108 5646 3159 5724 l,
3274 5646 3584 5724 108’(ειιρην
3608 5646 3699 5694 ³³⁰²ο

2183 5734 2237 5801 8,
2271 5734 2372 5791 col.
2407 5732 2588 5805 1223).
2621 5731 2685 5785 A.
2719 5730 2789 5787 M.
