3972 6318
318 346 459 405 1229

1174 358 1417 416 LEONIS
1452 358 1730 417 ALLATII
1760 361 2083 419 DIATRIBA
2121 366 2206 420 DE
2241 367 2645 428 THEODORIS.

3403 380 3539 436 1950

317 467 418 523 Est
443 465 584 523 Deus
636 486 784 525 verus
804 511 817 535 ,
866 474 980 543 qui,
1005 474 1199 547 absque
1243 496 1401 534 carne
1452 495 1569 536 eum
1619 491 1772 545 esset,
1818 482 1874 536 in
1901 483 1949 540 Α
1973 484 2387 555 sententiarum,
2416 490 2509 560 qui
2539 489 2667 544 dum
2701 506 2769 546 ex
2797 506 2858 547 ea
2891 494 3054 550 verba
3084 496 3309 565 profert,
3351 499 3541 556 scribit

317 576 477 614 carne
504 564 783 631 apparuit,
808 566 1065 634 perfectus
1110 585 1229 623 vera
1258 582 1306 625 et
1329 571 1505 626 divina
1543 574 1875 643 perfectione,

1980 590 2042 630 ea
2082 591 2140 631 se
2172 593 2387 635 sumere
2428 582 2492 634 ὲκ
2532 581 2623 635 τοῦ
2665 584 2791 654 περὶ
2826 586 3153 656 σαρκώσεως
3184 590 3278 642 καὶ
3307 590 3541 657 πίστεως

312 668 421 705 non
449 653 571 708 dum
597 670 859 723 perstate,
892 658 983 712 sed
1020 669 1227 716 natura:
1265 661 1421 729 duas;
1454 682 1614 735 neque
1653 677 1840 737 quatuo

1979 667 2135 736 λόγου
2172 672 2229 724 ὲν
2268 675 2333 743 τῇ
2377 674 2639 746 ἑρμηνείᾳ
2674 653 2763 728 τοῦ
2797 653 3045 749 δευεέρου
3075 653 3537 754 ἀναθεματισμοῦξ

311 744 539 797 adorare
575 744 819 811 dicimus,
839 746 1007 801 Deum
1030 758 1082 803 et
1101 749 1317 819 Filium,
1335 752 1500 808 Deum
1523 767 1571 810 et
1595 756 1873 825 hominem,

309 844 363 887 et
384 833 644 903 Spiritum
682 848 943 893 sanetum.
979 858 999 891 ι
1057 840 1123 895 Et
1166 841 1491 915 Euthymius
1532 845 1872 918 Zygabenus,

312 924 371 978 in
406 924 682 995 Panoplia:
711 929 865 983 titulo
888 930 973 996 15,
995 946 1059 985 ea
1090 932 1142 985 in
1177 943 1329 1001 parte
1365 935 1456 990 ubi
1484 937 1551 991 de
1580 937 1791 995 duabus
1819 942 1871 995 in

310 1015 532 1070 Christo
566 1019 773 1074 naturis
797 1021 1101 1076 testimonia
1128 1022 1345 1079 Patrum
1383 1028 1620 1096 colligit:
1644 1029 1747 1083 Τοῦ
1764 1034 1873 1086 Με-

306 1106 476 1174 γάλου
522 1109 817 1184 Γρηγορίου
860 1112 954 1167 τοῦ
999 1114 1419 1190 Θαυματουργοῦ
1464 1122 1527 1175 ὲκ
1573 1120 1679 1190 τῆς
1723 1124 1872 1179 κατὰ

300 1199 488 1267 μέρος
517 1203 810 1271 Πίστεως·
838 1207 947 1259 Καὶ
977 1207 1105 1261 ἐστι
1132 1209 1275 1276 Θεὸς
1292 1211 1596 1280 ἀληθινὸς,
1626 1218 1660 1269 ό
1683 1215 1868 1285 ἄσαρ-

303 1307 414 1355 κος
441 1291 512 1344 ἐν
536 1294 714 1361 σαρκὶ
739 1298 1114 1365 φανερωθεὶς,
1146 1302 1219 1354 οὐ
1248 1300 1356 1355 δύο
1377 1305 1685 1371 πρόσωπα,
1707 1308 1868 1363 ἀλλὰ

300 1378 417 1435 δύο
462 1384 694 1452 φύσεις.
755 1405 775 1437 t
817 1386 993 1459 Magni
1046 1390 1289 1462 Gregorii
1349 1393 1741 1469 Thaumaturgi
1797 1414 1864 1454 ex

299 1473 628 1542 professione
647 1474 770 1544 ﬁdei
796 1481 1078 1533 secundum
1100 1496 1275 1550 partes
1295 1499 1312 1537 :
1334 1484 1401 1538 Et
1428 1497 1501 1540 est
1529 1487 1664 1541 Deus
1690 1505 1860 1556 verus,

296 1565 398 1632 qui
422 1574 595 1620 tamen
614 1568 724 1622 sine
752 1585 908 1623 carne
930 1580 1026 1637 est,
1058 1574 1110 1626 in
1131 1591 1287 1628 carne
1312 1580 1580 1645 apparuit,
1614 1596 1713 1634 non
1743 1582 1863 1637 duc

299 1674 562 1725 personis,
590 1659 681 1713 sed
706 1660 826 1717 dua:
841 1673 1066 1719 naturte.
1097 1683 1116 1716 ι
1142 1663 1271 1723 Jure
1304 1668 1485 1738 itaque
1514 1652 1716 1726 dictum
1734 1673 1856 1739 hoc,

295 1756 367 1801 ut
406 1748 748 1819 proferebant
789 1752 1048 1821 haeretici,
1092 1766 1371 1814 verterunt
1409 1762 1464 1815 in
1508 1762 1731 1819 dubium
1755 1764 1860 1819 Pa-

296 1848 434 1904 tres,
476 1855 547 1894 an
576 1839 817 1912 Gregorii
854 1852 1015 1901 esset.
1067 1843 1134 1900 Et
1156 1847 1221 1904 de
1240 1844 1343 1904 hac
1362 1846 1703 1921 Expositione
1730 1855 1856 1925 ﬁdei

294 1934 441 1987 κατὰ
472 1935 661 2008 μέρος,
687 1939 840 1995 satis.

368 2025 486 2081 Dixi
523 2044 708 2099 supra,
742 2031 898 2087 fidem
929 2032 1189 2105 Gregorio
1241 2036 1530 2093 revelatam
1566 2055 1596 2094 a
1632 2039 1852 2112 Virgine

288 2116 487 2175 Patres
519 2122 777 2178 reveritos
807 2123 996 2190 fuisse,
1026 2134 1081 2182 et
1113 2126 1166 2180 in
1199 2138 1311 2183 sua'
1325 2130 1527 2200 scripta
1579 2133 1847 2190 retulisse.

285 2208 449 2264 Addo
481 2226 646 2279 nunc,
682 2222 735 2268 et
763 2229 828 2269 ex
861 2215 1006 2271 illius
1027 2218 1185 2273 dictis
1213 2220 1381 2275 multa
1413 2220 1536 2278 ﬁdei
1570 2226 1848 2295 mysteria,

287 2300 474 2356 verbis
533 2310 590 2358 et
636 2307 917 2362 sententiis
966 2308 1089 2365 inde
1140 2311 1383 2378 haustis,
1446 2317 1846 2386 comprobasse.

284 2388 371 2446 Ne
411 2394 651 2464 singulos
690 2411 1022 2464 recenseam,
1051 2401 1158 2457 duo
1190 2406 1565 2461 tantummodo
1595 2408 1740 2464 dicta
1766 2410 1850 2465 di-

284 2483 580 2538 sertissimi
609 2484 805 2554 Patris,
833 2498 886 2544 et
910 2490 1023 2557 cui,
1048 2507 1077 2546 a
1104 2494 1421 2563 tbeologicis
1454 2497 1615 2553 rebus
1645 2499 1848 2568 optime

280 2584 343 2630 et
380 2578 789 2635 accuratissime
832 2585 1195 2651 pertractatis,
1248 2586 1506 2658 Theologi
1541 2605 1843 2660 cognomen

282 2664 559 2722 universae
587 2666 843 2725 Ecclesiae
884 2687 1150 2730 consensu
1191 2676 1436 2742 obvenit,
1465 2676 1728 2750 Gregorii,
1760 2679 1844 2738 in-

278 2772 480 2827 quam,
529 2758 848 2817 Nazianzeni
876 2805 891 2829 ,
961 2763 1015 2818 in
1068 2767 1304 2822 medium
1349 2769 1602 2835 aﬂ'eram,
1644 2772 1843 2842 quibus

277 2847 575 2906 afﬁrmatio
611 2868 731 2909 mea
773 2863 956 2925 aperte
993 2859 1421 2916 constabilietur.
1461 2860 1702 2919 Primum
1737 2866 1842 2921 erit

277 2956 351 2997 ex
381 2944 624 3000 oratione
653 2946 719 3000 de
753 2946 1062 3015 baptismate
1086 2951 1185 3023 (or.
1213 2968 1300 3019 ιι,
1323 2954 1434 3024 42).
1485 2954 1685 3012 Scribit
1707 2958 1840 3014 Gre-

278 3035 507 3105 gorius:
534 3037 699 3091 Οὐδὲν
730 3038 829 3109 τῆς
872 3040 1127 3111 Τριάὸος,
1181 3036 1227 3098 ὦ
1264 3041 1430 3110 οὗτοι,
1463 3046 1585 3102 οὔτε
1625 3049 1832 3116 δοῦλον,

1984 780 2003 811 ι
2033 760 2107 815 Ex
2143 764 2389 820 oratione
2427 766 2492 821 de
2526 766 2896 823 incarnatione
2928 781 2979 825 et
3015 771 3150 838 ﬁde,
3186 773 3240 828 in
3274 774 3538 846 interpre-

1975 855 2180 910 tatione
2223 859 2659 913 anathematismi
2706 863 2947 918 secundi.
2991 882 3009 915 ι
3073 864 3219 921 Licet
3268 869 3412 924 enim
3469 888 3535 927 ex

1975 945 2242 1002 divisione
2273 948 2452 1018 operis
2497 950 2552 1004 in
2594 953 2848 1021 capitula,
2884 956 3242 1024 capitulorum
3286 961 3389 1015 sibi
3432 978 3536 1017 no~

1974 1052 2097 1091 men
2130 1053 2267 1108 opus
2294 1041 2605 1109 prxtulerit,
2649 1052 2884 1099 attamen
2924 1046 3002 1099 illi
3033 1053 3159 1119 περὶ
3203 1051 3534 1122 σαρκώσεως

1972 1127 2189 1182 titulum
2248 1130 2317 1185 ab
2359 1140 2580 1186 auctore
2634 1133 2912 1202 praefixum
2971 1136 3173 1203 fuisse,
3229 1155 3295 1194 ex
3343 1144 3531 1200 eodem

1970 1220 2152 1289 operis
2184 1232 2502 1290 argumento
2527 1224 2684 1291 plane
2709 1234 2873 1294 patet.
2954 1226 3156 1282 Scribit
3194 1232 3399 1289 scilicet
3432 1252 3533 1289 au-

1969 1320 2086 1366 ctor
2129 1331 2143 1366 :
2192 1313 2326 1366 Θεοῦ
2373 1315 2552 1386 χάριτι
2608 1316 2723 1380 πῶς
2774 1317 2855 1370 δεῖ
2908 1321 3181 1377 πιστεύειν
3250 1326 3376 1396 περὶ
3435 1328 3534 1399 τῆς

1968 1400 2289 1471 σαρκώσεως
2332 1404 2426 1455 καὶ
2473 1403 2935 1477 ἐνανθρωπήσεως
2980 1410 3072 1463 τοῦ
3099 1411 3226 1465 Υἱοῦ
3268 1413 3361 1466 τοῦ
3395 1414 3530 1469 Θεοῦ

1978 1489 2147 1561 ἰησοῦ
2172 1492 2423 1561 Χριστοῦ.
2463 1514 2481 1544 1
2507 1494 2790 1560 Quomodo
2819 1513 2941 1559 cum
2972 1499 3063 1555 Dei
3088 1503 3259 1573 gratia
3285 1516 3531 1573 oporteat

1964 1580 2180 1634 credere
2216 1581 2282 1635 de
2321 1582 2692 1638 incarnatione
2721 1595 2771 1638 et
2799 1586 3242 1644 inbumanationc
3272 1590 3395 1647 Filii
3429 1592 3525 1649 Dei

1961 1668 2091 1726 Jesu
2116 1671 2340 1727 Christi.
2370 1693 2389 1725 ι
2423 1672 2490 1727 Et
2519 1676 2762 1744 apposite
2793 1678 2905 1732 haec
2932 1680 3039 1734 duo
3072 1681 3360 1751 conjunxit
3397 1684 3529 1758 σάρ-

1962 1781 2151 1829 κωσιν,
2175 1766 2267 1819 καὶ⁵
2295 1765 2721 1836 ὲνανορώπησιν,
2756 1770 3171 1826 incarnationem
3200 1784 3248 1827 et
3276 1777 3525 1831 inhuma-

1964 1856 2258 1920 nationem,
2306 1865 2566 1926 tanquam
2613 1859 2706 1928 qui
2749 1869 2803 1913 et
2839 1859 3055 1918 Grmcos
3103 1865 3399 1922 catholicos
3439 1885 3527 1923 se-

1963 1956 2241 2016 queretur,
2275 1950 2367 2018 qui
2406 1948 2473 2002 de
2510 1949 2613 2004 hoc
2645 1952 2904 2021 mysterio
2948 1953 3114 2010 libros
3153 1972 3282 2012 suos
3332 1958 3526 2018 inscri-

1962 2037 2088 2091 bere
2114 2038 2374 2107 solebant,
2402 2040 2537 2109 Περὶ
2563 2041 3023 2114 ἐνανθρωπήσεως
3041 2086 3056 2111 ,
3088 2055 3142 2100 et
3167 2047 3526 2105 heterodoxo-

1960 2142 2081 2182 rum
2108 2130 2427 2186 sententiam
2459 2132 2747 2195 refelleret,
2774 2135 2866 2203 qui
2897 2151 3018 2190 eum
3046 2146 3215 2192 totum
3245 2138 3521 2196 hominem

1959 2232 1990 2271 a
2012 2216 2191 2274 Verbo
2230 2228 2540 2291 susceptum
2584 2234 2863 2293 negarent,
2900 2227 3360 2301 ὲνανθρωπήσεως
3394 2231 3526 2286 titu-

1959 2310 2070 2364 lum
2096 2309 2453 2382 refugiebant,
2484 2324 2537 2366 et
2569 2314 2737 2367 altero
2771 2316 2906 2387 Περὶ
2935 2316 3259 2388 σαρκώσεως
3291 2320 3521 2375 uteban-

1956 2412 2065 2467 tur,
2106 2412 2167 2456 ιιι
2189 2402 2464 2459 Eudoxius
2507 2404 3143 2476 Constantinopolitanae
3169 2417 3221 2464 et
3244 2410 3521 2479 Apollina-

1955 2494 2035 2549 ris
2073 2494 2188 2563 ipse
2226 2492 2487 2549 fecerant.
2529 2496 2863 2552 Athanasius
2888 2498 3051 2553 etiam
3078 2498 3395 2571 Gregorium
3427 2520 3519 2559 se-

1956 2594 2115 2640 cutus
2144 2596 2434 2656 utramque
2462 2601 2648 2641 vocem
2691 2604 2797 2642 una
2828 2590 3110 2657 conjunxit
3138 2602 3323 2648 contra
3352 2593 3519 2665 Apel-

1955 2675 2185 2730 linaretn
2221 2677 2337 2746 (lib.
2367 2693 2406 2743 ι,
2436 2677 2527 2747 21)
2560 2692 2575 2730 :
2610 2679 2905 2749 Μανιχαῖος
2945 2681 3248 2753 ἀπιστήσας
3292 2687 3356 2756 τῇ
3390 2702 3520 2757 σαρ-

1952 2765 2117 2822 κώσει
2161 2770 2253 2823 καὶ
2279 2769 2687 2843 ὲνανορωπήσει
2731 2771 2824 2825 τοῦ
2869 2773 3094 2845 Κυρίου,
3140 2776 3339 2848 ἀσεϐὴς
3375 2778 3516 2832 κατὰ

1952 2856 2133 2912 πάντα
2180 2858 2391 2928 γέγονε.
2438 2877 2456 2910 ι
2484 2858 2817 2917 Manichacus
2855 2877 2962 2917 non
2996 2864 3223 2920 credens
3265 2865 3517 2921 incarna-

1952 2948 2086 3004 tioni
2112 2958 2166 3005 et
2206 2950 2639 3006 inhumanationi
2665 2951 2900 3019 Domini,
2932 2954 2985 3010 in
3026 2956 3281 3012 omnibus
3314 2956 3514 3028 impius

1950 3038 2128 3095 factus
2181 3049 2281 3095 est.
2316 3059 2335 3092 ι
2389 3041 2523 3099 lllnd
2575 3058 2794 3112 quoque
2840 3044 3050 3100 interim
3109 3046 3509 3105 observandum

268 3125 407 3180 οὔτε
436 3130 668 3184 κτιστύν.
725 3149 745 3182 ι
775 3131 918 3188 Nihil
957 3135 1012 3189 in
1038 3134 1323 3201 Trinitate,
1374 3154 1409 3193 ο
1437 3141 1625 3206 amici,
1666 3158 1840 3214 neque

1951 3141 2059 3199 est,
2104 3134 2299 3188 horum
2331 3134 2693 3204 capitulorum
2733 3152 2857 3191 cum
2896 3139 3232 3208 expositione
3271 3142 3325 3194 in
3351 3141 3513 3199 editis

276 3234 500 3275 servum
530 3237 703 3293 neque
730 3235 991 3280 creatum.
1020 3245 1040 3279 ι
1074 3226 1142 3282 Et
1163 3229 1321 3299 plane
1356 3230 1429 3286 ita
1450 3242 1551 3289 est.
1589 3232 1653 3288 Et
1679 3244 1836 3289 nota-

1951 3222 2288 3296 Gregorianis
2315 3227 2515 3299 praetigi
2538 3226 2834 3284 Gerardum
2852 3228 3104 3287 Vossium
3141 3232 3508 3303 interpretem,

273 3309 360 3364 vit
406 3312 592 3366 nescio
643 3315 765 3383 quis
816 3316 868 3369 in
923 3316 1167 3388 margine
1231 3321 1583 3391 manuscripti
1635 3324 1839 3381 codicis

1951 3330 2064 3369 cum
2106 3325 2285 3371 tamen
2319 3317 2647 3374 Passerinus
2697 3323 2921 3387 scribat,
2967 3325 3224 3393 quoniam
3264 3340 3326 3380 ea
3361 3342 3507 3380 nun-

272 3398 525 3456 Vaticani
552 3402 711 3467 1592,
759 3421 880 3476 pag.
906 3407 975 3462 59
1007 3424 1021 3460 :
1062 3408 1327 3482 Γεώργιον
1374 3412 1687 3487 (Γρηγόριον
1725 3417 1840 3472 vult

1951 3423 2105 3478 quam
2153 3418 2247 3463 aut
2276 3408 2460 3465 Graece
2495 3420 2590 3465 ant
2632 3411 2823 3469 Latine
2854 3416 3152 3483 prodierint
3205 3418 3258 3471 in
3304 3418 3504 3483 lucem,

270 3494 478 3566 dicere)
503 3497 593 3551 τὸν
613 3497 1034 3570 Θαυματουργὸν
1060 3504 1118 3556 ἐν
1143 3505 1209 3574 τῇ
1236 3504 1646 3575 ἀποκαλύψει,
1676 3508 1839 3563 «ϐε-θ-

1951 3499 2065 3555 ideo
2088 3500 2397 3555 versionem
2424 3502 2637 3556 illorum
2670 3503 2864 3558 factam
2902 3521 2932 3559 a
2958 3504 3249 3563 Francisco
3280 3506 3510 3564 Turria-

272 3589 487 3659 gorium
520 3592 696 3647 innuit
718 3593 1181 3666 Thaumaturgum
1211 3599 1263 3653 in
1289 3600 1615 3656 reuelatione.
1638 3621 1657 3653 ι
1685 3604 1835 3658 Alte-

1951 3606 2032 3655 no,
2077 3591 2133 3645 in
2178 3593 2452 3661 Apparatu
2502 3609 2602 3648 suo
2643 3595 2924 3664 adjecisse.
2974 3596 3104 3662 Qua:
3146 3614 3268 3653 cum
3315 3600 3503 3655 iisdem

272 3697 400 3737 rum
424 3691 507 3739 est
527 3686 580 3738 in
606 3686 849 3741 oratione
866 3687 928 3741 de
954 3686 1158 3758 Spiritu
1183 3700 1361 3744 sancto
1386 3690 1489 3763 (or.
1520 3710 1672 3759 xxxt,
1696 3695 1788 3763 28)
1818 3716 1830 3751 :

270 3774 463 3828 Σισειν
500 3776 629 3829 Θεὸν
674 3778 764 3832 τὸν
814 3779 1052 3850 Πατέρα,
1095 3781 1226 3835 Θεὸν
1268 3782 1360 3837 τὸν
1411 3784 1560 3848 Υἱὸν,
1609 3785 1740 3839 Θεὸν
1773 3787 1835 3840 τὸ

271 3863 498 3939 Πνεῦμα
544 3868 606 3921 τὸ
650 3869 822 3939 ἅγιον,
872 3875 1017 3942 τρεῖς
1068 3871 1364 3945 ἰδιότητας,
1405 3875 1629 3947 Θεότητα
1682 3878 1831 3947 μίαν,

266 3960 421 4032 δόξῃ,
451 3963 543 4015 καὶ
575 3965 726 4034 τιμῇ,
757 3964 851 4017 καὶ
887 3964 1064 4037 οὐσίᾳ,
1091 3966 1183 4019 καὶ
1219 3966 1463 4039 βασιλείᾳ
1510 3969 1582 4040 μὴ
1616 3969 1833 4041 μεριζο-

271 4054 463 4126 μένην,
503 4053 578 4119 ὥς
613 4073 695 4120 τις
736 4056 841 4111 τῶν
879 4057 1058 4129 μικρῷ
1094 4059 1326 4130 πρόσθεν
1354 4059 1625 4132 θεοφόρων
1655 4062 1831 4131 ἐφιλο-

267 4145 527 4215 σόφησεν.
593 4164 612 4194 ι
656 4145 843 4200 Colere
887 4146 1055 4201 Deum
1097 4144 1310 4202 Patrem
1338 4188 1354 4215 ,
1395 4147 1563 4203 Deum
1612 4148 1829 4215 Filium,

267 4237 444 4291 Deum
471 4236 732 4306 Spiritum
771 4247 1037 4302 sanctum,
1084 4249 1194 4295 tres
1231 4239 1609 4310 proprietates.
1653 4240 1828 4295 deita-

263 4339 379 4384 tem
425 4342 620 4389 unam,
670 4343 846 4397 neque
891 4329 1094 4398 gloria,
1138 4344 1315 4400 neque
1359 4330 1600 4394 honore,
1654 4346 1829 4401 neque

262 4419 522 4485 essentia,
547 4433 722 4489 neque
747 4434 914 4487 regno
947 4419 1297 4479 subdivisam,
1330 4429 1389 4474 ut
1410 4421 1632 4490 quidam
1663 4423 1825 4491 paulo

1934 3682 2137 3748 verbis,
2195 3686 2385 3751 paucis
2434 3686 2755 3759 immutatis,
2804 3703 2916 3756 prae
2965 3690 3217 3746 manibus
3261 3694 3501 3746 omnium

1936 3776 2026 3840 sit,
2063 3775 2187 3844 quis
2222 3776 2289 3830 ab
2321 3777 2491 3833 altero
2527 3780 2818 3848 acceperit,
2857 3779 3127 3834 incertum
3159 3782 3412 3837 mihiest.

2004 3865 2064 3919 ln
2088 3866 2364 3935 epistolam
2378 3867 2768 3938 Thaumaturgi
2795 3876 3102 3924 canonicam
3124 3873 3501 3929 commentarii

1931 3950 2159 4024 Joannis
2187 3953 2413 4010 Zonaraa
2445 3966 2498 4011 et
2522 3955 2793 4012 Theodori
2831 3958 3169 4015 Balsamonis
3200 3961 3327 4015 editi
3369 3971 3500 4017 sunt

1933 4040 2191 4109 Lutetize;
2240 4042 2582 4101 Balsamonis
2603 4048 2821 4117 quidem
2852 4049 3017 4104 simul
3045 4065 3167 4105 cum
3198 4051 3319 4106 aliis
3350 4052 3501 4121 ejus-

1933 4134 2055 4189 dem
2107 4135 2541 4204 expositionibus
2591 4139 2646 4192 in
2704 4154 2892 4196 saeros
2935 4154 3209 4209 canones;
3271 4140 3498 4198 Zonaras

1930 4243 2061 4283 vero
2084 4228 2393 4297 separatim,
2419 4245 2542 4285 cum
2569 4231 2759 4287 eodem
2783 4230 3209 4301 Thaumaturgo,
3263 4232 3499 4290 Macario

1932 4333 1987 4376 et
2024 4320 2223 4377 Basilio
2282 4322 2651 4391 Seleuciensi,
2703 4323 2927 4380 Lutetia:
2975 4324 3153 4379 iu-fol.
3220 4325 3403 4382 Graece
3442 4337 3499 4383 et

1932 4414 2140 4469 Latine.

263 4521 397 4567 ante
424 4527 524 4567 nos
549 4487 720 4567 deifer
747 4511 1161 4581 philosophatus
1197 4520 1299 4567 est.
1328 4532 1347 4564 ι
1386 4487 1444 4566 In
1479 4487 1705 4568 alterius
1732 4527 1823 4569 co-
1856 4487 1902 4542 θ
2000 4505 2202 4562 Praeter
2258 4508 2390 4571 haec,
2422 4508 2566 4563 illius
2600 4507 2760 4562 etiam
2811 4507 2996 4562 laudat
3020 4509 3277 4578 epistolas
3302 4507 3494 4565 Hiero-

260 4603 406 4657 dicis
446 4615 662 4672 quoque
688 4600 929 4656 Vaticani
969 4601 1073 4657 456
1122 4603 1315 4672 pagina
1361 4602 1458 4657 561
1499 4604 1820 4658 adnotatur:

260 4692 563 4764 Γρηγόριον
606 4692 751 4762 λέγει
789 4693 881 4748 τὸν
926 4694 1342 4766 Θαυματουργὸν
1388 4695 1448 4746 ὲν
1495 4698 1563 4766 τῇ
1601 4696 1823 4749 ἀποκα-

258 4787 471 4852 λύψει.

330 4874 521 4931 Cesset
554 4876 718 4931 etiam
747 4891 977 4932 censura
1016 4892 1047 4931 a
1074 4875 1401 4932 Bellarmino
1428 4876 1568 4933 facta
1596 4877 1662 4932 de
1688 4879 1821 4931 duo-

254 4969 429 5023 decim
463 4969 732 5037 capitulis,
767 4984 888 5039 quae
919 4978 1096 5024 tamen
1131 4970 1207 5024 uti
1240 4968 1567 5039 Gregoriana
1598 4984 1626 5020 a
1657 4970 1822 5024 colle-

255 5073 409 5116 ctore
457 5059 843 5115 sententiarum
890 5058 958 5114 de
990 5059 1200 5114 duabus
1243 5060 1295 5113 in
1342 5059 1559 5114 Christo
1609 5058 1821 5113 naturis

254 5159 648 5222 agnoscuntur.
698 5147 985 5204 Et‘Suidas
1027 5168 1040 5203 :
1080 5149 1373 5221 Γρηγὸριος
1445 5150 1542 5203 καὶ
1597 5148 1823 5220 Ἀθηνὸ-

253 5245 428 5316 δωρος
477 5241 791 5312 συναίμονες
813 5281 827 5304 ,
886 5240 999 5294 ἀλλ’
1029 5244 1057 5294 ὁ
1100 5242 1195 5311 μὲν
1260 5241 1639 5313 τερατουργὸς,
1691 5242 1720 5292 ὁ
1758 5240 1817 5293 δὲ

251 5334 546 5405 σοφιστής⁶
588 5332 791 5405 ἔγραψε
832 5332 888 5385 δὲ
931 5331 1057 5406 περὶ
1096 5332 1419 5404 σαρκώσεως
1456 5334 1551 5386 καὶ
1582 5334 1819 5395 πίστεως

251 5428 430 5497 λόγον.
476 5448 496 5479 ι
517 5426 814 5496 Gregorius
832 5434 886 5481 et
909 5424 1291 5480 Athenodorus
1321 5425 1564 5493 germani
1598 5423 1815 5490 fratres,

253 5519 351 5573 sed
374 5518 463 5572 ille
483 5517 701 5587 quidem
726 5516 1112 5571 miraculorum
1136 5524 1396 5585 patrator,
1424 5514 1513 5569 hic
1547 5514 1812 5583 sophista.

254 5608 487 5677 Scripsit
529 5622 657 5662 vero
706 5608 794 5661 ille
838 5608 903 5662 de
935 5606 1306 5662 incarnatione
1354 5617 1408 5661 et
1451 5605 1556 5660 fide
1606 5606 1812 5660 oratio-

253 5719 399 5758 nem.
433 5720 451 5754 ι
490 5700 639 5757 Hanc
662 5701 805 5756 enim
834 5701 1128 5756 orationem
1158 5715 1266 5755 non
1301 5714 1421 5754 esse
1450 5698 1617 5761 aliud,
1648 5713 1811 5767 quam

247 5798 371 5866 ipsa
439 5795 715 5849 duodecim
765 5795 1029 5865 capitula,
1099 5807 1333 5865 agnosco
1393 5807 1460 5847 ex
1515 5791 1808 5847 collectore

1930 4612 2146 4668 nymus.
2223 4597 2288 4651 Et
2339 4598 2457 4652 aliae
2504 4599 2668 4668 hujus
2715 4596 2877 4668 vulgo
2926 4597 3177 4653 feruntur
3227 4600 3487 4669 epistolae.

1930 4690 2125 4744 Suidas
2157 4707 2170 4742 :
2205 4691 2443 4763 Ἔγραψε
2491 4693 2584 4745 καὶ
2618 4692 2782 4755 ἄλλας
2800 4710 2858 4746 τε
2897 4691 3093 4755 πολλὰς
3120 4694 3213 4747 καὶ
3242 4692 3491 4759 ποικίλας

1927 4776 2227 4841 ἐπιστολάς.
2272 4797 2290 4830 ι
2321 4779 2546 4850 Scripsit
2590 4789 2645 4834 et
2701 4781 2833 4836 alias
2866 4780 3065 4839 multas
3104 4782 3236 4837 varii
3277 4785 3488 4857 generis

1925 4872 2200 4942 epistolas.
2238 4891 2257 4922 ι

1996 4964 2115 5017 Alia
2168 4977 2385 5035 quoque
2447 4965 2765 5035 scripsisse,
2819 4967 2954 5021 nulli
3007 4967 3231 5024 dubium
3287 4968 3483 5036 fuerit;

1924 5054 2097 5108 multa
2129 5056 2273 5109 enim
2306 5055 2455 5111 illius
2486 5066 2539 5111 et
2568 5058 2701 5112 satis
2732 5058 2937 5128 prolixa
2976 5060 3031 5113 in
3062 5057 3265 5113 Catena
3298 5060 3483 5117 Graeca

1924 5158 2090 5215 super
2115 5142 2434 5209 Jeremiam,
2474 5161 2597 5215 quae
2629 5163 2730 5202 nos
2763 5145 2954 5203 Latina
2999 5147 3248 5208 fecimus,
3287 5157 3342 5203 et
3367 5149 3482 5204 suis

1922 5235 1978 5289 in
1998 5232 2286 5291 Jeremiam
2328 5240 2732 5294 commentariis
2764 5240 2994 5297 inseruit
3016 5239 3267 5305 rMichael
3297 5237 3477 5294 Gisle-

1920 5329 2058 5393 rius,
2086 5329 2339 5399 leguntur
2364 5345 2485 5399 qua:
2530 5331 2583 5384 in
2610 5331 2769 5385 editis
2795 5347 2905 5387 non
2939 5332 3224 5386 habentur.

1990 5420 2072 5474 Ad
2123 5422 2267 5477 hunc
2307 5420 2798 5478 Neocaesariensem
2835 5422 3155 5493 Gregorium
3188 5418 3477 5490 Origenem

1919 5510 2205 5580 scripsisse
2257 5512 2561 5581 epistolam,
2625 5530 2645 5563 ι
2676 5514 2896 5582 quando
2925 5512 3191 5582 quibusve
3230 5509 3474 5578 philoso-

1917 5601 2091 5670 phica:
2132 5601 2432 5670 disciplina:
2471 5603 2629 5667 utiles
2659 5603 2770 5658 sint
2808 5603 2874 5659 ad
2908 5614 3184 5655 sacrarum
3222 5598 3473 5668 Scriptu-

1914 5711 2101 5749 rarum
2137 5695 2561 5765 expositionem,
2596 5712 2719 5752 cum
2752 5694 3047 5765 Scriptura:
3082 5693 3417 5755 testimonio,
3446 5711 3466 5745 ι

1915 5787 2127 5843 decimo
2160 5788 2318 5844 tertio
2354 5791 2525 5860 capite
2554 5788 2858 5845 Philocan
2898 5788 3192 5854 insertam,
3223 5786 3468 5842 nonnulli
