3908 7030
573 371 701 427 £251

1435 367 1684 459 LEON‘IS
1722 367 1992 423 ALLATll
2030 367 2351 423 DIATRIBA
2389 365 2477 422 DE
2518 365 2929 423 THEODORIS.

3593 381 3696 439 ηεξ

574 510 671 548 nec
708 492 980 549 immerito
1011 491 1410 549 existimarunt.
1445 492 1506 547 P.
1532 493 1700 564 Χαῖρε
1728 494 1784 545 ὲν
1807 491 1944 562 Θεῷ,
1983 490 2137 563 κύριέ

2241 490 2337 545 vit.
2376 508 2395 541 ι
2453 488 2652 544 Verum
2702 491 2754 546 id
2799 499 2902 554 est,
2952 505 3109 547 nemo
3158 492 3354 551 inﬁcias
3403 498 3551 556 iverit.
3581 523 3596 556 ι
3626 505 3698 562 [lic

572 601 674 654 μου
724 582 1138 648 σπουδαιότατε,
1173 585 1265 637 καὶ
1302 584 1687 653 αἰδεσιμώτατε
1738 583 1818 635 υἱὲ
1849 583 2131 654 Γρηγόριε,

571 678 722 750 παρὰ
762 676 1080 749 Ὠριγένους.
1112 677 1176 729 Ἦ
1205 678 1284 738 εἰς
1306 676 1535 741 σύνεσιν,
1563 693 1615 728 κ.
1647 693 1696 727 τ.
1726 675 1774 729 λ.
1807 674 1862 728 1η
1891 675 2134 745 margine

573 769 777 824 codicis
809 766 1051 822 Vaticani
1082 768 1185 822 589
1219 775 1434 821 notatur
1482 786 1494 820 :
1547 765 1704 818 Ἀλλὰ
1739 765 1797 818 τὺ
1836 766 2009 836 παρὸν
2041 782 2134 817 κεν

572 861 798 928 φάλαιον
845 859 995 913 οὐδὲν
1035 859 1219 930 ἕτερον
1257 858 1388 928 ἔχει,
1427 859 1473 910 εξ
1521 857 1592 928 μὴ
1639 859 1804 928 μόνην
1849 857 2131 927 ἐπιστολὴν

571 949 734 1003 αὑτοῦ
779 948 870 1002 τοῦ
925 948 1228 1020 Ὠριγένους
1274 950 1576 1017 γραφεῖσαν
1633 948 1769 1018 πρὸς
1814 949 2127 1019 Γρηγόριον,

569 1045 627 1097 ὃν
661 1059 802 1105 τινες
830 1042 918 1096 τὸν
947 1039 1366 1112 Θαυματουργὸν
1393 1038 1636 1106 λέγουσιν
1664 1034 1818 1092 εἶναι.
1858 1038 2131 1093 «Przesens

569 1136 678 1190 hoc
721 1134 1018 1202 capitulum
1069 1131 1201 1185 nihil
1251 1131 1396 1184 aliud
1451 1129 1713 1193 continet,
1765 1129 1868 1183 nisi
1917 1140 2126 1184 tantum

569 1225 851 1294 epistolam
886 1223 1057 1292 ipsius
1097 1219 1345 1292 Origenis
1393 1221 1650 1289 scriptam
1695 1219 1760 1273 ad
1788 1217 2126 1288 Gregorium,

569 1331 731 1383 quem
780 1314 997 1384 quidam
1042 1313 1503 1383 Thaumaturgum
1555 1326 1677 1366 esse
1718 1312 2072 1366 contendunt.
2104 1331 2122 1363 ι

571 1407 970 1476 Epitomatores
1002 1405 1319 1460 Gesneriani
1349 1419 1362 1456 :
1406 1423 1422 1455 ι
1455 1403 1709 1472 Ejusdem
1736 1402 2128 1473 Thaumaturgi

567 1501 815 1570 epistola,
841 1514 934 1554 seu
966 1513 1201 1553 canones
1226 1499 1285 1551 il
1319 1498 1569 1567 impressi
1600 1506 1725 1552 sunt
1741 1495 1963 1552 Basileze
1985 1497 2128 1565 apud

567 1591 829 1646 Joannem
873 1591 1200 1645 Frobenium
1241 1605 1384 1644 anno
1413 1591 1569 1656 i518,
1605 1606 1727 1645 cum
1784 1591 1955 1646 sancti
1983 1589 2126 1646 Petri

567 1677 825 1748 Epistola,
863 1687 914 1732 et
937 1677 1222 1744 Gennadii,
1254 1687 1360 1733 etc.
1393 1678 1523 1734 Item
1553 1679 1906 1749 Metaphrasis
1942 1683 1995 1734 in
2023 1681 2126 1734 Ec-

569 1766 885 1832 clesiastam,
920 1775 974 1820 et
995 1766 1239 1822 Aristeas
1263 1766 1338 1821 De
1366 1769 1699 1837 septuaginta
1728 1769 1929 1822 duobus
1959 1771 2124 1824 inter-

2236 582 2442 637 scilicet
2481 591 2565 636 est
2601 597 2669 637 ex
2709 583 2825 637 solo
2846 581 3024 638 Patre.
3063 601 3083 634 ι
3143 581 3254 639 Hoc
3281 601 3399 640 vero
3434 588 3596 648 falsum
3623 607 3698 652 est.

2232 671 2519 743 Nunquam
2591 673 2716 727 talia
2780 673 3028 729 Christus
3093 677 3472 745 pronuntiavit;
3530 682 3702 756 ideoque

2233 783 2354 822 eum
2393 775 2677 836 sequentes
2717 765 2910 831 sancti,
2954 765 3022 820 ab
3063 766 3211 821 hisce
3240 768 3484 826 dictandis
3520 777 3702 832 scriben-

2232 859 2424 928 disque
2475 874 2595 913 sese
2647 859 2936 913 abstinent.
2983 877 3001 910 ‹
3035 859 3137 925 Qui
3177 875 3241 914 ex
3270 859 3415 917 Patre
3454 870 3699 933 procedit.»

2231 947 2346 1003 Hoc
2380 947 2583 1003 Christi
2625 957 2728 1014 est,
2774 964 2934 1003 nemo
2973 965 3072 1004 nos
3105 949 3260 1015 fallit,
3283 950 3467 1006 dictum
3484 960 3703 1013 exoscula-

2232 1057 2373 1095 mur.
2411 1040 2512 1095 Sed
2547 1043 2600 1094 in
2633 1041 2808 1096 verbis
2836 1040 3036 1097 Christi
3062 1042 3228 1099 dictio
3259 1046 3342 1100 illa
3374 1048 3473 1101 solo
3500 1065 3524 1102 a
3549 1048 3706 1108 Joanne

2232 1131 2718 1202 Hierosolymitano
2753 1131 2953 1198 addita,
2990 1149 3096 1203 qua
3129 1135 3402 1190 oculorum
3429 1138 3527 1191 acie
3551 1143 3707 1208 ρει-δρία

2230 1223 2412 1277 citur?
2460 1223 2573 1293 Ego
2599 1223 2755 1292 plane
2786 1239 2892 1277 non
2917 1225 3090 1279 video.
3133 1245 3150 1276 ς
3177 1224 3264 1280 Uti
3295 1227 3556 1298 Gregorius
3572 1229 3707 1286 Thau-

2230 1323 2534 1384 maturgus.
2571 1331 2588 1364 ι
2648 1311 2758 1368 Hoc
2804 1329 3000 1383 purum
3048 1323 3236 1381 putum
3291 1319 3592 1372 mendacium
3632 1330 3705 1375 est.

2231 1403 2408 1460 Verba
2436 1403 2823 1474 Thaumaturgi
2861 1419 2968 1458 non
3009 1406 3158 1460 aliud
3188 1423 3348 1476 quam
3372 1410 3524 1477 ,vcrba
3555 1409 3707 1466 Christi

2230 1507 2446 1562 sonant,
2477 1497 2740 1567 Spiritum
2781 1507 3027 1551 sanctum
3068 1515 3134 1554 ex
3150 1499 3263 1554 Deo
3279 1501 3613 1556 essistentiam
3638 1505 3707 1557 ha-

2229 1590 2374 1656 bere,
2405 1605 2470 1644 cx
2497 1588 2656 1644 Patre
2681 1590 2885 1645 scilicet
2918 1593 3232 1660 procedere.
3269 1591 3341 1646 Ex
3369 1594 3445 1647 his
3476 1605 3524 1648 tu
3551 1597 3709 1667 colligis

2228 1680 2693 1749 Thaumaturgum
2725 1691 2778 1736 et
2798 1682 3070 1738 Christum
3106 1683 3285 1754 ipsum
3321 1685 3595 1751 decernere,
3620 1687 3707 1756 Spi-

2227 1774 2391 1826 ritum
2424 1781 2674 1828 sanctum
2708 1789 2774 1828 ex
2806 1775 2926 1829 solo
2949 1773 3106 1830 Patre
3134 1778 3438 1846 procedere.
3472 1776 3618 1834 Stulto
3640 1794 3709 1850 ego

565 1857 796 1927 pretibus
826 1858 952 1928 legis
978 1857 1252 1913 Hebraith
1280 1857 1488 1914 Joanne
1511 1859 1932 1931 OEcolampadio
1961 1862 2127 1915 inter-
2159 1850 2200 1904 Β
2230 1861 2444 1915 stultior
2495 1861 2647 1915 fuero
2675 1903 2690 1927 ,
2744 1863 2792 1916 si
2845 1862 2930 1917 his
2983 1863 3424 1918 conclusionibus
3482 1864 3706 1918 crederem.

566 1963 734 2021 prete.
802 1949 869 2007 In
917 1951 1192 2021 Origeitem
1240 1951 1597 2023 Panegyricus
1657 1953 1843 2008 Romae
1897 1954 1950 2007 in
1983 1953 2127 2007 Vati-

566 2061 702 2100 cana
733 2045 1055 2101 bibliotheca
1096 2063 1198 2104 ms.
1237 2059 1502 2103 servatur.
1550 2047 1624 2102 De
1669 2049 1847 2102 anima
1889 2047 2019 2102 liber
2057 2051 2125 2102 ad

568 2137 852 2194 Tatianum
933 2149 1110 2196 exstat
1171 2142 1310 2211 apud
1366 2141 1625 2196 Didacum
1670 2140 1965 2198 llurtadum
2017 2143 2124 2200 Vc-

566 2234 744 2291 netiis.
779 2253 798 2286 ι

632 2324 933 2393 Antequam
976 2325 1186 2391 (iniam,
1235 2341 1344 2379 non
1394 2326 1662 2380 immerito
1702 2326 1791 2380 hic
1836 2325 2123 2380 nonnullo-

562 2431 684 2470 rum
727 2415 1036 2472 Graecorum
1090 2418 1143 2471 in
1187 2418 1403 2488 propria
1467 2418 1734 2472 sententia
1789 2417 2122 2472 defendenda

565 2508 730 2562 ardor
786 2509 1092 2566 obstinatus
1127 2510 1484 2580 cxagitandus
1513 2519 1615 2573 est,
1659 2508 1750 2578 qui
1786 2511 1919 2564 tanti
1948 2509 2122 2566 Patris

563 2598 684 2652 ﬁdei
722 2599 1144 2668 expositionem,
1179 2600 1437 2654 divinitus
1478 2600 1738 2663 habitam,
1781 2600 1848 2654 ab
1882 2600 2119 2655 Ecclesia

561 2699 676 2746 tum
704 2691 964 2746 Orientali
1016 2701 1131 2745 tum
1174 2692 1505 2747 Occidentali
1554 2693 1788 2761 agnitam
1849 2707 1910 2746 ac
1971 2707 2120 2748 rece-

562 2790 730 2850 ptam,
782 2781 923 2836 male
974 2796 1106 2836 sana
1146 2781 1587 2850 interpretatione
1631 2782 1684 2834 in
1733 2780 1891 2835 aliam
1931 2782 2119 2836 adver—

562 2887 786 2942 samque
837 2870 1155 2927 sententiam
1208 2872 1465 2933 trahunt,
1508 2880 1561 2926 et
1600 2887 1820 2927 sensum
1868 2887 1897 2926 a
1939 2879 2118 2926 mente

563 2966 645 3018 sui
700 2965 976 3034 scriptoris
1028 2964 1291 3017 absonum
1340 2963 1700 3032 distorquent.
1759 2961 1828 3017 Ut
1880 2964 2116 3032 reliquos

562 3067 896 3127 praeteream,
921 3071 1096 3125 neque
1126 3055 1267 3109 enim
1301 3055 1426 3108 talia
1463 3055 1808 3109 examinandi
1848 3055 1998 3110 locus
2027 3055 2115 3110 hic

558 3157 892 3217 opportunus
934 3160 1052 3200 esse
1089 3145 1322 3210 videtur,
1359 3160 1500 3199 unus
1543 3160 1651 3214 prae
1698 3145 1820 3199 aliis
1864 3146 2114 3199 audiatur
2141 3182 2182 3236 Ο

556 3236 793 3289 Joannes
835 3232 1359 3303 Ilierosolymitanus
1405 3243 1542 3288 orat.
1577 3233 1650 3288 De
1683 3233 1884 3303 Spiritu
1934 3246 2112 3289 sancto

558 3325 817 3379 adversus
855 3323 1076 3378 Latinos
1118 3342 1130 3376 :
1163 3325 1236 3376 Οὐ
1281 3325 1388 3394 γὰρ
1432 3324 1556 3378 ἄλλο
1597 3343 1648 3376 τι
1689 3322 1837 3380 εἷπον
1878 3328 1926 3379 οἱ
1973 3328 2115 3394 ἆγιοι

555 3411 616 3472 οὗ
629 3436 720 3482 cat,
748 3417 860 3472 ἀλλ’
889 3417 916 3470 ὃ
943 3420 1171 3491 Χριστὸς
1212 3420 1397 3488 εἴρηκε
1417 3459 1431 3483 ,
1477 3417 1720 3470 τουτέστι
1766 3418 1826 3471 τὸ
1859 3421 1920 3470 ἐκ
1956 3419 2113 3488 μόνου

557 3506 648 3558 τοῦ
675 3507 904 3578 Πατρὺς,
927 3508 955 3560 ὃ
980 3509 1043 3561 ἐκ
1075 3508 1168 3561 τοῦ
1210 3510 1424 3580 Harpe;
1447 3508 1817 3580 ἐκπορεύεται,
1847 3507 1940 3560 καὶ
1963 3509 2022 3560 τὸ
2052 3509 2115 3560 ὲκ

558 3597 650 3650 τοῦ
681 3597 812 3652 Θεοῦ
843 3599 936 3653 καὶ
974 3601 1185 3670 Πατρὸς
1211 3601 1309 3672 τὴν
1337 3601 1564 3672 ὓπαρξιν
1591 3601 1730 3672 ἔχον,
1771 3601 1950 3666 καθὼς
1977 3603 2116 3673 Γρη-

561 3693 742 3763 γόριος
763 3695 792 3746 ὁ
808 3693 1226 3765 Θαυματουργὸς
1241 3695 1296 3747 ὲν
1313 3698 1376 3767 τῇ
1411 3696 1973 3764 Ἆποκαλύψειαύτοῦ
1987 3695 2109 3767 ἔφη·

566 3786 675 3836 Ἓν
694 3785 934 3854 Πνεῦμα
954 3785 1138 3855 ἅγιον,
1167 3787 1233 3839 τὸ
1261 3787 1329 3840 ἐκ
1353 3786 1500 3840 Θεοῦ
1527 3787 1640 3855 τὴν
1663 3788 1920 3857 ὕπαρξιν
1947 3788 2113 3856 ἕχον,

560 3876 656 3928 καὶ
697 3877 769 3930 δι’
814 3877 948 3932 Υὶοῦ
990 3880 1286 3948 πεφηνὸς,
1334 3880 1564 3949 δηλαδὴ
1598 3881 1721 3946 τοῖς
1768 3881 2112 3950 ἀνθρώποις.

562 3983 579 4016 c
601 3963 786 4034 Neque
801 3964 946 4019 enim
965 3965 1110 4019 aliud
1128 3967 1295 4020 sancti
1316 3966 1588 4031 dixerunt,
1617 3982 1776 4037 quam
1794 3967 1937 4036 quod
1951 3967 2114 4022 Chri-

555 4065 672 4111 stus
695 4058 1081 4127 pronuntiavit.
1108 4056 1206 4112 Hic
1223 4058 1477 4113 nimirum
1496 4067 1657 4116 estex
1675 4061 1791 4114 solo
1819 4058 1998 4126 Patre,
2017 4062 2109 4130 qui

555 4165 619 4202 ex
649 4148 808 4204 Patre
832 4150 1093 4219 procedit,
1128 4158 1181 4205 et
1214 4151 1307 4220 qui
1347 4167 1411 4204 ex
1436 4150 1545 4207 Deo
1574 4160 1626 4205 et
1646 4150 1802 4205 Patre
1837 4152 2110 4206 exsisten-

555 4242 683 4296 tiam
703 4241 880 4308 habet,
911 4242 988 4296 uti
1006 4242 1295 4312 Gregorius
1313 4243 1746 4310 Thaumaturgus
1771 4243 1821 4296 in
1853 4257 1950 4297 sua
1974 4243 2109 4297 dixit

555 4331 864 4386 reuelatione
893 4347 912 4386 :
937 4350 955 4383 ι
984 4329 1135 4386 Unus
1177 4332 1408 4401 Spiritus
1459 4342 1700 4400 sanctus,
1728 4349 1792 4388 ex
1823 4333 1933 4389 Deo
1967 4333 2108 4388 exsi-

564 4443 581 4473 ι
609 4423 868 4477 stentiam‘
887 4422 1182 4488 habens,et
1207 4423 1300 4492 qui
1330 4439 1423 4492 per
1449 4422 1644 4479 Filium
1674 4425 2109 4493 apparuit,scili-

2228 1951 2389 2018 Audi,
2416 1950 2489 2004 mi
2523 1951 2706 2005 homo.
2734 1948 2813 2004 Ex
2843 1948 3000 2006 Patre
3029 1950 3278 2021 procedit
3317 1950 3536 2019 Spiritus
3571 1964 3584 2001 :
3617 1965 3708 2019 ergo

2227 2058 2291 2096 ex
2339 2042 2456 2096 solo
2501 2040 2695 2106 Patre;
2753 2039 2952 2097 falsum
3014 2041 3067 2095 id
3110 2051 3215 2097 cst.
3284 2041 3458 2096 Potest
3506 2041 3706 2110 siquidem

2225 2133 2368 2203 quod
2401 2133 2644 2201 procedit
2679 2147 2742 2186 ex
2770 2130 2948 2197 Patre,
2991 2142 3046 2188 et
3082 2148 3148 2186 ex
3199 2131 3308 2187 alio
3339 2146 3540 2202 quoque
3573 2146 3709 2200 proce-

2225 2226 2370 2281 dere.
2414 2224 2479 2279 Et
2530 2241 2593 2279 ex
2626 2225 2764 2280 Filio
2807 2226 3100 2296 procedere
3143 2225 3256 2294 jam
3311 2225 3444 2294 apud
3471 2223 3708 2278 Catholicos

2226 2329 2445 2379 omnes,
2489 2325 2544 2370 et
2574 2314 2867 2384 Scriptura:
2913 2324 2967 2371 et
3008 2327 3321 2372 sanctorum
3368 2313 3565 2368 Patrum
3601 2314 3708 2366 testi-

2223 2409 2423 2464 moniis
2455 2409 2855 2464 constabilitum
2883 2419 2985 2465 est.
3028 2407 3208 2477 IEque
3240 2408 3400 2462 etiam
3431 2406 3523 2460 hoc
3552 2421 3706 2460 mecum

2225 2499 2367 2555 scias
2408 2520 2419 2553 :
2455 2500 2579 2555 licet
2612 2499 2862 2555 Christus
2905 2499 3210 2569 reliquique
3245 2513 3431 2552 omnes
3470 2495 3626 2549 Patres
3651 2495 3708 2548 di-

2222 2593 2460 2658 xissent,
2494 2607 2560 2648 ex
2603 2592 2722 2647 solo
2748 2590 2907 2646 Patre
2948 2588 3210 2660 Spiritum
3250 2588 3550 2659 procedere,
3580 2585 3707 2640 adhuc

2223 2684 2420 2739 Filium
2458 2700 2565 2738 non
2598 2683 2812 2740 excludi
2853 2683 2920 2737 ab
2955 2681 3057 2736 ista
3086 2681 3451 2751 processione,
3484 2678 3604 2749 quod
3629 2677 3707 2730 cla-

2222 2777 2457 2832 rissimis
2498 2777 2761 2846 exemplis
2813 2775 3196 2844 comprobatur
3245 2788 3277 2827 a
3315 2771 3504 2828 Basilio
3547 2771 3703 2840 Magno,

2218 2877 2273 2924 et
2304 2870 2422 2925 fuse
2457 2871 2743 2940 exponitur
2781 2884 2810 2923 a
2837 2867 3045 2922 Joanne
3082 2865 3263 2921 Vecco
3303 2862 3704 2935 patriarchaCon-

2218 2961 2701 3030 stantinopolitano
2766 2959 2842 3014 De
2902 2958 3229 3026 processione
3293 2957 3512 3026 Spiritus
3562 2955 3703 3017 sancti,

2218 3069 2335 3123 cap.
2363 3055 2452 3120 12,
2485 3063 2539 3108 et
2569 3069 2600 3108 a
2631 3053 2792 3106 Petro
2823 3051 3076 3121 episcOpo
3110 3049 3494 3104 Mediolanensi
3518 3056 3631 3102 orat.
3658 3045 3702 3098 ad

2217 3144 2466 3200 Alexium
2495 3146 2861 3208 Comnenum,
2903 3143 3130 3212 aliisque
3158 3139 3576 3212 quamplurimis.
3601 3135 3703 3190 Adde

2216 3244 2472 3304 praeterea
2505 3235 2558 3288 in
2587 3235 2785 3290 divinis
2813 3248 3072 3304 apparere
3097 3249 3188 3302 per
3211 3231 3436 3298 Filium,
3465 3229 3579 3284 nihil
3601 3225 3702 3280 aliud

2217 3337 2439 3394 notare,
2479 3343 2641 3398 quam
2686 3327 3091 3392 exsistentiam;
3128 3335 3184 3380 et
3221 3325 3343 3380 fuse
3364 3323 3563 3378 Patrum
3597 3318 3701 3372 testi-

2218 3420 2420 3475 moniis
2473 3419 2526 3472 id
2576 3420 2771 3489 prohat
2809 3418 3142 3489 Nicephorus
3187 3417 3494 3488 Blemmyda
3537 3421 3644 3468 orat.
3665 3411 3698 3473 t,

2214 3509 2292 3563 De
2324 3511 2650 3580 processione
2679 3507 2910 3580 Spiritus
2949 3510 3119 3563 sancti
3147 3525 3166 3562 :
3192 3523 3297 3563 nec
3325 3517 3520 3562 tantum
3543 3516 3700 3574 proces-

2214 3603 2384 3657 sionis
2433 3617 2654 3670 nomen,
2706 3602 2800 3658 sed
2839 3611 2893 3657 et
2937 3602 3072 3657 alias
3113 3600 3383 3656 dictiones
3437 3595 3700 3668 apertissime

2213 3702 2266 3748 ct
2298 3693 2412 3748 sine
2456 3694 2566 3747 ullo
2605 3693 2870 3748 velamine
2922 3693 2988 3748 de
3036 3693 3150 3762 ipsa
3217 3691 3489 3748 essentiali
3531 3685 3699 3757 Spiritus

2213 3785 2528 3840 cxsistentia
2582 3784 2755 3847 sumi,
2805 3781 3042 3840 Joannes
3073 3782 3286 3838 Veccus
3317 3791 3451 3837 orat.
3476 3780 3540 3833 De
3565 3777 3699 3830 unione

2216 3879 2591 3933 Ecclesiarum.
2645 3877 2710 3932 Et
2761 3892 2828 3932 ne
2871 3878 3057 3946 iniqua
3103 3877 3197 3932 lite
3245 3885 3454 3944 tempus
3507 3882 3698 3931 teramus,

2213 3973 2298 4026 adi
2319 3971 2574 4024 Basilium
2610 3967 2857 4038 Magnum
2887 3969 3046 4038 epist.
3076 3967 3225 4038 (9.56)
3249 3968 3316 4021 ad
3337 3960 3698 4034 Amphilochium

2211 4079 2331 4132 qua:
2378 4061 2602 4130 incipit:
2646 4058 3002 4130 Ἐζητημένσν
3050 4059 3150 4130 ἤδη
3196 4057 3349 4129 παρὰ
3394 4055 3597 4116 πολλοῖς.
3628 4049 3699 4103 Fu-

2211 4169 2336 4208 cum
2377 4153 2558 4222 itaque
2586 4151 2717 4207 facit
2747 4152 2862 4206 suis
2887 4150 3089 4206 Graecis
3118 4150 3425 4220 patriarcha
3455 4143 3698 4212 Hierosoly-

2211 4247 2472 4304 mitanus.
2509 4259 2630 4299 cum
2681 4261 2748 4299 ex
2800 4244 2950 4300 hisce
2975 4243 3370 4313 Thaumaturgi
3404 4239 3582 4304 verbis,
3616 4247 3697 4306 qua

2210 4340 2284 4393 illi
2314 4338 2550 4395 Joannes
2580 4337 2908 4406 evangelista
2934 4337 3379 4402 communicavit,
3417 4347 3556 4388 suam
3577 4324 3697 4384 astuti

2209 4436 2276 4487 de
2315 4431 2660 4502 processione
2692 4429 2923 4500 Spiritus
2971 4443 3038 4484 ex
3089 4427 3206 4483 solo
3244 4427 3403 4481 Patre
3442 4419 3694 4480 sententiam

559 4533 577 4566 ι
609 4524 694 4571 cet
723 4516 1090 4571 hominibus.)
1113 4515 1252 4582 Quid
1287 4515 1376 4570 hic
1401 4517 1581 4586 eloqui
1619 4517 1794 4587 potuit
1829 4517 2105 4573 inconsul-
2138 4517 2181 4571 D
2209 4523 2515 4586 contendit,
2562 4529 2616 4575 et
2651 4519 3033 4575 sincerissima:
3089 4533 3152 4571 ac
3199 4514 3578 4572 candidissima:
3611 4503 3692 4562 ﬁdei

551 4608 709 4661 tius?
770 4607 965 4663 Annon
1025 4609 1128 4664 isto
1178 4608 1340 4663 modo
1392 4608 1645 4679 loquendi
1695 4607 2102 4664 confunduntur

549 4698 754 4766 omnia,
795 4709 848 4755 et
888 4699 1072 4756 infima
1117 4701 1344 4756 summis
1374 4702 1521 4771 paria
1552 4701 1717 4756 ﬁent?
1759 4720 1776 4752 ‹
1805 4699 1923 4755 Νοιι
1956 4703 2100 4756 aliud

544 4785 804 4850 dixerunt
851 4793 1043 4858 sancti,
1093 4808 1256 4864 quam
1309 4794 1453 4865 quod
1490 4793 1740 4850 Christus
1783 4795 2100 4864 pronuntia-

2208 4611 2533 4681 prol‘essioni
2568 4609 2764 4663 vulnus
2808 4606 3060 4677 impingit
3107 4605 3450 4661 inhonestum
3481 4610 3615 4669 atque
3639 4595 3692 4646 in-

2210 4704 2502 4768 tolerabile,
2551 4701 2696 4771 quod
2735 4714 2842 4754 non
2875 4700 3113 4755 indicare
3154 4696 3342 4754 lectori
3377 4711 3466 4768 per
3504 4702 3691 4748 transen-

2208 4810 2354 4857 nam,
2386 4792 2656 4862 piaculum
2688 4789 2837 4844 duxi.
