3972 6318
282 568 3486 619 Em

1494 747 1663 791 ANNO
1704 747 1931 792 DOHINI
1969 745 2266 791 CCLXVIII.

978 934 1184 1146 S.
1359 930 2791 1143 DIONYSIUS

1406 1260 1942 1318 ALEXANDRINUS
1980 1257 2356 1316 EPISCOPUS

850 1435 1350 1530 NOTITIA
1426 1430 2899 1524 HISTORICO-LITTERARIA.

1095 1627 1380 1690 (Causam,
1402 1626 1511 1677 Yet.
1549 1625 1690 1675 Patr.
1718 1621 1963 1685 Biblioth,
1998 1632 2036 1674 t.
2060 1623 2146 1686 Ill,
2168 1626 2390 1689 Proleg.,
2415 1641 2463 1689 p.
2488 1627 2633 1688 xxx.)

346 1920 388 1977 l.
432 1919 1512 2010 Dionysius‘Alexandrinus,'cognomento
1541 1924 1786 2010 Magnas.
1815 1924 2319 2010 'Qrigem'srauditor,
2356 1924 2981 2010 Scholwndlexandrine
3019 1928 3334 1983 moderator.
3366 1928 3481 1995 Quo

269 1992 1119 2084 temporaIordinatus'episcopus.
1150 1991 1289 2084 JEjus
1308 1996 1580 2084 pracipua
1607 1991 1771 2084 g'esta.
1802 1991 2125 2084 Litterarum
2155 1991 2510 2051 monumenta.
2547 1994 2673 2079 Dies
2699 1997 3026 2084 emortualis.
3082 2067 3119 2084 ἢ
3241 2079 3251 2084 Δ
3385 1991 3404 1995 ⁷
3438 2072 3450 2084 ⁸

344 2009 375 2043 n
413 2007 502 2045 ore
529 2007 799 2046 oramatus
827 2007 1119 2061 episcopus.
1158 2007 1289 2062 mus
1313 2009 1580 2062 pracipua
1607 2007 1771 2066 gesta.
1802 2007 2125 2049 Litterarum
2155 2007 2510 2051 monumenta.
2547 2007 2673 2050 thes
2699 2007 3026 2051 emortuam.

344 2007 412 2140 Ιξ
462 2060 714 2140 PI_e_raqu_e
759 2061 902 2116 illius
929 2062 1125 2129 scripta
1143 2062 1429 2133 deperdita.
1457 2064 1587 2131 Qua:
1617 2066 1755 2135 apud
1788 2074 1974 2119 veteres
2011 2077 2302 2133 servantur,
2330 2082 2467 2120 nunc
2516 2067 2746 2137 primum
2793 2066 3033 2122 collecta.
3072 2067 3179 2123 Pro
3235 2072 3477 2140 temporis

270 2132 481 2185 ratione
507 2132 782 2198 disposita.

345 2199 427 2273 lli.
471 2200 550 2273 pe
577 2199 721 2255 illius
751 2200 984 2273 Elencho
1008 2211 1062 2258 et
1093 2203 1347 2273 Apologia
1379 2206 1649 2273 speciatim
1693 2205 1986 2261 disseritur.

339 2268 432 2325 Ν.
458 2268 577 2335 Qua
599 2271 868 2326 occasione
892 2289 1018 2342 opus
1047 2268 1303 2342 ejusmodi
1326 2268 1602 2344 scriptum.
1634 2274 1763 2343 Ejus
1788 2277 2032 2344 pretium.
2060 2275 2189 2341 Qua:
2211 2285 2459 2346 superant
2492 2276 2807 2347 fragmenta.
2839 2277 3109 2343 Quomodo
3135 2280 3443 2335 distributa.

340 2421 383 2479 1.
418 2422 538 2490 Quo
568 2433 806 2495 tempore
837 2426 890 2481 in
949 2426 1131 2481 Africa
1159 2426 1479 2499 Cyprianus,
1508 2427 1733 2484 florebat
1764 2430 1817 2483 in
1853 2432 1890 2489 Α
1919 2428 2235 2501 Dionysium
2286 2429 2587 2486 Romanum
2638 2433 2968 2501 pontificem,
3004 2434 3162 2504 quasi
3193 2434 3261 2490 de
3316 2433 3477 2491 Verbi

267 2513 506 2587 .‘Egypto
538 2516 848 2588 Dionysius,
875 2517 942 2572 ab
970 2519 1208 2589 antiquis
1237 2518 1485 2575 Patribus
1517 2518 1695 2591 Magni
1725 2535 1818 2576 co-

266 2616 621 2679 gnomentum
646 2609 768 2678 jure
783 2609 1008 2681 adeptus
1033 2611 1129 2682 (a).
1162 2610 1399 2681 Origenis
1426 2611 1576 2666 valde
1604 2614 1820 2682 insignis

264 2697 484 2751 auditor
515 2699 637 2768 fuit,
668 2707 802 2755 teste
834 2699 1159 2772 Hieronymo
1192 2700 1285 2771 (b),
1312 2702 1401 2757 cui
1432 2710 1488 2757 et
1521 2702 1715 2758 librum
1750 2702 1821 2757 De

265 2790 522 2859 martyrio
558 2791 891 2861 nuncupavit
928 2792 1019 2862 (e).
1055 2791 1266 2848 Scholas
1295 2794 1671 2849 Alexandrina:
1698 2803 1821 2865 post

265 2877 550 2937 Heraclam
576 2881 903 2948 moderator,
934 2885 1105 2939 eidem
1134 2885 1395 2941 successit
1423 2886 1473 2939 in
1508 2886 1818 2956 episcopatu

262 2984 412 3025 anno
430 2988 488 3026 ιιι
519 2972 990 3046 imperiiPhilippi,
1008 2975 1207 3031 Christi
1222 2975 1323 3037 247
1352 2975 1449 3047 (d).
1473 2973 1819 3045 Postaliquot

263 3062 339 3115 ab
366 3062 499 3117 inito
527 3064 838 3134 episcopatu
874 3081 1067 3132 annos,
1101 3074 1286 3122 exorta
1313 3067 1685 3135 persecutione
1712 3066 1817 3123 De-

262 3153 446 3220 ciana,
507 3157 731 3212 secessit
760 3177 772 3212 :
830 3157 926 3213 sed
957 3158 1115 3227 paulo
1143 3166 1266 3227 post
1312 3174 1342 3212 a
1375 3158 1638 3216 militibus
1663 3174 1815 3215 com-

263 3244 564 3314 prehensus
592 3262 657 3302 ac
678 3247 975 3318 Taposirim
1004 3249 1284 3313 deductus,
1318 3250 1410 3304 Dei
1442 3259 1573 3305 nutu
1595 3265 1626 3304 a
1659 3250 1817 3306 Chri-

261 3336 564 3391 stianorum
604 3340 1001 3394 rusticanorum
1023 3341 1200 3408 turba,
1229 3341 1428 3396 invitus
1462 3342 1607 3408 licet,
1652 3342 1817 3396 mira-

247 3427 445 3509 biliter
464 3427 564 3484 fuit
592 3440 809 3500 ereptus
833 3430 921 3502 (e).
958 3433 1172 3488 Interim
1201 3448 1330 3489 vero
1356 3434 1607 3489 saeviente
1628 3450 1815 3504 perse-

246 3519 481 3597 _cutione
510 3524 816 3593 complures
874 3524 1211 3581 Alexandria:
1268 3526 1337 3581 ob
1367 3526 1567 3582 Christi
1615 3542 1813 3581 nomen

246 3616 586 3685 martyrium
636 3617 937 3681 subierunt,
972 3635 1202 3689 quorum
1251 3620 1481 3691 gloriosa
1518 3620 1814 3676 certamina

260 3705 489 3775 ipsemet
520 3707 801 3780 Dionysius
823 3711 1018 3767 litteris
1037 3712 1375 3783 consignavit
1396 3714 1483 3784 (ι’).
1521 3715 1677 3768 Αιιηο
1710 3713 1813 3766 952

1922 2518 2089 2573 divini
2116 2534 2238 2574 cum
2270 2517 2430 2575 Patre
2461 2520 3021 2578 consubstantialitate
3051 2539 3160 2580 non
3184 2533 3328 2580 recte
3354 2538 3480 2581 sen-

1922 2610 2076 2664 tiret:
2113 2610 2207 2665 sed
2237 2609 2377 2666 hanc
2405 2611 2520 2681 ipse
2553 2610 2708 2667 fama:
2738 2627 2850 2667 sua:
2876 2612 3112 2669 inustam
3140 2614 3317 2670 labem
3349 2628 3481 2686 qua-

1921 2707 2046 2755 tuor
2076 2700 2228 2755 libris
2249 2700 2559 2770 perscriptis
2602 2700 2843 2758 detersit.
2895 2701 3100 2759 Exinde
3146 2719 3294 2772 vero,
3323 2702 3477 2760 Vale-

1924 2791 2078 2845 riano
2105 2788 2337 2845 aPersis
2391 2803 2567 2860 capto,
2598 2800 2652 2845 et
2696 2791 2967 2848 Macriano
3016 2793 3298 2851 interfecto
3349 2809 3475 2849 cum

1919 2881 2065 2948 filiis,
2094 2896 2225 2952 pace
2251 2881 2468 2938 demum
2529 2900 2559 2938 a
2587 2883 2830 2940 Gallieno
2880 2886 3205 2943 Christianis
3243 2887 3475 2953 reddita,

1918 2971 2022 3026 sub
2050 2972 2210 3027 tinem
2237 2972 2365 3027 anni
2394 2972 2493 3027 261
2540 2974 2921 3030 Alexandriam
2966 2990 3246 3047 regressus
3277 2976 3365 3047 (i),
3394 2979 3475 3032 ci-

1918 3063 2075 3118 vibus
2106 3071 2275 3133 peste,
2329 3061 2471 3119 fame
2517 3064 2766 3134 belloque
2807 3067 3061 3123 intestino
3103 3066 3477 3126 laborantibus

1917 3165 2112 3224 praesto
2137 3152 2345 3223 iuit(j).
2370 3153 2712 3210 Antiochiam
2756 3164 2978 3212 vocatus
3027 3157 3093 3212 ad
3129 3158 3389 3228 judicium
3420 3161 3474 3215 in

1917 3260 2079 3300 causa
2104 3244 2253 3301 Pauli
2280 3245 2616 3302 Samosateni
2643 3247 2925 3303 ferendum
2946 3288 2960 3313 ,
2988 3264 3110 3305 cum
3140 3250 3210 3305 ob
3228 3249 3472 3305 aﬂ'cctam

1918 3346 2128 3392 aetatem
2155 3345 2209 3392 et
2230 3337 2593 3392 valetudinem
2626 3337 2754 3393 huic
2781 3338 2981 3394 itineri‘
3008 3340 3342 3398 conficiendo
3369 3342 3473 3398 im-

1914 3442 2014 3497 par
2038 3436 2199 3491 esset,
2226 3428 2365 3483 datis
2387 3428 2452 3482 ad
2476 3426 2776 3483 Ecclesiam
2814 3430 3207 3486 Antiochenam
3257 3433 3472 3500 litteris,

1916 3518 2233 3572 sententiam
2264 3533 2416 3573 suam
2439 3519 2827 3587 pronuntiavit.
2863 3520 2981 3587 Quo
3024 3532 3201 3578 autem
3234 3536 3475 3595 tempore

1915 3608 2153 3678 synodus
2169 3608 2447 3672 agebatur,
2466 3624 2778 3678 supremum
2796 3610 2936 3665 diem
2953 3612 3085 3666 obiit
3099 3614 3181 3667 vir
3197 3614 3473 3669 admiran-

1914 3698 2037 3764 dus,
2066 3699 2267 3754 exactis
2293 3699 2346 3754 in
2364 3678 2678 3769 'episcoliatu
2701 3702 3075 3769 septemdecim
3094 3704 3270 3770 annis,
3296 3705 3471 3759 ἐτεσιν

259 3798 508 3855 interfuit
528 3801 733 3872 synodo
752 3801 1118 3867 Antiocheam,
1147 3820 1243 3874 pro
1263 3806 1497 3860 sedando
1519 3805 1810 3862 schismate

1911 3788 2294 3855 ἑπτακαίδεκα,
2356 3797 2417 3843 ιιι
2446 3798 2635 3843 auctor
2686 3799 2769 3845 est
2816 3790 3084 3849 Eusebius
3116 3794 3209 3866 (It),
3240 3794 3467 3851 Gallieni

258 3885 803 3957 Novatiauicoactaz;
853 3892 919 3947 ad
951 3908 1110 3963 quem
1157 3896 1317 3950 etiam
1360 3896 1635 3967 epistolam
1672 3900 1809 3954 scri-

259 3980 372 4049 psit
401 3978 497 4050 (9)-

332 4069 538 4126 lnterca
572 4072 829 4142 temporis
857 4070 1114 4143 Nepotem
1143 4073 1449 4145 episcopum
1472 4074 1806 4149 Egyplium,

255 4176 370 4233 quo
393 4162 613 4217 doctore
658 4163 944 4219 Arsinoitze
979 4164 1362 4220 Chiliastarum
1388 4182 1570 4224 errore
1597 4169 1810 4226 fuerant

257 4254 475 4321 imbuti,
504 4254 719 4310 duobus
739 4254 891 4309 libris
916 4254 1060 4310 circa
1086 4253 1285 4310 Christi
1315 4272 1516 4313 annum
1548 4260 1653 4316 254
1678 4278 1808 4317 con-

256 4345 479 4412 futavit;
517 4344 610 4400 ubi
646 4360 861 4416 quoque
891 4347 958 4404 de
981 4347 1297 4418 Apocalypsi
1331 4351 1587 4406 nonnulla
1620 4363 1803 4409 notatu

255 4438 419 4509 digna
471 4437 778 4494 edisseruit.
818 4438 1078 4510 Deinceps
1110 4445 1164 4496 in
1213 4441 1437 4496 dissidio
1467 4443 1534 4499 de
1570 4446 1803 4517 rebapti-

255 4524 446 4579 zandis
491 4524 778 4591 haereticis,
811 4542 909 4596 pro
935 4527 1184 4583 Ecclesia:
1232 4544 1364 4597 pace
1391 4532 1801 4605 redintegranda

253 4614 441 4683 plures
470 4615 684 4685 scripsit
707 4616 773 4670 ad
796 4617 1039 4674 diversos
1065 4619 1339 4689 epistolas.
1375 4621 1656 4681 Valeriano
1686 4629 1801 4681 Au-

252 4713 415 4776 gusto
452 4705 546 4759 Dei
595 4705 886 4763 Ecclesiam
926 4709 1044 4765 dira
1091 4714 1458 4781 persecutione
1498 4717 1797 4788 divexante,

253 4806 380 4866 post
404 4796 710 4866 praeclaram
729 4797 1119 4857 confessionem
1143 4819 1335 4860 coram
1346 4805 1640 4865 IEmiliano
1659 4827 1798 4881 pra:-

252 4888 398 4944 fecto
430 4890 694 4960 augustali
726 4891 945 4959 editam,
978 4892 1189 4964 Cephro
1221 4895 1402 4969 Libyae
1427 4901 1682 4970 oppidum
1716 4904 1799 4958 in-

249 4980 613 5036 cultissimum
647 4981 725 5037 ire
758 4984 1068 5053 compulsus
1096 4994 1205 5050 est;
1242 4989 1382 5042 unde
1410 4991 1568 5057 paulo
1600 5001 1715 5061 post
1742 4993 1796 5047 in

249 5071 601 5128 MareOtidem
634 5074 864 5146 migrare
882 5076 1066 5145 jussus
1090 5077 1192 5134 fuit
1221 5080 1316 5151 (Ιι).
1350 5080 1673 5138 Gliscentem
1699 5084 1796 5139 Sa-

248 5164 543 5219 bellianam
575 5166 823 5222 haeresim
850 5167 979 5223 dum
1009 5169 1361 5241 impugnaret,
1391 5174 1600 5229 delatus
1624 5186 1705 5231 est
1729 5179 1796 5233 ad

322 5319 397 5391 (a)
432 5318 651 5403 Euseb-3,
678 5321 837 5403 _Hist.
887 5325 1067 5379 eccles.
1101 5326 1195 5383 lib.
1251 5345 1325 5383 vn
1365 5329 1506 5397 init.,
1541 5332 1608 5386 ad
1638 5347 1795 5403 quem

248 5390 429 5445 locum
460 5391 567 5445 vid.
598 5390 774 5446 Vales.

323 5460 398 5546 (Ib)
419 5458 904 5546 'l‘lieronqnlie‘uir.
928 5463 1126 5546 illustr.
1160 5481 1278 5536 cap.
1308 5467 1395 5523 69.

322 5529 393 5668 ξε)
419 5531 640 5594 Euseh.,
674 5530 813 5584 Hist.
839 5534 965 5588 ecct.
1006 5535 1102 5588 lib.
1139 5552 1210 5597 vt,
1227 5529 1355 5607 'cap.
1389 5539 1477 5593 44.

284 5669 296 5680 .
346 5601 399 5667 ά)
426 5599 500 5680 ld_.
528 5600 787 5680 ibid.,_lib.
819 5617 892 5668 vt,
918 5619 1038 5673 cap.
1069 5605 1157 5680 1:35.
1188 5604 1308 5661 Vid.
1350 5606 1560 5677 Dodw.,
1584 5611 1793 5669 dissert.

251 5667 393 5743 sing.
424 5669 490 5743 ad
523 5684 647 5738 opp.
678 5667 885 5743 Pears.,
908 5667 1033 5743 pag.
1064 5673 1152 5729 84.

321 5736 392 5810 (ρ)
423 5736 661 5810 Dionys.,
685 5740 840 5810 epist.
868 5736 930 5794 10
957 5736 1077 5797 adv.
1111 5745 1384 5804 German..
1409 5747 1531 5801 infr.
1561 5748 1832 5807 001.1516.

330 5806 398 5881 (Ι)
432 5806 534 5874 ld.,
558 5806 779 5885 epist.'3
803 5810 870 5865 ad
894 5810 1023 5868 Fab.
1058 5813 1181 5869 infr.
1214 5817 1317 5872 col.
1345 5817 1497 5875 1296.
1560 5890 1565 5895 θ

1910 3880 2248 3951 imperatoris
2271 3896 2369 3948 xu,
2426 3879 2628 3935 Christi
2659 3879 2765 3934 ‘265
2813 3882 3049 3939 ineunte.
3105 3885 3255 3941 Hanc
3286 3896 3467 3942 autem

1907 3970 2264 4027 chronotaxin
2296 3970 2681 4044 Dionysianam
2711 3981 3081 4039 contexentes,
3115 3974 3467 4048 Lequienium

1908 4066 1962 4119 in
1997 4065 2186 4133 primis
2208 4079 2398 4121 sumus
2432 4067 2682 4121 assectati
2711 4068 2792 4138 (Ι).
2815 4067 3011 4123 Verum
3046 4069 3189 4123 diem
3235 4070 3301 4126 ad
3344 4069 3466 4125 Dio-

1906 4154 2041 4226 nysii
2082 4156 2432 4211 emortualem
2466 4157 2611 4226 quod
2657 4160 2865 4223 attinet,
2923 4158 3178 4216 lectorem
3238 4159 3465 4217 fortasse

1904 4246 2046 4302 haud
2093 4247 2374 4316 pmnitebit
2397 4248 2725 4304 Dodwellum
2756 4251 2903 4306 adire
2934 4238 3050 4320 (im).

1970 4338 2035 4391 ll.
2091 4338 2502 4408 Quamplurima
2558 4342 2844 4411 scripsisse
2895 4341 3120 4413 Magnus
3174 4342 3461 4415 Dionysius

1901 4440 1964 4480 cx
2025 4428 2288 4484 hactenus
2327 4430 2487 4485 dictis
2531 4433 2689 4501 plane
2730 4434 3078 4503 comperitur,
3108 4452 3340 4505 quorum
3374 4447 3460 4493 ta-

1901 4532 2022 4571 men
2050 4533 2173 4587 pars
2206 4521 2442 4575 maxima
2497 4522 2719 4577 interiit.
2752 4522 2882 4589 Quae
2912 4540 3041 4580 vero
3074 4529 3215 4598 apud
3253 4538 3459 4587 “teres

1898 4609 2192 4663 etiamnum
2223 4620 2480 4679 superant
2506 4628 2570 4666 ex
2628 4613 2773 4669 illius
2812 4616 3110 4672 litterarum
3141 4632 3462 4676 monumen-

1897 4700 1987 4765 tis,
2017 4701 2193 4771 magni
2228 4717 2361 4765 sane
2385 4702 2649 4769 ducenda,
2676 4721 2739 4760 ea
2767 4723 2912 4763 nunc
2940 4710 3175 4779 primum
3206 4713 3260 4768 in
3287 4727 3458 4768 unum

1897 4793 2115 4847 collecta
2136 4807 2203 4846 ex
2230 4791 2483 4858 Eusebio,
2519 4795 2838 4865 Athanasio,
2870 4800 3069 4858 Basilio
3101 4805 3328 4876 aliisque
3351 4805 3459 4862 Ec-

1895 4884 2071 4938 clesiae
2112 4883 2485 4952 scriptoribus,
2541 4886 2594 4941 in
2651 4890 2886 4945 medium
2926 4892 3288 4963 proferimus;
3345 4915 3455 4969 quo

1896 4976 2150 5030 nimirum
2189 4976 2487 5046 fragmenta
2542 4980 2732 5036 saltem
2770 4999 2992 5053 operum
3020 4988 3157 5042 tanti
3184 4988 3361 5045 Patris
3388 5008 3452 5046 ex

1896 5068 2228 5137 reliquorum
2276 5069 2482 5139 jactura
2540 5072 2919 5131 detrimentum
2971 5088 3249 5149 acceptum
3299 5083 3453 5138 nobis

1902 5161 2297 5230 quadamtenus
2330 5166 2567 5221 sarciant
2604 5180 2980 5240 reparentque.
3033 5171 3098 5226 Et
3150 5174 3302 5243 plura
3330 5176 3451 5243 qui-

1991 5335 2042 5403 a)
2075 5336 2175 5402 ld.,
2204 5338 2359 5407 epist.
2390 5338 2423 5391 9.
2453 5342 2515 5392 ad
2542 5340 2732 5395 Novat.
2770 5342 2895 5398 infr.
2924 5345 3028 5399 col.
3056 5347 3211 5403 1296.

1992 5409 2043 5481 (ι)
2074 5407 2173 5481 ξφ,
2206 5409 2359 5481 epist.
2405 5410 2522 5481 iQ§
2556 5411 2589 5465 4
2612 5412 2743 5481 infr.
2778 5414 2880 5467 col.
2911 5410 3065 5469 1520.

1970 5478 2033 5548 (Αἰ)
2064 5477 2177 5548 _Id.,
2207 5478 2363 5547 epist.
2410 5478 2466 5532 ll
2500 5477 2568 5533 ad
2604 5480 2955 5548 Hcrmamm.,
2985 5482 3110 5536 infr.
3141 5482 3244 5536 col.
3272 5485 3435 5541 5125.

1972 5546 2034 5616 (j)
2063 5545 2161 5610 Μ..
2196 5545 2351 5615 epist.
2379 5549 2443 5601 12
2472 5551 2534 5603 ad
2564 5552 2737 5616 Alex.,
2770 5551 2894 5605 infr.
2925 5545 3023 5606 col.
3058 5549 3213 5602 1555.

1910 5674 1937 5684 η
1976 5617 2046 5690 (It)
2075 5616 2291 5690 _Euseb.,
2326 5617 2467 5672 Hist.
2499 5622 2623 5673 εδει.
2661 5623 2753 5676 lib.
2784 5638 2877 5685 vn,
2914 5637 3032 5690 cap.
3069 5621 3156 5675 28.

2001 5683 2359 5760 ()‘L_equien.,
2388 5690 2479 5744 ον.
2508 5690 2703 5747 Christ.
2738 5683 2873 5745 tom.
2905 5683 3119 5760 Πέρδιξ.
3152 5691 3273 5747 594.

1974 5752 2068 5823 (m)
2098 5752 2306 5819 Do'dw.,
2332 5759 2600 5816 dissertat.
2618 5763 2754 5833 sing.
2785 5760 2849 5816 ad
2873 5752 3229 5835 opp.'Péars.,
3247 5778 3364 5835 cap.
3390 5762 3458 5836 ϐλ

1902 5821 1930 5895 §
1963 5823 2052 5892 18,
2084 5840 2202 5895 pag.
2232 5826 2317 5884 70.

2035 5862 2052 5892 ,
2084 5840 2202 5897 pag.
2233 5840 2317 5884 'IU.
