  <div class='ocr_page' id='page_1' title='image "/cluster/home/n/w/nwhite01/storage/ocr_20150623/10/hvd.32044073501348/633.png"; bbox 0 0 3908 7030; ppageno 0'>
   <div class='ocr_carea' id='block_1_1' title="bbox 511 366 654 423">
    <p class='ocr_par' dir='ltr' id='par_1_1' title="bbox 511 366 654 423">
     <span class='ocr_line' id='line_1_1' title="bbox 511 366 654 423; baseline -0.014 0"><span class='ocrx_word' id='word_1_1' title='bbox 511 366 654 423; x_wconf 64' lang='lat'><strong>1255</strong></span> 
     </span>
    </p>
   </div>
   <div class='ocr_carea' id='block_1_2' title="bbox 1511 353 2771 417">
    <p class='ocr_par' dir='ltr' id='par_1_2' title="bbox 1511 353 2771 417">
     <span class='ocr_line' id='line_1_2' title="bbox 1511 353 2771 417; baseline -0.002 -1"><span class='ocrx_word' id='word_1_2' title='bbox 1511 359 1569 417; x_wconf 85' lang='lat' dir='ltr'><strong>S.</strong></span> <span class='ocrx_word' id='word_1_3' title='bbox 1610 360 1906 416; x_wconf 81' lang='lat' dir='ltr'><strong>DlONYSll</strong></span> <span class='ocrx_word' id='word_1_4' title='bbox 1942 355 2409 415; x_wconf 79' lang='lat' dir='ltr'><strong>ALEXANDle</strong></span> <span class='ocrx_word' id='word_1_5' title='bbox 2441 353 2771 414; x_wconf 78' lang='lat' dir='ltr'><strong>EPISCOPL&#39;</strong></span> 
     </span>
    </p>
   </div>
   <div class='ocr_carea' id='block_1_3' title="bbox 3539 370 3640 427">
    <p class='ocr_par' dir='ltr' id='par_1_3' title="bbox 3539 370 3640 427">
     <span class='ocr_line' id='line_1_3' title="bbox 3539 370 3640 427; baseline 0.04 -4"><span class='ocrx_word' id='word_1_6' title='bbox 3539 370 3640 427; x_wconf 60' lang='grc' dir='ltr'><strong>ηδε</strong></span> 
     </span>
    </p>
   </div>
   <div class='ocr_carea' id='block_1_4' title="bbox 500 470 3645 559">
    <p class='ocr_par' dir='ltr' id='par_1_4' title="bbox 500 470 3645 559">
     <span class='ocr_line' id='line_1_4' title="bbox 500 470 3645 559; baseline -0.001 -16"><span class='ocrx_word' id='word_1_7' title='bbox 500 487 627 544; x_wconf 87' lang='lat' dir='ltr'><strong>dem</strong></span> <span class='ocrx_word' id='word_1_8' title='bbox 656 486 833 541; x_wconf 87' lang='lat' dir='ltr'><strong>adhuc</strong></span> <span class='ocrx_word' id='word_1_9' title='bbox 874 485 942 540; x_wconf 89' lang='lat' dir='ltr'><strong>de</strong></span> <span class='ocrx_word' id='word_1_10' title='bbox 992 483 1222 555; x_wconf 84' lang='lat' dir='ltr'><strong>singulis</strong></span> <span class='ocrx_word' id='word_1_11' title='bbox 1271 483 1489 554; x_wconf 76' lang='lat' dir='ltr'><strong>scriptis</strong></span> <span class='ocrx_word' id='word_1_12' title='bbox 1538 483 1890 555; x_wconf 74' lang='lat' dir='ltr'><strong>Dionysianis</strong></span> <span class='ocrx_word' id='word_1_13' title='bbox 1947 498 2077 553; x_wconf 80' lang='lat' dir='ltr'><strong>pro-</strong></span> <span class='ocrx_word' id='word_1_14' title='bbox 2107 487 2154 546; x_wconf 76' lang='grc' dir='ltr'><strong>Α</strong></span> <span class='ocrx_word' id='word_1_15' title='bbox 2179 496 2307 552; x_wconf 90' lang='lat' dir='ltr'><strong>gare</strong></span> <span class='ocrx_word' id='word_1_16' title='bbox 2340 479 2549 535; x_wconf 91' lang='lat' dir='ltr'><strong>nititur.</strong></span> <span class='ocrx_word' id='word_1_17' title='bbox 2595 478 2751 546; x_wconf 83' lang='lat' dir='ltr'><strong>Quod</strong></span> <span class='ocrx_word' id='word_1_18' title='bbox 2778 470 2901 534; x_wconf 67' lang='lat' dir='ltr'><strong>cum</strong></span> <span class='ocrx_word' id='word_1_19' title='bbox 2931 477 3160 534; x_wconf 74' lang='lat' dir='ltr'><strong>feliciter</strong></span> <span class='ocrx_word' id='word_1_20' title='bbox 3198 482 3485 551; x_wconf 69' lang='lat' dir='ltr'><strong>praestiterit,</strong></span> <span class='ocrx_word' id='word_1_21' title='bbox 3508 487 3645 559; x_wconf 80' lang='lat' dir='ltr'><strong>impu-</strong></span> 
     </span>
    </p>
   </div>
   <div class='ocr_carea' id='block_1_5' title="bbox 501 577 2074 649">
    <p class='ocr_par' dir='ltr' id='par_1_5' title="bbox 501 577 2074 649">
     <span class='ocr_line' id='line_1_5' title="bbox 501 577 2074 649; baseline -0.001 -14"><span class='ocrx_word' id='word_1_22' title='bbox 501 581 645 637; x_wconf 83' lang='lat' dir='ltr'><strong>l&#39;erre</strong></span> <span class='ocrx_word' id='word_1_23' title='bbox 690 581 743 635; x_wconf 87' lang='lat' dir='ltr'><strong>in</strong></span> <span class='ocrx_word' id='word_1_24' title='bbox 782 586 1032 649; x_wconf 85' lang='lat' dir='ltr'><strong>promptu</strong></span> <span class='ocrx_word' id='word_1_25' title='bbox 1062 586 1234 644; x_wconf 83' lang='lat' dir='ltr'><strong>esset,</strong></span> <span class='ocrx_word' id='word_1_26' title='bbox 1283 578 1403 633; x_wconf 91' lang='lat' dir='ltr'><strong>aliis</strong></span> <span class='ocrx_word' id='word_1_27' title='bbox 1449 578 1564 633; x_wconf 83' lang='lat' dir='ltr'><strong>sive</strong></span> <span class='ocrx_word' id='word_1_28' title='bbox 1615 578 1909 633; x_wconf 85' lang='lat' dir='ltr'><strong>observata</strong></span> <span class='ocrx_word' id='word_1_29' title='bbox 1954 577 2074 633; x_wconf 83' lang='lat' dir='ltr'><strong>sive</strong></span> 
     </span>
    </p>
   </div>
   <div class='ocr_carea' id='block_1_6' title="bbox 500 668 2069 742">
    <p class='ocr_par' dir='ltr' id='par_1_6' title="bbox 500 668 2069 742">
     <span class='ocr_line' id='line_1_6' title="bbox 500 668 2069 742; baseline -0.003 -14"><span class='ocrx_word' id='word_1_30' title='bbox 500 673 668 729; x_wconf 87' lang='lat' dir='ltr'><strong>etiam</strong></span> <span class='ocrx_word' id='word_1_31' title='bbox 700 671 1003 742; x_wconf 61' lang='lat' dir='ltr'><strong>prieterita;</strong></span> <span class='ocrx_word' id='word_1_32' title='bbox 1034 685 1154 739; x_wconf 72' lang='lat' dir='ltr'><strong>quae</strong></span> <span class='ocrx_word' id='word_1_33' title='bbox 1186 678 1365 723; x_wconf 89' lang='lat' dir='ltr'><strong>tamen</strong></span> <span class='ocrx_word' id='word_1_34' title='bbox 1408 668 1624 740; x_wconf 81' lang='lat' dir='ltr'><strong>longius</strong></span> <span class='ocrx_word' id='word_1_35' title='bbox 1649 685 1810 738; x_wconf 89' lang='lat' dir='ltr'><strong>quam</strong></span> <span class='ocrx_word' id='word_1_36' title='bbox 1844 685 1942 739; x_wconf 86' lang='lat' dir='ltr'><strong>par</strong></span> <span class='ocrx_word' id='word_1_37' title='bbox 1977 669 2069 733; x_wconf 91' lang='lat' dir='ltr'><strong>sit,</strong></span> 
     </span>
    </p>
   </div>
   <div class='ocr_carea' id='block_1_7' title="bbox 498 756 2071 829">
    <p class='ocr_par' dir='ltr' id='par_1_7' title="bbox 498 756 2071 829">
     <span class='ocr_line' id='line_1_7' title="bbox 498 756 2071 829; baseline -0.003 -13"><span class='ocrx_word' id='word_1_38' title='bbox 498 761 571 816; x_wconf 81' lang='lat' dir='ltr'><strong>ab</strong></span> <span class='ocrx_word' id='word_1_39' title='bbox 606 759 852 813; x_wconf 90' lang='lat' dir='ltr'><strong>instituto</strong></span> <span class='ocrx_word' id='word_1_40' title='bbox 883 773 983 813; x_wconf 90' lang='lat' dir='ltr'><strong>nos</strong></span> <span class='ocrx_word' id='word_1_41' title='bbox 1016 758 1366 813; x_wconf 85' lang='lat' dir='ltr'><strong>abducerent.</strong></span> <span class='ocrx_word' id='word_1_42' title='bbox 1400 756 1694 828; x_wconf 86' lang='lat' dir='ltr'><strong>Postquam</strong></span> <span class='ocrx_word' id='word_1_43' title='bbox 1749 760 1910 829; x_wconf 82' lang='lat' dir='ltr'><strong>igitur</strong></span> <span class='ocrx_word' id='word_1_44' title='bbox 1941 775 2071 814; x_wconf 89' lang='lat' dir='ltr'><strong>san-</strong></span> 
     </span>
    </p>
   </div>
   <div class='ocr_carea' id='block_1_8' title="bbox 499 849 2074 922">
    <p class='ocr_par' dir='ltr' id='par_1_8' title="bbox 499 849 2074 922">
     <span class='ocr_line' id='line_1_8' title="bbox 499 849 2074 922; baseline 0 -14"><span class='ocrx_word' id='word_1_45' title='bbox 499 852 575 909; x_wconf 88' lang='lat' dir='ltr'><strong>cti</strong></span> <span class='ocrx_word' id='word_1_46' title='bbox 600 849 777 905; x_wconf 71' lang='lat' dir='ltr'><strong>Patris</strong></span> <span class='ocrx_word' id='word_1_47' title='bbox 803 850 975 904; x_wconf 87' lang='lat' dir='ltr'><strong>nostri</strong></span> <span class='ocrx_word' id='word_1_48' title='bbox 1022 858 1171 919; x_wconf 87' lang='lat' dir='ltr'><strong>gesta</strong></span> <span class='ocrx_word' id='word_1_49' title='bbox 1201 850 1432 904; x_wconf 89' lang='lat' dir='ltr'><strong>strictim</strong></span> <span class='ocrx_word' id='word_1_50' title='bbox 1473 850 1874 921; x_wconf 87' lang='lat' dir='ltr'><strong>ordinatimque</strong></span> <span class='ocrx_word' id='word_1_51' title='bbox 1896 852 2074 922; x_wconf 81' lang='lat' dir='ltr'><strong>diges-</strong></span> 
     </span>
    </p>
   </div>
   <div class='ocr_carea' id='block_1_9' title="bbox 503 939 2073 1008">
    <p class='ocr_par' dir='ltr' id='par_1_9' title="bbox 503 939 2073 1008">
     <span class='ocr_line' id='line_1_9' title="bbox 503 939 2073 1008; baseline -0.001 -11"><span class='ocrx_word' id='word_1_52' title='bbox 503 940 698 1006; x_wconf 80' lang='lat' dir='ltr'><strong>simus,</strong></span> <span class='ocrx_word' id='word_1_53' title='bbox 729 940 974 995; x_wconf 89' lang='lat' dir='ltr'><strong>eamdem</strong></span> <span class='ocrx_word' id='word_1_54' title='bbox 1009 939 1267 1008; x_wconf 91' lang='lat' dir='ltr'><strong>temporis</strong></span> <span class='ocrx_word' id='word_1_55' title='bbox 1300 940 1567 994; x_wconf 84' lang='lat' dir='ltr'><strong>rationem</strong></span> <span class='ocrx_word' id='word_1_56' title='bbox 1599 954 1845 995; x_wconf 85' lang='lat' dir='ltr'><strong>servasse</strong></span> <span class='ocrx_word' id='word_1_57' title='bbox 1876 950 1987 995; x_wconf 90' lang='lat' dir='ltr'><strong>tum</strong></span> <span class='ocrx_word' id='word_1_58' title='bbox 2017 942 2073 996; x_wconf 88' lang='lat' dir='ltr'><strong>in</strong></span> 
     </span>
    </p>
   </div>
   <div class='ocr_carea' id='block_1_10' title="bbox 504 1029 2074 1100">
    <p class='ocr_par' dir='ltr' id='par_1_10' title="bbox 504 1029 2074 1100">
     <span class='ocr_line' id='line_1_10' title="bbox 504 1029 2074 1100; baseline 0.001 -14"><span class='ocrx_word' id='word_1_59' title='bbox 504 1032 622 1100; x_wconf 88' lang='lat' dir='ltr'><strong>ejus</strong></span> <span class='ocrx_word' id='word_1_60' title='bbox 648 1045 872 1099; x_wconf 84' lang='lat' dir='ltr'><strong>operum</strong></span> <span class='ocrx_word' id='word_1_61' title='bbox 907 1029 1223 1098; x_wconf 73' lang='lat' dir='ltr'><strong>fragmentis</strong></span> <span class='ocrx_word' id='word_1_62' title='bbox 1256 1070 1271 1096; x_wconf 94' lang='lat'><strong>,</strong></span> <span class='ocrx_word' id='word_1_63' title='bbox 1299 1037 1412 1084; x_wconf 93' lang='lat' dir='ltr'><strong>tum</strong></span> <span class='ocrx_word' id='word_1_64' title='bbox 1444 1030 1498 1084; x_wconf 93' lang='lat' dir='ltr'><strong>in</strong></span> <span class='ocrx_word' id='word_1_65' title='bbox 1528 1031 1771 1099; x_wconf 85' lang='lat' dir='ltr'><strong>epistolis</strong></span> <span class='ocrx_word' id='word_1_66' title='bbox 1801 1033 2074 1087; x_wconf 80' lang='lat' dir='ltr'><strong>excuden~</strong></span> 
     </span>
    </p>
   </div>
   <div class='ocr_carea' id='block_1_11' title="bbox 504 1119 2073 1191">
    <p class='ocr_par' dir='ltr' id='par_1_11' title="bbox 504 1119 2073 1191">
     <span class='ocr_line' id='line_1_11' title="bbox 504 1119 2073 1191; baseline 0.001 -14"><span class='ocrx_word' id='word_1_67' title='bbox 504 1122 588 1178; x_wconf 91' lang='lat' dir='ltr'><strong>dis</strong></span> <span class='ocrx_word' id='word_1_68' title='bbox 621 1121 755 1177; x_wconf 86' lang='lat' dir='ltr'><strong>satis</strong></span> <span class='ocrx_word' id='word_1_69' title='bbox 805 1121 1115 1176; x_wconf 83' lang='lat' dir='ltr'><strong>habuimus.</strong></span> <span class='ocrx_word' id='word_1_70' title='bbox 1148 1119 1205 1174; x_wconf 90' lang='lat' dir='ltr'><strong>Si</strong></span> <span class='ocrx_word' id='word_1_71' title='bbox 1234 1121 1364 1191; x_wconf 90' lang='lat' dir='ltr'><strong>quid</strong></span> <span class='ocrx_word' id='word_1_72' title='bbox 1415 1137 1545 1177; x_wconf 87' lang='lat' dir='ltr'><strong>vero</strong></span> <span class='ocrx_word' id='word_1_73' title='bbox 1596 1123 1864 1191; x_wconf 88' lang='lat' dir='ltr'><strong>reliquum</strong></span> <span class='ocrx_word' id='word_1_74' title='bbox 1911 1122 2073 1179; x_wconf 89' lang='lat' dir='ltr'><strong>fuerit</strong></span> 
     </span>
    </p>
   </div>
   <div class='ocr_carea' id='block_1_12' title="bbox 503 1212 2075 1285">
    <p class='ocr_par' dir='ltr' id='par_1_12' title="bbox 503 1212 2075 1285">
     <span class='ocr_line' id='line_1_12' title="bbox 503 1212 2075 1285; baseline 0.001 -18"><span class='ocrx_word' id='word_1_75' title='bbox 503 1214 649 1285; x_wconf 85' lang='lat' dir='ltr'><strong>quod</strong></span> <span class='ocrx_word' id='word_1_76' title='bbox 698 1213 934 1283; x_wconf 88' lang='lat' dir='ltr'><strong>aliquam</strong></span> <span class='ocrx_word' id='word_1_77' title='bbox 965 1212 1490 1269; x_wconf 87' lang='lat' dir='ltr'><strong>animadversionem</strong></span> <span class='ocrx_word' id='word_1_78' title='bbox 1518 1223 1788 1283; x_wconf 83' lang='lat' dir='ltr'><strong>reposcat,</strong></span> <span class='ocrx_word' id='word_1_79' title='bbox 1818 1214 2075 1284; x_wconf 65' lang='lat' dir='ltr'><strong>subjecta:</strong></span> 
     </span>
    </p>
   </div>
   <div class='ocr_carea' id='block_1_13' title="bbox 502 1304 2072 1361">
    <p class='ocr_par' dir='ltr' id='par_1_13' title="bbox 502 1304 2072 1361">
     <span class='ocr_line' id='line_1_13' title="bbox 502 1304 2072 1361; baseline 0.001 -2"><span class='ocrx_word' id='word_1_80' title='bbox 502 1306 885 1361; x_wconf 86' lang='lat' dir='ltr'><strong>adnotationes</strong></span> <span class='ocrx_word' id='word_1_81' title='bbox 950 1305 1199 1359; x_wconf 87' lang='lat' dir='ltr'><strong>nonnihil</strong></span> <span class='ocrx_word' id='word_1_82' title='bbox 1244 1305 1384 1359; x_wconf 88' lang='lat' dir='ltr'><strong>lucis</strong></span> <span class='ocrx_word' id='word_1_83' title='bbox 1451 1304 1746 1360; x_wconf 81' lang='lat' dir='ltr'><strong>aﬁ‘undent.</strong></span> <span class='ocrx_word' id='word_1_84' title='bbox 1805 1306 2072 1361; x_wconf 74' lang='lat' dir='ltr'><strong>Czeterum</strong></span> 
     </span>
    </p>
   </div>
   <div class='ocr_carea' id='block_1_14' title="bbox 504 1388 2074 1468">
    <p class='ocr_par' dir='ltr' id='par_1_14' title="bbox 504 1388 2074 1468">
     <span class='ocr_line' id='line_1_14' title="bbox 504 1388 2074 1468; baseline -0.001 -15"><span class='ocrx_word' id='word_1_85' title='bbox 504 1399 648 1453; x_wconf 90' lang='lat' dir='ltr'><strong>haud</strong></span> <span class='ocrx_word' id='word_1_86' title='bbox 678 1397 1136 1468; x_wconf 74' lang='lat' dir='ltr'><strong>praetermittenda</strong></span> <span class='ocrx_word' id='word_1_87' title='bbox 1164 1388 1477 1452; x_wconf 85' lang='lat' dir='ltr'><strong>censuimus</strong></span> <span class='ocrx_word' id='word_1_88' title='bbox 1505 1412 1627 1466; x_wconf 80' lang='lat' dir='ltr'><strong>qua:</strong></span> <span class='ocrx_word' id='word_1_89' title='bbox 1655 1398 1967 1452; x_wconf 81' lang='lat' dir='ltr'><strong>observavit</strong></span> <span class='ocrx_word' id='word_1_90' title='bbox 1992 1398 2074 1452; x_wconf 90' lang='lat' dir='ltr'><strong>vir</strong></span> 
     </span>
    </p>
   </div>
   <div class='ocr_carea' id='block_1_15' title="bbox 502 1487 2077 1559">
    <p class='ocr_par' dir='ltr' id='par_1_15' title="bbox 502 1487 2077 1559">
     <span class='ocr_line' id='line_1_15' title="bbox 502 1487 2077 1559; baseline -0.001 -13"><span class='ocrx_word' id='word_1_91' title='bbox 502 1491 853 1546; x_wconf 88' lang='lat' dir='ltr'><strong>doctissimus</strong></span> <span class='ocrx_word' id='word_1_92' title='bbox 871 1488 1063 1544; x_wconf 90' lang='lat' dir='ltr'><strong>Petrus</strong></span> <span class='ocrx_word' id='word_1_93' title='bbox 1078 1490 1411 1545; x_wconf 83' lang='lat' dir='ltr'><strong>Coutantius</strong></span> <span class='ocrx_word' id='word_1_94' title='bbox 1433 1490 1507 1559; x_wconf 85' lang='grc' dir='ltr'><strong>(η)</strong></span> <span class='ocrx_word' id='word_1_95' title='bbox 1525 1488 1592 1544; x_wconf 87' lang='lat' dir='ltr'><strong>ad</strong></span> <span class='ocrx_word' id='word_1_96' title='bbox 1609 1490 1789 1559; x_wconf 89' lang='lat' dir='ltr'><strong>operis</strong></span> <span class='ocrx_word' id='word_1_97' title='bbox 1812 1487 2077 1558; x_wconf 86' lang='lat' dir='ltr'><strong>fragmen-</strong></span> 
     </span>
    </p>
   </div>
   <div class='ocr_carea' id='block_1_16' title="bbox 506 1581 2073 1652">
    <p class='ocr_par' dir='ltr' id='par_1_16' title="bbox 506 1581 2073 1652">
     <span class='ocr_line' id='line_1_16' title="bbox 506 1581 2073 1652; baseline -0.001 -14"><span class='ocrx_word' id='word_1_98' title='bbox 506 1593 581 1647; x_wconf 90' lang='lat' dir='ltr'><strong>ta,</strong></span> <span class='ocrx_word' id='word_1_99' title='bbox 619 1582 879 1637; x_wconf 80' lang='lat' dir='ltr'><strong>Elenchus</strong></span> <span class='ocrx_word' id='word_1_100' title='bbox 909 1592 957 1637; x_wconf 79' lang='lat' dir='ltr'><strong>et</strong></span> <span class='ocrx_word' id='word_1_101' title='bbox 990 1582 1240 1652; x_wconf 77' lang='lat' dir='ltr'><strong>Apologia</strong></span> <span class='ocrx_word' id='word_1_102' title='bbox 1275 1581 1550 1651; x_wconf 87' lang='lat' dir='ltr'><strong>inscripti;</strong></span> <span class='ocrx_word' id='word_1_103' title='bbox 1585 1597 1706 1651; x_wconf 71' lang='lat' dir='ltr'><strong>qua:</strong></span> <span class='ocrx_word' id='word_1_104' title='bbox 1736 1582 1790 1635; x_wconf 81' lang='lat' dir='ltr'><strong>in</strong></span> <span class='ocrx_word' id='word_1_105' title='bbox 1826 1582 1929 1637; x_wconf 84' lang='lat' dir='ltr'><strong>hac</strong></span> <span class='ocrx_word' id='word_1_106' title='bbox 1954 1582 2073 1637; x_wconf 87' lang='lat' dir='ltr'><strong>edi-</strong></span> 
     </span>
    </p>
   </div>
   <div class='ocr_carea' id='block_1_17' title="bbox 506 1672 2076 1745">
    <p class='ocr_par' dir='ltr' id='par_1_17' title="bbox 506 1672 2076 1745">
     <span class='ocr_line' id='line_1_17' title="bbox 506 1672 2076 1745; baseline -0.001 -15"><span class='ocrx_word' id='word_1_107' title='bbox 506 1676 651 1731; x_wconf 87' lang='lat' dir='ltr'><strong>tione</strong></span> <span class='ocrx_word' id='word_1_108' title='bbox 672 1682 926 1745; x_wconf 91' lang='lat' dir='ltr'><strong>quartum</strong></span> <span class='ocrx_word' id='word_1_109' title='bbox 958 1674 1141 1728; x_wconf 91' lang='lat' dir='ltr'><strong>locum</strong></span> <span class='ocrx_word' id='word_1_110' title='bbox 1166 1681 1433 1743; x_wconf 87' lang='lat' dir='ltr'><strong>occupant</strong></span> <span class='ocrx_word' id='word_1_111' title='bbox 1458 1674 1630 1743; x_wconf 88' lang='lat' dir='ltr'><strong>partis</strong></span> <span class='ocrx_word' id='word_1_112' title='bbox 1657 1689 1671 1727; x_wconf 90' lang='lat' dir='ltr'>I</span> <span class='ocrx_word' id='word_1_113' title='bbox 1697 1672 1935 1744; x_wconf 90' lang='lat' dir='ltr'><strong>Operum</strong></span> <span class='ocrx_word' id='word_1_114' title='bbox 1954 1673 2076 1729; x_wconf 84' lang='lat' dir='ltr'><strong>Dio-</strong></span> 
     </span>
    </p>
   </div>
   <div class='ocr_carea' id='block_1_18' title="bbox 506 1762 2070 1838">
    <p class='ocr_par' dir='ltr' id='par_1_18' title="bbox 506 1762 2070 1838">
     <span class='ocr_line' id='line_1_18' title="bbox 506 1762 2070 1838; baseline -0.001 -17"><span class='ocrx_word' id='word_1_115' title='bbox 506 1766 882 1838; x_wconf 81' lang='lat' dir='ltr'><strong>nysianorum,</strong></span> <span class='ocrx_word' id='word_1_116' title='bbox 910 1767 977 1819; x_wconf 91' lang='lat' dir='ltr'><strong>ad</strong></span> <span class='ocrx_word' id='word_1_117' title='bbox 998 1764 1273 1833; x_wconf 81' lang='lat' dir='ltr'><strong>exemplar</strong></span> <span class='ocrx_word' id='word_1_118' title='bbox 1302 1772 1490 1820; x_wconf 88' lang='lat' dir='ltr'><strong>exacta</strong></span> <span class='ocrx_word' id='word_1_119' title='bbox 1522 1762 1701 1820; x_wconf 90' lang='lat' dir='ltr'><strong>studio</strong></span> <span class='ocrx_word' id='word_1_120' title='bbox 1730 1765 1974 1835; x_wconf 83' lang='lat' dir='ltr'><strong>ejusdem</strong></span> <span class='ocrx_word' id='word_1_121' title='bbox 2013 1779 2070 1819; x_wconf 76' lang='grc' dir='ltr'><strong>ν.</strong></span> 
     </span>
    </p>
   </div>
   <div class='ocr_carea' id='block_1_19' title="bbox 508 1855 1695 1913">
    <p class='ocr_par' dir='ltr' id='par_1_19' title="bbox 508 1855 1695 1913">
     <span class='ocr_line' id='line_1_19' title="bbox 508 1855 1695 1913; baseline 0 -3"><span class='ocrx_word' id='word_1_122' title='bbox 508 1857 575 1911; x_wconf 83' lang='lat' dir='ltr'><strong>cl.</strong></span> <span class='ocrx_word' id='word_1_123' title='bbox 607 1857 1011 1913; x_wconf 88' lang='lat' dir='ltr'><strong>concinnatum.</strong></span> <span class='ocrx_word' id='word_1_124' title='bbox 1043 1855 1134 1910; x_wconf 90' lang='lat' dir='ltr'><strong>Sic</strong></span> <span class='ocrx_word' id='word_1_125' title='bbox 1167 1865 1349 1911; x_wconf 89' lang='lat' dir='ltr'><strong>autem</strong></span> <span class='ocrx_word' id='word_1_126' title='bbox 1384 1871 1442 1912; x_wconf 87' lang='lat' dir='ltr'><strong>se</strong></span> <span class='ocrx_word' id='word_1_127' title='bbox 1475 1856 1695 1911; x_wconf 80' lang='lat' dir='ltr'><strong>habent.</strong></span> 
     </span>
    </p>
   </div>
   <div class='ocr_carea' id='block_1_20' title="bbox 575 1948 2075 2019">
    <p class='ocr_par' dir='ltr' id='par_1_20' title="bbox 575 1948 2075 2019">
     <span class='ocr_line' id='line_1_20' title="bbox 575 1948 2075 2019; baseline 0.001 -16"><span class='ocrx_word' id='word_1_128' title='bbox 575 1948 662 2005; x_wconf 92' lang='lat' dir='ltr'><strong>lll.</strong></span> <span class='ocrx_word' id='word_1_129' title='bbox 704 1968 722 2001; x_wconf 77' lang='grc' dir='ltr'>ι</span> <span class='ocrx_word' id='word_1_130' title='bbox 771 1948 920 2019; x_wconf 91' lang='lat' dir='ltr'><strong>Opus</strong></span> <span class='ocrx_word' id='word_1_131' title='bbox 951 1948 1195 2018; x_wconf 86' lang='lat' dir='ltr'><strong>Dionysii</strong></span> <span class='ocrx_word' id='word_1_132' title='bbox 1226 1948 1601 2014; x_wconf 78' lang='lat' dir='ltr'><strong>Alexandrini,</strong></span> <span class='ocrx_word' id='word_1_133' title='bbox 1633 1964 1699 2004; x_wconf 85' lang='lat' dir='ltr'><strong>ex</strong></span> <span class='ocrx_word' id='word_1_134' title='bbox 1725 1963 1834 2018; x_wconf 91' lang='lat' dir='ltr'><strong>quo</strong></span> <span class='ocrx_word' id='word_1_135' title='bbox 1869 1950 2075 2004; x_wconf 88' lang='lat' dir='ltr'><strong>descri-</strong></span> 
     </span>
    </p>
   </div>
   <div class='ocr_carea' id='block_1_21' title="bbox 506 2042 2072 2114">
    <p class='ocr_par' dir='ltr' id='par_1_21' title="bbox 506 2042 2072 2114">
     <span class='ocr_line' id='line_1_21' title="bbox 506 2042 2072 2114; baseline 0 -16"><span class='ocrx_word' id='word_1_136' title='bbox 506 2051 597 2112; x_wconf 86' lang='lat' dir='ltr'><strong>pta</strong></span> <span class='ocrx_word' id='word_1_137' title='bbox 650 2054 780 2098; x_wconf 86' lang='lat' dir='ltr'><strong>sunt</strong></span> <span class='ocrx_word' id='word_1_138' title='bbox 820 2043 1119 2114; x_wconf 87' lang='lat' dir='ltr'><strong>fragmenta</strong></span> <span class='ocrx_word' id='word_1_139' title='bbox 1151 2043 1426 2113; x_wconf 87' lang='lat' dir='ltr'><strong>proposita</strong></span> <span class='ocrx_word' id='word_1_140' title='bbox 1454 2085 1470 2109; x_wconf 93' lang='lat'><strong>,</strong></span> <span class='ocrx_word' id='word_1_141' title='bbox 1506 2042 1839 2097; x_wconf 80' lang='lat' dir='ltr'><strong>Athanasius</strong></span> <span class='ocrx_word' id='word_1_142' title='bbox 1871 2044 2072 2112; x_wconf 89' lang='lat' dir='ltr'><strong>passim</strong></span> 
     </span>
    </p>
   </div>
   <div class='ocr_carea' id='block_1_22' title="bbox 505 2133 2073 2207">
    <p class='ocr_par' dir='ltr' id='par_1_22' title="bbox 505 2133 2073 2207">
     <span class='ocr_line' id='line_1_22' title="bbox 505 2133 2073 2207; baseline 0.002 -20"><span class='ocrx_word' id='word_1_143' title='bbox 505 2134 691 2188; x_wconf 89' lang='lat' dir='ltr'><strong>laudat</strong></span> <span class='ocrx_word' id='word_1_144' title='bbox 719 2134 815 2203; x_wconf 72' lang='grc' dir='ltr'><strong>(ο).</strong></span> <span class='ocrx_word' id='word_1_145' title='bbox 848 2133 1101 2204; x_wconf 86' lang='lat' dir='ltr'><strong>Ejusdem</strong></span> <span class='ocrx_word' id='word_1_146' title='bbox 1128 2136 1426 2190; x_wconf 89' lang='lat' dir='ltr'><strong>meminere</strong></span> <span class='ocrx_word' id='word_1_147' title='bbox 1450 2134 1685 2190; x_wconf 89' lang='lat' dir='ltr'><strong>Basilius</strong></span> <span class='ocrx_word' id='word_1_148' title='bbox 1714 2135 1787 2207; x_wconf 90' lang='lat' dir='ltr'><strong>(p)</strong></span> <span class='ocrx_word' id='word_1_149' title='bbox 1805 2145 1858 2190; x_wconf 90' lang='lat' dir='ltr'><strong>et</strong></span> <span class='ocrx_word' id='word_1_150' title='bbox 1888 2134 2073 2190; x_wconf 86' lang='lat' dir='ltr'><strong>lliero-</strong></span> 
     </span>
    </p>
   </div>
   <div class='ocr_carea' id='block_1_23' title="bbox 461 2225 2074 2295">
    <p class='ocr_par' dir='ltr' id='par_1_23' title="bbox 461 2225 2074 2295">
     <span class='ocr_line' id='line_1_23' title="bbox 461 2225 2074 2295; baseline 0.008 -17"><span class='ocrx_word' id='word_1_151' title='bbox 461 2252 465 2257; x_wconf 64' lang='grc' dir='ltr'><strong><em>ο</em></strong></span> <span class='ocrx_word' id='word_1_152' title='bbox 506 2239 704 2295; x_wconf 90' lang='lat' dir='ltr'><strong>nymus</strong></span> <span class='ocrx_word' id='word_1_153' title='bbox 732 2227 828 2295; x_wconf 75' lang='grc' dir='ltr'><strong>(ᾳ).</strong></span> <span class='ocrx_word' id='word_1_154' title='bbox 851 2225 953 2280; x_wconf 87' lang='lat' dir='ltr'><strong>Sed</strong></span> <span class='ocrx_word' id='word_1_155' title='bbox 980 2226 1033 2280; x_wconf 92' lang='lat' dir='ltr'><strong>hi</strong></span> <span class='ocrx_word' id='word_1_156' title='bbox 1050 2227 1160 2282; x_wconf 91' lang='lat' dir='ltr'><strong>duo</strong></span> <span class='ocrx_word' id='word_1_157' title='bbox 1181 2228 1431 2285; x_wconf 77' lang='lat' dir='ltr'><strong>doctores</strong></span> <span class='ocrx_word' id='word_1_158' title='bbox 1459 2246 1567 2286; x_wconf 92' lang='lat' dir='ltr'><strong>non</strong></span> <span class='ocrx_word' id='word_1_159' title='bbox 1587 2248 1692 2287; x_wconf 90' lang='lat' dir='ltr'><strong>una</strong></span> <span class='ocrx_word' id='word_1_160' title='bbox 1709 2235 1920 2290; x_wconf 89' lang='lat' dir='ltr'><strong>ratione</strong></span> <span class='ocrx_word' id='word_1_161' title='bbox 1946 2236 2074 2292; x_wconf 91' lang='lat' dir='ltr'><strong>illud</strong></span> 
     </span>
    </p>
   </div>
   <div class='ocr_carea' id='block_1_24' title="bbox 506 2316 2076 2395">
    <p class='ocr_par' dir='ltr' id='par_1_24' title="bbox 506 2316 2076 2395">
     <span class='ocr_line' id='line_1_24' title="bbox 506 2316 2076 2395; baseline 0.008 -24"><span class='ocrx_word' id='word_1_162' title='bbox 506 2317 768 2373; x_wconf 79' lang='lat' dir='ltr'><strong>indicant.</strong></span> <span class='ocrx_word' id='word_1_163' title='bbox 798 2316 1160 2390; x_wconf 82' lang='lat' dir='ltr'><strong>Hieronymus</strong></span> <span class='ocrx_word' id='word_1_164' title='bbox 1183 2321 1325 2376; x_wconf 87' lang='lat' dir='ltr'><strong>enim</strong></span> <span class='ocrx_word' id='word_1_165' title='bbox 1350 2323 1404 2376; x_wconf 93' lang='lat' dir='ltr'><strong>in</strong></span> <span class='ocrx_word' id='word_1_166' title='bbox 1426 2323 1595 2380; x_wconf 90' lang='lat' dir='ltr'><strong>libros</strong></span> <span class='ocrx_word' id='word_1_167' title='bbox 1619 2338 1855 2395; x_wconf 86' lang='lat' dir='ltr'><strong>quatuor</strong></span> <span class='ocrx_word' id='word_1_168' title='bbox 1879 2329 2076 2383; x_wconf 85' lang='lat' dir='ltr'><strong>distin-</strong></span> 
     </span>
    </p>
   </div>
   <div class='ocr_carea' id='block_1_25' title="bbox 506 2410 2077 2486">
    <p class='ocr_par' dir='ltr' id='par_1_25' title="bbox 506 2410 2077 2486">
     <span class='ocr_line' id='line_1_25' title="bbox 506 2410 2077 2486; baseline 0.011 -26"><span class='ocrx_word' id='word_1_169' title='bbox 506 2418 654 2464; x_wconf 79' lang='lat' dir='ltr'><strong>ctum</strong></span> <span class='ocrx_word' id='word_1_170' title='bbox 711 2411 901 2465; x_wconf 89' lang='lat' dir='ltr'><strong>docet:</strong></span> <span class='ocrx_word' id='word_1_171' title='bbox 940 2410 1174 2468; x_wconf 84' lang='lat' dir='ltr'><strong>Basilius</strong></span> <span class='ocrx_word' id='word_1_172' title='bbox 1227 2430 1357 2470; x_wconf 90' lang='lat' dir='ltr'><strong>vero</strong></span> <span class='ocrx_word' id='word_1_173' title='bbox 1407 2417 1655 2486; x_wconf 63' lang='lat' dir='ltr'><strong>quaedam</strong></span> <span class='ocrx_word' id='word_1_174' title='bbox 1716 2420 1862 2477; x_wconf 90' lang='lat' dir='ltr'><strong>illius</strong></span> <span class='ocrx_word' id='word_1_175' title='bbox 1913 2424 2077 2478; x_wconf 90' lang='lat' dir='ltr'><strong>verba</strong></span> 
     </span>
    </p>
   </div>
   <div class='ocr_carea' id='block_1_26' title="bbox 508 2503 2080 2586">
    <p class='ocr_par' dir='ltr' id='par_1_26' title="bbox 508 2503 2080 2586">
     <span class='ocr_line' id='line_1_26' title="bbox 508 2503 2080 2586; baseline 0.01 -32"><span class='ocrx_word' id='word_1_176' title='bbox 508 2509 765 2571; x_wconf 89' lang='lat' dir='ltr'><strong>tanquam</strong></span> <span class='ocrx_word' id='word_1_177' title='bbox 802 2517 871 2555; x_wconf 75' lang='lat' dir='ltr'><strong>ex</strong></span> <span class='ocrx_word' id='word_1_178' title='bbox 892 2503 1122 2557; x_wconf 83' lang='lat' dir='ltr'><strong>secunda</strong></span> <span class='ocrx_word' id='word_1_179' title='bbox 1150 2505 1218 2558; x_wconf 93' lang='lat' dir='ltr'><strong>ad</strong></span> <span class='ocrx_word' id='word_1_180' title='bbox 1245 2504 1559 2577; x_wconf 80' lang='lat' dir='ltr'><strong>Dionysium</strong></span> <span class='ocrx_word' id='word_1_181' title='bbox 1583 2514 1940 2581; x_wconf 80' lang='lat' dir='ltr'><strong>cognominem</strong></span> <span class='ocrx_word' id='word_1_182' title='bbox 1969 2517 2080 2586; x_wconf 85' lang='lat' dir='ltr'><strong>epi-</strong></span> 
     </span>
    </p>
   </div>
   <div class='ocr_carea' id='block_1_27' title="bbox 506 2591 2075 2662">
    <p class='ocr_par' dir='ltr' id='par_1_27' title="bbox 506 2591 2075 2662">
     <span class='ocr_line' id='line_1_27' title="bbox 506 2591 2075 2662; baseline 0.01 -15"><span class='ocrx_word' id='word_1_183' title='bbox 506 2591 644 2647; x_wconf 86' lang='lat' dir='ltr'><strong>stola</strong></span> <span class='ocrx_word' id='word_1_184' title='bbox 665 2592 889 2662; x_wconf 79' lang='lat' dir='ltr'><strong>profert.</strong></span> <span class='ocrx_word' id='word_1_185' title='bbox 919 2592 996 2648; x_wconf 78' lang='lat' dir='ltr'><strong>Re</strong></span> <span class='ocrx_word' id='word_1_186' title='bbox 1018 2605 1201 2651; x_wconf 89' lang='lat' dir='ltr'><strong>autem</strong></span> <span class='ocrx_word' id='word_1_187' title='bbox 1235 2613 1361 2653; x_wconf 81' lang='lat' dir='ltr'><strong>vera</strong></span> <span class='ocrx_word' id='word_1_188' title='bbox 1391 2607 1445 2655; x_wconf 87' lang='lat' dir='ltr'><strong>et</strong></span> <span class='ocrx_word' id='word_1_189' title='bbox 1470 2601 1525 2655; x_wconf 88' lang='lat' dir='ltr'><strong>in</strong></span> <span class='ocrx_word' id='word_1_190' title='bbox 1557 2600 1726 2657; x_wconf 88' lang='lat' dir='ltr'><strong>libros</strong></span> <span class='ocrx_word' id='word_1_191' title='bbox 1759 2605 2075 2662; x_wconf 88' lang='lat' dir='ltr'><strong>distinctum</strong></span> 
     </span>
    </p>
   </div>
   <div class='ocr_carea' id='block_1_28' title="bbox 506 2686 2078 2761">
    <p class='ocr_par' dir='ltr' id='par_1_28' title="bbox 506 2686 2078 2761">
     <span class='ocr_line' id='line_1_28' title="bbox 506 2686 2078 2761; baseline 0.01 -22"><span class='ocrx_word' id='word_1_192' title='bbox 506 2699 627 2739; x_wconf 87' lang='lat' dir='ltr'><strong>esse</strong></span> <span class='ocrx_word' id='word_1_193' title='bbox 654 2695 709 2740; x_wconf 90' lang='lat' dir='ltr'><strong>et</strong></span> <span class='ocrx_word' id='word_1_194' title='bbox 735 2686 979 2757; x_wconf 72' lang='lat' dir='ltr'><strong>epistolae</strong></span> <span class='ocrx_word' id='word_1_195' title='bbox 1011 2702 1210 2743; x_wconf 86' lang='lat' dir='ltr'><strong>nomen</strong></span> <span class='ocrx_word' id='word_1_196' title='bbox 1239 2689 1290 2744; x_wconf 92' lang='lat' dir='ltr'><strong>ei</strong></span> <span class='ocrx_word' id='word_1_197' title='bbox 1323 2706 1623 2761; x_wconf 84' lang='lat' dir='ltr'><strong>congruere</strong></span> <span class='ocrx_word' id='word_1_198' title='bbox 1669 2710 1737 2749; x_wconf 89' lang='lat' dir='ltr'><strong>ex</strong></span> <span class='ocrx_word' id='word_1_199' title='bbox 1775 2697 2078 2754; x_wconf 84' lang='lat' dir='ltr'><strong>Athanasio</strong></span> 
     </span>
    </p>
   </div>
   <div class='ocr_carea' id='block_1_29' title="bbox 506 2768 2077 2852">
    <p class='ocr_par' dir='ltr' id='par_1_29' title="bbox 506 2768 2077 2852">
     <span class='ocr_line' id='line_1_29' title="bbox 506 2768 2077 2852; baseline 0.008 -19"><span class='ocrx_word' id='word_1_200' title='bbox 506 2787 722 2834; x_wconf 86' lang='lat' dir='ltr'><strong>constat</strong></span> <span class='ocrx_word' id='word_1_201' title='bbox 772 2796 787 2845; x_wconf 89' lang='lat'><strong>;</strong></span> <span class='ocrx_word' id='word_1_202' title='bbox 821 2779 915 2849; x_wconf 91' lang='lat' dir='ltr'><strong>qui</strong></span> <span class='ocrx_word' id='word_1_203' title='bbox 949 2778 1170 2849; x_wconf 89' lang='lat' dir='ltr'><strong>quidem</strong></span> <span class='ocrx_word' id='word_1_204' title='bbox 1195 2781 1250 2835; x_wconf 88' lang='lat' dir='ltr'><strong>in</strong></span> <span class='ocrx_word' id='word_1_205' title='bbox 1286 2782 1514 2852; x_wconf 85' lang='lat' dir='ltr'><strong>epistola</strong></span> <span class='ocrx_word' id='word_1_206' title='bbox 1558 2785 1625 2841; x_wconf 90' lang='lat' dir='ltr'><strong>de</strong></span> <span class='ocrx_word' id='word_1_207' title='bbox 1653 2768 1918 2844; x_wconf 85' lang='lat' dir='ltr'><strong>sententia</strong></span> <span class='ocrx_word' id='word_1_208' title='bbox 1950 2791 2077 2846; x_wconf 88' lang='lat' dir='ltr'><strong>Dio-</strong></span> 
     </span>
    </p>
   </div>
   <div class='ocr_carea' id='block_1_30' title="bbox 507 2873 2078 2950">
    <p class='ocr_par' dir='ltr' id='par_1_30' title="bbox 507 2873 2078 2950">
     <span class='ocr_line' id='line_1_30' title="bbox 507 2873 2078 2950; baseline 0.005 -21"><span class='ocrx_word' id='word_1_209' title='bbox 507 2873 648 2947; x_wconf 83' lang='lat' dir='ltr'><strong>nysii</strong></span> <span class='ocrx_word' id='word_1_210' title='bbox 682 2891 834 2929; x_wconf 90' lang='lat' dir='ltr'><strong>num.</strong></span> <span class='ocrx_word' id='word_1_211' title='bbox 871 2876 935 2930; x_wconf 80' lang='lat' dir='ltr'><strong>l5</strong></span> <span class='ocrx_word' id='word_1_212' title='bbox 966 2875 1098 2931; x_wconf 86' lang='lat' dir='ltr'><strong>dicit</strong></span> <span class='ocrx_word' id='word_1_213' title='bbox 1138 2894 1151 2930; x_wconf 91' lang='lat'>:</span> <span class='ocrx_word' id='word_1_214' title='bbox 1199 2876 1489 2948; x_wconf 79' lang='lat' dir='ltr'><strong>Dionysius</strong></span> <span class='ocrx_word' id='word_1_215' title='bbox 1517 2895 1676 2948; x_wconf 87' lang='lat' dir='ltr'><strong>quam</strong></span> <span class='ocrx_word' id='word_1_216' title='bbox 1726 2882 1954 2950; x_wconf 86' lang='lat' dir='ltr'><strong>primum</strong></span> <span class='ocrx_word' id='word_1_217' title='bbox 1995 2885 2078 2938; x_wconf 86' lang='lat' dir='ltr'><strong>sui</strong></span> 
     </span>
    </p>
   </div>
   <div class='ocr_carea' id='block_1_31' title="bbox 507 2969 2079 3043">
    <p class='ocr_par' dir='ltr' id='par_1_31' title="bbox 507 2969 2079 3043">
     <span class='ocr_line' id='line_1_31' title="bbox 507 2969 2079 3043; baseline 0.006 -23"><span class='ocrx_word' id='word_1_218' title='bbox 507 2969 769 3038; x_wconf 80' lang='lat' dir='ltr'><strong>purgandi</strong></span> <span class='ocrx_word' id='word_1_219' title='bbox 801 2970 976 3039; x_wconf 87' lang='lat' dir='ltr'><strong>gratia</strong></span> <span class='ocrx_word' id='word_1_220' title='bbox 1007 2969 1170 3024; x_wconf 86' lang='lat' dir='ltr'><strong>libros</strong></span> <span class='ocrx_word' id='word_1_221' title='bbox 1192 2971 1380 3037; x_wconf 77' lang='lat' dir='ltr'><strong>edidit,</strong></span> <span class='ocrx_word' id='word_1_222' title='bbox 1406 2988 1534 3041; x_wconf 85' lang='lat' dir='ltr'><strong>quos</strong></span> <span class='ocrx_word' id='word_1_223' title='bbox 1572 2973 1845 3043; x_wconf 77' lang='lat' dir='ltr'><strong>inscripsit</strong></span> <span class='ocrx_word' id='word_1_224' title='bbox 1870 2992 1889 3029; x_wconf 92' lang='lat'><strong><em>:</em></strong></span> <span class='ocrx_word' id='word_1_225' title='bbox 1916 2973 2079 3029; x_wconf 86' lang='lat' dir='ltr'><strong>Elen-</strong></span> 
     </span>
    </p>
   </div>
   <div class='ocr_carea' id='block_1_32' title="bbox 508 3059 2080 3136">
    <p class='ocr_par' dir='ltr' id='par_1_32' title="bbox 508 3059 2080 3136">
     <span class='ocr_line' id='line_1_32' title="bbox 508 3059 2080 3136; baseline 0.006 -24"><span class='ocrx_word' id='word_1_226' title='bbox 508 3059 636 3113; x_wconf 73' lang='lat' dir='ltr'><strong>dtus</strong></span> <span class='ocrx_word' id='word_1_227' title='bbox 668 3070 720 3114; x_wconf 88' lang='lat' dir='ltr'><strong>et</strong></span> <span class='ocrx_word' id='word_1_228' title='bbox 749 3060 1006 3132; x_wconf 77' lang='lat' dir='ltr'><strong>Apologia</strong></span> <span class='ocrx_word' id='word_1_229' title='bbox 1031 3076 1049 3113; x_wconf 89' lang='lat'><strong><em>:</em></strong></span> <span class='ocrx_word' id='word_1_230' title='bbox 1075 3070 1130 3116; x_wconf 89' lang='lat' dir='ltr'><strong>et</strong></span> <span class='ocrx_word' id='word_1_231' title='bbox 1161 3078 1314 3118; x_wconf 91' lang='lat' dir='ltr'><strong>num.</strong></span> <span class='ocrx_word' id='word_1_232' title='bbox 1349 3064 1417 3117; x_wconf 76' lang='grc'><strong>14</strong></span> <span class='ocrx_word' id='word_1_233' title='bbox 1445 3065 1511 3120; x_wconf 92' lang='lat' dir='ltr'><strong>de</strong></span> <span class='ocrx_word' id='word_1_234' title='bbox 1544 3066 1746 3136; x_wconf 88' lang='lat' dir='ltr'><strong>scripto</strong></span> <span class='ocrx_word' id='word_1_235' title='bbox 1775 3067 1964 3122; x_wconf 91' lang='lat' dir='ltr'><strong>eodem</strong></span> <span class='ocrx_word' id='word_1_236' title='bbox 2001 3068 2080 3123; x_wconf 93' lang='lat' dir='ltr'><strong>sic</strong></span> 
     </span>
    </p>
   </div>
   <div class='ocr_carea' id='block_1_33' title="bbox 2177 571 3647 646">
    <p class='ocr_par' dir='ltr' id='par_1_33' title="bbox 2177 571 3647 646">
     <span class='ocr_line' id='line_1_33' title="bbox 2177 571 3647 646; baseline 0.004 -19"><span class='ocrx_word' id='word_1_237' title='bbox 2177 574 2355 630; x_wconf 89' lang='lat' dir='ltr'><strong>dentis</strong></span> <span class='ocrx_word' id='word_1_238' title='bbox 2396 573 2685 628; x_wconf 64' lang='lat' dir='ltr'><strong>calumniae</strong></span> <span class='ocrx_word' id='word_1_239' title='bbox 2709 571 2904 627; x_wconf 91' lang='lat' dir='ltr'><strong>merito</strong></span> <span class='ocrx_word' id='word_1_240' title='bbox 2931 573 3109 643; x_wconf 80' lang='lat' dir='ltr'><strong>arguit</strong></span> <span class='ocrx_word' id='word_1_241' title='bbox 3133 572 3434 631; x_wconf 80' lang='lat' dir='ltr'><strong>Athanasius</strong></span> <span class='ocrx_word' id='word_1_242' title='bbox 3452 579 3647 646; x_wconf 77' lang='lat' dir='ltr'><strong>Arianos,</strong></span> 
     </span>
    </p>
   </div>
   <div class='ocr_carea' id='block_1_34' title="bbox 2176 663 3650 741">
    <p class='ocr_par' dir='ltr' id='par_1_34' title="bbox 2176 663 3650 741">
     <span class='ocr_line' id='line_1_34' title="bbox 2176 663 3650 741; baseline 0.004 -21"><span class='ocrx_word' id='word_1_243' title='bbox 2176 666 2324 736; x_wconf 90' lang='lat' dir='ltr'><strong>quod</strong></span> <span class='ocrx_word' id='word_1_244' title='bbox 2358 680 2420 719; x_wconf 89' lang='lat' dir='ltr'><strong>ea</strong></span> <span class='ocrx_word' id='word_1_245' title='bbox 2456 665 2604 720; x_wconf 88' lang='lat' dir='ltr'><strong>velut</strong></span> <span class='ocrx_word' id='word_1_246' title='bbox 2641 663 2881 735; x_wconf 79' lang='lat' dir='ltr'><strong>Dionysii</strong></span> <span class='ocrx_word' id='word_1_247' title='bbox 2912 666 3194 719; x_wconf 80' lang='lat' dir='ltr'><strong>venditare</strong></span> <span class='ocrx_word' id='word_1_248' title='bbox 3237 681 3338 720; x_wconf 90' lang='lat' dir='ltr'><strong>non</strong></span> <span class='ocrx_word' id='word_1_249' title='bbox 3373 671 3650 741; x_wconf 67' lang='lat' dir='ltr'><strong>erubuerint,</strong></span> 
     </span>
    </p>
   </div>
   <div class='ocr_carea' id='block_1_35' title="bbox 2177 756 3229 829">
    <p class='ocr_par' dir='ltr' id='par_1_35' title="bbox 2177 756 3229 829">
     <span class='ocr_line' id='line_1_35' title="bbox 2177 756 3229 829; baseline -0.001 -17"><span class='ocrx_word' id='word_1_250' title='bbox 2177 773 2298 829; x_wconf 67' lang='lat' dir='ltr'><strong>quae</strong></span> <span class='ocrx_word' id='word_1_251' title='bbox 2321 757 2409 811; x_wconf 90' lang='lat' dir='ltr'><strong>ille</strong></span> <span class='ocrx_word' id='word_1_252' title='bbox 2431 758 2610 827; x_wconf 89' lang='lat' dir='ltr'><strong>palam</strong></span> <span class='ocrx_word' id='word_1_253' title='bbox 2648 765 2941 827; x_wconf 89' lang='lat' dir='ltr'><strong>aperteque</strong></span> <span class='ocrx_word' id='word_1_254' title='bbox 2967 756 3229 825; x_wconf 88' lang='lat' dir='ltr'><strong>rejecerit.</strong></span> 
     </span>
    </p>
   </div>
   <div class='ocr_carea' id='block_1_36' title="bbox 2246 848 3657 921">
    <p class='ocr_par' dir='ltr' id='par_1_36' title="bbox 2246 848 3657 921">
     <span class='ocr_line' id='line_1_36' title="bbox 2246 848 3657 921; baseline 0.006 -18"><span class='ocrx_word' id='word_1_255' title='bbox 2246 848 2340 903; x_wconf 84' lang='lat' dir='ltr'><strong>IV.</strong></span> <span class='ocrx_word' id='word_1_256' title='bbox 2384 848 2490 904; x_wconf 89' lang='lat' dir='ltr'><strong>Ista</strong></span> <span class='ocrx_word' id='word_1_257' title='bbox 2525 848 2766 921; x_wconf 83' lang='lat' dir='ltr'><strong>Dionysii</strong></span> <span class='ocrx_word' id='word_1_258' title='bbox 2813 848 3075 919; x_wconf 81' lang='lat' dir='ltr'><strong>Apologia</strong></span> <span class='ocrx_word' id='word_1_259' title='bbox 3124 863 3189 903; x_wconf 90' lang='lat' dir='ltr'><strong>eo</strong></span> <span class='ocrx_word' id='word_1_260' title='bbox 3236 849 3436 919; x_wconf 86' lang='lat' dir='ltr'><strong>majoris</strong></span> <span class='ocrx_word' id='word_1_261' title='bbox 3467 864 3536 907; x_wconf 88' lang='lat' dir='ltr'><strong>est</strong></span> <span class='ocrx_word' id='word_1_262' title='bbox 3570 871 3657 912; x_wconf 88' lang='lat' dir='ltr'><strong>mo-</strong></span> 
     </span>
    </p>
   </div>
   <div class='ocr_carea' id='block_1_37' title="bbox 2176 940 3657 1011">
    <p class='ocr_par' dir='ltr' id='par_1_37' title="bbox 2176 940 3657 1011">
     <span class='ocr_line' id='line_1_37' title="bbox 2176 940 3657 1011; baseline 0.004 -15"><span class='ocrx_word' id='word_1_263' title='bbox 2176 942 2366 1005; x_wconf 90' lang='lat' dir='ltr'><strong>menti,</strong></span> <span class='ocrx_word' id='word_1_264' title='bbox 2393 943 2534 1011; x_wconf 89' lang='lat' dir='ltr'><strong>quod</strong></span> <span class='ocrx_word' id='word_1_265' title='bbox 2554 940 2836 1010; x_wconf 87' lang='lat' dir='ltr'><strong>specimini</strong></span> <span class='ocrx_word' id='word_1_266' title='bbox 2858 941 3023 996; x_wconf 88' lang='lat' dir='ltr'><strong>nobis</strong></span> <span class='ocrx_word' id='word_1_267' title='bbox 3046 940 3116 994; x_wconf 90' lang='lat' dir='ltr'><strong>sit</strong></span> <span class='ocrx_word' id='word_1_268' title='bbox 3135 954 3317 995; x_wconf 90' lang='lat' dir='ltr'><strong>eorum</strong></span> <span class='ocrx_word' id='word_1_269' title='bbox 3338 958 3443 1010; x_wconf 73' lang='lat' dir='ltr'><strong>qua:</strong></span> <span class='ocrx_word' id='word_1_270' title='bbox 3460 942 3657 1003; x_wconf 83' lang='lat' dir='ltr'><strong>fecissent</strong></span> 
     </span>
    </p>
   </div>
   <div class='ocr_carea' id='block_1_38' title="bbox 2176 1030 3659 1104">
    <p class='ocr_par' dir='ltr' id='par_1_38' title="bbox 2176 1030 3659 1104">
     <span class='ocr_line' id='line_1_38' title="bbox 2176 1030 3659 1104; baseline 0.003 -16"><span class='ocrx_word' id='word_1_271' title='bbox 2176 1034 2359 1088; x_wconf 64' lang='lat' dir='ltr'><strong>caeteri</strong></span> <span class='ocrx_word' id='word_1_272' title='bbox 2390 1031 2582 1087; x_wconf 87' lang='lat' dir='ltr'><strong>Patres</strong></span> <span class='ocrx_word' id='word_1_273' title='bbox 2627 1030 2846 1087; x_wconf 71' lang='lat' dir='ltr'><strong>Nicaeno</strong></span> <span class='ocrx_word' id='word_1_274' title='bbox 2877 1033 3111 1087; x_wconf 82' lang='lat' dir='ltr'><strong>concilio</strong></span> <span class='ocrx_word' id='word_1_275' title='bbox 3146 1033 3433 1100; x_wconf 88' lang='lat' dir='ltr'><strong>superiores</strong></span> <span class='ocrx_word' id='word_1_276' title='bbox 3454 1073 3468 1097; x_wconf 90' lang='lat'><strong>,</strong></span> <span class='ocrx_word' id='word_1_277' title='bbox 3509 1038 3659 1104; x_wconf 84' lang='lat' dir='ltr'><strong>quibus</strong></span> 
     </span>
    </p>
   </div>
   <div class='ocr_carea' id='block_1_39' title="bbox 2176 1122 3661 1193">
    <p class='ocr_par' dir='ltr' id='par_1_39' title="bbox 2176 1122 3661 1193">
     <span class='ocr_line' id='line_1_39' title="bbox 2176 1122 3661 1193; baseline -0.002 -14"><span class='ocrx_word' id='word_1_278' title='bbox 2176 1124 2437 1179; x_wconf 90' lang='lat' dir='ltr'><strong>nonnulla</strong></span> <span class='ocrx_word' id='word_1_279' title='bbox 2490 1123 2811 1178; x_wconf 84' lang='lat' dir='ltr'><strong>exciderunt</strong></span> <span class='ocrx_word' id='word_1_280' title='bbox 2856 1123 3074 1177; x_wconf 73' lang='lat' dir='ltr'><strong>Arianae</strong></span> <span class='ocrx_word' id='word_1_281' title='bbox 3112 1122 3363 1191; x_wconf 87' lang='lat' dir='ltr'><strong>impietati</strong></span> <span class='ocrx_word' id='word_1_282' title='bbox 3389 1123 3438 1175; x_wconf 91' lang='lat' dir='ltr'><strong>in</strong></span> <span class='ocrx_word' id='word_1_283' title='bbox 3482 1126 3661 1193; x_wconf 72' lang='lat' dir='ltr'><strong>speciem</strong></span> 
     </span>
    </p>
   </div>
   <div class='ocr_carea' id='block_1_40' title="bbox 2175 1213 3663 1286">
    <p class='ocr_par' dir='ltr' id='par_1_40' title="bbox 2175 1213 3663 1286">
     <span class='ocr_line' id='line_1_40' title="bbox 2175 1213 3663 1286; baseline 0.001 -16"><span class='ocrx_word' id='word_1_284' title='bbox 2175 1224 2429 1286; x_wconf 84' lang='lat' dir='ltr'><strong>cognata,</strong></span> <span class='ocrx_word' id='word_1_285' title='bbox 2465 1218 2510 1270; x_wconf 90' lang='lat' dir='ltr'><strong>si</strong></span> <span class='ocrx_word' id='word_1_286' title='bbox 2544 1230 2639 1270; x_wconf 88' lang='lat' dir='ltr'><strong>eos</strong></span> <span class='ocrx_word' id='word_1_287' title='bbox 2684 1214 2879 1269; x_wconf 91' lang='lat' dir='ltr'><strong>similis</strong></span> <span class='ocrx_word' id='word_1_288' title='bbox 2909 1215 3209 1269; x_wconf 85' lang='lat' dir='ltr'><strong>necessitas</strong></span> <span class='ocrx_word' id='word_1_289' title='bbox 3243 1213 3308 1267; x_wconf 90' lang='lat' dir='ltr'><strong>ad</strong></span> <span class='ocrx_word' id='word_1_290' title='bbox 3357 1213 3663 1283; x_wconf 75' lang='lat' dir='ltr'><strong>explicandam</strong></span> 
     </span>
    </p>
   </div>
   <div class='ocr_carea' id='block_1_41' title="bbox 2177 1301 3665 1377">
    <p class='ocr_par' dir='ltr' id='par_1_41' title="bbox 2177 1301 3665 1377">
     <span class='ocr_line' id='line_1_41' title="bbox 2177 1301 3665 1377; baseline -0.001 -15"><span class='ocrx_word' id='word_1_291' title='bbox 2177 1307 2419 1377; x_wconf 88' lang='lat' dir='ltr'><strong>apertius</strong></span> <span class='ocrx_word' id='word_1_292' title='bbox 2452 1315 2690 1360; x_wconf 88' lang='lat' dir='ltr'><strong>mentem</strong></span> <span class='ocrx_word' id='word_1_293' title='bbox 2735 1322 2889 1363; x_wconf 87' lang='lat' dir='ltr'><strong>suam</strong></span> <span class='ocrx_word' id='word_1_294' title='bbox 2921 1304 3291 1374; x_wconf 88' lang='lat' dir='ltr'><strong>compulisset.</strong></span> <span class='ocrx_word' id='word_1_295' title='bbox 3321 1301 3437 1358; x_wconf 83' lang='lat' dir='ltr'><strong>inde</strong></span> <span class='ocrx_word' id='word_1_296' title='bbox 3460 1305 3580 1359; x_wconf 87' lang='lat' dir='ltr'><strong>enim</strong></span> <span class='ocrx_word' id='word_1_297' title='bbox 3607 1305 3665 1361; x_wconf 74' lang='lat' dir='ltr'><strong>fa-</strong></span> 
     </span>
    </p>
   </div>
   <div class='ocr_carea' id='block_1_42' title="bbox 2175 1394 3665 1470">
    <p class='ocr_par' dir='ltr' id='par_1_42' title="bbox 2175 1394 3665 1470">
     <span class='ocr_line' id='line_1_42' title="bbox 2175 1394 3665 1470; baseline -0.001 -16"><span class='ocrx_word' id='word_1_298' title='bbox 2175 1400 2276 1454; x_wconf 85' lang='lat' dir='ltr'><strong>cile</strong></span> <span class='ocrx_word' id='word_1_299' title='bbox 2299 1399 2590 1453; x_wconf 88' lang='lat' dir='ltr'><strong>adducitur</strong></span> <span class='ocrx_word' id='word_1_300' title='bbox 2622 1400 2853 1470; x_wconf 90' lang='lat' dir='ltr'><strong>quisque</strong></span> <span class='ocrx_word' id='word_1_301' title='bbox 2886 1407 2945 1452; x_wconf 91' lang='lat' dir='ltr'><strong>ut</strong></span> <span class='ocrx_word' id='word_1_302' title='bbox 2974 1397 3199 1459; x_wconf 80' lang='lat' dir='ltr'><strong>credar,</strong></span> <span class='ocrx_word' id='word_1_303' title='bbox 3230 1394 3479 1449; x_wconf 88' lang='lat' dir='ltr'><strong>neminem</strong></span> <span class='ocrx_word' id='word_1_304' title='bbox 3521 1412 3576 1450; x_wconf 88' lang='lat' dir='ltr'><strong>ex</strong></span> <span class='ocrx_word' id='word_1_305' title='bbox 3608 1399 3665 1453; x_wconf 86' lang='lat' dir='ltr'><strong>eis</strong></span> 
     </span>
    </p>
   </div>
   <div class='ocr_carea' id='block_1_43' title="bbox 2176 1491 3667 1563">
    <p class='ocr_par' dir='ltr' id='par_1_43' title="bbox 2176 1491 3667 1563">
     <span class='ocr_line' id='line_1_43' title="bbox 2176 1491 3667 1563; baseline 0.001 -17"><span class='ocrx_word' id='word_1_306' title='bbox 2176 1492 2422 1547; x_wconf 86' lang='lat' dir='ltr'><strong>futurum</strong></span> <span class='ocrx_word' id='word_1_307' title='bbox 2451 1493 2640 1557; x_wconf 85' lang='lat' dir='ltr'><strong>fuisse,</strong></span> <span class='ocrx_word' id='word_1_308' title='bbox 2688 1494 2781 1563; x_wconf 91' lang='lat' dir='ltr'><strong>qui</strong></span> <span class='ocrx_word' id='word_1_309' title='bbox 2829 1509 2937 1549; x_wconf 87' lang='lat' dir='ltr'><strong>non</strong></span> <span class='ocrx_word' id='word_1_310' title='bbox 2977 1492 3203 1562; x_wconf 84' lang='lat' dir='ltr'><strong>perinde</strong></span> <span class='ocrx_word' id='word_1_311' title='bbox 3242 1502 3398 1560; x_wconf 85' lang='lat' dir='ltr'><strong>atque</strong></span> <span class='ocrx_word' id='word_1_312' title='bbox 3418 1491 3667 1563; x_wconf 84' lang='lat' dir='ltr'><strong>Dionysius,</strong></span> 
     </span>
    </p>
   </div>
   <div class='ocr_carea' id='block_1_44' title="bbox 2175 1580 3669 1655">
    <p class='ocr_par' dir='ltr' id='par_1_44' title="bbox 2175 1580 3669 1655">
     <span class='ocr_line' id='line_1_44' title="bbox 2175 1580 3669 1655; baseline -0.001 -16"><span class='ocrx_word' id='word_1_313' title='bbox 2175 1583 2422 1639; x_wconf 90' lang='lat' dir='ltr'><strong>eamdem</strong></span> <span class='ocrx_word' id='word_1_314' title='bbox 2464 1585 2747 1654; x_wconf 90' lang='lat' dir='ltr'><strong>perﬁdiam</strong></span> <span class='ocrx_word' id='word_1_315' title='bbox 2799 1585 3131 1639; x_wconf 85' lang='lat' dir='ltr'><strong>damnasset.</strong></span> <span class='ocrx_word' id='word_1_316' title='bbox 3164 1580 3245 1636; x_wconf 84' lang='lat' dir='ltr'><strong>Ex</strong></span> <span class='ocrx_word' id='word_1_317' title='bbox 3274 1582 3374 1638; x_wconf 93' lang='lat' dir='ltr'><strong>hoc</strong></span> <span class='ocrx_word' id='word_1_318' title='bbox 3402 1598 3540 1652; x_wconf 87' lang='lat' dir='ltr'><strong>opere</strong></span> <span class='ocrx_word' id='word_1_319' title='bbox 3583 1602 3669 1655; x_wconf 68' lang='lat' dir='ltr'><strong>qua</strong></span> 
     </span>
    </p>
   </div>
   <div class='ocr_carea' id='block_1_45' title="bbox 2174 1675 3671 1747">
    <p class='ocr_par' dir='ltr' id='par_1_45' title="bbox 2174 1675 3671 1747">
     <span class='ocr_line' id='line_1_45' title="bbox 2174 1675 3671 1747; baseline -0.001 -17"><span class='ocrx_word' id='word_1_320' title='bbox 2174 1676 2551 1741; x_wconf 82' lang='lat' dir='ltr'><strong>exscribenda,</strong></span> <span class='ocrx_word' id='word_1_321' title='bbox 2604 1692 2726 1747; x_wconf 71' lang='lat' dir='ltr'><strong>qua:</strong></span> <span class='ocrx_word' id='word_1_322' title='bbox 2755 1675 3216 1747; x_wconf 61' lang='lat' dir='ltr'><strong>prsetermittenda</strong></span> <span class='ocrx_word' id='word_1_323' title='bbox 3251 1675 3457 1729; x_wconf 89' lang='lat' dir='ltr'><strong>duxerit</strong></span> <span class='ocrx_word' id='word_1_324' title='bbox 3486 1675 3671 1729; x_wconf 64' lang='lat' dir='ltr'><strong>Athana.</strong></span> 
     </span>
    </p>
   </div>
   <div class='ocr_carea' id='block_1_46' title="bbox 2177 1761 3673 1837">
    <p class='ocr_par' dir='ltr' id='par_1_46' title="bbox 2177 1761 3673 1837">
     <span class='ocr_line' id='line_1_46' title="bbox 2177 1761 3673 1837; baseline -0.003 -14"><span class='ocrx_word' id='word_1_325' title='bbox 2177 1768 2314 1834; x_wconf 92' lang='lat' dir='ltr'><strong>sius,</strong></span> <span class='ocrx_word' id='word_1_326' title='bbox 2343 1783 2493 1821; x_wconf 91' lang='lat' dir='ltr'><strong>num.</strong></span> <span class='ocrx_word' id='word_1_327' title='bbox 2530 1766 2597 1820; x_wconf 73' lang='lat' dir='ltr'><strong>ﬂ</strong></span> <span class='ocrx_word' id='word_1_328' title='bbox 2623 1768 2846 1837; x_wconf 76' lang='lat' dir='ltr'><strong>exponit</strong></span> <span class='ocrx_word' id='word_1_329' title='bbox 2871 1766 2926 1821; x_wconf 92' lang='lat' dir='ltr'><strong>in</strong></span> <span class='ocrx_word' id='word_1_330' title='bbox 2959 1767 3105 1821; x_wconf 90' lang='lat' dir='ltr'><strong>hunc</strong></span> <span class='ocrx_word' id='word_1_331' title='bbox 3133 1764 3395 1819; x_wconf 88' lang='lat' dir='ltr'><strong>modum:</strong></span> <span class='ocrx_word' id='word_1_332' title='bbox 3435 1761 3577 1821; x_wconf 83' lang='lat' dir='ltr'><strong>Verba</strong></span> <span class='ocrx_word' id='word_1_333' title='bbox 3592 1766 3673 1835; x_wconf 78' lang='lat' dir='ltr'><strong>cju</strong></span> 
     </span>
    </p>
   </div>
   <div class='ocr_carea' id='block_1_47' title="bbox 2175 1858 3675 1932">
    <p class='ocr_par' dir='ltr' id='par_1_47' title="bbox 2175 1858 3675 1932">
     <span class='ocr_line' id='line_1_47' title="bbox 2175 1858 3675 1932; baseline 0 -19"><span class='ocrx_word' id='word_1_334' title='bbox 2175 1859 2594 1932; x_wconf 78' lang='lat' dir='ltr'><strong>quamplurima,</strong></span> <span class='ocrx_word' id='word_1_335' title='bbox 2641 1858 2830 1929; x_wconf 81' lang='lat' dir='ltr'><strong>quibus</strong></span> <span class='ocrx_word' id='word_1_336' title='bbox 2863 1876 2942 1913; x_wconf 88' lang='lat' dir='ltr'><strong>res</strong></span> <span class='ocrx_word' id='word_1_337' title='bbox 2993 1860 3046 1913; x_wconf 90' lang='lat' dir='ltr'><strong>in</strong></span> <span class='ocrx_word' id='word_1_338' title='bbox 3093 1858 3430 1929; x_wconf 73' lang='lat' dir='ltr'><strong>quwstionem</strong></span> <span class='ocrx_word' id='word_1_339' title='bbox 3475 1858 3675 1913; x_wconf 69' lang='lat' dir='ltr'><strong>adductas</strong></span> 
     </span>
    </p>
   </div>
   <div class='ocr_carea' id='block_1_48' title="bbox 2175 1949 3678 2023">
    <p class='ocr_par' dir='ltr' id='par_1_48' title="bbox 2175 1949 3678 2023">
     <span class='ocr_line' id='line_1_48' title="bbox 2175 1949 3678 2023; baseline -0.001 -17"><span class='ocrx_word' id='word_1_340' title='bbox 2175 1954 2445 2023; x_wconf 73' lang='lat' dir='ltr'><strong>expendit,</strong></span> <span class='ocrx_word' id='word_1_341' title='bbox 2469 1960 2562 2005; x_wconf 85' lang='lat' dir='ltr'><strong>aut</strong></span> <span class='ocrx_word' id='word_1_342' title='bbox 2594 1967 2659 2006; x_wconf 82' lang='lat' dir='ltr'><strong>ea:</strong></span> <span class='ocrx_word' id='word_1_343' title='bbox 2691 1952 2874 2006; x_wconf 85' lang='lat' dir='ltr'><strong>allatis</strong></span> <span class='ocrx_word' id='word_1_344' title='bbox 2911 1951 3206 2005; x_wconf 86' lang='lat' dir='ltr'><strong>ratiociniis</strong></span> <span class='ocrx_word' id='word_1_345' title='bbox 3242 1949 3478 2019; x_wconf 86' lang='lat' dir='ltr'><strong>colligit,</strong></span> <span class='ocrx_word' id='word_1_346' title='bbox 3507 1960 3585 2004; x_wconf 82' lang='lat' dir='ltr'><strong>aut</strong></span> <span class='ocrx_word' id='word_1_347' title='bbox 3619 1950 3678 2005; x_wconf 72' lang='lat' dir='ltr'><strong>ia-</strong></span> 
     </span>
    </p>
   </div>
   <div class='ocr_carea' id='block_1_49' title="bbox 2180 2026 3677 2118">
    <p class='ocr_par' dir='ltr' id='par_1_49' title="bbox 2180 2026 3677 2118">
     <span class='ocr_line' id='line_1_49' title="bbox 2180 2026 3677 2118; baseline -0.003 -18"><span class='ocrx_word' id='word_1_348' title='bbox 2180 2056 2469 2118; x_wconf 84' lang='lat' dir='ltr'><strong>terrogatos</strong></span> <span class='ocrx_word' id='word_1_349' title='bbox 2493 2046 2823 2099; x_wconf 82' lang='lat' dir='ltr'><strong>adversarios</strong></span> <span class='ocrx_word' id='word_1_350' title='bbox 2851 2046 3105 2115; x_wconf 80' lang='lat' dir='ltr'><strong>coarguit,</strong></span> <span class='ocrx_word' id='word_1_351' title='bbox 3134 2026 3574 2096; x_wconf 68' lang='lat' dir='ltr'><strong>vel&#39;obtrectatorcs</strong></span> <span class='ocrx_word' id='word_1_352' title='bbox 3591 2058 3677 2096; x_wconf 73' lang='lat' dir='ltr'><strong>suos</strong></span> 
     </span>
    </p>
   </div>
   <div class='ocr_carea' id='block_1_50' title="bbox 2178 2133 3681 2206">
    <p class='ocr_par' dir='ltr' id='par_1_50' title="bbox 2178 2133 3681 2206">
     <span class='ocr_line' id='line_1_50' title="bbox 2178 2133 3681 2206; baseline -0.005 -10"><span class='ocrx_word' id='word_1_353' title='bbox 2178 2142 2529 2206; x_wconf 87' lang='lat' dir='ltr'><strong>criminatur,</strong></span> <span class='ocrx_word' id='word_1_354' title='bbox 2583 2138 2645 2192; x_wconf 88' lang='lat' dir='ltr'><strong>ob</strong></span> <span class='ocrx_word' id='word_1_355' title='bbox 2688 2138 2950 2192; x_wconf 88' lang='lat' dir='ltr'><strong>librorum</strong></span> <span class='ocrx_word' id='word_1_356' title='bbox 2994 2135 3359 2205; x_wconf 69' lang='lat' dir='ltr'><strong>prolixitatem</strong></span> <span class='ocrx_word' id='word_1_357' title='bbox 3392 2133 3681 2197; x_wconf 78' lang='lat' dir='ltr'><strong>amittens,ca</strong></span> 
     </span>
    </p>
   </div>
   <div class='ocr_carea' id='block_1_51' title="bbox 2178 2227 3681 2305">
    <p class='ocr_par' dir='ltr' id='par_1_51' title="bbox 2178 2227 3681 2305">
     <span class='ocr_line' id='line_1_51' title="bbox 2178 2227 3681 2305; baseline -0.006 -16"><span class='ocrx_word' id='word_1_358' title='bbox 2178 2235 2349 2289; x_wconf 79' lang='lat' dir='ltr'><strong>solum</strong></span> <span class='ocrx_word' id='word_1_359' title='bbox 2400 2249 2689 2305; x_wconf 84' lang='lat' dir='ltr'><strong>proponam</strong></span> <span class='ocrx_word' id='word_1_360' title='bbox 2716 2271 2731 2295; x_wconf 94' lang='lat'><strong>,</strong></span> <span class='ocrx_word' id='word_1_361' title='bbox 2767 2247 2885 2302; x_wconf 74' lang='lat' dir='ltr'><strong>qua:</strong></span> <span class='ocrx_word' id='word_1_362' title='bbox 2914 2231 2983 2282; x_wconf 88' lang='lat' dir='ltr'><strong>ad</strong></span> <span class='ocrx_word' id='word_1_363' title='bbox 3035 2228 3435 2282; x_wconf 75' lang='lat' dir='ltr'><strong>criminationes</strong></span> <span class='ocrx_word' id='word_1_364' title='bbox 3465 2227 3681 2281; x_wconf 72' lang='lat' dir='ltr'><strong>diluenda</strong></span> 
     </span>
    </p>
   </div>
   <div class='ocr_carea' id='block_1_52' title="bbox 2177 2319 3682 2390">
    <p class='ocr_par' dir='ltr' id='par_1_52' title="bbox 2177 2319 3682 2390">
     <span class='ocr_line' id='line_1_52' title="bbox 2177 2319 3682 2390; baseline -0.005 -8"><span class='ocrx_word' id='word_1_365' title='bbox 2177 2328 2477 2382; x_wconf 79' lang='lat' dir='ltr'><strong>necessaria</strong></span> <span class='ocrx_word' id='word_1_366' title='bbox 2513 2324 2845 2380; x_wconf 79' lang='lat' dir='ltr'><strong>videbuntur.</strong></span> <span class='ocrx_word' id='word_1_367' title='bbox 2874 2321 2932 2376; x_wconf 90' lang='lat' dir='ltr'><strong>ln</strong></span> <span class='ocrx_word' id='word_1_368' title='bbox 2964 2322 3030 2377; x_wconf 91' lang='lat' dir='ltr'><strong>iis</strong></span> <span class='ocrx_word' id='word_1_369' title='bbox 3064 2336 3197 2376; x_wconf 85' lang='lat' dir='ltr'><strong>vero</strong></span> <span class='ocrx_word' id='word_1_370' title='bbox 3228 2334 3351 2390; x_wconf 75' lang='lat' dir='ltr'><strong>qua:</strong></span> <span class='ocrx_word' id='word_1_371' title='bbox 3373 2320 3616 2385; x_wconf 84' lang='lat' dir='ltr'><strong>exscribit,</strong></span> <span class='ocrx_word' id='word_1_372' title='bbox 3636 2319 3682 2374; x_wconf 80' lang='lat' dir='ltr'><strong>li-</strong></span> 
     </span>
    </p>
   </div>
   <div class='ocr_carea' id='block_1_53' title="bbox 2177 2414 3684 2483">
    <p class='ocr_par' dir='ltr' id='par_1_53' title="bbox 2177 2414 3684 2483">
     <span class='ocr_line' id='line_1_53' title="bbox 2177 2414 3684 2483; baseline -0.005 -9"><span class='ocrx_word' id='word_1_373' title='bbox 2177 2420 2399 2475; x_wconf 89' lang='lat' dir='ltr'><strong>brorum</strong></span> <span class='ocrx_word' id='word_1_374' title='bbox 2430 2419 2675 2473; x_wconf 86' lang='lat' dir='ltr'><strong>ordinem</strong></span> <span class='ocrx_word' id='word_1_375' title='bbox 2707 2417 2931 2471; x_wconf 87' lang='lat' dir='ltr'><strong>minime</strong></span> <span class='ocrx_word' id='word_1_376' title='bbox 2963 2423 3167 2478; x_wconf 77' lang='lat' dir='ltr'><strong>servat,</strong></span> <span class='ocrx_word' id='word_1_377' title='bbox 3197 2414 3296 2470; x_wconf 87' lang='lat' dir='ltr'><strong>sed</strong></span> <span class='ocrx_word' id='word_1_378' title='bbox 3329 2421 3485 2483; x_wconf 90' lang='lat' dir='ltr'><strong>prout</strong></span> <span class='ocrx_word' id='word_1_379' title='bbox 3512 2429 3583 2468; x_wconf 87' lang='lat' dir='ltr'><strong>res</strong></span> <span class='ocrx_word' id='word_1_380' title='bbox 3604 2422 3684 2467; x_wconf 79' lang='lat' dir='ltr'><strong>tra-</strong></span> 
     </span>
    </p>
   </div>
   <div class='ocr_carea' id='block_1_54' title="bbox 2177 2503 3685 2580">
    <p class='ocr_par' dir='ltr' id='par_1_54' title="bbox 2177 2503 3685 2580">
     <span class='ocr_line' id='line_1_54' title="bbox 2177 2503 3685 2580; baseline -0.005 -14"><span class='ocrx_word' id='word_1_381' title='bbox 2177 2520 2331 2567; x_wconf 70' lang='lat' dir='ltr'><strong>ctata:</strong></span> <span class='ocrx_word' id='word_1_382' title='bbox 2362 2510 2726 2580; x_wconf 89' lang='lat' dir='ltr'><strong>postulabant,</strong></span> <span class='ocrx_word' id='word_1_383' title='bbox 2756 2522 2901 2562; x_wconf 90' lang='lat' dir='ltr'><strong>nunc</strong></span> <span class='ocrx_word' id='word_1_384' title='bbox 2929 2522 3096 2560; x_wconf 89' lang='lat' dir='ltr'><strong>unum</strong></span> <span class='ocrx_word' id='word_1_385' title='bbox 3127 2516 3185 2561; x_wconf 92' lang='lat' dir='ltr'><strong>et</strong></span> <span class='ocrx_word' id='word_1_386' title='bbox 3211 2507 3440 2561; x_wconf 87' lang='lat' dir='ltr'><strong>alterum</strong></span> <span class='ocrx_word' id='word_1_387' title='bbox 3480 2503 3685 2576; x_wconf 81' lang='lat' dir='ltr'><strong>fragmen-</strong></span> 
     </span>
    </p>
   </div>
   <div class='ocr_carea' id='block_1_55' title="bbox 2181 2596 3689 2674">
    <p class='ocr_par' dir='ltr' id='par_1_55' title="bbox 2181 2596 3689 2674">
     <span class='ocr_line' id='line_1_55' title="bbox 2181 2596 3689 2674; baseline -0.003 -16"><span class='ocrx_word' id='word_1_388' title='bbox 2181 2613 2294 2658; x_wconf 91' lang='lat' dir='ltr'><strong>tum</strong></span> <span class='ocrx_word' id='word_1_389' title='bbox 2325 2619 2393 2658; x_wconf 89' lang='lat' dir='ltr'><strong>ex</strong></span> <span class='ocrx_word' id='word_1_390' title='bbox 2423 2603 2562 2658; x_wconf 88' lang='lat' dir='ltr'><strong>libro</strong></span> <span class='ocrx_word' id='word_1_391' title='bbox 2589 2602 2768 2674; x_wconf 91' lang='lat' dir='ltr'><strong>primo</strong></span> <span class='ocrx_word' id='word_1_392' title='bbox 2802 2601 3026 2672; x_wconf 88' lang='lat' dir='ltr'><strong>profert,</strong></span> <span class='ocrx_word' id='word_1_393' title='bbox 3051 2609 3166 2655; x_wconf 87' lang='lat' dir='ltr'><strong>tum</strong></span> <span class='ocrx_word' id='word_1_394' title='bbox 3203 2599 3354 2654; x_wconf 87' lang='lat' dir='ltr'><strong>aliud</strong></span> <span class='ocrx_word' id='word_1_395' title='bbox 3397 2614 3460 2653; x_wconf 81' lang='lat' dir='ltr'><strong>ex</strong></span> <span class='ocrx_word' id='word_1_396' title='bbox 3484 2596 3689 2662; x_wconf 83' lang='lat' dir='ltr'><strong>secundo,</strong></span> 
     </span>
    </p>
   </div>
   <div class='ocr_carea' id='block_1_56' title="bbox 2180 2688 3689 2766">
    <p class='ocr_par' dir='ltr' id='par_1_56' title="bbox 2180 2688 3689 2766">
     <span class='ocr_line' id='line_1_56' title="bbox 2180 2688 3689 2766; baseline -0.007 -13"><span class='ocrx_word' id='word_1_397' title='bbox 2180 2696 2411 2753; x_wconf 81' lang='lat' dir='ltr'><strong>subinde</strong></span> <span class='ocrx_word' id='word_1_398' title='bbox 2437 2704 2714 2766; x_wconf 90' lang='lat' dir='ltr'><strong>quartum,</strong></span> <span class='ocrx_word' id='word_1_399' title='bbox 2743 2710 2931 2749; x_wconf 87' lang='lat' dir='ltr'><strong>rursus</strong></span> <span class='ocrx_word' id='word_1_400' title='bbox 2976 2709 3042 2749; x_wconf 80' lang='lat' dir='ltr'><strong>ex</strong></span> <span class='ocrx_word' id='word_1_401' title='bbox 3074 2691 3253 2761; x_wconf 90' lang='lat' dir='ltr'><strong>primo</strong></span> <span class='ocrx_word' id='word_1_402' title='bbox 3283 2730 3298 2755; x_wconf 93' lang='lat'><strong>,</strong></span> <span class='ocrx_word' id='word_1_403' title='bbox 3342 2690 3431 2745; x_wconf 90' lang='lat' dir='ltr'><strong>cui</strong></span> <span class='ocrx_word' id='word_1_404' title='bbox 3478 2688 3602 2743; x_wconf 84' lang='lat' dir='ltr'><strong>aliud</strong></span> <span class='ocrx_word' id='word_1_405' title='bbox 3641 2703 3689 2743; x_wconf 80' lang='lat' dir='ltr'><strong>ex</strong></span> 
     </span>
    </p>
   </div>
   <div class='ocr_carea' id='block_1_57' title="bbox 2181 2779 3692 2857">
    <p class='ocr_par' dir='ltr' id='par_1_57' title="bbox 2181 2779 3692 2857">
     <span class='ocr_line' id='line_1_57' title="bbox 2181 2779 3692 2857; baseline -0.005 -16"><span class='ocrx_word' id='word_1_406' title='bbox 2181 2798 2377 2857; x_wconf 89' lang='lat' dir='ltr'><strong>quarto</strong></span> <span class='ocrx_word' id='word_1_407' title='bbox 2425 2786 2690 2857; x_wconf 88' lang='lat' dir='ltr'><strong>adjungit.</strong></span> <span class='ocrx_word' id='word_1_408' title='bbox 2724 2785 2794 2839; x_wconf 88' lang='lat' dir='ltr'><strong>At</strong></span> <span class='ocrx_word' id='word_1_409' title='bbox 2846 2801 2969 2839; x_wconf 91' lang='lat' dir='ltr'><strong>cum</strong></span> <span class='ocrx_word' id='word_1_410' title='bbox 3002 2783 3175 2837; x_wconf 90' lang='lat' dir='ltr'><strong>nostri</strong></span> <span class='ocrx_word' id='word_1_411' title='bbox 3210 2781 3445 2837; x_wconf 80' lang='lat' dir='ltr'><strong>instituti</strong></span> <span class='ocrx_word' id='word_1_412' title='bbox 3474 2781 3538 2836; x_wconf 90' lang='lat' dir='ltr'><strong>sit</strong></span> <span class='ocrx_word' id='word_1_413' title='bbox 3559 2779 3692 2850; x_wconf 83' lang='lat' dir='ltr'><strong>operis</strong></span> 
     </span>
    </p>
   </div>
   <div class='ocr_carea' id='block_1_58' title="bbox 2180 2868 3693 2947">
    <p class='ocr_par' dir='ltr' id='par_1_58' title="bbox 2180 2868 3693 2947">
     <span class='ocr_line' id='line_1_58' title="bbox 2180 2868 3693 2947; baseline -0.007 -15"><span class='ocrx_word' id='word_1_414' title='bbox 2180 2878 2425 2947; x_wconf 87' lang='lat' dir='ltr'><strong>ejusdem</strong></span> <span class='ocrx_word' id='word_1_415' title='bbox 2462 2876 2723 2946; x_wconf 85' lang='lat' dir='ltr'><strong>reliquias</strong></span> <span class='ocrx_word' id='word_1_416' title='bbox 2754 2883 3010 2930; x_wconf 88' lang='lat' dir='ltr'><strong>accurate</strong></span> <span class='ocrx_word' id='word_1_417' title='bbox 3040 2874 3301 2944; x_wconf 81' lang='lat' dir='ltr'><strong>colligere</strong></span> <span class='ocrx_word' id='word_1_418' title='bbox 3328 2914 3346 2940; x_wconf 97' lang='lat'><strong>,</strong></span> <span class='ocrx_word' id='word_1_419' title='bbox 3383 2871 3577 2942; x_wconf 87' lang='lat' dir='ltr'><strong>singula</strong></span> <span class='ocrx_word' id='word_1_420' title='bbox 3613 2868 3693 2923; x_wconf 80' lang='lat' dir='ltr'><strong>fra-</strong></span> 
     </span>
    </p>
   </div>
   <div class='ocr_carea' id='block_1_59' title="bbox 2186 2962 3694 3036">
    <p class='ocr_par' dir='ltr' id='par_1_59' title="bbox 2186 2962 3694 3036">
     <span class='ocr_line' id='line_1_59' title="bbox 2186 2962 3694 3036; baseline -0.007 -14"><span class='ocrx_word' id='word_1_421' title='bbox 2186 2977 2404 3036; x_wconf 79' lang='lat' dir='ltr'><strong>gmenta</strong></span> <span class='ocrx_word' id='word_1_422' title='bbox 2428 2983 2494 3021; x_wconf 89' lang='lat' dir='ltr'><strong>co</strong></span> <span class='ocrx_word' id='word_1_423' title='bbox 2521 2967 2713 3021; x_wconf 91' lang='lat' dir='ltr'><strong>ordine</strong></span> <span class='ocrx_word' id='word_1_424' title='bbox 2738 2965 2995 3020; x_wconf 74' lang='lat' dir='ltr'><strong>exhibere</strong></span> <span class='ocrx_word' id='word_1_425' title='bbox 3025 2965 3197 3019; x_wconf 87' lang='lat' dir='ltr'><strong>satius</strong></span> <span class='ocrx_word' id='word_1_426' title='bbox 3248 2962 3427 3018; x_wconf 89' lang='lat' dir='ltr'><strong>visum</strong></span> <span class='ocrx_word' id='word_1_427' title='bbox 3459 2970 3551 3027; x_wconf 86' lang='lat' dir='ltr'><strong>est,</strong></span> <span class='ocrx_word' id='word_1_428' title='bbox 3577 2974 3694 3029; x_wconf 85' lang='lat' dir='ltr'><strong>quem</strong></span> 
     </span>
    </p>
   </div>
   <div class='ocr_carea' id='block_1_60' title="bbox 2182 3051 3693 3127">
    <p class='ocr_par' dir='ltr' id='par_1_60' title="bbox 2182 3051 3693 3127">
     <span class='ocr_line' id='line_1_60' title="bbox 2182 3051 3693 3127; baseline -0.003 -15"><span class='ocrx_word' id='word_1_429' title='bbox 2182 3068 2399 3113; x_wconf 79' lang='lat' dir='ltr'><strong>servant</strong></span> <span class='ocrx_word' id='word_1_430' title='bbox 2432 3058 2573 3112; x_wconf 89' lang='lat' dir='ltr'><strong>inter</strong></span> <span class='ocrx_word' id='word_1_431' title='bbox 2597 3074 2655 3112; x_wconf 89' lang='lat' dir='ltr'><strong>se</strong></span> <span class='ocrx_word' id='word_1_432' title='bbox 2685 3058 2831 3120; x_wconf 88' lang='lat' dir='ltr'><strong>libri,</strong></span> <span class='ocrx_word' id='word_1_433' title='bbox 2856 3073 2923 3111; x_wconf 80' lang='lat' dir='ltr'><strong>ex</strong></span> <span class='ocrx_word' id='word_1_434' title='bbox 2949 3057 3148 3127; x_wconf 84' lang='lat' dir='ltr'><strong>quibus</strong></span> <span class='ocrx_word' id='word_1_435' title='bbox 3169 3056 3446 3126; x_wconf 89' lang='lat' dir='ltr'><strong>descripta</strong></span> <span class='ocrx_word' id='word_1_436' title='bbox 3470 3060 3597 3110; x_wconf 90' lang='lat' dir='ltr'><strong>sunt.</strong></span> <span class='ocrx_word' id='word_1_437' title='bbox 3620 3051 3693 3106; x_wconf 70' lang='lat' dir='ltr'><strong>lle-</strong></span> 
     </span>
    </p>
   </div>
   <div class='ocr_carea' id='block_1_61' title="bbox 509 3150 3694 3230">
    <p class='ocr_par' dir='ltr' id='par_1_61' title="bbox 509 3150 3694 3230">
     <span class='ocr_line' id='line_1_61' title="bbox 509 3150 3694 3230; baseline -0.002 -24"><span class='ocrx_word' id='word_1_438' title='bbox 509 3152 793 3222; x_wconf 88' lang='lat' dir='ltr'><strong>loquitur:</strong></span> <span class='ocrx_word' id='word_1_439' title='bbox 826 3153 1127 3223; x_wconf 83' lang='lat' dir='ltr'><strong>Epistolam</strong></span> <span class='ocrx_word' id='word_1_440' title='bbox 1155 3173 1310 3210; x_wconf 89' lang='lat' dir='ltr'><strong>suam</strong></span> <span class='ocrx_word' id='word_1_441' title='bbox 1343 3154 1563 3210; x_wconf 84' lang='lat' dir='ltr'><strong>Elenchi</strong></span> <span class='ocrx_word' id='word_1_442' title='bbox 1591 3167 1641 3211; x_wconf 84' lang='lat' dir='ltr'><strong>et</strong></span> <span class='ocrx_word' id='word_1_443' title='bbox 1680 3156 1954 3229; x_wconf 69' lang='lat' dir='ltr'><strong>Apologia:</strong></span> <span class='ocrx_word' id='word_1_444' title='bbox 2005 3161 2077 3213; x_wconf 89' lang='lat' dir='ltr'><strong>ti-</strong></span> <span class='ocrx_word' id='word_1_445' title='bbox 2107 3169 2151 3230; x_wconf 74' lang='grc' dir='ltr'>ε</span> <span class='ocrx_word' id='word_1_446' title='bbox 2184 3169 2331 3206; x_wconf 89' lang='lat' dir='ltr'><strong>mum</strong></span> <span class='ocrx_word' id='word_1_447' title='bbox 2362 3152 2406 3208; x_wconf 89' lang='lat' dir='ltr'><strong>si</strong></span> <span class='ocrx_word' id='word_1_448' title='bbox 2437 3161 2714 3224; x_wconf 86' lang='lat' dir='ltr'><strong>gestorum</strong></span> <span class='ocrx_word' id='word_1_449' title='bbox 2744 3166 2866 3221; x_wconf 72' lang='lat' dir='ltr'><strong>qua:</strong></span> <span class='ocrx_word' id='word_1_450' title='bbox 2894 3150 2995 3206; x_wconf 90' lang='lat' dir='ltr'><strong>hoc</strong></span> <span class='ocrx_word' id='word_1_451' title='bbox 3041 3166 3179 3220; x_wconf 90' lang='lat' dir='ltr'><strong>opus</strong></span> <span class='ocrx_word' id='word_1_452' title='bbox 3216 3156 3609 3219; x_wconf 70' lang='lat' dir='ltr'><strong>praecesserunt,</strong></span> <span class='ocrx_word' id='word_1_453' title='bbox 3634 3160 3694 3199; x_wconf 80' lang='lat' dir='ltr'><strong>se-</strong></span> 
     </span>
    </p>
   </div>
   <div class='ocr_carea' id='block_1_62' title="bbox 508 3244 2077 3321">
    <p class='ocr_par' dir='ltr' id='par_1_62' title="bbox 508 3244 2077 3321">
     <span class='ocr_line' id='line_1_62' title="bbox 508 3244 2077 3321; baseline 0.008 -25"><span class='ocrx_word' id='word_1_454' title='bbox 508 3244 619 3298; x_wconf 83' lang='lat' dir='ltr'><strong>tulo</strong></span> <span class='ocrx_word' id='word_1_455' title='bbox 647 3246 936 3315; x_wconf 86' lang='lat' dir='ltr'><strong>inscripsit.</strong></span> <span class='ocrx_word' id='word_1_456' title='bbox 968 3246 1211 3319; x_wconf 80' lang='lat' dir='ltr'><strong>Epistola</strong></span> <span class='ocrx_word' id='word_1_457' title='bbox 1239 3248 1403 3321; x_wconf 87' lang='lat' dir='ltr'><strong>igitur</strong></span> <span class='ocrx_word' id='word_1_458' title='bbox 1423 3258 1541 3305; x_wconf 89' lang='lat' dir='ltr'><strong>erat</strong></span> <span class='ocrx_word' id='word_1_459' title='bbox 1571 3259 1805 3321; x_wconf 88' lang='lat' dir='ltr'><strong>quatuor</strong></span> <span class='ocrx_word' id='word_1_460' title='bbox 1828 3254 1882 3307; x_wconf 87' lang='lat' dir='ltr'><strong>in</strong></span> <span class='ocrx_word' id='word_1_461' title='bbox 1907 3253 2077 3309; x_wconf 92' lang='lat' dir='ltr'><strong>libros</strong></span> 
     </span>
    </p>
   </div>
   <div class='ocr_carea' id='block_1_63' title="bbox 507 3335 2078 3416">
    <p class='ocr_par' dir='ltr' id='par_1_63' title="bbox 507 3335 2078 3416">
     <span class='ocr_line' id='line_1_63' title="bbox 507 3335 2078 3416; baseline 0.007 -26"><span class='ocrx_word' id='word_1_462' title='bbox 507 3335 763 3391; x_wconf 91' lang='lat' dir='ltr'><strong>distincta</strong></span> <span class='ocrx_word' id='word_1_463' title='bbox 786 3378 802 3403; x_wconf 98' lang='lat'><strong>,</strong></span> <span class='ocrx_word' id='word_1_464' title='bbox 830 3337 1073 3408; x_wconf 89' lang='lat' dir='ltr'><strong>adeoque</strong></span> <span class='ocrx_word' id='word_1_465' title='bbox 1103 3355 1210 3394; x_wconf 91' lang='lat' dir='ltr'><strong>una</strong></span> <span class='ocrx_word' id='word_1_466' title='bbox 1255 3355 1320 3395; x_wconf 90' lang='lat' dir='ltr'><strong>ex</strong></span> <span class='ocrx_word' id='word_1_467' title='bbox 1356 3341 1424 3395; x_wconf 92' lang='lat' dir='ltr'><strong>iis</strong></span> <span class='ocrx_word' id='word_1_468' title='bbox 1462 3357 1599 3411; x_wconf 88' lang='lat' dir='ltr'><strong>quas</strong></span> <span class='ocrx_word' id='word_1_469' title='bbox 1635 3340 1926 3416; x_wconf 85' lang='lat' dir='ltr'><strong>Dionysius</strong></span> <span class='ocrx_word' id='word_1_470' title='bbox 1960 3361 1990 3399; x_wconf 90' lang='lat' dir='ltr'><strong>a</strong></span> <span class='ocrx_word' id='word_1_471' title='bbox 2021 3362 2078 3401; x_wconf 90' lang='lat' dir='ltr'><strong>se</strong></span> 
     </span>
    </p>
   </div>
   <div class='ocr_carea' id='block_1_64' title="bbox 509 3426 2078 3509">
    <p class='ocr_par' dir='ltr' id='par_1_64' title="bbox 509 3426 2078 3509">
     <span class='ocr_line' id='line_1_64' title="bbox 509 3426 2078 3509; baseline 0.007 -28"><span class='ocrx_word' id='word_1_472' title='bbox 509 3426 688 3482; x_wconf 88' lang='lat' dir='ltr'><strong>fusius</strong></span> <span class='ocrx_word' id='word_1_473' title='bbox 716 3438 769 3483; x_wconf 91' lang='lat' dir='ltr'><strong>et</strong></span> <span class='ocrx_word' id='word_1_474' title='bbox 804 3432 1084 3486; x_wconf 90' lang='lat' dir='ltr'><strong>tractantis</strong></span> <span class='ocrx_word' id='word_1_475' title='bbox 1104 3447 1256 3487; x_wconf 91' lang='lat' dir='ltr'><strong>more</strong></span> <span class='ocrx_word' id='word_1_476' title='bbox 1284 3432 1518 3489; x_wconf 88' lang='lat' dir='ltr'><strong>dictatas</strong></span> <span class='ocrx_word' id='word_1_477' title='bbox 1541 3434 2078 3509; x_wconf 82' lang='grc' dir='ltr'><strong>(διδασκαλικώτερον</strong></span> 
     </span>
    </p>
   </div>
   <div class='ocr_carea' id='block_1_65' title="bbox 510 3517 2079 3591">
    <p class='ocr_par' dir='ltr' id='par_1_65' title="bbox 510 3517 2079 3591">
     <span class='ocr_line' id='line_1_65' title="bbox 510 3517 2079 3591; baseline 0.008 -21"><span class='ocrx_word' id='word_1_478' title='bbox 510 3517 908 3591; x_wconf 81' lang='grc' dir='ltr'><strong>ὑφηγούμενος)</strong></span> <span class='ocrx_word' id='word_1_479' title='bbox 941 3533 1119 3582; x_wconf 84' lang='lat' dir='ltr'><strong>vocat.</strong></span> <span class='ocrx_word' id='word_1_480' title='bbox 1157 3521 1276 3578; x_wconf 86' lang='lat' dir='ltr'><strong>Non</strong></span> <span class='ocrx_word' id='word_1_481' title='bbox 1307 3524 1377 3579; x_wconf 90' lang='lat' dir='ltr'><strong>ab</strong></span> <span class='ocrx_word' id='word_1_482' title='bbox 1411 3540 1477 3579; x_wconf 88' lang='lat' dir='ltr'><strong>eo</strong></span> <span class='ocrx_word' id='word_1_483' title='bbox 1509 3526 1712 3591; x_wconf 88' lang='lat' dir='ltr'><strong>statim,</strong></span> <span class='ocrx_word' id='word_1_484' title='bbox 1743 3535 1803 3591; x_wconf 86' lang='lat' dir='ltr'><strong>ut</strong></span> <span class='ocrx_word' id='word_1_485' title='bbox 1827 3527 1893 3582; x_wconf 90' lang='lat' dir='ltr'><strong>de</strong></span> <span class='ocrx_word' id='word_1_486' title='bbox 1919 3543 2079 3583; x_wconf 86' lang='lat' dir='ltr'><strong>accu-</strong></span> 
     </span>
    </p>
   </div>
   <div class='ocr_carea' id='block_1_66' title="bbox 511 3610 2080 3683">
    <p class='ocr_par' dir='ltr' id='par_1_66' title="bbox 511 3610 2080 3683">
     <span class='ocr_line' id='line_1_66' title="bbox 511 3610 2080 3683; baseline 0.006 -17"><span class='ocrx_word' id='word_1_487' title='bbox 511 3610 724 3666; x_wconf 85' lang='lat' dir='ltr'><strong>satione</strong></span> <span class='ocrx_word' id='word_1_488' title='bbox 768 3626 867 3666; x_wconf 90' lang='lat' dir='ltr'><strong>sua</strong></span> <span class='ocrx_word' id='word_1_489' title='bbox 915 3615 1282 3671; x_wconf 90' lang='lat' dir='ltr'><strong>commonitus</strong></span> <span class='ocrx_word' id='word_1_490' title='bbox 1313 3615 1434 3683; x_wconf 88' lang='lat' dir='ltr'><strong>fuit,</strong></span> <span class='ocrx_word' id='word_1_491' title='bbox 1475 3617 1644 3674; x_wconf 90' lang='lat' dir='ltr'><strong>missa</strong></span> <span class='ocrx_word' id='word_1_492' title='bbox 1672 3627 1777 3674; x_wconf 84' lang='lat' dir='ltr'><strong>est.</strong></span> <span class='ocrx_word' id='word_1_493' title='bbox 1825 3618 1960 3674; x_wconf 89' lang='lat' dir='ltr'><strong>Nam</strong></span> <span class='ocrx_word' id='word_1_494' title='bbox 2012 3636 2080 3676; x_wconf 90' lang='lat' dir='ltr'><strong>ne</strong></span> 
     </span>
    </p>
   </div>
   <div class='ocr_carea' id='block_1_67' title="bbox 512 3700 2080 3773">
    <p class='ocr_par' dir='ltr' id='par_1_67' title="bbox 512 3700 2080 3773">
     <span class='ocr_line' id='line_1_67' title="bbox 512 3700 2080 3773; baseline 0.007 -19"><span class='ocrx_word' id='word_1_495' title='bbox 512 3700 846 3755; x_wconf 90' lang='lat' dir='ltr'><strong>accusationi</strong></span> <span class='ocrx_word' id='word_1_496' title='bbox 877 3701 1068 3758; x_wconf 89' lang='lat' dir='ltr'><strong>deesse</strong></span> <span class='ocrx_word' id='word_1_497' title='bbox 1099 3704 1393 3773; x_wconf 88' lang='lat' dir='ltr'><strong>videretur,</strong></span> <span class='ocrx_word' id='word_1_498' title='bbox 1419 3707 1466 3761; x_wconf 92' lang='lat' dir='ltr'><strong>si</strong></span> <span class='ocrx_word' id='word_1_499' title='bbox 1505 3709 1806 3765; x_wconf 87' lang='lat' dir='ltr'><strong>rescribere</strong></span> <span class='ocrx_word' id='word_1_500' title='bbox 1836 3709 2080 3766; x_wconf 82' lang='lat' dir='ltr'><strong>Romano</strong></span> 
     </span>
    </p>
   </div>
   <div class='ocr_carea' id='block_1_68' title="bbox 512 3792 2078 3872">
    <p class='ocr_par' dir='ltr' id='par_1_68' title="bbox 512 3792 2078 3872">
     <span class='ocr_line' id='line_1_68' title="bbox 512 3792 2078 3872; baseline 0.006 -25"><span class='ocrx_word' id='word_1_501' title='bbox 512 3792 733 3863; x_wconf 65' lang='lat' dir='ltr'><strong>prasuli</strong></span> <span class='ocrx_word' id='word_1_502' title='bbox 766 3794 969 3850; x_wconf 89' lang='lat' dir='ltr'><strong>diutius</strong></span> <span class='ocrx_word' id='word_1_503' title='bbox 1003 3795 1263 3863; x_wconf 76' lang='lat' dir='ltr'><strong>diﬁ‘erret,</strong></span> <span class='ocrx_word' id='word_1_504' title='bbox 1302 3798 1429 3854; x_wconf 89' lang='lat' dir='ltr'><strong>huic</strong></span> <span class='ocrx_word' id='word_1_505' title='bbox 1477 3801 1764 3870; x_wconf 90' lang='lat' dir='ltr'><strong>epistolam</strong></span> <span class='ocrx_word' id='word_1_506' title='bbox 1796 3803 2078 3872; x_wconf 80' lang='lat' dir='ltr'><strong>praemisit,</strong></span> 
     </span>
    </p>
   </div>
   <div class='ocr_carea' id='block_1_69' title="bbox 512 3885 2082 3962">
    <p class='ocr_par' dir='ltr' id='par_1_69' title="bbox 512 3885 2082 3962">
     <span class='ocr_line' id='line_1_69' title="bbox 512 3885 2082 3962; baseline 0.006 -24"><span class='ocrx_word' id='word_1_507' title='bbox 512 3900 677 3955; x_wconf 88' lang='lat' dir='ltr'><strong>quam</strong></span> <span class='ocrx_word' id='word_1_508' title='bbox 708 3885 847 3941; x_wconf 86' lang='lat' dir='ltr'><strong>infra</strong></span> <span class='ocrx_word' id='word_1_509' title='bbox 876 3903 1027 3942; x_wconf 92' lang='lat' dir='ltr'><strong>num.</strong></span> <span class='ocrx_word' id='word_1_510' title='bbox 1056 3887 1090 3942; x_wconf 88' lang='lat'>6</span> <span class='ocrx_word' id='word_1_511' title='bbox 1116 3889 1295 3959; x_wconf 82' lang='lat' dir='ltr'><strong>ipsum</strong></span> <span class='ocrx_word' id='word_1_512' title='bbox 1323 3889 1645 3962; x_wconf 88' lang='lat' dir='ltr'><strong>Dionysium</strong></span> <span class='ocrx_word' id='word_1_513' title='bbox 1668 3891 1972 3948; x_wconf 83' lang='lat' dir='ltr'><strong>Romanum</strong></span> <span class='ocrx_word' id='word_1_514' title='bbox 2003 3896 2082 3948; x_wconf 91' lang='lat' dir='ltr'><strong>al-</strong></span> 
     </span>
    </p>
   </div>
   <div class='ocr_carea' id='block_1_70' title="bbox 512 3974 2082 4057">
    <p class='ocr_par' dir='ltr' id='par_1_70' title="bbox 512 3974 2082 4057">
     <span class='ocr_line' id='line_1_70' title="bbox 512 3974 2082 4057; baseline 0.006 -28"><span class='ocrx_word' id='word_1_515' title='bbox 512 3974 743 4044; x_wconf 91' lang='lat' dir='ltr'><strong>loquens</strong></span> <span class='ocrx_word' id='word_1_516' title='bbox 783 3986 1049 4033; x_wconf 87' lang='lat' dir='ltr'><strong>memorat</strong></span> <span class='ocrx_word' id='word_1_517' title='bbox 1087 3979 1171 4033; x_wconf 92' lang='lat' dir='ltr'><strong>his</strong></span> <span class='ocrx_word' id='word_1_518' title='bbox 1230 3982 1441 4037; x_wconf 88' lang='lat' dir='ltr'><strong>verbis:</strong></span> <span class='ocrx_word' id='word_1_519' title='bbox 1504 3984 1613 4036; x_wconf 73' lang='grc' dir='ltr'><strong>Καὶ</strong></span> <span class='ocrx_word' id='word_1_520' title='bbox 1666 3985 1749 4037; x_wconf 75' lang='grc' dir='ltr'><strong>σοὶ</strong></span> <span class='ocrx_word' id='word_1_521' title='bbox 1800 3983 1866 4037; x_wconf 84' lang='grc' dir='ltr'><strong>δι’</strong></span> <span class='ocrx_word' id='word_1_522' title='bbox 1917 3984 2082 4057; x_wconf 78' lang='grc' dir='ltr'>ἄλλης</span> 
     </span>
    </p>
   </div>
   <div class='ocr_carea' id='block_1_71' title="bbox 514 4065 2083 4145">
    <p class='ocr_par' dir='ltr' id='par_1_71' title="bbox 514 4065 2083 4145">
     <span class='ocr_line' id='line_1_71' title="bbox 514 4065 2083 4145; baseline 0.006 -24"><span class='ocrx_word' id='word_1_523' title='bbox 514 4065 803 4140; x_wconf 66' lang='grc' dir='ltr'><strong>ἐπιστολῆς</strong></span> <span class='ocrx_word' id='word_1_524' title='bbox 831 4068 1063 4142; x_wconf 63' lang='grc' dir='ltr'><strong>ἔγραψα.</strong></span> <span class='ocrx_word' id='word_1_525' title='bbox 1098 4071 1363 4139; x_wconf 88' lang='lat' dir='ltr'><strong>Quocirca</strong></span> <span class='ocrx_word' id='word_1_526' title='bbox 1394 4089 1504 4129; x_wconf 85' lang='lat' dir='ltr'><strong>non</strong></span> <span class='ocrx_word' id='word_1_527' title='bbox 1534 4077 1696 4129; x_wconf 88' lang='lat' dir='ltr'><strong>modo</strong></span> <span class='ocrx_word' id='word_1_528' title='bbox 1722 4076 1963 4145; x_wconf 86' lang='lat' dir='ltr'><strong>epistola,</strong></span> <span class='ocrx_word' id='word_1_529' title='bbox 1988 4076 2083 4131; x_wconf 87' lang='lat' dir='ltr'><strong>sed</strong></span> 
     </span>
    </p>
   </div>
   <div class='ocr_carea' id='block_1_72' title="bbox 514 4160 2082 4237">
    <p class='ocr_par' dir='ltr' id='par_1_72' title="bbox 514 4160 2082 4237">
     <span class='ocr_line' id='line_1_72' title="bbox 514 4160 2082 4237; baseline 0.006 -23"><span class='ocrx_word' id='word_1_530' title='bbox 514 4168 571 4214; x_wconf 91' lang='lat' dir='ltr'><strong>et</strong></span> <span class='ocrx_word' id='word_1_531' title='bbox 598 4160 823 4230; x_wconf 77' lang='lat' dir='ltr'><strong>cpistola</strong></span> <span class='ocrx_word' id='word_1_532' title='bbox 858 4163 1088 4217; x_wconf 84' lang='lat' dir='ltr'><strong>secunda</strong></span> <span class='ocrx_word' id='word_1_533' title='bbox 1139 4165 1207 4217; x_wconf 89' lang='lat' dir='ltr'><strong>ad</strong></span> <span class='ocrx_word' id='word_1_534' title='bbox 1240 4164 1553 4234; x_wconf 83' lang='lat' dir='ltr'><strong>Dionysium</strong></span> <span class='ocrx_word' id='word_1_535' title='bbox 1588 4168 1943 4237; x_wconf 85' lang='lat' dir='ltr'><strong>cognominem</strong></span> <span class='ocrx_word' id='word_1_536' title='bbox 1975 4185 2082 4223; x_wconf 89' lang='lat' dir='ltr'><strong>non</strong></span> 
     </span>
    </p>
   </div>
   <div class='ocr_carea' id='block_1_73' title="bbox 516 4251 2082 4336">
    <p class='ocr_par' dir='ltr' id='par_1_73' title="bbox 516 4251 2082 4336">
     <span class='ocr_line' id='line_1_73' title="bbox 516 4251 2082 4336; baseline 0.004 -30"><span class='ocrx_word' id='word_1_537' title='bbox 516 4252 660 4336; x_wconf 77' lang='lat' dir='ltr'><strong>male</strong></span> <span class='ocrx_word' id='word_1_538' title='bbox 687 4268 716 4307; x_wconf 89' lang='lat' dir='ltr'><strong>a</strong></span> <span class='ocrx_word' id='word_1_539' title='bbox 744 4251 945 4311; x_wconf 85' lang='lat' dir='ltr'><strong>Basilio</strong></span> <span class='ocrx_word' id='word_1_540' title='bbox 978 4256 1299 4325; x_wconf 85' lang='lat' dir='ltr'><strong>appellatur.</strong></span> <span class='ocrx_word' id='word_1_541' title='bbox 1326 4254 1500 4311; x_wconf 90' lang='lat' dir='ltr'><strong>Simul</strong></span> <span class='ocrx_word' id='word_1_542' title='bbox 1527 4257 1689 4311; x_wconf 91' lang='lat' dir='ltr'><strong>etiam</strong></span> <span class='ocrx_word' id='word_1_543' title='bbox 1720 4268 1804 4313; x_wconf 86' lang='lat' dir='ltr'><strong>est</strong></span> <span class='ocrx_word' id='word_1_544' title='bbox 1826 4258 2082 4313; x_wconf 83' lang='lat' dir='ltr'><strong>Elencltus</strong></span> 
     </span>
    </p>
   </div>
   <div class='ocr_carea' id='block_1_74' title="bbox 515 4344 2087 4418">
    <p class='ocr_par' dir='ltr' id='par_1_74' title="bbox 515 4344 2087 4418">
     <span class='ocr_line' id='line_1_74' title="bbox 515 4344 2087 4418; baseline 0.007 -21"><span class='ocrx_word' id='word_1_545' title='bbox 515 4351 571 4398; x_wconf 91' lang='lat' dir='ltr'><strong>et</strong></span> <span class='ocrx_word' id='word_1_546' title='bbox 608 4344 906 4415; x_wconf 83' lang='lat' dir='ltr'><strong>Apologia:</strong></span> <span class='ocrx_word' id='word_1_547' title='bbox 943 4346 1212 4403; x_wconf 85' lang='lat' dir='ltr'><strong>Elenchus</strong></span> <span class='ocrx_word' id='word_1_548' title='bbox 1257 4349 1478 4418; x_wconf 89' lang='lat' dir='ltr'><strong>quidem</strong></span> <span class='ocrx_word' id='word_1_549' title='bbox 1532 4350 1974 4407; x_wconf 81' lang='lat' dir='ltr'><strong>adversariorum</strong></span> <span class='ocrx_word' id='word_1_550' title='bbox 2031 4365 2087 4409; x_wconf 88' lang='lat' dir='ltr'><strong>et</strong></span> 
     </span>
    </p>
   </div>
   <div class='ocr_carea' id='block_1_75' title="bbox 517 4436 2083 4514">
    <p class='ocr_par' dir='ltr' id='par_1_75' title="bbox 517 4436 2083 4514">
     <span class='ocr_line' id='line_1_75' title="bbox 517 4436 2083 4514; baseline 0.006 -25"><span class='ocrx_word' id='word_1_551' title='bbox 517 4446 899 4492; x_wconf 87' lang='lat' dir='ltr'><strong>accusatorum</strong></span> <span class='ocrx_word' id='word_1_552' title='bbox 928 4436 1194 4509; x_wconf 86' lang='lat' dir='ltr'><strong>Dionysii,</strong></span> <span class='ocrx_word' id='word_1_553' title='bbox 1225 4441 1320 4510; x_wconf 90' lang='lat' dir='ltr'><strong>qui</strong></span> <span class='ocrx_word' id='word_1_554' title='bbox 1361 4441 1417 4495; x_wconf 91' lang='lat' dir='ltr'><strong>in</strong></span> <span class='ocrx_word' id='word_1_555' title='bbox 1448 4442 1554 4498; x_wconf 89' lang='lat' dir='ltr'><strong>hoc</strong></span> <span class='ocrx_word' id='word_1_556' title='bbox 1586 4458 1747 4513; x_wconf 85' lang='lat' dir='ltr'><strong>opere</strong></span> <span class='ocrx_word' id='word_1_557' title='bbox 1777 4459 2083 4514; x_wconf 86' lang='lat' dir='ltr'><strong>coarguun-</strong></span> 
     </span>
    </p>
   </div>
   <div class='ocr_carea' id='block_1_76' title="bbox 2184 3238 3697 3314">
    <p class='ocr_par' dir='ltr' id='par_1_76' title="bbox 2184 3238 3697 3314">
     <span class='ocr_line' id='line_1_76' title="bbox 2184 3238 3697 3314; baseline -0.005 -15"><span class='ocrx_word' id='word_1_558' title='bbox 2184 3246 2317 3299; x_wconf 90' lang='lat' dir='ltr'><strong>riem</strong></span> <span class='ocrx_word' id='word_1_559' title='bbox 2380 3246 2773 3314; x_wconf 80' lang='lat' dir='ltr'><strong>expendamus,</strong></span> <span class='ocrx_word' id='word_1_560' title='bbox 2807 3244 2873 3297; x_wconf 92' lang='lat' dir='ltr'><strong>ad</strong></span> <span class='ocrx_word' id='word_1_561' title='bbox 2906 3251 3119 3313; x_wconf 85' lang='lat' dir='ltr'><strong>tempus</strong></span> <span class='ocrx_word' id='word_1_562' title='bbox 3147 3242 3296 3296; x_wconf 89' lang='lat' dir='ltr'><strong>circa</strong></span> <span class='ocrx_word' id='word_1_563' title='bbox 3342 3241 3482 3311; x_wconf 88' lang='lat' dir='ltr'><strong>quod</strong></span> <span class='ocrx_word' id='word_1_564' title='bbox 3504 3238 3697 3294; x_wconf 50' lang='lat' dir='ltr'><strong>elabora.</strong></span> 
     </span>
    </p>
   </div>
   <div class='ocr_carea' id='block_1_77' title="bbox 2184 3333 3700 3409">
    <p class='ocr_par' dir='ltr' id='par_1_77' title="bbox 2184 3333 3700 3409">
     <span class='ocr_line' id='line_1_77' title="bbox 2184 3333 3700 3409; baseline -0.003 -16"><span class='ocrx_word' id='word_1_565' title='bbox 2184 3347 2299 3393; x_wconf 93' lang='lat' dir='ltr'><strong>tum</strong></span> <span class='ocrx_word' id='word_1_566' title='bbox 2330 3349 2433 3403; x_wconf 90' lang='lat' dir='ltr'><strong>est,</strong></span> <span class='ocrx_word' id='word_1_567' title='bbox 2467 3339 2702 3409; x_wconf 86' lang='lat' dir='ltr'><strong>quodam</strong></span> <span class='ocrx_word' id='word_1_568' title='bbox 2750 3338 2910 3393; x_wconf 78' lang='lat' dir='ltr'><strong>modo</strong></span> <span class='ocrx_word' id='word_1_569' title='bbox 2969 3338 3278 3408; x_wconf 83' lang='lat' dir='ltr'><strong>pertingere</strong></span> <span class='ocrx_word' id='word_1_570' title='bbox 3308 3337 3504 3393; x_wconf 87' lang='lat' dir='ltr'><strong>licebit.</strong></span> <span class='ocrx_word' id='word_1_571' title='bbox 3548 3333 3700 3404; x_wconf 86' lang='lat' dir='ltr'><strong>Nempe</strong></span> 
     </span>
    </p>
   </div>
   <div class='ocr_carea' id='block_1_78' title="bbox 2186 3426 3701 3501">
    <p class='ocr_par' dir='ltr' id='par_1_78' title="bbox 2186 3426 3701 3501">
     <span class='ocr_line' id='line_1_78' title="bbox 2186 3426 3701 3501; baseline -0.003 -18"><span class='ocrx_word' id='word_1_572' title='bbox 2186 3430 2392 3500; x_wconf 85' lang='lat' dir='ltr'><strong>aliquot</strong></span> <span class='ocrx_word' id='word_1_573' title='bbox 2423 3429 2665 3501; x_wconf 83' lang='lat' dir='ltr'><strong>Dionysii</strong></span> <span class='ocrx_word' id='word_1_574' title='bbox 2697 3429 3047 3487; x_wconf 77' lang='lat' dir='ltr'><strong>Alexandrini</strong></span> <span class='ocrx_word' id='word_1_575' title='bbox 3100 3429 3373 3484; x_wconf 89' lang='lat' dir='ltr'><strong>adversus</strong></span> <span class='ocrx_word' id='word_1_576' title='bbox 3426 3426 3701 3483; x_wconf 76' lang='lat' dir='ltr'><strong>Sabellianos</strong></span> 
     </span>
    </p>
   </div>
   <div class='ocr_carea' id='block_1_79' title="bbox 2189 3519 3701 3594">
    <p class='ocr_par' dir='ltr' id='par_1_79' title="bbox 2189 3519 3701 3594">
     <span class='ocr_line' id='line_1_79' title="bbox 2189 3519 3701 3594; baseline -0.005 -16"><span class='ocrx_word' id='word_1_577' title='bbox 2189 3523 2451 3594; x_wconf 65' lang='lat' dir='ltr'><strong>epistolae,</strong></span> <span class='ocrx_word' id='word_1_578' title='bbox 2479 3521 2653 3593; x_wconf 77' lang='lat' dir='ltr'><strong>Xysto</strong></span> <span class='ocrx_word' id='word_1_579' title='bbox 2699 3522 2952 3591; x_wconf 87' lang='lat' dir='ltr'><strong>pontiﬁce</strong></span> <span class='ocrx_word' id='word_1_580' title='bbox 2982 3522 3214 3591; x_wconf 65' lang='lat' dir='ltr'><strong>vulgatae</strong></span> <span class='ocrx_word' id='word_1_581' title='bbox 3240 3564 3257 3589; x_wconf 92' lang='lat'><strong>,</strong></span> <span class='ocrx_word' id='word_1_582' title='bbox 3298 3520 3632 3577; x_wconf 86' lang='lat' dir='ltr'><strong>accusationis</strong></span> <span class='ocrx_word' id='word_1_583' title='bbox 3656 3519 3701 3572; x_wconf 90' lang='lat' dir='ltr'><strong>il-</strong></span> 
     </span>
    </p>
   </div>
   <div class='ocr_carea' id='block_1_80' title="bbox 2190 3611 3703 3685">
    <p class='ocr_par' dir='ltr' id='par_1_80' title="bbox 2190 3611 3703 3685">
     <span class='ocr_line' id='line_1_80' title="bbox 2190 3611 3703 3685; baseline -0.005 -15"><span class='ocrx_word' id='word_1_584' title='bbox 2190 3617 2298 3670; x_wconf 89' lang='lat' dir='ltr'><strong>lius</strong></span> <span class='ocrx_word' id='word_1_585' title='bbox 2328 3615 2675 3670; x_wconf 90' lang='lat' dir='ltr'><strong>occasionem</strong></span> <span class='ocrx_word' id='word_1_586' title='bbox 2720 3614 3008 3671; x_wconf 88' lang='lat' dir='ltr'><strong>dederunt.</strong></span> <span class='ocrx_word' id='word_1_587' title='bbox 3051 3614 3177 3669; x_wconf 88' lang='lat' dir='ltr'><strong>Inde</strong></span> <span class='ocrx_word' id='word_1_588' title='bbox 3232 3615 3467 3685; x_wconf 88' lang='lat' dir='ltr'><strong>permoti</strong></span> <span class='ocrx_word' id='word_1_589' title='bbox 3514 3611 3703 3667; x_wconf 74' lang='lat' dir='ltr'><strong>nonnum</strong></span> 
     </span>
    </p>
   </div>
   <div class='ocr_carea' id='block_1_81' title="bbox 2186 3704 3708 3776">
    <p class='ocr_par' dir='ltr' id='par_1_81' title="bbox 2186 3704 3708 3776">
     <span class='ocr_line' id='line_1_81' title="bbox 2186 3704 3708 3776; baseline -0.003 -14"><span class='ocrx_word' id='word_1_590' title='bbox 2186 3707 2472 3771; x_wconf 87' lang='lat' dir='ltr'><strong>Catholici,</strong></span> <span class='ocrx_word' id='word_1_591' title='bbox 2498 3707 2615 3776; x_wconf 91' lang='lat' dir='ltr'><strong>ipso</strong></span> <span class='ocrx_word' id='word_1_592' title='bbox 2647 3706 3014 3760; x_wconf 82' lang='lat' dir='ltr'><strong>Alexandrino</strong></span> <span class='ocrx_word' id='word_1_593' title='bbox 3048 3707 3285 3775; x_wconf 63' lang='lat' dir='ltr'><strong>praesule</strong></span> <span class='ocrx_word' id='word_1_594' title='bbox 3312 3707 3501 3770; x_wconf 90' lang='lat' dir='ltr'><strong>inscio,</strong></span> <span class='ocrx_word' id='word_1_595' title='bbox 3531 3704 3708 3759; x_wconf 80' lang='lat' dir='ltr'><strong>Romam</strong></span> 
     </span>
    </p>
   </div>
   <div class='ocr_carea' id='block_1_82' title="bbox 2186 3796 3708 3869">
    <p class='ocr_par' dir='ltr' id='par_1_82' title="bbox 2186 3796 3708 3869">
     <span class='ocr_line' id='line_1_82' title="bbox 2186 3796 3708 3869; baseline -0.003 -17"><span class='ocrx_word' id='word_1_596' title='bbox 2186 3797 2543 3853; x_wconf 90' lang='lat' dir='ltr'><strong>convolarunt</strong></span> <span class='ocrx_word' id='word_1_597' title='bbox 2568 3837 2584 3862; x_wconf 96' lang='lat'><strong>,</strong></span> <span class='ocrx_word' id='word_1_598' title='bbox 2620 3806 2672 3853; x_wconf 89' lang='lat' dir='ltr'><strong>et</strong></span> <span class='ocrx_word' id='word_1_599' title='bbox 2706 3814 2828 3867; x_wconf 66' lang='lat' dir='ltr'><strong>quae</strong></span> <span class='ocrx_word' id='word_1_600' title='bbox 2866 3798 2967 3852; x_wconf 90' lang='lat' dir='ltr'><strong>sibi</strong></span> <span class='ocrx_word' id='word_1_601' title='bbox 3005 3798 3057 3851; x_wconf 88' lang='lat' dir='ltr'><strong>in</strong></span> <span class='ocrx_word' id='word_1_602' title='bbox 3095 3797 3218 3867; x_wconf 90' lang='lat' dir='ltr'><strong>ejus</strong></span> <span class='ocrx_word' id='word_1_603' title='bbox 3266 3799 3486 3869; x_wconf 91' lang='lat' dir='ltr'><strong>scriptis</strong></span> <span class='ocrx_word' id='word_1_604' title='bbox 3511 3796 3708 3866; x_wconf 81' lang='lat' dir='ltr'><strong>displice-</strong></span> 
     </span>
    </p>
   </div>
   <div class='ocr_carea' id='block_1_83' title="bbox 2186 3888 3712 3959">
    <p class='ocr_par' dir='ltr' id='par_1_83' title="bbox 2186 3888 3712 3959">
     <span class='ocr_line' id='line_1_83' title="bbox 2186 3888 3712 3959; baseline -0.003 -14"><span class='ocrx_word' id='word_1_605' title='bbox 2186 3890 2316 3945; x_wconf 90' lang='lat' dir='ltr'><strong>bant</strong></span> <span class='ocrx_word' id='word_1_606' title='bbox 2363 3890 2428 3945; x_wconf 91' lang='lat' dir='ltr'><strong>ad</strong></span> <span class='ocrx_word' id='word_1_607' title='bbox 2462 3888 2765 3944; x_wconf 80' lang='lat' dir='ltr'><strong>Romanum</strong></span> <span class='ocrx_word' id='word_1_608' title='bbox 2814 3890 3123 3959; x_wconf 85' lang='lat' dir='ltr'><strong>pontiﬁcem</strong></span> <span class='ocrx_word' id='word_1_609' title='bbox 3177 3892 3511 3947; x_wconf 78' lang='lat' dir='ltr'><strong>detulerunt.</strong></span> <span class='ocrx_word' id='word_1_610' title='bbox 3559 3890 3712 3946; x_wconf 85' lang='lat' dir='ltr'><strong>Statim</strong></span> 
     </span>
    </p>
   </div>
   <div class='ocr_carea' id='block_1_84' title="bbox 2188 3978 3711 4052">
    <p class='ocr_par' dir='ltr' id='par_1_84' title="bbox 2188 3978 3711 4052">
     <span class='ocr_line' id='line_1_84' title="bbox 2188 3978 3711 4052; baseline -0.003 -18"><span class='ocrx_word' id='word_1_611' title='bbox 2188 3979 2473 4034; x_wconf 90' lang='lat' dir='ltr'><strong>admonuit</strong></span> <span class='ocrx_word' id='word_1_612' title='bbox 2506 3978 2802 4051; x_wconf 90' lang='lat' dir='ltr'><strong>Dionysius</strong></span> <span class='ocrx_word' id='word_1_613' title='bbox 2841 3979 3121 4035; x_wconf 81' lang='lat' dir='ltr'><strong>Romanus</strong></span> <span class='ocrx_word' id='word_1_614' title='bbox 3162 3978 3483 4052; x_wconf 90' lang='lat' dir='ltr'><strong>Dionysium</strong></span> <span class='ocrx_word' id='word_1_615' title='bbox 3528 3981 3711 4034; x_wconf 83' lang='lat' dir='ltr'><strong>Alexan-</strong></span> 
     </span>
    </p>
   </div>
   <div class='ocr_carea' id='block_1_85' title="bbox 2187 4068 3713 4143">
    <p class='ocr_par' dir='ltr' id='par_1_85' title="bbox 2187 4068 3713 4143">
     <span class='ocr_line' id='line_1_85' title="bbox 2187 4068 3713 4143; baseline 0.001 -20"><span class='ocrx_word' id='word_1_616' title='bbox 2187 4071 2427 4126; x_wconf 90' lang='lat' dir='ltr'><strong>drinum.</strong></span> <span class='ocrx_word' id='word_1_617' title='bbox 2463 4069 2513 4126; x_wconf 85' lang='lat' dir='ltr'><strong>is</strong></span> <span class='ocrx_word' id='word_1_618' title='bbox 2545 4085 2675 4125; x_wconf 89' lang='lat' dir='ltr'><strong>vero</strong></span> <span class='ocrx_word' id='word_1_619' title='bbox 2732 4071 2807 4124; x_wconf 92' lang='lat' dir='ltr'><strong>illi</strong></span> <span class='ocrx_word' id='word_1_620' title='bbox 2837 4069 3155 4127; x_wconf 86' lang='lat' dir='ltr'><strong>satisfacere</strong></span> <span class='ocrx_word' id='word_1_621' title='bbox 3211 4075 3454 4143; x_wconf 86' lang='lat' dir='ltr'><strong>primum</strong></span> <span class='ocrx_word' id='word_1_622' title='bbox 3490 4068 3713 4133; x_wconf 63' lang='lat' dir='ltr'><strong>brevibus,</strong></span> 
     </span>
    </p>
   </div>
   <div class='ocr_carea' id='block_1_86' title="bbox 2187 4162 3713 4236">
    <p class='ocr_par' dir='ltr' id='par_1_86' title="bbox 2187 4162 3713 4236">
     <span class='ocr_line' id='line_1_86' title="bbox 2187 4162 3713 4236; baseline -0.001 -21"><span class='ocrx_word' id='word_1_623' title='bbox 2187 4177 2420 4231; x_wconf 82' lang='lat' dir='ltr'><strong>moxque</strong></span> <span class='ocrx_word' id='word_1_624' title='bbox 2478 4162 2864 4232; x_wconf 77' lang='lat' dir='ltr'><strong>prolixioribus</strong></span> <span class='ocrx_word' id='word_1_625' title='bbox 2931 4163 3128 4219; x_wconf 88' lang='lat' dir='ltr'><strong>litteris</strong></span> <span class='ocrx_word' id='word_1_626' title='bbox 3191 4168 3578 4236; x_wconf 86' lang='lat' dir='ltr'><strong>quamprimum</strong></span> <span class='ocrx_word' id='word_1_627' title='bbox 3610 4206 3624 4231; x_wconf 88' lang='lat'><strong>,</strong></span> <span class='ocrx_word' id='word_1_628' title='bbox 3671 4172 3713 4215; x_wconf 92' lang='lat' dir='ltr'><strong>ut</strong></span> 
     </span>
    </p>
   </div>
   <div class='ocr_carea' id='block_1_87' title="bbox 2189 4253 3716 4325">
    <p class='ocr_par' dir='ltr' id='par_1_87' title="bbox 2189 4253 3716 4325">
     <span class='ocr_line' id='line_1_87' title="bbox 2189 4253 3716 4325; baseline 0.001 -19"><span class='ocrx_word' id='word_1_629' title='bbox 2189 4253 2517 4308; x_wconf 82' lang='lat' dir='ltr'><strong>Athanasius</strong></span> <span class='ocrx_word' id='word_1_630' title='bbox 2543 4263 2714 4317; x_wconf 89' lang='lat' dir='ltr'><strong>notat,</strong></span> <span class='ocrx_word' id='word_1_631' title='bbox 2751 4256 2980 4310; x_wconf 91' lang='lat' dir='ltr'><strong>studuit.</strong></span> <span class='ocrx_word' id='word_1_632' title='bbox 3014 4256 3286 4323; x_wconf 84' lang='lat' dir='ltr'><strong>Quocirca</strong></span> <span class='ocrx_word' id='word_1_633' title='bbox 3340 4258 3417 4312; x_wconf 89' lang='lat' dir='ltr'><strong>nil</strong></span> <span class='ocrx_word' id='word_1_634' title='bbox 3445 4265 3577 4313; x_wconf 89' lang='lat' dir='ltr'><strong>vetat</strong></span> <span class='ocrx_word' id='word_1_635' title='bbox 3617 4268 3716 4325; x_wconf 91' lang='lat' dir='ltr'><strong>quo-</strong></span> 
     </span>
    </p>
   </div>
   <div class='ocr_carea' id='block_1_88' title="bbox 2191 4344 3717 4419">
    <p class='ocr_par' dir='ltr' id='par_1_88' title="bbox 2191 4344 3717 4419">
     <span class='ocr_line' id='line_1_88' title="bbox 2191 4344 3717 4419; baseline -0.003 -18"><span class='ocrx_word' id='word_1_636' title='bbox 2191 4348 2372 4401; x_wconf 89' lang='lat' dir='ltr'><strong>minus</strong></span> <span class='ocrx_word' id='word_1_637' title='bbox 2414 4346 2556 4402; x_wconf 88' lang='lat' dir='ltr'><strong>hanc</strong></span> <span class='ocrx_word' id='word_1_638' title='bbox 2615 4344 2864 4419; x_wconf 81' lang='lat' dir='ltr'><strong>Dionysii</strong></span> <span class='ocrx_word' id='word_1_639' title='bbox 2918 4348 3240 4419; x_wconf 87' lang='lat' dir='ltr'><strong>Apologiam</strong></span> <span class='ocrx_word' id='word_1_640' title='bbox 3291 4349 3362 4405; x_wconf 89' lang='lat' dir='ltr'><strong>ad</strong></span> <span class='ocrx_word' id='word_1_641' title='bbox 3412 4364 3602 4403; x_wconf 89' lang='lat' dir='ltr'><strong>annum</strong></span> <span class='ocrx_word' id='word_1_642' title='bbox 3640 4344 3717 4399; x_wconf 64' lang='lat'><strong>362</strong></span> 
     </span>
    </p>
   </div>
   <div class='ocr_carea' id='block_1_89' title="bbox 2190 4438 3716 4513">
    <p class='ocr_par' dir='ltr' id='par_1_89' title="bbox 2190 4438 3716 4513">
     <span class='ocr_line' id='line_1_89' title="bbox 2190 4438 3716 4513; baseline -0.003 -18"><span class='ocrx_word' id='word_1_643' title='bbox 2190 4442 2419 4495; x_wconf 89' lang='lat' dir='ltr'><strong>attinere</strong></span> <span class='ocrx_word' id='word_1_644' title='bbox 2469 4455 2811 4497; x_wconf 90' lang='lat' dir='ltr'><strong>censeamus.</strong></span> <span class='ocrx_word' id='word_1_645' title='bbox 2854 4441 2986 4496; x_wconf 87' lang='lat' dir='ltr'><strong>Eam</strong></span> <span class='ocrx_word' id='word_1_646' title='bbox 3040 4459 3259 4513; x_wconf 91' lang='lat' dir='ltr'><strong>quoque</strong></span> <span class='ocrx_word' id='word_1_647' title='bbox 3308 4443 3551 4499; x_wconf 89' lang='lat' dir='ltr'><strong>eruditus</strong></span> <span class='ocrx_word' id='word_1_648' title='bbox 3594 4438 3716 4495; x_wconf 85' lang='lat' dir='ltr'><strong>Tille-</strong></span> 
     </span>
    </p>
   </div>
   <div class='ocr_carea' id='block_1_90' title="bbox 517 4510 3715 4607">
    <p class='ocr_par' dir='ltr' id='par_1_90' title="bbox 517 4510 3715 4607">
     <span class='ocr_line' id='line_1_90' title="bbox 517 4510 3715 4607; baseline 0.003 -27"><span class='ocrx_word' id='word_1_649' title='bbox 517 4535 609 4581; x_wconf 91' lang='lat' dir='ltr'><strong>tur</strong></span> <span class='ocrx_word' id='word_1_650' title='bbox 642 4537 805 4599; x_wconf 88' lang='lat' dir='ltr'><strong>atque</strong></span> <span class='ocrx_word' id='word_1_651' title='bbox 833 4529 1224 4599; x_wconf 86' lang='lat' dir='ltr'><strong>confutantur;</strong></span> <span class='ocrx_word' id='word_1_652' title='bbox 1258 4532 1520 4603; x_wconf 86' lang='lat' dir='ltr'><strong>Apologia</strong></span> <span class='ocrx_word' id='word_1_653' title='bbox 1558 4510 1687 4590; x_wconf 76' lang='lat' dir='ltr'><strong>vero</strong></span> <span class='ocrx_word' id='word_1_654' title='bbox 1734 4510 1932 4603; x_wconf 42' lang='lat' dir='ltr'><strong>ipsius‘</strong></span> <span class='ocrx_word' id='word_1_655' title='bbox 1955 4535 2084 4591; x_wconf 83' lang='lat' dir='ltr'><strong>Dio-</strong></span> <span class='ocrx_word' id='word_1_656' title='bbox 2113 4510 2157 4566; x_wconf 71' lang='grc' dir='ltr'><strong>ί)</strong></span> <span class='ocrx_word' id='word_1_657' title='bbox 2191 4533 2431 4588; x_wconf 89' lang='lat' dir='ltr'><strong>montius</strong></span> <span class='ocrx_word' id='word_1_658' title='bbox 2464 4534 2531 4586; x_wconf 90' lang='lat' dir='ltr'><strong>ad</strong></span> <span class='ocrx_word' id='word_1_659' title='bbox 2582 4535 2709 4588; x_wconf 88' lang='lat' dir='ltr'><strong>anni</strong></span> <span class='ocrx_word' id='word_1_660' title='bbox 2762 4534 2927 4603; x_wconf 91' lang='lat' dir='ltr'><strong>hujus</strong></span> <span class='ocrx_word' id='word_1_661' title='bbox 2956 4510 3399 4595; x_wconf 37' lang='lat' dir='ltr'><strong>exitum‘refcrri</strong></span> <span class='ocrx_word' id='word_1_662' title='bbox 3433 4551 3585 4607; x_wconf 88' lang='lat' dir='ltr'><strong>posse</strong></span> <span class='ocrx_word' id='word_1_663' title='bbox 3609 4531 3715 4588; x_wconf 50' lang='lat' dir='ltr'><strong>arbiv</strong></span> 
     </span>
    </p>
   </div>
   <div class='ocr_carea' id='block_1_91' title="bbox 519 4618 2087 4697">
    <p class='ocr_par' dir='ltr' id='par_1_91' title="bbox 519 4618 2087 4697">
     <span class='ocr_line' id='line_1_91' title="bbox 519 4618 2087 4697; baseline 0.007 -25"><span class='ocrx_word' id='word_1_664' title='bbox 519 4618 684 4688; x_wconf 86' lang='lat' dir='ltr'><strong>nysii,</strong></span> <span class='ocrx_word' id='word_1_665' title='bbox 721 4622 815 4690; x_wconf 91' lang='lat' dir='ltr'><strong>qui</strong></span> <span class='ocrx_word' id='word_1_666' title='bbox 852 4621 907 4675; x_wconf 91' lang='lat' dir='ltr'><strong>in</strong></span> <span class='ocrx_word' id='word_1_667' title='bbox 935 4624 1125 4678; x_wconf 86' lang='lat' dir='ltr'><strong>eodem</strong></span> <span class='ocrx_word' id='word_1_668' title='bbox 1153 4623 1221 4679; x_wconf 86' lang='lat' dir='ltr'><strong>de</strong></span> <span class='ocrx_word' id='word_1_669' title='bbox 1250 4624 1481 4695; x_wconf 90' lang='lat' dir='ltr'><strong>objectis</strong></span> <span class='ocrx_word' id='word_1_670' title='bbox 1506 4626 1785 4682; x_wconf 89' lang='lat' dir='ltr'><strong>erroribus</strong></span> <span class='ocrx_word' id='word_1_671' title='bbox 1817 4643 1937 4683; x_wconf 88' lang='lat' dir='ltr'><strong>sese</strong></span> <span class='ocrx_word' id='word_1_672' title='bbox 1960 4644 2087 4697; x_wconf 87' lang='lat' dir='ltr'><strong>pur-</strong></span> 
     </span>
    </p>
   </div>
   <div class='ocr_carea' id='block_1_92' title="bbox 593 4779 2084 4857">
    <p class='ocr_par' dir='ltr' id='par_1_92' title="bbox 593 4779 2084 4857">
     <span class='ocr_line' id='line_1_92' title="bbox 593 4779 2084 4857; baseline 0.007 -25"><span class='ocrx_word' id='word_1_673' title='bbox 593 4779 672 4857; x_wconf 75' lang='grc' dir='ltr'><strong>(η)</strong></span> <span class='ocrx_word' id='word_1_674' title='bbox 701 4779 1191 4857; x_wconf 61' lang='lat' dir='ltr'><strong>Qoutant,_fg‘pis_tt.</strong></span> <span class='ocrx_word' id='word_1_675' title='bbox 1221 4784 1373 4839; x_wconf 88' lang='lat' dir='ltr'><strong>Rom.</strong></span> <span class='ocrx_word' id='word_1_676' title='bbox 1416 4788 1631 4855; x_wconf 79' lang='lat' dir='ltr'><strong>pontif.,</strong></span> <span class='ocrx_word' id='word_1_677' title='bbox 1657 4803 1778 4856; x_wconf 82' lang='lat' dir='ltr'><strong>pag.</strong></span> <span class='ocrx_word' id='word_1_678' title='bbox 1801 4786 1906 4840; x_wconf 76' lang='lat'><strong>9.77</strong></span> <span class='ocrx_word' id='word_1_679' title='bbox 1932 4804 2084 4857; x_wconf 83' lang='lat' dir='ltr'><strong>seqq.</strong></span> 
     </span>
    </p>
   </div>
   <div class='ocr_carea' id='block_1_93' title="bbox 594 4850 2084 4925">
    <p class='ocr_par' dir='ltr' id='par_1_93' title="bbox 594 4850 2084 4925">
     <span class='ocr_line' id='line_1_93' title="bbox 594 4850 2084 4925; baseline 0.007 -23"><span class='ocrx_word' id='word_1_680' title='bbox 594 4851 669 4917; x_wconf 85' lang='grc' dir='ltr'><strong>(ο)</strong></span> <span class='ocrx_word' id='word_1_681' title='bbox 693 4850 935 4925; x_wconf 73' lang='lat' dir='ltr'><strong>_Atban.,</strong></span> <span class='ocrx_word' id='word_1_682' title='bbox 976 4850 1071 4907; x_wconf 88' lang='lat' dir='ltr'><strong>lib.</strong></span> <span class='ocrx_word' id='word_1_683' title='bbox 1104 4854 1180 4908; x_wconf 88' lang='lat' dir='ltr'><strong>De</strong></span> <span class='ocrx_word' id='word_1_684' title='bbox 1220 4850 1431 4925; x_wconf 79' lang='lat' dir='ltr'><strong>synod.,</strong></span> <span class='ocrx_word' id='word_1_685' title='bbox 1467 4873 1524 4912; x_wconf 90' lang='lat' dir='ltr'><strong>n.</strong></span> <span class='ocrx_word' id='word_1_686' title='bbox 1557 4850 1839 4925; x_wconf 49' lang='lat' dir='ltr'><strong>Mfepist.</strong></span> <span class='ocrx_word' id='word_1_687' title='bbox 1892 4858 1958 4912; x_wconf 85' lang='lat' dir='ltr'><strong>de</strong></span> <span class='ocrx_word' id='word_1_688' title='bbox 1988 4850 2084 4912; x_wconf 71' lang='lat' dir='ltr'><strong>de-</strong></span> 
     </span>
    </p>
   </div>
   <div class='ocr_carea' id='block_1_94' title="bbox 519 4919 2081 5000">
    <p class='ocr_par' dir='ltr' id='par_1_94' title="bbox 519 4919 2081 5000">
     <span class='ocr_line' id='line_1_94' title="bbox 519 4919 2081 5000; baseline 0.003 -22"><span class='ocrx_word' id='word_1_689' title='bbox 519 4929 656 4978; x_wconf 85' lang='lat' dir='ltr'><strong>cret.</strong></span> <span class='ocrx_word' id='word_1_690' title='bbox 689 4919 806 4977; x_wconf 85' lang='lat' dir='ltr'><strong>Nic.</strong></span> <span class='ocrx_word' id='word_1_691' title='bbox 842 4938 989 4994; x_wconf 82' lang='lat' dir='ltr'><strong>syn.,</strong></span> <span class='ocrx_word' id='word_1_692' title='bbox 1018 4939 1074 4978; x_wconf 92' lang='lat' dir='ltr'><strong>n.</strong></span> <span class='ocrx_word' id='word_1_693' title='bbox 1102 4925 1193 4993; x_wconf 73' lang='lat'><strong>25,</strong></span> <span class='ocrx_word' id='word_1_694' title='bbox 1224 4919 1279 4983; x_wconf 68' lang='grc' dir='ltr'><strong>εἰ</strong></span> <span class='ocrx_word' id='word_1_695' title='bbox 1305 4927 1464 4996; x_wconf 86' lang='lat' dir='ltr'><strong>epist.</strong></span> <span class='ocrx_word' id='word_1_696' title='bbox 1501 4928 1567 4983; x_wconf 89' lang='lat' dir='ltr'><strong>de</strong></span> <span class='ocrx_word' id='word_1_697' title='bbox 1601 4919 1832 4983; x_wconf 65' lang='lat' dir='ltr'><strong>sentem.</strong></span> <span class='ocrx_word' id='word_1_698' title='bbox 1862 4927 2081 5000; x_wconf 83' lang='lat' dir='ltr'><strong>Dionys.</strong></span> 
     </span>
    </p>
   </div>
   <div class='ocr_carea' id='block_1_95' title="bbox 2192 4625 3508 4701">
    <p class='ocr_par' dir='ltr' id='par_1_95' title="bbox 2192 4625 3508 4701">
     <span class='ocr_line' id='line_1_95' title="bbox 2192 4625 3508 4701; baseline 0.002 -20"><span class='ocrx_word' id='word_1_699' title='bbox 2192 4635 2388 4684; x_wconf 88' lang='lat' dir='ltr'><strong>tratur.</strong></span> <span class='ocrx_word' id='word_1_700' title='bbox 2426 4645 2445 4679; x_wconf 77' lang='grc' dir='ltr'><strong><em>ι</em></strong></span> <span class='ocrx_word' id='word_1_701' title='bbox 2484 4625 2550 4681; x_wconf 85' lang='grc' dir='ltr'>Ει</span> <span class='ocrx_word' id='word_1_702' title='bbox 2580 4627 2697 4682; x_wconf 64' lang='lat' dir='ltr'><strong>haec</strong></span> <span class='ocrx_word' id='word_1_703' title='bbox 2726 4628 2794 4683; x_wconf 89' lang='lat' dir='ltr'><strong>de</strong></span> <span class='ocrx_word' id='word_1_704' title='bbox 2824 4627 3023 4701; x_wconf 74' lang='lat' dir='ltr'><strong>Magno</strong></span> <span class='ocrx_word' id='word_1_705' title='bbox 3057 4627 3321 4700; x_wconf 83' lang='lat' dir='ltr'><strong>Dionysio</strong></span> <span class='ocrx_word' id='word_1_706' title='bbox 3352 4631 3508 4687; x_wconf 90' lang='lat' dir='ltr'><strong>satis.</strong></span> 
     </span>
    </p>
   </div>
   <div class='ocr_carea' id='block_1_96' title="bbox 2266 4782 3484 4856">
    <p class='ocr_par' dir='ltr' id='par_1_96' title="bbox 2266 4782 3484 4856">
     <span class='ocr_line' id='line_1_96' title="bbox 2266 4782 3484 4856; baseline 0.005 -20"><span class='ocrx_word' id='word_1_707' title='bbox 2266 4782 2342 4854; x_wconf 90' lang='lat' dir='ltr'><strong>(p)</strong></span> <span class='ocrx_word' id='word_1_708' title='bbox 2373 4782 2561 4856; x_wconf 75' lang='lat' dir='ltr'><strong>Basil.,</strong></span> <span class='ocrx_word' id='word_1_709' title='bbox 2589 4783 2685 4856; x_wconf 77' lang='lat' dir='ltr'><strong>lib.</strong></span> <span class='ocrx_word' id='word_1_710' title='bbox 2713 4784 2789 4838; x_wconf 83' lang='lat' dir='ltr'><strong>De</strong></span> <span class='ocrx_word' id='word_1_711' title='bbox 2821 4783 2964 4855; x_wconf 85' lang='lat' dir='ltr'><strong>Spir.</strong></span> <span class='ocrx_word' id='word_1_712' title='bbox 2992 4796 3189 4850; x_wconf 81' lang='lat' dir='ltr'><strong>sanct.,</strong></span> <span class='ocrx_word' id='word_1_713' title='bbox 3229 4802 3353 4856; x_wconf 89' lang='lat' dir='ltr'><strong>cap.</strong></span> <span class='ocrx_word' id='word_1_714' title='bbox 3391 4786 3484 4843; x_wconf 73' lang='lat'><strong>29.</strong></span> 
     </span>
    </p>
   </div>
   <div class='ocr_carea' id='block_1_97' title="bbox 2265 4853 3368 4930">
    <p class='ocr_par' dir='ltr' id='par_1_97' title="bbox 2265 4853 3368 4930">
     <span class='ocr_line' id='line_1_97' title="bbox 2265 4853 3368 4930; baseline 0.003 -21"><span class='ocrx_word' id='word_1_715' title='bbox 2265 4853 2339 4925; x_wconf 74' lang='grc' dir='ltr'><strong>(ᾳ)</strong></span> <span class='ocrx_word' id='word_1_716' title='bbox 2370 4853 2611 4923; x_wconf 73' lang='lat' dir='ltr'><strong>Hierom,</strong></span> <span class='ocrx_word' id='word_1_717' title='bbox 2641 4854 2717 4909; x_wconf 83' lang='lat' dir='ltr'><strong>De</strong></span> <span class='ocrx_word' id='word_1_718' title='bbox 2737 4858 2835 4910; x_wconf 81' lang='lat' dir='ltr'><strong>vir.</strong></span> <span class='ocrx_word' id='word_1_719' title='bbox 2862 4853 3097 4924; x_wconf 45' lang='lat' dir='ltr'><strong>&#39;illustr.,</strong></span> <span class='ocrx_word' id='word_1_720' title='bbox 3127 4872 3248 4930; x_wconf 72' lang='lat' dir='ltr'><strong>cap.</strong></span> <span class='ocrx_word' id='word_1_721' title='bbox 3274 4853 3368 4916; x_wconf 76' lang='grc'><strong>69.</strong></span> 
     </span>
    </p>
   </div>
  </div>
