3972 6318
448 320 581 379 19.39
826 323 830 328 ’
1450 323 1507 379 S.
1548 322 1704 380 DlON
1724 322 1855 380 YSII
1896 321 2208 378 EPISCOPI
2250 319 2723 378 ALEXANDRINI
3544 318 3696 374 ἓξ.ἰο

452 443 696 513 plerique
748 458 813 498 ex
868 440 1126 496 fratribus
1177 443 1473 499 etiamnum
1516 459 1845 516 magnopere
1871 443 2015 500 dele-

2121 461 2206 498 ται
2226 460 2241 475 ο
2286 444 2379 497 καὶ
2426 443 2565 497 πάνυ
2610 442 2678 497 δι’
2706 440 2882 507 αίδοῦς
2923 442 3042 510 ἄγω
3074 440 3164 495 τὸν
3201 440 3483 513 ἄνθρωπον
3510 437 3697 509 ταύτῃ

447 544 696 598 ctantur;
734 550 1039 603 magnoque
1072 534 1280 590 honore
1311 552 1374 590 ac
1405 538 2014 593 reverentia-hominem

2121 536 2335 607 μᾶλλον,
2459 536 2906 608 προανεπαὼατο
2934 532 3028 604 (4).
3049 531 3206 586 ’Δλλά
3252 531 3381 601 φίλη
3431 529 3540 603 γὰρ
3589 530 3699 584 καὶ

450 643 775 699 prosequor,
810 626 891 680 vel
920 626 991 681 ob
1025 626 1074 681 id
1099 628 1332 682 maxime
1361 629 1505 697 quod
1535 645 1599 684 ex
1633 629 1737 683 hac
1769 629 1877 683 vita
1912 629 2015 684 mi-

2121 628 2485 700 προτιμοτάτη
2512 627 2726 681 πάντων
2752 628 2785 697 ἡ
2815 624 3040 696 ἀλήθεια
3056 640 3068 653 ·
3102 625 3340 676 ἐπαινεῖν
3364 638 3421 675 τε
3448 622 3554 693 χρὴ
3591 621 3700 674 καὶ

447 720 654 790 gravit:
682 719 775 773 sed
804 718 1083 773 veritatem
1116 719 1289 789 magis
1320 720 1509 791 diligo,
1539 721 1861 790 cunctisque
1888 736 2015 790 prae-

449 811 721 866 ferendam
746 824 960 863 censeo.
987 806 1196 862 Etenim
1224 826 1285 864 ea
1308 812 1526 879 quidem
1556 827 1679 882 quae
1710 823 1851 867 recte
1870 814 2012 867 dicta

445 904 574 967 sint,
617 903 820 972 absque
854 902 1052 957 invidia
1088 902 1309 958 laudare
1340 919 1403 957 ac
1441 905 1675 973 probare
1715 903 2008 969 debemus;

449 997 494 1051 si
537 996 667 1066 quid
704 1012 832 1050 vero
881 996 1056 1051 secius
1112 997 1374 1065 scriptum
1426 1005 1530 1063 est,
1568 994 1621 1050 id
1649 997 1948 1051 examinari
1982 1015 2012 1052 a

452 1087 612 1142 nobis
633 1095 687 1141 et
712 1086 910 1157 corrigi
940 1088 1113 1144 decet.
1138 1086 1291 1153 Quod
1318 1088 1362 1142 si
1386 1089 1497 1156 ipse
1519 1103 1757 1156 praesens
1780 1089 2009 1153 adesset,

448 1188 505 1235 et
529 1179 837 1249 opinionem
862 1193 1017 1233 suam
1042 1179 1160 1233 viva
1184 1194 1316 1234 voce
1335 1179 1722 1249 promulgaret,
1748 1179 2014 1235 suliiceret

448 1270 684 1328 fortasse
735 1273 961 1342 simplex
1002 1272 1207 1342 absque
1251 1270 1454 1340 scripto
1502 1272 1860 1342 colloquium,
1905 1289 2012 1343 quo

447 1378 546 1433 per
570 1364 1026 1435 interrogationes
1058 1379 1122 1418 ac
1153 1364 1535 1433 responsiones
1563 1364 2012 1418 convincerentur

450 1455 767 1518 adversarii.
802 1467 856 1512 et
887 1458 943 1512 in
990 1457 1271 1528 pristinam
1316 1456 1662 1511 concordiam
1692 1472 2013 1512 revocaren-

449 1558 559 1606 tur.
585 1548 787 1606 Verum
814 1567 937 1607 cum
972 1553 1025 1606 in
1047 1551 1322 1622 publicum
1347 1551 1523 1608 editus
1546 1551 1617 1607 sit
1638 1552 1772 1607 liber
1791 1594 1806 1613 .
1836 1552 2009 1623 isque,

450 1649 511 1697 ut
539 1642 820 1698 nonnullis
846 1644 1080 1707 videtur,
1114 1643 1179 1698 ad
1205 1642 1636 1713 persuadendum
1664 1644 2008 1713 aptissimus:

448 1743 505 1788 et
530 1749 654 1791 cum
689 1733 908 1804 quidam
937 1734 1188 1792 doctores
1222 1735 1391 1804 legem
1431 1735 1651 1804 quidem
1682 1751 1746 1790 ac
1774 1739 2010 1806 prophe-

452 1836 535 1881 tas
569 1825 721 1881 nihili
753 1826 954 1882 faciant
975 1869 998 1894 ,,
1038 1825 1329 1897 Evangelia
1360 1827 1512 1897 sequi
1548 1827 1858 1898 negligant,
1882 1843 2013 1898 apo-

451 1918 720 1973 stolarum
750 1917 1019 1989 Epistolas
1064 1925 1460 1974 contemnant:
1493 1918 1657 1989 hujus
1709 1935 1837 1974 vero
1889 1919 2013 1975 libri

453 2011 758 2068 doctrinam
789 2012 946 2082 quasi
980 2026 1233 2081 magnum
1274 2010 1496 2081 aliquod
1536 2021 1591 2067 et
1634 2027 1894 2067 arcanum
1927 2028 2013 2067 sa—

452 2112 792 2160 cramentum
824 2104 1100 2159 venditeut
1125 2143 1141 2169 ,
1175 2112 1228 2157 et
1261 2103 1624 2171 simpliciores
1655 2103 1919 2173 quosdam
1945 2120 2012 2159 ex

452 2192 713 2249 fratribus
743 2193 944 2248 nostris
985 2193 1117 2246 nihil
1175 2191 1409 2247 sublime
1442 2200 1603 2262 atque
1639 2193 2010 2262 magniﬁcum,

451 2301 552 2341 nec
576 2286 642 2340 de
671 2285 908 2356 glorioso
946 2299 1277 2354 prorsusque
1312 2283 1496 2339 divino
1535 2284 1767 2339 adventu
1795 2283 2011 2339 Domini

454 2376 652 2443 nostri,
701 2391 799 2430 nec
837 2376 904 2431 de
950 2376 1346 2430 resurrectione
1377 2385 1561 2431 nostra
1630 2376 1907 2445 nostrique
1948 2377 2013 2430 ad

451 2471 731 2526 Christum
803 2470 1183 2541 aggregatione
1252 2478 1307 2525 et
1360 2470 1753 2525 assimilatioue
1812 2470 2013 2525 sentire

452 2561 765 2632 patiantur;
794 2560 886 2615 sed
917 2560 1052 2615 levia
1084 2561 1331 2630 quaedam
1363 2577 1426 2614 ac
1458 2548 1727 2623 mortalia,
1753 2569 1807 2614 et
1830 2560 2011 2629 qualia

2115 722 2383 773 συναινεῖν
2411 719 2677 789 ἀφθόνως,
2718 719 2770 771 ei
2811 734 2866 770 τι
2914 715 3088 788 ὀρθῶς
3132 715 3369 783 λέγοιτο·
3404 712 3701 779 ἐξετάζειν

2111 828 2171 863 τε
2205 811 2281 883 (5)
2310 811 2405 865 καὶ
2426 809 2740 877 διευθύνειν,
2775 808 2832 863 εἷ
2851 827 2905 863 τι
2940 809 3013 880 μὴ
3041 809 3280 879 φαίνοιτο
3299 806 3465 876 ὐγιῶς
3484 807 3701 873 ἀναγε-

2113 903 2448 975 γραμμένον.
2486 903 2597 957 Καὶ
2643 902 2778 974 πρὸς
2810 901 2907 973 μὲν
2956 901 3194 973 παρόντα
3238 900 3330 952 καὶ
3371 897 3509 969 ψιλῷ
3538 898 3702 966 λόγῳ

2111 995 2523 1066 δογματίζοντα,
2552 995 2834 1067 αὐτάρκης
2859 990 2927 1066 ἦν
2957 996 3023 1048 ἂν
3050 997 3083 1064 ἡ
3112 993 3353 1064 ἄγραφος
3381 991 3593 1062 ὁμιλία,
3619 990 3704 1042 δι’

2113 1088 2428 1159 ἐρωτήσεως
2479 1087 2571 1141 καὶ
2618 1085 2958 1157 ἀποκρίσεως
3000 1084 3253 1139 πείθουσα
3283 1084 3376 1136 καὶ
3412 1082 3706 1154 συμϐιϐά-

2113 1178 2278 1243 ζουσα
2327 1181 2450 1242 τοὺς
2496 1175 3053 1247 ἀντιδιατιθεμένους*
3101 1175 3313 1246 γραφῆς
3344 1172 3397 1226 δὲ
3428 1171 3710 1242 ἐκκειμέ-

2112 1288 2228 1342 νης,
2250 1271 2324 1334 ὡς
2348 1271 2492 1323 δοκεῖ
2517 1287 2645 1335 τισι,
2675 1269 3050 1341 πιθανωτάτης
3074 1285 3087 1299 ο
3125 1266 3218 1321 καὶ
3244 1268 3403 1320 τινῶν
3431 1263 3710 1320 διδασκά-

2111 1364 2217 1416 λων
2248 1362 2339 1414 τδν
2357 1361 2455 1433 μὲν
2485 1362 2647 1432 νόμον
2675 1362 2768 1415 κα)⁵
2791 1363 2917 1425 τοὺς
2949 1360 3231 1432 προφήτας
3257 1359 3315 1411 τὸ
3338 1358 3499 1429 μηδὲν
3518 1358 3705 1428 ἡγου-

2122 1452 2317 1522 μένων,
2348 1452 2442 1506 καὶ
2466 1452 2525 1504 τὸ
2551 1454 2661 1517 τοῖς
2690 1451 3042 1520 Εὐαγγελίοις
3085 1448 3310 1503 ἔπεσθαι
3355 1448 3650 1519 παρέντων
3679 1488 3702 1512 ,

2113 1542 2207 1596 καὶ
2236 1542 2335 1606 τὰς
2364 1542 2470 1596 τῶν
2513 1544 2821 1598 ἀποστόλων
2860 1539 3175 1603 Ἐπιστολάς
3203 1538 3655 1609 ὲκφαυλισάντωθ
3683 1576 3705 1603 ,

2111 1636 2209 1708 τὴν
2236 1636 2292 1689 δὲ
2315 1634 2409 1689 τοῦ
2440 1635 2860 1707 συγγράμματος
2892 1633 3080 1686 τούτου
3111 1629 3451 1685 διδασκαλίαν
3475 1630 3556 1693 ὡς
3594 1630 3707 1700 μέ-

2113 1745 2187 1797 γα
2215 1727 2278 1799 δή
2303 1745 2354 1781 τι
2397 1728 2489 1781 καὶ
2520 1725 2893 1797 κεκρυμμένον
2922 1724 3216 1795 μυστήριον
3250 1720 3704 1790 κατεπαγγελλο-

2043 1792 2086 1846 Β
2119 1792 2292 1890 μένων
2326 1817 2423 1888 (6),
2471 1817 2565 1871 καὶ
2613 1792 2750 1878 τούς⁷
2789 1792 3183 1885 ἁπλουστέρους
3229 1811 3482 1881 ἀδελφοὺς
3530 1810 3707 1882 ἡμῶν

2114 1910 2265 1963 οὐδὲν
2315 1909 2523 1963 ἐώντων
2570 1906 2769 1976 ὑψηλὸν
2820 1906 2914 1959 καὶ
2969 1904 3249 1976 μεγαλεῖον
3295 1904 3532 1975 φρονεῖν,
3564 1900 3705 1956 οὔτε

2115 2004 2248 2073 περὶ
2277 2001 2375 2071 τῆς
2397 2000 2606 2064 ἐνδόξου
2635 1998 2726 2052 καὶ
2746 1996 2957 2068 ἀληθῶς
2978 1995 3158 2050 ἐνθέου
3182 1994 3272 2061 τοῦ
3297 1995 3502 2066 Κυρίου
3526 1994 3704 2064 ἡμῶν

2116 2094 2454 2164 ἐπιφανείας,
2489 2093 2611 2147 οὔτε
2653 2093 2750 2163 τῆς
2798 2089 3072 2162 ἡμετέρας
3102 2090 3168 2141 ὲκ
3209 2087 3413 2158 νεκρῶν
3452 2089 3705 2142 ἀναστὰ-

2117 2206 2254 2252 σεως
2287 2187 2379 2240 καὶ
2417 2186 2516 2254 τῆς
2560 2184 2695 2255 πρὸς
2725 2182 2885 2237 αὐτὸν
2917 2180 3331 2250 ἐπισυναγωγῆς
3361 2180 3453 2233 καὶ
3484 2179 3702 2250 ὁμοιώ-

2120 2297 2287 2343 σεως·
2325 2278 2457 2333 ἀλλὰ
2495 2277 2664 2348 μικρά
2708 2276 2802 2329 καὶ
2850 2272 3019 2345 θνητά
3063 2274 3155 2326 καὶ
3194 2267 3281 2326 οἷα
3308 2273 3376 2326 τὰ
3406 2272 3501 2326 νῦν
3531 2272 3693 2325 ὲλπεο

2116 2374 2228 2439 ζειν
2281 2370 2679 2425 ἀναπειθόντων
2724 2368 2800 2439 (7)
2855 2370 2912 2421 ὲν
2957 2370 3022 2439 τῇ
3079 2364 3318 2437 βασιλείᾳ
3370 2363 3462 2418 τοῦ
3508 2361 3695 2417 Θεοῦ·

2114 2466 2406 2533 ἀναγκαῖον
2452 2461 2546 2513 καὶ
2593 2461 2761 2531 ἡμᾶς,
2787 2459 2862 2522 ὡς
2910 2459 3044 2530 πρὸς
3076 2457 3431 2530 παρόντα,τὸν
3456 2455 3697 2524 ἀδελφὸν

2115 2556 2269 2629 ἡμῶν
2298 2553 2642 2624 διαλεχθῆναι
2668 2552 2922 2605 Νέπωτα.
3282 2556 3285 2559 ’
3319 2540 3337 2550 ’

455 2671 601 2711 nunc
633 2656 878 2712 homines
907 2672 1125 2726 sperare
1167 2657 1359 2720 solent,
1402 2657 1456 2709 in
1508 2671 1672 2725 regno
1706 2655 1795 2709 liei
1845 2656 2081 2726 cogitare
2112 2652 2338 2723 jubeant
2369 2666 2385 2704 :
2420 2663 2640 2703 necesse
2683 2656 2795 2710 est,
2839 2654 2899 2699 ut
2929 2642 3189 2699 adversus
3234 2641 3455 2694 fratrem
3499 2652 3695 2692 meum

451 2747 737 2820 Nepotem,
765 2751 923 2820 quasi
972 2760 1312 2819 prmsentem,
1370 2751 1789 2819 disputationem
1852 2752 2150 2806 instituam.

522 2844 585 2898 ιι.
630 2844 822 2901 Paucis
854 2847 1038 2900 deinde
1067 2847 1388 2915 interpositis
1414 2847 1521 2901 lucc
1552 2846 2010 2917 subjungit:Cum

454 2952 650 3005 essem,
695 2940 887 3008 inquit,
937 2938 989 2992 in
1039 2938 1366 2993 Arsinoitica
1422 2938 1761 3009 praefectura,
1808 2939 1860 2994 in
1900 2956 2011 3011 qua

451 3029 795 3101 Jampridem,
832 3039 890 3084 ut
920 3031 1081 3095 nosti,
1119 3029 1385 3085 increbuit
1418 3031 1530 3085 haec
1552 3031 1756 3100 opinio,
1796 3032 1931 3087 adeo
1956 3043 2014 3088 ut

456 3122 750 3177 schismata
796 3130 849 3176 et
897 3121 1230 3192 integrarum
1274 3120 1637 3176 Ecclesiarum
1685 3121 2015 3178 defectiones

2187 2845 2258 2897 B'.
2310 2843 2539 2906 Τούτοις
2555 2839 2680 2909 μεθ’
2700 2838 2870 2905 ἕτερα
2904 2834 3163 2904 ἐπιφέρει
3201 2830 3419 2902 λέγων·
3464 2826 3557 2880 Ἐν
3595 2827 3696 2898 μὲν

2117 2934 2210 2992 οὖν
2262 2936 2340 3007 τῷ
2381 2935 2718 3007 Ἀρσενοείτῃ
2753 2932 2828 3003 (8)
2861 2930 3165 3001 γενόμενος,
3199 2926 3327 2980 ἔνθα
3361 2925 3475 2994 (ὼς
3498 2919 3692 2987 οἶδας)

2120 3029 2227 3101 πρὸ
2273 3027 2465 3082 πολλοῦ
2511 3026 2667 3082 τοῦτο
2700 3022 2999 3088 ἐπεπόλαζε
3048 3023 3107 3077 τὸ
3153 3022 3325 3091 δόγμα
3356 3018 3456 3090 (9),
3490 3019 3573 3081 ὡς
3599 3019 3695 3071 καὶ

2123 3121 2396 3193 σχίσματα
2440 3121 2533 3173 κα)¹
2562 3116 2891 3180 ἀποστασίας
2927 3116 3061 3170 ὅλων
3095 3112 3428 3183 Ἑκκλησιῶν
3467 3116 3692 3181 γεγονε-

458 3213 687 3275 lierent;
722 3190 1040 3265 convocatis
1074 3209 1400 3282 presbyteris
1448 3225 1512 3265 ac
1558 3212 1874 3267 doctoribus
1922 3215 2015 3283 qui

2121 3190 2205 3267 ναι
2228 3190 2613 3281 ’συγκαλέσας
2637 3211 2761 3274 τοὺς
2796 3208 3189 3282 πρεσϐυτέρους
3220 3206 3313 3259 καὶ¹
3337 3204 3694 3266 διδασκάλους

455 3318 553 3375 per
581 3302 827 3373 singulos
855 3303 1009 3359 vicos
1032 3303 1291 3359 fratribus
1323 3303 1710 3374 praedicabant,
1735 3305 2017 3375 praesenti-

457 3396 561 3453 bus
590 3393 719 3450 item
751 3394 1011 3451 fratribus
1065 3399 1159 3468 qui
1205 3397 1397 3452 adesse
1439 3398 1742 3464 voluerant,
1768 3399 2017 3455 hortatus

463 3499 586 3540 sum
624 3484 746 3541 illos
778 3495 837 3541 ut
858 3500 921 3540 ea
946 3485 1190 3541 doctrina
1228 3486 1401 3557 palam
1437 3487 1490 3541 in
1523 3490 1783 3544 concione
1808 3491 2016 3544 exami-

458 3580 700 3627 naretur.
749 3573 993 3643 Cumque
1043 3574 1187 3629 inme
1240 3575 1436 3632 librum
1489 3587 1744 3648 tanquam
1801 3589 2017 3633 scutum

458 3664 730 3733 quoddam
776 3680 1104 3735 murumque
1149 3665 1619 3737 inexpugnabilem
1667 3670 1802 3723 mihi
1851 3686 2017 3740 oppo-

458 3755 730 3822 suissent,
783 3764 895 3812 tres
923 3758 1212 3815 continuos
1244 3758 1360 3813 dies
1394 3774 1425 3813 a
1459 3760 1635 3829 prima
1681 3761 1802 3816 luce
1847 3778 2017 3832 usque

458 3846 529 3903 ad
561 3862 841 3918 vesperam
871 3864 994 3904 cum
1038 3849 1172 3919 ipsis
1218 3849 1431 3916 sedens,
1479 3867 1816 3924 quaecunque
1862 3854 1914 3907 in
1951 3869 2016 3908 eo

456 3936 599 3994 libro
629 3938 829 4007 scripta
866 3948 1049 4005 erant,
1072 3940 1342 3997 discutere
1370 3957 1658 4015 aggressus
1688 3959 1830 3999 sum.
1876 3944 2014 4000 Tum

458 4048 588 4089 vero
630 4031 861 4092 fratrum
914 4035 1294 4102 constantiam,
1336 4043 1391 4090 et
1434 4036 1874 4092 ardentissimum
1922 4054 2017 4094 co-

459 4195 542 4246 est
601 4188 672 4245 ab
703 4188 1036 4260 ilrominibus
1089 4188 1352 4260 imperitis
1399 4193 1766 4260 compositos,
1818 4210 1925 4249 non
1983 4212 2016 4251 a

462 4258 886 4332 sancto__Spiritu
916 4258 1166 4332 dictatus.
1210 4258 1286 4332 ita
1331 4258 1588 4332 explicat
1611 4263 1929 4332 Agobardus
1959 4265 2015 4321 in

460 4330 601 4386 libro
641 4326 849 4398 peritu
880 4326 1099 4382 canendi
1125 4328 1354 4398 psalmos
1385 4326 1439 4384 in
1464 4326 1722 4386 Ecclesia.
1756 4332 1952 4389 Van-:3.

532 4399 608 4471 (4)
633 4394 726 4472 Ατῌ
749 4394 1265 4472 προανεπαύοξατο.
1287 4398 1496 4472 Plinius
1522 4401 1617 4455 lib.
1647 4418 1840 4464 xxvm.
1866 4421 1914 4458 c.
1942 4404 2010 4460 2:

462 4469 603 4534 (Eur,
633 4469 841 4538 inquit,
884 4470 952 4523 ad
981 4470 1293 4523 mentionem
1323 4470 1722 4539 defunctorum,
1765 4483 2014 4530 testamur

462 4541 769 4592 memoriam
789 4556 967 4595 eorum
991 4557 1023 4593 α
1043 4540 1189 4592 nobis
1217 4539 1496 4594 sollicitari
1519 4544 1542 4597 ?
1571 4540 1645 4595 In.

535 4609 615 4731 gi)
657 4609 982 4698 ‘E£ertci(etr
1007 4627 1089 4664 τε.
1128 4608 1347 4667 Rectius
1385 4612 1438 4665 in
1470 4613 1659 4695 codice
1684 4614 1847 4681 Med.,
1876 4614 2013 4697 Man.

593 4678 705 4731 uk..
745 4680 1015 4731 ἐξετάζειν
1047 4680 1123 4731 δέ.
1162 4679 1333 4731 Paulo
1359 4695 1481 4731 nos:
1514 4698 1579 4731 ex
1628 4687 1817 4731 iisdem
1868 4688 2013 4731 cndi-

463 4678 705 4751 circa,
745 4680 1015 4751 ἐξετάζειν
1047 4680 1123 4733 δέ.
1162 4679 1333 4735 Paulo
1359 4695 1481 4751 post
1514 4698 1581 4737 ex
1628 4678 1841 4740 iisdem'
1868 4688 2021 4739 codi~

464 4749 651 4827 cibus_
685 4749 1028 4827 scribendum
1070 4760 1190 4827 est,
1265 4749 1482 4824 γραφῆς
1534 4753 1591 4806 δὲ
1659 4756 2017 4827 ἐκκειμένης,

467 4828 527 4874 ut
566 4817 776 4894 videtur
830 4820 1022 4894 legisse
1070 4817 1339 4894 Rufinus}
1389 4817 1486 4894 pro
1528 4840 1638 4893 quo
1685 4817 2023 4894 Nicephorns

464 4889 648 4960 posuit
678 4889 1057 4960 προκειμένης.
1097 4891 1283 4947 Simile
1313 4889 1567 4948 mendum
1604 4896 1660 4951 in
1700 4889 1890 4952 eodem
1924 4913 2023 4950 vo-

465 4959 660 5014 eabqu
682 4973 845 5026 supra
874 4959 1075 5013 notavi.
1107 4963 1184 5015 In.

537 5028 614 5098 (6)
648 5030 1318 5103 Κατεπαγτελβομέιςῳν.
1373 5030 1426 5086 Id
1472 5042 1575 5095 est,
1607 5036 1699 5089 diu
1746 5046 1866 5091 ante
1897 5052 2023 5103 pro-

468 5102 706 5178 mittunt,
736 5098 1154 5178 quaintradant.
1202 5100 1511 5178 Metaphora
1552 5116 1636 5178 est
1677 5120 1725 5178 ar
1756 5098 2026 5178 mysteriis

466 5168 798 5232 Graecorum,
822 5168 914 5237 qui
940 5184 1132 5236 magna
1163 5172 1407 5238 quaedam
1444 5184 1496 5226 et
1523 5177 1766 5230 miranda
1802 5168 2025 5231 initiatis

467 5239 877 5309 promittebant,
923 5254 1124 5312 eosque
1161 5241 1417 5295 diuturna
1454 5248 1855 5312 esspectatioue
1897 5264 2025 5301 crn-

466 5312 833 5386 ciaba_n_t,_ut
880 5309 1190 5386 opinionem
1228 5326 1292 5366 ac
1341 5309 1693 5369 reverentiam
1736 5320 2028 5386 snspen-Lio

469 5380 793 5457 cognitionis
846 5381 1212 5457 aedificarent,
1269 5387 1722 5457 quemadmodum
1785 5380 2027 5457 loquitur

469 5447 834 5506 Te'rtuliianus
858 5452 909 5503 in
935 5451 1072 5504 libro
1103 5447 1300 5504 Contra
1340 5450 1754 5511 Valentinianos.
1789 5451 1860 5511 lo.

539 5521 618 5593 (7)
661 5519 1421 5593 Ἑλπιζόμειξᾳῄπειθόντων.
1482 5524 1651 5593 llujus
1696 5528 1798 5582 loci
1845 5543 2029 5583 emcn-

471 5591 619 5645 clatio
648 5592 871 5663 debetur
903 5591 1073 5663 codici
1106 5590 1402 5663 blazarino,
1433 5590 1625 5663 inquo
1656 5598 1858 5652 diserte
1888 5600 2029 5654 scri-

472 5670 621 5728 ptum
652 5662 851 5721 inveni,
879 5662 971 5714 καὶ
1010 5655 1095 5714 οἷα
1125 5660 1192 5716 τὰ
1229 5661 1323 5715 νῦν
1354 5655 1591 5727 ὲλπίζείν
1633 5667 2029 5722 ἀναπειθόντων

473 5730 529 5782 ὲν
556 5732 623 5805 τῇ
660 5728 903 5805 βασιλείᾳ
932 5730 1341 5805 10ino§.Quo
1369 5736 1527 5805 modo
1553 5735 1714 5789 etiam
1749 5739 1946 5805 legitur
1975 5740 2029 5793 in

474 5798 656 5856 codice
677 5798 948 5868 Medicaeo,
981 5802 1085 5857 nisi
1102 5804 1246 5876 quod
1266 5803 1591 5877 ἐλπιζόμενα
1623 5798 1857 5872 ἐλπίζειν
1889 5810 2027 5865 scri-

2116 3304 2224 3358 τῶν
2279 3306 2337 3358 ἐν
2385 3307 2505 3367 ταῖς
2551 3298 2766 3374 κώμαις
2799 3300 3041 3371 ἀδελφῶν
3063 3317 3075 3328 ·
3114 3298 3396 3369 παρόντων
3443 3297 3542 3349 καὶ
3585 3294 3692 3347 τῶν

2120 3397 2452 3469 βουλομένων
2482 3394 2746 3464 ἀδελφῶν,
2774 3392 3008 3464 δημοσία
3034 3391 3129 3462 τὴν
3170 3388 3416 3454 ἐξέτασιν
3463 3387 3692 3458 ποιήσα-

2119 3487 2241 3541 σθαι
2268 3487 2364 3541 τοῦ
2392 3486 2549 3555 λόγου
2576 3484 3012 3557 προετρεψάμην.
3044 3481 3153 3535 Καὶ
3174 3479 3330 3533 τοῦτό
3365 3496 3457 3550 μοι
3488 3494 3691 3550 προσα-

2116 3582 2390 3649 γαγόντων
2420 3580 2482 3633 τὸ
2515 3579 2713 3650 βιϐλίον
2742 3577 2816 3642 ὥς
2842 3595 2893 3630 τι
2920 3575 3080 3629 ὅπλον
3123 3575 3216 3628 καὶ
3257 3575 3440 3643 τεῖχος
3484 3572 3690 3626 ἀκατα-

2120 3671 2356 3741 μάχητον
2385 3670 2517 3742 (10),
2551 3668 2933 3739 συγκαθεσθεὶς
2960 3668 3141 3731 αὐτοῖς
3178 3665 3345 3738 τριῶν
3384 3664 3514 3735 ἑξῆς
3558 3667 3691 3738 ἡμε-

2119 3759 2226 3831 ρῶν
2253 3760 2310 3828 ἐξ
2345 3760 2418 3813 ἔω
2454 3760 2643 3832 μέχρις
2673 3758 2929 3830 ἑσπέρας,
2967 3755 3259 3810 διευθύνειν
3290 3753 3597 3831 ἐπειράθην
3625 3753 3691 3806 τά

2117 3849 2669 3922 γεγραμμένα.Ἔνθα
2689 3848 2862 3903 καὶτὸ
2886 3845 3142 3909 εὐσταθὲς
3165 3846 3259 3899 καὶ
3283 3844 3345 3897 τὺ
3374 3844 3688 3915 φιλάληθες,

2117 3940 2212 3995 καὶ
2239 3940 2299 3993 τὸ
2327 3936 2862 4011 εὐπαρακολούθητον
2893 3932 3005 4007 (H)
3035 3934 3129 3989 καὶ
3158 3932 3375 3987 συνετὸν
3405 3934 3688 4004 ὑπερηγά-

2117 4032 2250 4104 σθην
2295 4030 2402 4085 τῶν
2433 4028 2697 4100 ἀδελφῶν,
2832 4028 2891 4081 ἐν
2920 4026 3071 4093 τάξει
3110 4027 3205 4080 καὶ
3247 4027 3364 4097 μετ’
3392 4027 3689 4088 ἐπιεικείας

2116 4211 2267 4272 ptum
2322 4202 2573 4257 habetur.
2620 4200 2743 4272 Sed
2789 4201 3098 4257 rectissima
3144 4200 3487 4272 esticodicis
3541 4199 3680 4272 Has.

2116 4270 2294 4339 lectio,
2321 4287 2487 4342 quam
2522 4286 2624 4342 ego
2666 4270 2982 4342 priusquam
3018 4271 3399 4339 comperissem
3421 4311 3437 4330 .
3481 4270 3677 4326 subau-

2114 4340 2369 4397 diendum
2401 4341 2490 4396 hic
2510 4340 2632 4412 esse
2647 4340 2761 4412 ἀπὸ
2783 4340 2966 4395 κοινοῦ
2999 4341 3219 4412 verbum
3247 4342 3682 4412 φρονεῖν-ωειί-

2116 4413 2352 4536 rSnalnliml.
2403 4411 2591 4467 Codici
2644 4410 2783 4467 Mal.
2832 4411 3183 4468 subscribunt
3224 4409 3397 4465 codex
3450 4409 3592 4465 Fuk.
3633 4419 3681 4464 et

2161 4498 2244 4536 aVI
2273 4523 2287 4536 .
2348 4498 2403 4535 υ.

2161 4498 2287 4537 avn.
2324 4498 2403 4535 ID.

2187 4552 2264 4622 (8)
2307 4552 2408 4605 Ἐν
2429 4551 2544 4620 μὲν
2596 4546 2710 4606 οὖν
2736 4550 2818 4617 τῷ
2852 4551 3262 4622 Ὰρσενοείτῃκ
3289 4549 3489 4622 Mirum
3524 4561 3607 4607 est
3629 4552 3677 4607 in

2124 4619 2297 4677 tribus
2342 4619 2544 4676 noStris
2590 4619 2989 4688 codicibus,’et
3017 4621 3158 4692 apud
3202 4619 3574 4690 Nicephorum
3618 4638 3677 4677 ac

2120 4692 2470 4762 Ptolemaeum
2502 4693 2573 4746 ita
2601 4692 2725 4762 legi,
2759 4707 2884 4747 cum
2930 4702 3137 4748 constet
3170 4692 3523 4762 scribendum
3566 4709 3677 4747 esst:

2133 4761 2487 4833 Ἂρσινοείτῃε
2522 4762 2611 4818 Sic
2639 4761 2788 4817 euim
2818 4764 2975 4827 dicta,
2994 4775 3078 4818 est
3118 4762 3234 4817 haec
3264 4761 3592 4831 praafeclura
3614 4765 3678 4818 ab

2121 4832 2353 4887 Arsinoe
2382 4832 2589 4900 regina.
2626 4833 2702 4887 In.

2193 4902 2269 4972 (9)
2327 4901 2683 4962 Ἐπεπόλαζε
2724 4903 2788 4957 τὸ
2820 4902 3027 4973 δόγμα.
3063 4901 3293 4973 Ιιειιιειιε⁸
3325 4910 3382 4956 et
3409 4901 3680 4959 Musculus

2124 4972 2588 5042 interpretantur,
2632 4974 2864 5027 emersit.
2902 4972 3458 5042 ’Christophorsonus
3508 4984 3678 5028 autem

2125 5041 2308 5103 vertit,
2348 5042 2544 5110 prodiit
2586 5044 2641 5096 in
2690 5042 2880 5102 lucem.
2930 5041 3045 5112 Ego
3085 5059 3215 5097 vero
3263 5043 3426 5097 malui
3453 5052 3677 5101 vertere.

2127 5112 2401 5177 increbuit,
2444 5127 2551 5181 quo
2581 5128 2742 5168 sensu
2783 5112 3049 5169 Eusebius
3113 5114 3253 5167 hanc
3284 5128 3478 5167 vocem
3530 5128 3681 5167 usur-

2126 5191 2217 5252 pat
2248 5182 2301 5235 in
2328 5198 2447 5251 cap.
2470 5183 2539 5236 ‘29
2562 5183 2679 5237 libri
2712 5197 2806 5237 vlt.
2833 5181 2908 5236 In.

2200 5252 2311 5323 (10)
2350 5254 2624 5321 Ἅμαχον.
2660 5252 2842 5309 Codex
2886 5252 3025 5307 Med.
3058 5262 3113 5307 et
3141 5252 3277 5307 Mat.
3305 5253 3513 5307 habent
3551 5253 3679 5305 ἀκει-

2125 5324 2471 5395 ταμάχητον,
2508 5325 2663 5395 longe
2714 5324 2914 5378 rectius
2946 5344 2960 5379 :
3009 5323 3088 5378 sic
3128 5326 3290 5379 etiam
3338 5324 3596 5378 scribitur
3628 5324 3676 5372 iu

2128 5394 2313 5448 codice
2336 5394 2473 5448 Fuk.
2496 5403 2550 5448 et
2591 5394 2757 5449 Savil.

2200 5464 2310 5530 (Η)
2345 5465 2980 5531 Εὐπαρακολούθητον.
3006 5462 3255 5521 Feliciter
3292 5463 3425 5518 mihi
3457 5462 3680 5520 vertisse

2128 5533 2315 5607 videor
2341 5575 2355 5598 ,
2408 5534 2750 5607 docilitatem.
2806 5534 2941 5607 Nam
2994 5533 3414 5607 παρακολουθεῖν
3467 5533 3680 5605 proprie

2129 5603 2384 5658 dicuntur
2420 5605 2731 5673 auditores,
2780 5606 2874 5673 qui
2919 5603 3140 5660 sensum
3191 5603 3482 5661 verborum
3536 5618 3679 5657 asse-

2131 5683 2390 5744 quuntur.
2420 5672 2557 5730 Male
2585 5690 2713 5744 ergo
2737 5672 3013 5731 Masculus
3065 5685 3119 5730 et
3154 5675 3678 5744 Christophorsonus

2131 5742 2428 5815 obsequium
2458 5742 2792 5816 interpretati
2822 5751 2966 5803 sunt.
2992 5747 3186 5805 νιιεε.
