3972 6318
1454 380 1509 436 S.
1553 371 1850 434 DlONYSll
1888 361 2199 425 EPISCOPI
2237 350 2701 415 ALEXANDRINI

473 504 630 570 licet,
676 513 731 561 et
778 519 967 560 eorum
994 519 1115 574 qua:
1142 502 1243 558 sub
1272 507 1459 555 ventre
1491 506 1618 554 sunt
1660 493 1939 556 satietate,
1983 487 2031 542 id

2137 478 2309 534 ταῦτα
2346 474 2497 546 ᾠήθη
2538 466 2862 543 ποριεῖσθαι,
2892 466 3103 536 ἑορταῖς
3134 461 3229 516 καὶ
3258 458 3473 522 θυσίαις
3499 459 3596 512 καὶ
3631 459 3719 510 ἱε-

2209 569 2218 574 .
2513 565 2534 574 ..
2601 562 2655 574 ..ι-ι
2707 558 2720 574 \
2771 557 2812 574 nu
2867 555 3012 574 sn__-:
3032 571 3109 574 ___
3153 551 3369 574 -_!._._.'.--
3411 548 3473 574 2...
3501 546 3677 574 -Αῒ...ι

474 546 630 570 ..ν-η,
677 546 731 561 ν.
778 546 967 560 νων...
994 546 1115 574 .,.....
1143 546 1242 558 .,...,
1285 546 1458 555 .-..---
1491 546 1617 554 ---η
1661 546 1787 551 μη
1925 546 1939 556 ,

472 607 559 653 est
590 596 643 652 in
669 598 804 652 cibis
831 612 893 651 ac
918 597 1148 666 poculis,
1193 595 1247 650 in
1279 590 1482 661 nuptiis
1523 597 1576 644 et
1622 587 1673 641 in
1725 586 1792 639 iis
1835 580 2031 651 quibus

2140 569 2296 644 ρείων
2329 565 2583 635 σφαγαῖς.
2601 558 2739 628 Ἐγὼ
2766 557 2823 610 δὲ
2856 555 3115 625 ἀθετῆσαι
3150 553 3247 623 μὲν
3269 551 3372 604 οὐκ
3408 548 3474 603 ἂν
3499 546 3721 619 τολμήα

2352 659 2365 666 .
2411 658 2433 666 -
2469 656 2512 666 -.
2536 654 2547 666 ,
2752 648 2849 666 η..
2932 645 3046 666 ,,._.
3082 644 3163 666 ,Α
3203 641 3431 666 ηψπ,
3471 639 3720 666 ,ιλ-,ιω

475 687 580 742 ista
618 686 897 741 honestius
928 686 1107 755 parari
1149 698 1307 755 posse
1343 676 1717 735 existimabat,
1765 670 1915 725 festis
1952 666 2037 720 ni.

458 779 674 833 mirum
711 787 779 855 et.
814 778 1117 842 sacrificiis,
1165 787 1217 830 et
1247 773 1549 829 hostiarum
1590 761 2031 822 mactationibus.

458 871 588 940 ‘Ego
622 887 749 927 vero
789 871 985 924 librum
1018 869 1166 921 illum
1197 865 1417 934 rejicere
1442 860 1663 916 omnino
1690 870 1800 910 non
1832 855 2031 916 ausim,

472 963 770 1031 praesertim
818 977 940 1016 cum
975 958 1131 1014 multi
1177 973 1242 1011 ex
1283 953 1541 1009 fratribus
1582 963 1705 1002 eum
1739 943 1920 1014 magni
1951 942 2034 996 fa~

473 1053 636 1107 ciant.
680 1050 781 1104 Sed
816 1048 1123 1119 liujusmodi
1153 1047 1219 1100 de
1251 1045 1341 1098 illo
1367 1041 1674 1112 opinionem
1701 1033 2032 1102 concipiens,

472 1140 628 1209 quasi
655 1154 848 1194 sensus
874 1139 975 1193 mei
1008 1138 1226 1192 modum
1251 1132 1475 1187 excedat
1498 1169 1513 1195 ,
1547 1140 1802 1183 arcanam
1836 1137 2028 1193 quam-

472 1233 595 1288 dam
642 1234 905 1302 planeque
949 1230 1318 1285 admirabilem
1348 1223 1681 1293 singularum
1714 1233 1893 1273 rerum
1942 1217 2028 1270 in-

475 1324 817 1394 telligentiam
865 1323 1031 1376 latere
1068 1320 1337 1375 existimo.
1368 1316 1501 1370 Nam
1534 1313 1636 1369 etsi
1673 1312 1789 1381 ipse
1813 1325 1919 1364 non
1946 1309 2030 1363 in-

471 1416 669 1481 telligo,
704 1414 1155 1484 suspicor-tamen
1203 1412 1445 1464 altiorem
1479 1405 1765 1476 quemdam
1807 1416 2030 1456 sensum

472 1508 650 1563 verbis
677 1507 917 1563 subesse.
970 1503 1151 1573 anue
1186 1517 1292 1556 non
1342 1513 1463 1553 meo
1491 1496 1659 1565 ipsius
1681 1493 1886 1564 judicio
1915 1505 2032 1545 me-

473 1598 580 1652 tior
622 1606 782 1665 atque
823 1594 1065 1649 aestimo:
1116 1591 1209 1646 sed
1258 1590 1379 1659 plus
1411 1587 1533 1642 fidei
1561 1585 1821 1645 tribuens,
1862 1580 2032 1637 subli-

2136 639 2289 732 σαιμι
2317 659 2380 712 τὸ
2410 654 2608 729 βιϐλίον
2626 669 2640 682 ο
2682 648 2889 703 πολλῶν
2920 645 3053 702 αὐτὸ
3077 644 3166 698 διὰ
3198 641 3431 711 σπουδῆς
3470 639 3731 710 ἐχόντων

2131 729 2406 824 ἀδελφῶν’
2465 747 2682 820 μείζονα
2725 743 2783 796 δὲ
2831 742 2929 811 τῆς
2977 734 3213 808 ὲμαυτοῦ
3261 734 3572 804 φρονήσεως
3588 729 3723 824 ’τὴν

2134 821 2398 914 ὑπόληψιν
2446 839 2543 910 τὴν
2584 836 2712 907 περὶ
2761 831 2930 887 αὐτοῦ
2976 828 3285 900 λαμϐάνων,
3309 821 3721 893 κεκρυμμένην

2132 935 2270 991 εἷναί
2294 912 2430 987 τινα
2472 930 2566 984 καὶ
2598 923 3047 998 θαυμασιωτέραν
3073 920 3169 991 τὴν
3201 918 3321 973 καθ’
3352 917 3582 968 ἕκαστον
3611 912 3723 963 ὲκ-

2132 1026 2292 1097 δοχὴν
2338 1021 2716 1092 ὑπολαμϐάνω.
2757 1017 2867 1073 Καὶ
2914 1016 3023 1085 γὰρ
3071 1015 3119 1065 εί
3171 1011 3244 1083 μὴ
3293 1009 3536 1079 συνίημι,
3580 1001 3714 1057 ἀλλ’

2132 1116 2342 1172 ὑπονοῶ
2371 1130 2435 1182 γε
2460 1112 2582 1165 νοῦν
2613 1126 2735 1163 τινα
2767 1107 3061 1179 βαθύτερον
3086 1101 3360 1171 ἐγκεῖσθαι
3375 1102 3484 1161 τοῖς
3514 1098 3721 1167 ῥήμα-

2136 1226 2249 1282 σιν·
2285 1208 2383 1259 οὐκ
2412 1206 2522 1275 ἰδίῳ
2551 1202 2721 1256 ταῦτα
2750 1199 2961 1273 μετρῶν
2982 1198 3074 1251 καὶ
3096 1195 3290 1267 κρίνων
3319 1190 3581 1260 λογισμῷ,
3602 1187 3718 1242 πί-

2137 1318 2250 1355 στει
2293 1298 2349 1351 δὲ
2395 1296 2553 1350 πλέον
2592 1294 2788 1365 νέμων,
2821 1290 3122 1361 ὑψηλότερα
3159 1287 3193 1358 ἢ
3236 1284 3325 1338 ὑπ’
3348 1282 3480 1355 ἐμοῦ
3524 1296 3717 1334 κατα.-

2135 1398 2399 1472 ληφθῆναι
2439 1393 2722 1464 νενόμικα·
2766 1391 2861 1444 καὶ⁸
2902 1389 3002 1442 οὐκ
3048 1380 3428 1453 ἀποδοκιμάζω
3456 1374 3727 1472 ταῦτα-ἃ.

2139 1463 2228 1563 μη-
2260 1463 2574 1559 συνεώρακα
2593 1501 2607 1516 ·
2656 1481 2916 1555 θαυμάζω
2942 1480 2999 1534 δὲ
3031 1477 3225 1551 μᾶλλον
3255 1476 3334 1528 ὅτι
3370 1473 3443 1545 μὴ
3474 1472 3572 1525 καὶ
3612 1463 3716 1522 εἴ-

2136 1581 2246 1634 δον.
2358 1606 2363 1613 ο
3650 1580 3659 1583 ‘

472 1698 640 1755 miora
676 1710 795 1753 esse
831 1706 1028 1748 censeo
1064 1705 1223 1760 quam
1262 1696 1323 1741 ut
1366 1702 1397 1740 a
1450 1700 1539 1740 me
1574 1677 1985 1754 'percipiantur.
2024 1679 2141 1735 Nec
2176 1694 2242 1736 ea
2278 1677 2582 1735 condemno
2631 1686 2753 1743 quae
2786 1665 3088 1739 intelligere
3123 1678 3235 1719 non
3271 1658 3421 1732 potui
3459 1674 3474 1710 :
3510 1669 3713 1712 verum

470 1791 597 1851 inde
633 1787 869 1846 admiror
904 1783 1092 1856 magis.
1133 1782 1275 1851 quod
1309 1796 1501 1850 capere
1536 1791 1648 1832 non
1684 1786 1925 1845 possum.

542 1883 631 1938 IV.
679 1883 916 1938 Posthazc
946 1854 1144 1951 integro
1183 1879 1526 1933 Revelationis
1552 1876 1686 1930 libro
1711 1878 2031 1941 examinato,

2204 1876 2277 1927 A'.
2330 1870 2458 1928 Ἐπὶ
2492 1869 2723 1934 τούτοις
2749 1867 2864 1933 τὴν
2893 1865 3045 1930 ὅλην
3088 1860 3197 1928 τῆς
3239 1854 3710 1921 nuculeum»;-

472 1984 744 2047 postquam
781 1973 1102 2042 apertissime
1128 1970 1373 2036 ostendit,
1403 1985 1520 2023 eum
1562 1984 1774 2039 prorsus
1817 1968 2039 2039 intelligi

476 2081 578 2120 non
609 2082 756 2136 posse
771 2064 931 2133 juxta
961 2063 1164 2118 obvium
1194 2063 1464 2115 verborum
1491 2076 1719 2126 sensum,
1753 2059 1861 2113 hare
1881 2060 2040 2129 subji-

476 2156 600 2210 cit:
630 2155 888 2211 Absoluta
932 2155 1148 2210 demum
1194 2150 1446 2205 universa
1495 2148 1843 2219 praedictione
1893 2165 1989 2204 sua
2019 2189 2034 2214 ,

476 2247 731 2317 propheta
764 2247 948 2302 beatos
981 2242 1297 2316 pronuntiat
1323 2250 1436 2296 tum
1468 2256 1562 2297 eos
1589 2241 1682 2310 qui
1710 2256 1827 2295 eam
1853 2255 2037 2295 serva-

474 2335 670 2398 verint,
727 2343 840 2391 tum
880 2351 938 2393 se
985 2337 1183 2405 ipsum.
1221 2333 1415 2388 Beatus
1441 2373 1457 2398 ,
1496 2332 1705 2403 inquit,
1737 2332 1826 2403 qui
1866 2343 2035 2407 servat

474 2429 626 2483 verba
650 2429 930 2498 prophetia:
964 2427 1085 2480 libri
1111 2426 1296 2495 hujus;
1332 2436 1382 2481 et
1410 2442 1501 2497 ego
1525 2426 1632 2495 ipse
1664 2423 1915 2490 Joannes,
1947 2424 2039 2494 qui

473 2520 582 2574 haec
604 2520 707 2573 vidi
729 2529 880 2590 atque
901 2518 1079 2572 audivi
1116 2519 1155 2571 ί.
1179 2515 1442 2572 Joannem
1468 2517 1631 2586 igitur
1659 2516 1805 2570 hunc
1831 2517 2035 2580 vocari,

472 2619 528 2666 et
559 2611 753 2665 librum
798 2626 828 2664 a
874 2609 1081 2665 Joanne
1133 2610 1394 2679 scriptum
1446 2623 1596 2672 esse,
1641 2622 1751 2661 non
1802 2606 2033 2661 inlicior.

473 2699 665 2757 Fateor
695 2701 836 2757 enim
860 2702 1030 2756 sancti
1055 2698 1334 2769 cujusdam
1365 2705 1419 2751 et
1442 2696 1623 2750 divino
1642 2694 1843 2765 Spiritu
1869 2691 2034 2747 afﬂati

475 2794 573 2849 viri
601 2793 653 2848 id
684 2809 820 2864 opus
843 2809 981 2848 esse.
1037 2790 1140 2845 Sed
1168 2792 1310 2844 hunc
1348 2789 1525 2858 ipsum
1555 2802 1674 2842 esse
1710 2785 2033 2855 apostolum,

473 2884 714 2941 Zebedmi
743 2884 932 2949 lilium,
962 2880 1146 2936 Jacobi
1193 2879 1438 2945 fratrem,
1473 2878 1629 2944 cujus
1674 2885 1758 2931 est
1795 2874 2033 2945 Evange-

473 2977 604 3032 lium
647 2976 777 3032 illud
821 2973 966 3044 quod
1010 2972 1293 3026 secundum
1322 2973 1581 3023 Joannem
1623 2967 1936 3022 inscribitur
1980 2976 2035 3022 et

472 3066 711 3151 Epistula
734 3065 1018 3127 catholica,
1049 3062 1191 3116 haud
1219 3061 1373 3115 facile
1395 3059 1778 3115 concesserim.
1812 3056 1946 3112 Nam
1968 3073 2035 3113 ex

472 3148 757 3228 utriusque
788 3154 945 3226 genio
974 3161 1028 3207 et
1051 3150 1226 3206 forma
1266 3150 1545 3221 loquendi,
1583 3156 1637 3205 et
1661 3164 1727 3204 ex
1754 3148 1919 3203 libelli
1950 3159 2033 3203 to-

2132 1965 2479 2035 βασανίσας
2503 1959 2758 2032 γραφὴν,
2787 1957 3083 2013 ἀδύνατον
3102 1953 3171 2005 δὲ
3193 1948 3384 2016 αὐτὴν
3408 1946 3561 2000 κατὰ
3579 1943 3723 2011 τὴν

2137 2060 2454 2129 πρόχειρον
2477 2050 2797 2117 ἀποδείξας
2824 2048 3089 2104 νοεῖσθαι
3120 2042 3404 2106 διάνοιαν,
3426 2035 3725 2106 ἐπιφέρειν

2134 2150 2359 2220 λέγων·
2395 2144 2718 2206 Συντελέσας
2746 2142 2809 2213 δὴ
2848 2141 3046 2204 πᾶσαν,
3075 2137 3151 2201 ὡς
3190 2136 3379 2200 είπεῖν,
3416 2131 3515 2201 τὴν
3562 2143 3716 2198 προ-

2137 2239 2384 2312 φητείαν,
2422 2235 2712 2309 μακαρίζει
2742 2234 2770 2285 ὁ
2793 2232 3075 2304 προφήτης
3095 2226 3218 2291 τούς
3239 2243 3298 2279 τε
3325 2223 3715 2294 φυλάσσοντας

2135 2332 2320 2402 αὐτὴν,
2356 2329 2449 2384 καί⁵
2479 2328 2543 2399 δὴ
2579 2327 2673 2381 καὶ
2702 2324 2915 2378 ἑαυτόν.
2956 2318 3255 2389 Μακάριος
3278 2315 3405 2388 γὰρ,
3439 2312 3629 2402 φησιν,
3668 2312 3715 2363 ὁ

2135 2401 2327 2488 τηρῶν
2366 2416 2508 2483 τοὺς
2536 2416 2755 2485 λόγους
2785 2411 2895 2481 τῆς
2924 2408 3280 2480 προφητείας
3312 2404 3418 2459 τοῦ
3446 2401 3727 2467 ,ϐιϐλίον

2135 2508 2380 2562 τούτου·
2425 2503 2585 2575 κάγὼ
2626 2500 2899 2568 Ἰωάννης
2936 2502 2970 2553 ὀ
3012 2497 3261 2563 βλέπων
3307 2492 3403 2548 καὶ
3454 2490 3709 2545 ἀκούων

2136 2600 2338 2655 ταῦτα.
2370 2596 2665 2653 Καλεῖσθαι
2693 2595 2790 2666 μὲν
2821 2588 2911 2647 οὖν
2935 2591 3094 2646 αὐτὸν
3138 2590 3406 2657 Ἰωάννην,
3434 2583 3532 2638 καὶ
3558 2578 3709 2636 εἶναι

2134 2698 2232 2769 τὴν
2272 2695 2487 2767 γραφὴν
2539 2693 2785 2747 Ἰωάννου
2819 2689 3042 2761 ταύτην,
3089 2686 3188 2739 οὐκ
3236 2682 3465 2754 ἀντερῶ.
3511 2678 3709 2747 Ἁγίου

2138 2790 2237 2862 μὲν
2279 2788 2386 2859 γὰρ
2432 2781 2569 2839 εἶναι
2609 2800 2755 2847 τινος
2792 2782 2888 2857 και
2927 2778 3282 2843 θεοπνεύστου
3328 2771 3586 2828 συναινῶ.
3620 2771 3707 2823 Οὐ

2137 2881 2242 2953 μὴν
2273 2880 2467 2952 ῥαδίως
2493 2877 2559 2932 ἂν
2588 2875 2767 2930 συνθεί
2773 2891 2878 2947 μην
2902 2872 3087 2927 τοῦτον
3107 2865 3245 2924 εἶναι
3264 2868 3353 2921 τὸν
3376 2863 3704 2953 ἀπόστολον,

2132 2951 2225 3026 τὸν
2269 2972 2383 3025 υἱὸν
2421 2968 2723 3030 Ζεϐεδαίου,
2782 2969 2877 3022 τὸν
2918 2965 3142 3035 ἀδελφὸν
3193 2959 3449 3016 Ἰακώϐου
3467 2975 3482 2989 ο
3530 2951 3596 3013 οὖ
3637 2957 3711 3010 τὺ

2132 3063 2458 3133 Εὑαγγέλιον
2488 3062 2549 3116 τὸ
2576 3060 2725 3115 κατὰ
2764 3057 3039 3127 Ἰωάννην
3074 3052 3577 3125 ἐπιγεγραμμένον,
3606 3051 3706 3103 καὶ

2133 3158 2168 3229 ἡ
2218 3155 2502 3227 Ἐπιστολὴ
2534 3157 2567 3227 ἡ
2595 3152 2871 3223 καθολική.
2900 3148 3275 3221 Τεκμαίρομαι
3302 3146 3412 3216 γὰρ
3436 3142 3499 3197 ἐκ
3517 3160 3584 3196 τε
3608 3142 3707 3196 τοῦ

470 3253 581 3308 tius
611 3251 776 3306 ductu
807 3264 872 3304 ac
896 3245 1246 3317 dispositione
1266 3286 1283 3312 ,
1328 3259 1438 3299 non
1478 3260 1645 3299 unum
1676 3243 2031 3313 eumdemque

2133 3215 2294 3321 fidat);
2326 3215 2620 3320 ἑκατέρων,
2648 3244 2742 3299 καὶ
2771 3215 2863 3297 τοῦ
2892 3242 2997 3295 τῶν
3015 3215 3197 3309 λόγων
3240 3239 3439 3302 εἴδους,
3473 3236 3573 3290 καὶ
3604 3235 3709 3306 τῆς

472 3346 789 3414 scriptorem
812 3357 931 3397 esse
958 3341 1209 3410 coniicio.
1236 3337 1442 3407 Quippe
1467 3337 1793 3407 evangelista
1814 3337 2030 3405 quidem

471 3432 661 3489 nullibi
695 3446 888 3486 nomen
923 3445 1081 3485 suum
1118 3428 1338 3485 ascribit
1372 3446 1387 3482 :
1421 3442 1520 3482 nec
1553 3436 1723 3481 semet
1763 3425 1896 3495 ipse,
1939 3434 2033 3480 aut

471 3530 528 3582 in
573 3524 900 3594 Evangelio,
944 3532 1037 3575 aut
1066 3522 1117 3574 in
1160 3519 1397 3589 Epistola
1440 3517 1715 3588 praedicat.
1762 3515 1830 3569 Et
1871 3516 2030 3584 paulo

470 3627 586 3689 post
623 3615 841 3670 subdit:
881 3613 1116 3669 Joannes
1145 3627 1272 3665 vero
1312 3626 1602 3678 nusquam,
1642 3623 1742 3663 nec
1774 3615 2030 3674 tanquam

471 3709 539 3764 de
572 3724 630 3765 se
660 3708 797 3777 ipso,
846 3722 944 3761 nec
973 3715 1227 3773 tanquam
1270 3703 1337 3757 de
1364 3703 1550 3757 altero.
1588 3702 1656 3754 At
1684 3700 1772 3755 ille
1809 3699 1903 3770 qui
1927 3699 2033 3753 Re-

470 3801 788 3856 velatiouem
820 3798 1064 3866 scripsit,
1111 3795 1165 3849 in
1214 3795 1331 3864 ipso
1361 3794 1539 3848 statim
1570 3791 1792 3855 exordio
1834 3806 2030 3845 nomen

472 3906 629 3948 suum
677 3890 940 3961 przeligit,
995 3904 1118 3943 cum
1164 3887 1239 3940 ait
1271 3904 1286 3940 :
1320 3884 1583 3939 Revelatio
1626 3882 1751 3938 Jesu
1797 3882 2027 3950 Christi,

470 3999 629 4056 quam
671 3981 812 4035 dedit
854 3981 955 4047 ipsi
995 3987 1051 4031 ut
1107 3976 1285 4046 palam
1326 3975 1516 4043 faceret
1565 3975 1724 4028 servis
1754 3974 1863 4026 suis
1907 3972 2033 4026 cele-

472 4077 636 4140 riter,
696 4082 745 4127 et
792 4069 1107 4142 significavit
1165 4069 1371 4120 mittens
1425 4082 1517 4135 per
1583 4064 1825 4135 angelum
1878 4078 2032 4117 suum

469 4168 667 4223 Joanni
705 4183 851 4221 servo
880 4181 994 4227 suo,
1028 4165 1116 4233 qui
1170 4162 1477 4231 testiﬁcatus
1524 4172 1601 4215 est
1650 4160 1859 4215 verbum
1904 4159 2030 4225 Dei;

468 4274 519 4315 et
551 4259 901 4314 testimonium
927 4256 1060 4325 ejus,
1090 4269 1405 4324 quaecunque
1437 4254 1564 4306 vidit
1598 4256 1638 4307 ³.
1665 4254 1745 4308 Ad
1780 4254 1894 4306 hate
1925 4251 2032 4320 epi—

471 4354 661 4407 stolam
703 4349 892 4404 scribit
937 4366 950 4402 :
996 4345 1261 4408 Joannes,
1300 4345 1504 4413 inquit,
1549 4354 1739 4413 septem
1779 4342 2029 4397 Ecclesiis

470 4461 586 4516 qnce
618 4453 737 4497 sunt
766 4443 818 4495 in
860 4441 986 4495 Asia
1008 4481 1022 4505 ,
1064 4438 1237 4508 gratia
1270 4436 1409 4491 vobis
1450 4447 1497 4491 et
1532 4451 1637 4505 pas:
1666 4435 1707 4490 ³.
1751 4434 2031 4505 Evangeli-

472 4550 582 4592 stes
621 4551 755 4606 .vero
805 4549 872 4589 ne
919 4532 1195 4589 catholicae
1247 4531 1462 4600 quidem
1520 4529 1771 4599 Epistolas
1833 4542 2028 4583 nomen

473 4644 630 4683 suum
668 4627 930 4696 praefixit;
976 4625 1068 4681 sed
1107 4624 1309 4694 absque
1341 4622 1446 4677 ulla
1480 4621 1763 4675 verborum
1806 4618 2029 4687 ambage

472 4718 539 4771 ab
573 4718 688 4785 ipso
728 4718 923 4771 divina:
974 4715 1316 4770 revelationis
1348 4713 1605 4785 mysterio
1646 4727 1873 4769 exorsus
1925 4721 2025 4767 est.

472 4808 622 4874 Quod
655 4808 777 4876 fuit,
818 4808 1011 4875 inquit,
1054 4807 1118 4860 ab
1149 4806 1337 4869 initio;
1374 4805 1511 4874 quod
1543 4803 1858 4866 audivimus,
1892 4802 2027 4872 quod

472 4898 696 4953 vidimus
720 4898 883 4950 oculis
915 4899 1106 4951 nostris
1139 4897 1181 4951 ⁸.
1233 4895 1314 4952 Ob
1341 4895 1651 4966 bujusmodi
1686 4894 1831 4949 enim
1872 4908 2026 4949 reve-

2059 4581 2158 4641 Ι).

2128 3341 2224 3395 τοῦ
2262 3341 2463 3413 βιϐλίου
2506 3338 2837 3408 διεξαγωγῆς
2867 3334 3163 3405 λεγομένης
3192 3333 3324 3405 (20),
3365 3331 3442 3402 μὴ
3480 3330 3579 3382 τὸν
3607 3329 3707 3382 ab.

2127 3437 2219 3490 τὸν
2266 3433 2422 3491 εἶναι.
2474 3435 2532 3487 ὐ
2591 3433 2688 3505 μὲν
2738 3431 2846 3502 γὰρ
2895 3428 3298 3499 εὐαγγελιστὴς,
3350 3422 3599 3494 οὐδαμοῦ
3641 3422 3708 3476 τὸ

2128 3528 2296 3599 ὄνομα
2349 3524 2512 3580 αὑτοῦ
2565 3522 2982 3595 παρεγγράφει·
3023 3520 3142 3573 οὐδὲ
3181 3517 3447 3588 κηρύσσει
3484 3515 3701 3578 ἑαυτὸν,

2127 3619 2247 3673 οὔτε
2286 3618 2372 3672 διὰ
2412 3616 2505 3671 τοῦ
2531 3614 2882 3684 Εὐαγγελίου,
2923 3612 3044 3666 οὔτε
3089 3611 3177 3664 διὰ
3214 3612 3312 3681 τῆς
3352 3607 3697 3675 Ἐπιστολῆς.

2127 3706 2250 3764 Εἴθ’
2279 3707 2527 3774 ὑποϐὰς,
2558 3706 2742 3760 πάλιν
2778 3704 2960 3757 ταῦτα
2988 3701 3180 3771 λέγει·
3225 3699 3481 3768 Ἰωάννης
3516 3697 3577 3749 δὲ
3614 3697 3704 3748 οὺ-

2125 3798 2298 3870 δαμοῦ
2342 3797 2461 3852 οὐδὲ
2492 3796 2566 3862 ὡς
2603 3795 2729 3867 περὶ
2771 3793 2984 3857 ἑαυτοῦ,
3019 3792 3138 3846 οὐδὲ
3170 3790 3244 3853 ὡς
3291 3789 3425 3860 περὶ⁸
3470 3788 3697 3849 ἑτέρον

2127 3892 2155 3945 ὁ
2197 3890 2253 3943 δὲ
2285 3890 2383 3962 τὴν
2428 3887 2788 3957 Ἀποκάλυψιν
2825 3885 3059 3958 γράψας,
3106 3882 3267 3945 εὐθύς
3305 3898 3366 3934 τε
3401 3879 3601 3934 ἑαυτὸν
3645 3880 3701 3931 ὲν

2128 3985 2267 4055 ἀρχῇ
2298 3980 2619 4053 προτάσσει·
2665 3976 3074 4055 Ἀποκάλυψις.
3099 3973 3289 4041 Ἰησοῦ
3325 3971 3596 4040 Χριστοῦ
3622 3970 3705 4039 ἣν

2126 4050 2524 4139 αὐτῷ
2548 4070 2736 4137 δεῖξαι
2763 4069 2886 4135 τοῖς
2912 4050 3156 4132 δούλοις
3189 4064 3374 4120 αὐτοῦ
3401 4064 3477 4117 ἐν
3496 4061 3697 4131 τάχει·

2129 4166 2223 4219 καὶ
2243 4164 2547 4234 ἐσήμανεν
2573 4162 2940 4226 ἀποστείλας
2962 4159 3060 4214 διὰ
3087 4157 3194 4212 τοῦ
3220 4154 3481 4226 ἀγγέλου
3511 4153 3705 4209 αὐτοῦ

2127 4253 2208 4321 τῷ
2234 4255 2429 4320 δούλῳ
2456 4253 2640 4309 αὐτοῦ
2678 4249 2911 4319 Ἰωάννῃ
2931 4266 2945 4281 ·
2982 4249 3050 4316 ὃς
3070 4247 3446 4317 ἐμαρτύρησε
3474 4245 3585 4299 τὸν
3607 4245 3698 4299 λό-

2128 4364 2237 4417 γον
2277 4346 2381 4401 τοῦ
2415 4346 2583 4409 Θεοῦ,
2613 4343 2710 4397 καὶ
2740 4341 2853 4410 τὴν
2884 4341 3218 4411 μαρτυρίαν
3246 4338 3436 4392 αὐτοῦ
3470 4338 3592 4391 ὅσα
3617 4331 3698 4390 εἷ-

2130 4438 2254 4493 δεν.
2270 4434 2401 4491 Εἶτα
2421 4438 2514 4491 καὶ
2539 4435 2825 4507 ἐπιστολὴν
2844 4434 3066 4506 γράφειο
3099 4431 3370 4498 Ἰωάννης
3396 4429 3524 4496 ταῖς
3551 4427 3699 4482 ἑπτὰ

2143 4530 2515 4596 Ἐκκλησίαις
2530 4524 2819 4595 ταῖςέντῇ
2835 4526 3013 4592 Ἀσίᾳ,
3028 4523 3196 4593 χάρις
3213 4519 3693 4592 ὑμῖνκαὶειρήνηθ

2161 4623 2201 4674 0
2234 4622 2291 4675 δέ
2325 4638 2385 4690 γε
2427 4620 2833 4691 εὐαγγελιστὴς,
2867 4616 3075 4671 οὐδὲτὸ
3131 4615 3242 4687 [ἵσ.
3303 4612 3430 4686 τῆς]
3484 4612 3693 4667 καθολι-

2134 4712 2235 4783 κῆς
2269 4710 2582 4781 Ἐπιστολῆς
2609 4708 2955 4781 προέγραψεν
2984 4707 3174 4761 ἑαυτοῦ
3206 4706 3265 4760 τὸ
3301 4707 3477 4776 ὄνομα
3501 4723 3516 4735 ν
3562 4700 3691 4759 sm

2133 4804 2436 4874 ἀπερίττως
2468 4804 2559 4856 ἀπ’
2592 4802 2754 4855 αὐτοῦ
2783 4801 2874 4856 τοῦ
2909 4801 3205 4873 μυστηρίου
3238 4799 3337 4868 τῆς
3371 4797 3528 4862 θείας
3563 4798 3691 4849 ἀπο-

2132 4894 2411 4964 καλύψεως
2436 4894 2636 4967 ἤρξατο
2652 4911 2667 4925 ·
2702 4896 2770 4947 ‘0
2796 4891 2875 4964 ἦν
2893 4894 2994 4948 ἀπ’
3020 4891 3237 4962 ἀρχῆς,
3272 4890 3303 4943 δ
3323 4891 3687 4960 ἀκηκόαμεν,

543 5072 563 5105 ι
591 5069 760 5137 Apoc.
788 5082 927 5130 χχιι,
957 5067 1011 5135 7,
1033 5068 1087 5123 8.
1163 5076 1184 5107 ⁸
1211 5068 1377 5139 Apoc.
1408 5085 1447 5136 ι,
1480 5070 1532 5136 1,
1563 5069 1618 5123 2.
1697 5068 1869 5126 'lbid.
1906 5070 1960 5127 4.

2138 5068 2433 5137 Joan.t,l.

470 5235 767 5312 praeferret.
800 5232 936 5290 Hinc
962 5235 1230 5312 immerito
1244 5238 1768 5312 Διοςίι,εὐθυμότεγκδν
1786 5240 2032 5297 Christo-

471 5306 799 5379 phorsonus,
828 5307 1072 5379 tum__bic
1100 5314 1209 5360 tum
1243 5306 1508 5379 inpriore
1538 5306 1655 5364 loco
1678 5306 2028 5379 'Eusebiano;

471 5391 594 5451 cum
629 5376 809 5451 potius
839 5391 906 5451 ex_
941 5377 1032 5431 illo
1060 5376 1204 5430 hunc
1226 5378 1525 5451 refOrmare
1546 5381 1840 5451 debuisset,
1870 5376 2031 5451 quam

471 5447 695 5568 20hr?ch
703 5447 851 5500 illum
877 5446 1191 5517 depravare.
1226 5446 1425 5503 Vaces.
1465 5450 1533 5505 ad
1570 5449 1770 5505 Euseb.
1816 5446 1911 5506 lib'.
1947 5467 2029 5517 ιιι,

470 5529 591 5583 cap.
625 5529 713 5569 zu.

543 5583 656 5663 (30)
705 5585 1069 5667 Διεξᾳγσωγῆς
1120 5588 1467 5659 λεγομένης.
1526 5588 1676 5667 Hom
1707 5591 2026 5667 vocabulum

513 5656 751 5738 roprium
780 5656 881 5738 fuit
930 5656 1343 5738 rhetorttm,-'u_t_
1378 5661 1638 5738 vox_ill:_i_
1661 5661 1959 5738 λεγομένης
1989 5676 2029 5738 _a

524 5726 733 5791 ionysio
767 5726 1197 5801 adjunctasatis
1236 5730 1455 5785 indicat.
1485 5726 1869 5801 ELMuscul'us
1910 5726 2031 5801 qui-

472 5791 595 5855 dem
622 5791 902 5849 tractatum
927 5796 1048 5852 libri
1075 5799 1469 5871 interpretatur.
1499 5791 2021 5872 Cltristopborsonus

2132 5250 2309 5296 autem
2345 5242 2658 5295 discursum.
2697 5240 2807 5311 Ego
2844 5238 3180 5310 διεξαγωγὴν
3224 5237 3367 5311 idem
3399 5250 3527 5311 esse
3567 5250 3691 5311 cen—

2134 5328 2248 5375 seo,
2284 5313 2428 5380 quod
2459 5302 2890 5381 dispositionem,
2923 5302 3036 5364 sive
3050 5302 3378 5381 oixbvouiay.
3393 5304 3535 5381 _Na_m
3557 5302 3690 5381 διεξο

2129 5374 2352 5450 αγαγεῗν
2406 5374 2562 5435 idem'
2595 5390 2677 5435 est
2725 5396 2784 5435 ac
2828 5380 3045 5432 διοικεῖν
3078 5421 3093 5444 ,
3147 5388 3208 5432 ιιι
3233 5374 3433 5450 scribit
3470 5374 3686 5450 Suidas.

2131 5443 2313 5505 Possis
2338 5453 2496 5505 etiam
2526 5451 2861 5519 interpretari
2902 5443 3127 5503 formam
3167 5456 3221 5519 et
3254 5448 3519 5519 rationem
3562 5443 3690 5519 scri-

2130 5520 2289 5574 bendi
2325 5537 2417 5576 seu
2448 5515 2811 5575 characterem
2831 5561 2844 5583 ,
2871 5520 3012 5588 quod
3052 5518 3336 5574 confirmat
3379 5515 3687 5588 Dionysius.

2134 5590 2327 5660 Primo
2345 5592 2486 5644 enim
2515 5591 2622 5644 ἀπὸ
2643 5590 2736 5643 τοῦ
2774 5585 2934 5660 ἤθους
2968 5590 3159 5660 probat
3189 5585 3556 5660 Apocalypsin
3586 5596 3688 5636 non

2133 5675 2253 5715 esse
2302 5658 2528 5713 Joannis
2558 5654 2807 5728 apostoli:
2856 5654 3058 5713 Deinde
3113 5675 3178 5712 ex
3222 5654 3363 5727 stylo
3401 5654 3465 5728 iet
3519 5654 3691 5728 forma

2134 5729 2428 5798 scribendi,
2455 5730 2508 5786 id
2537 5723 2705 5787 estex
2735 5729 2968 5786 dictione
2998 5737 3161 5806 atque
3183 5723 3487 5784 sententiis.
3529 5723 3605 5781 lo.
