3972 6318
244 366 394 424 ἐξιεῖ
974 444 983 459 κ
1083 376 1510 434 FRAGMENTA
1550 378 1642 434 EX
1681 378 1905 437 LIBRIS
1942 380 2029 437 DE
2068 382 2655 443 PBOMISSIONIBUS.
3336 398 3473 454 1216

241 485 282 539 ὃ
327 485 665 557 ἑωράκαμεν
702 489 826 557 τοῖς
868 492 1193 561 ὀφθαλμοῖς
1236 493 1420 564 ἡμῶν.
1471 494 1593 550 Ἐπὶ
1641 496 1795 577 ταύτῃ

1914 497 2165 554 lationem
2213 499 2431 556 Petrum
2479 501 2742 560 Dominus
2784 505 2998 561 beatum
3040 508 3348 577 praedicavit
3385 512 3470 569 his

239 578 357 651 γάρ
388 582 455 651 τῇ
488 581 822 652 ἀποκαλύψει
853 558 947 636 καὶ
971 585 1000 636 6
1038 558 1237 656 Κύριος
1259 558 1350 640 τὸν
1376 588 1579 660 Πέτρον
1608 558 1795 657 ίὲμέκάἶ

1913 588 2089 643 verbis
2135 606 2147 643 :
2180 588 2370 643 Beatus
2408 607 2482 657 es,
2518 591 2723 657 Simon,
2756 593 2836 664 ﬁli
2868 558 3068 661 Jama,r
3102 600 3229 668 quia
3263 617 3386 655 caro
3420 612 3471 659 at

240 685 398 742 ρισεν
437 670 623 726 εἰπών·
658 674 955 742 Μακάριος
996 673 1072 736 εἴ,
1089 679 1301 748 Σίμων,
1343 682 1466 750 βὰρ
1510 682 1686 746 Ἰωνᾶ,
1725 683 1795 736 ὅτη

1910 680 2122 749 sanguis
2170 697 2272 733 non
2307 683 2548 737 reuelauit
2599 684 2713 749 tibi,
2759 688 2847 738 sed
2902 687 3061 741 Pater
3104 707 3246 745 meus
3289 694 3376 762 qui
3416 695 3473 749 in

235 762 404 831 σὰρξ
429 763 528 816 καὶ
555 760 696 834 αἷμα
722 768 831 820 οὐκ
864 768 1218 840 ἁπεκιίλυψέ
1248 787 1366 839 σοι,
1393 775 1528 828 ἀλλ’
1558 778 1591 829 ὀ
1615 775 1795 844 natm

1911 771 2054 826 cretis
2085 781 2162 825 est
2202 774 2245 828 ⁵.
2291 772 2394 829 Sed
2440 792 2614 844 neque
2646 777 2699 830 in
2748 782 2980 834 secunda
3027 798 3089 837 ac
3143 760 3317 849 tertia,
3350 802 3472 855 qua:

229 872 359 924 μου
388 859 421 909 ό
452 854 745 924 οὐράνιος.
786 859 919 911 Ἀλλ’
957 861 1077 913 οὐδὲ
1109 864 1165 915 ὲν
1193 866 1255 935 τῇ
1285 864 1511 937 δευτέρᾳ
1535 867 1795 939 φερομένῃ

1908 860 2100 917 Joanni
2127 866 2286 935 vulgo
2308 867 2665 933 ascribuntur,
2694 869 2968 940 Epistolis,
3000 880 3245 944 quamvis
3266 854 3475 934 brevis-

253 946 501 1000 Ἰωάννου
535 949 628 1002 καὶ
666 950 843 1023 τρίτῃ,
876 951 967 1006 καί
1012 970 1091 1006 τοι
1132 954 1409 1026 βραχείαις
1442 956 1627 1021 οὔσαις
1665 959 1795 1011 Ἐπι-

1910 954 2084 1017 simis,
2118 954 2350 1012 Joannis
2384 960 2702 1013 vocabulum
2747 973 2953 1031 prostat
2986 1006 2999 1019 .
3044 982 3231 1021 verum
3267 970 3471 1041 absque

239 1039 479 1104 στολαῖς,
513 1043 543 1094 6
578 1042 823 1114 Ἰωάννης
864 1044 1122 1116 ὀνομαστὶ
1168 1047 1477 1118 πρόκειται·
1511 1050 1642 1102 ἀλλά
1675 1051 1795 1104 ἀνω-

1910 1045 2021 1101 ullo
2044 1048 2262 1103 nomine
2298 1047 2485 1104 Senior
2512 1052 2846 1107 inscribitur.
2868 1054 3018 1109 Alter
3045 1066 3223 1111 autem
3249 1060 3336 1114 ille
3362 1039 3466 1115 non

236 1129 430 1202 νῦμως
469 1133 499 1185 6
530 1134 931 1203 πρεσϐύτερος
954 1137 1280 1207 γέγραπται.
1323 1134 1487 1205 Οὗτος
1511 1140 1566 1193 δέ
1596 1159 1657 1210 γε
1690 1142 1795 1196 οὐδὲ

1909 1138 2042 1193 satis
2096 1139 2285 1193 habuit
2320 1143 2539 1196 nomine
2586 1158 2687 1198 suo
2717 1146 2882 1199 semel
2925 1148 3068 1201 edito
3106 1152 3469 1207 narrationem

232 1221 515 1295 αὔταρκες
537 1225 781 1300 ἐνόμισεν
811 1227 956 1293 ἅπαξ
978 1228 1165 1284 ἑαυτὸν
1189 1231 1478 1302 ὀνομάσας,
1508 1231 1795 1303 διηγεῖσθαι

1906 1228 2158 1297 deinceps
2209 1231 2499 1300 prosequi;
2540 1234 2631 1287 sed
2668 1233 2861 1288 iterum
2895 1237 3087 1305 repetit
3118 1258 3130 1293 :
3163 1238 3274 1311 Ego
3304 1240 3473 1305 Joang

232 1313 310 1368 τὰ
345 1314 504 1387 ἑξῆς·
546 1316 679 1371 ἀλλα
710 1318 865 1373 πάλιν
908 1320 1306 1392 ἀναλαμϐάνει·
1359 1324 1498 1393 Ἐγὼ
1537 1324 1795 1395 Ἰωάννης

1907 1334 2015 1383 nes,
2059 1318 2226 1387 frater
2261 1329 2311 1373 et
2353 1337 2561 1376 consors
2611 1330 2775 1377 vester
2819 1326 2874 1378 in
2914 1328 3250 1383 tribulatione
3292 1341 3339 1384 et
3387 1350 3471 1385 re-

234 1410 273 1464 d
302 1408 567 1478 ἀδελφὸς
593 1412 775 1481 ὑμῶν,
812 1414 905 1467 καὶ
939 1415 1341 1484 συγκοινωνὸς
1380 1416 1451 1469 ἐν
1493 1415 1566 1484 τῇ
1606 1418 1795 1485 θλίψει

1906 1427 2003 1482 gno
2027 1420 2075 1465 et
2116 1413 2170 1466 in
2198 1413 2454 1481 patientia
2497 1415 2644 1480 Jesu,
2698 1417 2775 1487 fui
2806 1420 2862 1472 in
2894 1419 3068 1473 insula
3107 1438 3222 1491 qua:
3250 1421 3467 1479 Patmos

232 1502 337 1556 καί
370 1502 658 1572 ,ϐασιλείᾳ
700 1505 799 1558 καὶ
827 1505 897 1558 ἐν
932 1505 1209 1577 ὑπομονῇ
1260 1506 1473 1575 Ἰησοῦ,
1518 1507 1795 1577 ἐγενόμην

1905 1510 2137 1567 vocatur,
2162 1512 2374 1572 propter
2411 1505 2621 1559 verbum
2672 1506 2766 1561 Dei
2804 1519 2853 1563 et
2889 1509 3241 1564 testimonium
3270 1511 3397 1565 Iesu
3423 1515 3491 1569 ⁸.

228 1593 308 1648 ἐν
334 1594 414 1664 τῇ
438 1596 611 1665 νήσῳ
635 1596 709 1666 τῇ
733 1599 1073 1669 καλουμένη
1100 1598 1331 1670 Πάτμῳ,
1358 1599 1457 1655 διὰ
1489 1600 1596 1654 τὸν
1624 1601 1795 1671 λόγον

1905 1590 1972 1645 Εῑ
2007 1593 2108 1648 sub
2148 1594 2309 1649 tinem
2343 1594 2467 1649 libri
2502 1612 2694 1653 rursus
2741 1599 2857 1654 haec
2901 1600 3050 1656 addit
3092 1620 3106 1658 :
3146 1603 3340 1658 Beatus
3378 1608 3470 1676 qui

231 1686 346 1741 τοῦ
379 1687 526 1742 Θεοῦ
571 1690 668 1743 καὶ
703 1688 818 1758 τὴν
849 1691 1181 1760 μαρτυρίαν
1229 1692 1422 1761 Ἰησοῦ
1441 1709 1455 1723 ·
1488 1692 1583 1747 καὶ
1613 1692 1679 1764 δὴ
1714 1694 1795 1746 ml

1905 1694 2073 1741 servat
2098 1687 2249 1740 verba
2277 1687 2562 1758 prophetia:
2588 1688 2710 1743 libri
2740 1690 2935 1760 hujus;
2976 1700 3025 1745 et
3069 1708 3161 1764 ego
3198 1693 3426 1749 Joannes
3448 1736 3467 1763 ,

228 1779 377 1850 πρὸς
401 1779 477 1852 τῷ
505 1781 646 1836 τέλει
682 1781 849 1837 ταῦτα
881 1779 998 1837 εἷπε
1018 1802 1031 1815 ·
1058 1783 1361 1854 Μακάριος
1387 1789 1421 1840 ὁ
1448 1785 1642 1853 τηρῶν
1664 1784 1795 1852 τοὺς

1906 1778 1997 1848 qui
2039 1778 2148 1834 hate
2188 1779 2295 1832 uidi
2331 1788 2381 1833 et
2430 1780 2673 1836 audivi’.
2710 1780 2969 1837 Joannem
3013 1784 3176 1855 igitur
3224 1800 3341 1840 esse
3370 1801 3470 1840 au-

484 1874 594 1943 τῆς
620 1877 980 1946 προφητείας
998 1876 1103 1930 τοῦ
1125 1848 1366 1940 ,βιέλίοῦ
1381 1848 1594 1931 τούίσυ
1615 1895 1628 1908 ·

1904 1878 2110 1926 ctorem
2163 1870 2325 1943 hujus
2369 1871 2528 1940 libri.
2567 1872 2672 1945 ipsi
2716 1874 2769 1929 id
2811 1848 3098 1930 allirmatiti
3144 1876 3465 1933 credendum

245 1964 522 2034 Ἰωάννης
550 1969 583 2021 ό
619 1967 870 2033 ,ϐλέπων
908 1969 1005 2022 καὶ
1036 1969 1271 2023 ἀκούων
1312 1969 1515 2025 ταῦτα.
1549 1971 1670 2023 Ὅτι
1705 1969 1804 2042 μὲν
1901 1965 2005 2013 εδει

223 2052 327 2111 οὖν
367 2056 616 2132 Ἰωάννης
661 2061 807 2114 ἐστὶν
849 2063 879 2115 6
914 2062 1083 2117 ταῦτα
1121 2063 1366 2136 γράφων,
1408 2062 1557 2136 αὐτῷ
1596 2062 1803 2134 λέγοντι

228 2152 581 2207 πιστευτέον.
691 2187 695 2197 ι

298 2244 380 2299 E'.
412 2244 571 2309 Ποῖος
609 2245 666 2299 δὲ
700 2237 873 2312 οὗτος,
903 2247 1115 2319 ἄδηλον.
1153 2249 1229 2303 Οὐ
1272 2247 1382 2320 γὰρ
1418 2246 1569 2303 εἶπεν
1611 2247 1795 2304 ἑαυτὸν

1971 2235 2037 2291 ν.
2081 2235 2188 2294 Sed
2238 2238 2490 2309 quisnam
2538 2239 2628 2297 ille
2659 2241 2823 2298 fuerit
2852 2240 3125 2313 Joannes,
3176 2246 3466 2302 incertum.

219 2334 304 2400 ὡς
332 2337 393 2390 ἐν
424 2335 502 2408 τῷ
531 2337 846 2412 Εὐαγγελίῳ
874 2339 1162 2412 πολλαχοῦ,
1188 2340 1280 2397 τὸν
1306 2341 1662 2413 ἠγαπημένον
1696 2342 1795 2395 ὑπὸ

1897 2331 2086 2405 Neque
2131 2333 2278 2388 enim
2308 2350 2367 2391 se
2392 2334 2570 2406 ipsum
2598 2351 2720 2393 esse
2740 2338 2897 2407 dixit,
2927 2340 3069 2396 sicut
3092 2341 3146 2395 in
3176 2342 3467 2413 Evangelio

220 2427 325 2482 τοῦ
367 2429 573 2502 Κυρίου
619 2430 895 2503 μαθητήν·
931 2430 1050 2486 οὐδὲ
1091 2434 1181 2488 τὸν
1216 2435 1555 2490 ἀναπεσόντα
1600 2435 1690 2488 ἐπὶ
1739 2436 1795 2490 τὸ

1900 2426 2099 2497 saepius
2124 2425 2346 2493 dicitur,
2376 2426 2705 2498 discipulum
2750 2431 2903 2486 illum
2934 2444 3095 2503 quem
3141 2431 3330 2489 dilexit
3353 2433 3466 2489 Do-

229 2520 433 2592 στῆθος
472 2520 635 2576 αὐτοῦ
654 2538 670 2553 ·
704 2522 824 2576 οὐδὲ
851 2523 944 2578 τὸν
977 2524 1199 2594 ἀδελφὸν
1241 2524 1527 2579 Ἰακώϐου·
1558 2526 1677 2579 οὐδὲ
1708 2525 1795 2581 τὸν

1898 2519 2116 2587 minus;
2152 2528 2247 2574 aut
2277 2518 2429 2575 illum
2495 2521 2590 2591 qui
2615 2538 2778 2594 supra
2819 2534 3006 2595 pectus
3050 2523 3266 2582 Domini
3308 2541 3469 2582 recu-

218 2612 507 2685 αὐτόπτην
549 2614 644 2667 καὶ
672 2613 936 2686 αὐτήκοον
962 2615 1052 2669 τοῦ
1092 2616 1295 2689 Κυρίου
1324 2616 1631 2688 γενόμενον.
1663 2612 1795 2670 Εἶπε

1897 2609 2052 2671 buit;
2095 2620 2191 2665 aut
2220 2609 2445 2666 fratrem
2479 2610 2700 2681 Jacobi;
2747 2623 2842 2669 aut
2885 2614 3036 2670 illum
3072 2616 3308 2687 denique
3369 2618 3467 2688 qui

219 2702 340 2775 γὰρ
371 2703 436 2756 ἄν
460 2720 514 2756 τι
542 2703 743 2759 τούτων
770 2705 877 2759 τῶν
920 2706 1428 2779 προδεδηλωμένων,
1460 2707 1649 2779 σαφῶς
1680 2710 1795 2763 ἑαυ-

1897 2701 2187 2758 Dominum
2230 2704 2365 2760 vidit
2394 2712 2557 2775 atque
2583 2706 2807 2763 audivit.
2854 2707 3073 2779 Aliquid
3097 2710 3240 2765 enim
3271 2710 3467 2766 horum

217 2793 319 2849 τὸν
356 2795 646 2866 ἐμφανίσαι
675 2796 1013 2869 βουλόμενος.
1055 2799 1213 2853 Ἀλλά
1243 2798 1447 2853 τούτων
1480 2800 1578 2871 μὲν
1606 2798 1793 2854 οὐδέν·

1897 2806 2021 2863 quas
2045 2802 2342 2850 memorata
2367 2803 2494 2850 sunt
2525 2803 2671 2852 certe
2694 2796 2940 2862 dixisset,
2990 2798 3037 2854 si
3077 2813 3136 2853 se
3177 2798 3356 2869 ipsum
3396 2800 3467 2853 li-

223 2884 456 2955 ἀδελφὺν
484 2885 540 2940 δὲ
564 2887 720 2960 ἡμῶν
754 2889 848 2943 καὶ
884 2891 1241 2959 συγκοινωνὸν
1272 2887 1390 2944 εἷπε
1424 2892 1518 2944 καὶ
1547 2892 1795 2964 μάρτυρα

1896 2883 2063 2955 quido
2089 2885 2352 2942 voluisset
2378 2887 2681 2944 ostendere.
2710 2886 2816 2943 Sed
2846 2888 3039 2944 horum
3071 2890 3286 2959 quidem
3330 2889 3470 2945 nihil

235 2978 438 3048 Ἰησοῦ,
466 2978 562 3032 καὶ
593 2981 858 3054 μακάριον
888 2983 981 3036 ἐπὶ
1007 2986 1071 3054 τῇ
1101 2983 1198 3054 θέᾳ
1225 2985 1318 3037 καὶ
1345 2984 1479 3055 ἀκοῇ
1519 2984 1626 3039 τῶν
1658 2986 1795 3039 ἀπο-

1895 2977 2080 3047 posuit
2116 2994 2130 3032 :
2164 2976 2388 3033 fratrem
2429 2994 2560 3034 vero
2602 2979 2898 3046 duntaxat,
2939 2990 2993 3035 et
3029 2990 3337 3037 consortem
3367 2997 3469 3037 no—

222 3070 532 3141 καὶώψεων.
564 3072 798 3139 Πολλοὺς
840 3075 895 3128 δὲ
927 3074 1249 3146 ὁμωνύμους
1295 3075 1514 3147 Ἰωάννῃ
1545 3076 1623 3147 τῷ
1662 3077 1795 3132 ἀπο-

1896 3078 2070 3126 strum
2099 3085 2220 3126 sese
2254 3070 2570 3141 appellavit,
2606 3078 2661 3126 et
2695 3079 2884 3128 testem
2913 3070 3077 3140 Jesu;
3120 3074 3336 3129 beatum
3369 3074 3467 3130 de-

217 3162 401 3235 στόλῳ
448 3163 651 3236 νομίζω
696 3168 1014 3236 γεγονέναι·
1060 3167 1108 3221 οἳ
1146 3168 1233 3221 διά
1272 3168 1369 3240 τὴν
1410 3169 1546 3240 πρὸς
1592 3171 1795 3225 ἐκεῖνον

1896 3163 2063 3233 nique
2102 3162 2173 3217 ob
2211 3162 2386 3218 visam
2437 3173 2598 3235 atque
2636 3166 2878 3221 auditam
2925 3166 3328 3222 revelationem.
3385 3167 3467 3223 Ac

218 3256 468 3327 ἀγάπην,
503 3258 596 3310 καὶ
630 3258 688 3312 τὸ
729 3258 1026 3330 θαυμάζειν
1052 3260 1145 3313 καὶ
1185 3258 1401 3331 ζηλοῦν,
1443 3259 1793 3333 ἀγαπηθῆναι

1896 3255 2161 3326 plurimos
2185 3256 2401 3327 quidem
2432 3255 2600 3320 fuisse
2638 3259 2832 3329 opinor
2865 3257 3060 3314 Joanni
3100 3259 3345 3330 apostolo
3374 3274 3468 3315 co-

221 3364 287 3403 τε
311 3348 519 3419 ὁμοίως
545 3348 692 3421 αὐτῷ
734 3350 1015 3422 βούλεσθαι
1045 3352 1149 3405 ὑπὸ
1179 3351 1273 3405 τοῦ
1302 3352 1528 3425 Κυρίου,
1559 3353 1653 3407 καὶ
1691 3352 1793 3425 τὴν

216 3441 541 3514 δπωνυμίαν
562 3442 658 3515 τὴν
688 3443 855 3516 αὐτὴν
881 3446 1197 3515 ἠσπάσαντο
1214 3464 1227 3477 ·
1253 3445 1442 3519 ὥσπερ
1468 3446 1562 3499 καὶ¹
1592 3447 1622 3499 6
1644 3444 1794 3500 Παῦ-

1895 3347 2181 3419 gnomines
2239 3366 2256 3403 :
2309 3350 2405 3419 qui
2464 3357 2718 3420 propter'
2747 3351 3078 3423 singularem
3132 3366 3260 3421 erga
3309 3350 3464 3405 illum

1894 3440 2340 3510 benevolentiam,
2362 3450 2417 3497 et
2436 3443 2579 3512 quod
2613 3444 2886 3499 hominem
2910 3444 3239 3498 mirarentur
3275 3457 3338 3497 ac
3370 3457 3465 3497 su-

216 3533 320 3600 λος
354 3534 540 3599 πολὺς,
574 3536 669 3590 καὶ
696 3537 759 3609 δὴ
798 3539 893 3592 καὶ
934 3540 963 3592 6
991 3538 1194 3611 Πέτρος
1225 3542 1281 3593 ὲν
1308 3542 1420 3605 τοῖς
1454 3539 1563 3593 τῶν
1590 3538 1794 3595 πιστῶν

1894 3534 2186 3605 spicerent,
2219 3542 2274 3590 et
2295 3535 2524 3604 perinde
2549 3549 2626 3604 ac,
2657 3534 2747 3590 ille
2778 3550 2808 3589 a
2846 3533 3074 3590 Domino
3102 3534 3252 3605 diligi
3288 3533 3464 3589 ambi-

218 3627 418 3682 παισὶν
456 3627 781 3699 ὀνομάζεται
820 3629 952 3701 (2i).
1000 3632 1155 3686 Ἔστι
1206 3632 1302 3703 μὲν
1345 3626 1439 3686 οὖν
1475 3634 1569 3686 καὶ
1609 3631 1796 3703 ἕτερος

233 3719 488 3792 Ἰωάννης
514 3723 572 3776 ὲν
605 3724 725 3785 ταῖς
767 3721 1005 3792 Πράξεσι
1032 3721 1138 3776 τῶν
1164 3722 1474 3777 ἀποστόλων
1503 3724 1532 3776 6
1568 3720 1795 3795 ἐπικλη-

215 3810 343 3875 θεὶς
374 3811 599 3884 Μάρκος
616 3830 630 3843 ·
658 3813 717 3867 δν
752 3812 1038 3886 Βαρνάϐας
1063 3813 1158 3867 καὶ
1184 3812 1393 3878 Παῦλος
1422 3815 1630 3878 ἑαυτοῖς
1658 3830 1795 3884 συμ-

222 3904 554 3977 παρέλαϐον,
585 3906 712 3976 ’περὶ⁸
749 3899 809 3959 οὗ
853 3908 948 3961 καὶ
977 3906 1135 3962 πάλιν
1164 3907 1310 3976 λέγει
1328 3924 1342 3938 ·
1374 3902 1558 3977 Εἶχον
1594 3907 1663 3961 δὲ
1693 3908 1791 3962 καὶ

238 3993 516 4064 Ἰωάννην
556 3996 883 4065 ὑπηρέτην.
930 3998 994 4051 Εἰ
1040 3998 1097 4051 δὲ
1131 3993 1281 4062 οὗτος
1311 3999 1340 4051 6
1375 3998 1590 4071 γράψας
1622 3998 1789 4063 ἐστὶν,

224 4088 327 4142 οῦκ
355 4088 422 4142 ἂν
453 4090 617 4159 φαίην
640 4107 653 4120 ·
692 4090 810 4143 οὐδὲ
847 4090 955 4163 γὰρ
981 4091 1202 4163 ἀφῖχθαι
1242 4093 1339 4147 σὺν
1367 4093 1550 4156 αὐτοῖς
1588 4092 1668 4154 είς
1692 4091 1791 4162 τὴν

238 4180 423 4233 Ἀσίαν
455 4181 792 4252 γέγραπται·
843 4184 1016 4237 Ἀλλὰ
1052 4183 1411 4253 ἀναχθέντες
1442 4184 1578 4254 μὲν,
1605 4185 1787 4257 φησὶν,

225 4270 347 4326 ἀπὸ
374 4271 484 4341 τῆς
522 4272 732 4343 Πάφου
757 4276 813 4328 οἱ
849 4274 982 4344 περὶ
1007 4275 1272 4346 Παῦλον,
1301 4272 1489 4348 ἦλθον
1517 4277 1603 4342 εὶς
1641 4275 1790 4344 Πέρ-

226 4380 345 4435 γην
384 4363 495 4433 τῆς
532 4368 886 4435 Παμφυλίας
909 4384 922 4397 ·
973 4365 1249 4436 Ἰωάννης
1286 4367 1354 4421 δὲ
1394 4366 1791 4437 ἀποχωρήσας

224 4456 330 4513 ἀπ’
367 4456 583 4523 αὐτῶν,
625 4459 1006 4528 ὑπέστρεψεν
1035 4463 1121 4527 είς
1157 4461 1552 4531 Ἰεροσόλυμα.
1598 4460 1790 4514 Ἀλλον

224 4546 283 4601 δέ
314 4564 437 4602 τινα
476 4545 625 4620 οἶμαι
653 4550 760 4603 τῶν
792 4551 849 4603 ὲν
883 4550 1034 4623 Ἀσίᾳ
1059 4552 1384 4625 γενομένων·
1422 4553 1543 4607 ἐπεὶ
1574 4551 1668 4605 καὶ
1698 4550 1789 4605 δύο
1820 4577 1864 4633 D

228 4639 393 4708 φασὶν
436 4642 494 4695 ὲν
539 4642 745 4713 Ἐφέσῳ
781 4642 1031 4712 γενέσθαι
1086 4646 1361 4719 μνήματα,
1395 4646 1490 4700 καὶ
1536 4644 1792 4717 ἑκάτερον

238 4727 486 4784 Ἰωάννου
515 4730 787 4801 λέγεσθαι.

300 5002 391 5068 εἷ’.
432 5002 541 5056 Καὶ
570 5003 678 5058 ἀπὸ
709 5004 815 5059 τῶν
843 5006 1129 5078 νοημάτων
1160 5007 1217 5061 δὲ
1258 5009 1352 5063 καὶ
1380 5006 1490 5063 τῶν
1536 5009 1794 5081 ῥημάτων

308 5139 332 5173 ⁵
356 5135 547 5193 Matth.
577 5153 691 5207 xvr,
729 5137 813 5193 l7.
888 5139 910 5170 ⁸
940 5138 1108 5210 Apoc.
1137 5156 1176 5207 ι,
1204 5140 1257 5197 9.

303 5274 439 5346 (21)Δ
458 5273 554 5328 Ἐν
591 5273 716 5341 τοῖς
740 5274 868 5346 ’τῷν
907 5274 1137 5329 πιστῶν
1179 5275 1393 5331 παισὶν
1438 5273 1791 5346 ὀνομάζεται.

224 5342 514 5419 Notandus
544 5354 628 5400 est
667 5346 758 5401 hic
786 5343 1035 5419 Dionysii
1072 5345 1329 5419 _lo_cusde
1375 5342 1594 5419 antiqua
1638 5346 1796 5419 Chri-

203 5415 534 5479 ,stianorum
555 5414 967 5482 consuetudine,
995 5416 1087 5486 qui
1118 5415 1263 5471 Petri
1295 5414 1556 5486 Paulique
1577 5426 1631 5471 et
1658 5416 1795 5471 alio-

226 5500 354 5541 rum
381 5493 700 5557 sanctorum
734 5485 949 5540 nomina
972 5528 987 5552 ,
1014 5485 1214 5557 liberis
1262 5487 1376 5542 suis
1426 5485 1791 5557 imponebant.

140 5618 149 5623 η
224 5561 347 5611 tum
381 5554 607 5609 honoris
634 5569 698 5610 ac
740 5556 1123 5611 benevolentiae
1160 5572 1347 5623 causa,
1392 5554 1518 5611 tum“
1538 5565 1597 5611 ut
1639 5557 1793 5612 liberi

228 5624 317 5679 sui
347 5623 640 5697 Deogchari
676 5626 987 5697 acceptique
1032 5637 1382 5697 essent,gnon
1420 5627 1600 5682 minus
1625 5643 1791 5697 quam

229 5694 407 5749 sancti
445 5694 521 5766 illi
549 5693 782 5766 fuerant.
808 5693 945 5751 llinc
968 5706 1084 5760 est,
1115 5695 1259 5766 quod
1286 5693 1706 5766 Chrysostomus
1736 5698 1789 5750 in

227 5773 381 5819 tonio
408 5765 604 5833 primo,
642 5765 694 5818 in
725 5766 969 5820 oratione
999 5768 1065 5820 de
1104 5764 1292 5821 sancto
1334 5764 1565 5831 Meletio,
1603 5767 1792 5820 Antio-

227 5834 435 5889 chenos
467 5843 614 5889 tanta
637 5835 1006 5892 benevolentia
1032 5835 1304 5892 Meletium
1332 5837 1641 5906 complexos
1671 5852 1793 5894 esse

1893 3635 2036 3692 rent,
2080 3628 2184 3683 hoc
2213 3635 2627 3697 cognomentum
2660 3626 3066 3694 adamaverint;
3109 3626 3466 3697 quemadmo—

1893 3718 2021 3773 dum
2047 3732 2113 3773 ει
2144 3717 2381 3773 ﬁdelium
2403 3718 2588 3774 liberis
2615 3719 2817 3774 multos
2845 3717 3266 3788 PauliPetrique
3292 3719 3469 3773 nomi-

1892 3811 2057 3867 nibus
2078 3811 2375 3881 appellatos
2392 3810 2657 3866 videmus.
2682 3808 2777 3866 Est
2797 3811 2957 3863 etiam
2981 3810 3118 3864 alius
3145 3807 3381 3864 Joannes
3404 3809 3463 3864 in

1892 3899 2116 3955 Actibus
2136 3899 2505 3970 apostolorum
2522 3909 2879 3970 cognomento
2893 3900 3127 3964 Marcus,
3153 3915 3313 3969 quem
3332 3899 3464 3954 Bar-

1892 3992 2065 4047 nabas
2094 4001 2149 4048 et
2185 3992 2387 4048 Paulus
2412 3992 2663 4059 comitem
2691 3993 2793 4048 sibi
2832 3993 3218 4063 adiunxerunt.
3253 3991 3326 4046 De
3350 4007 3461 4062 quo

1891 4084 2053 4140 etiam
2076 4100 2269 4139 rursus
2293 4085 2491 4139 dicitur
2526 4101 2539 4137 :
2567 4081 2841 4136 Habebunt
2866 4093 3041 4137 autem
3073 4082 3329 4136 Joannem
3361 4084 3463 4135 mi-

1892 4179 2112 4232 nistrum
2128 4176 2169 4230 ⁸.
2198 4177 2281 4231 An
2315 4177 2400 4232 hic
2421 4178 2491 4232 sit
2512 4177 2608 4246 qui
2640 4174 3039 4231 Revelationem
3063 4176 3298 4246 scripsit,
3326 4175 3460 4230 mibi

1891 4284 2001 4324 non
2028 4269 2215 4339 liquet.
2242 4266 2430 4339 Neque
2454 4269 2597 4323 enim
2632 4284 2740 4323 una
2767 4283 2889 4323 cum
2928 4267 3034 4323 illis
3056 4269 3111 4321 in
3145 4267 3330 4321 Asiam
3366 4281 3460 4321 ve-

1891 4362 2040 4417 nisse
2076 4362 2391 4431 perhibetur
2441 4380 2454 4415 :
2502 4359 2605 4416 Sed
2642 4377 2763 4415 cum
2823 4360 3129 4427 solvissent,
3167 4360 3371 4429 inquit,
3425 4375 3463 4414 α

1892 4454 2094 4525 Papho,
2122 4452 2322 4507 Paulus
2370 4455 2578 4524 quidem
2608 4454 2809 4526 Pergen
2847 4452 3173 4523 Pamphylia:
3197 4453 3460 4522 profectus

1891 4556 2009 4612 est;
2065 4546 2295 4603 Joannes
2342 4562 2459 4602 vero
2503 4546 2769 4601 discedens
2814 4545 2877 4598 ab
2923 4545 3065 4612 illis,
3121 4561 3348 4600 reversus
3380 4555 3458 4601 est

1898 4638 2318 4710 Hierosolymam
2346 4643 2388 4695 ’.
2432 4641 2609 4694 Alium
2655 4641 2818 4711 igitur
2853 4655 2973 4696 esse
3019 4654 3214 4694 censeo
3249 4656 3457 4695 :unum

1896 4735 2104 4790 scilicet
2132 4750 2324 4789 eorum
2360 4732 2453 4802 qui
2502 4732 2556 4786 in
2588 4732 2717 4788 Asia
2748 4733 2942 4788 versati
2978 4745 3121 4789 sunt.
3155 4731 3274 4787 Duo
3312 4733 3458 4788 enim

1897 4827 2037 4896 apud
2074 4825 2344 4895 Ephesum
2379 4826 2625 4895 sepulcra
2670 4826 2840 4882 fuisse
2885 4826 3172 4880 traduntur
3202 4844 3216 4881 :
3247 4835 3461 4881 utrum-

1897 4931 2003 4987 que
2027 4913 2252 4973 Joannis
2293 4917 2512 4972 nomine
2540 4916 2877 4988 insignitum.

1976 5006 2060 5063 Vl.
2102 5006 2181 5063 Ex
2212 5009 2495 5065 sententiis
2518 5025 2734 5080 quoque
2776 5018 2829 5065 et
2859 5024 2925 5064 ex
2954 5008 3131 5066 verbis
3158 5022 3458 5081 eorumque

1358 5141 1380 5172 '
1411 5140 1578 5212 Apoc.
1611 5157 1746 5208 χχιι,
1779 5139 1831 5206 7,
1855 5139 1910 5195 8.
1987 5138 2010 5170 ⁸
2035 5138 2158 5195 Act.
2200 5154 2336 5209 xm,
2363 5140 2416 5196 5.
2493 5141 2515 5173 '
2539 5140 2673 5196 Ibid.
2702 5141 2789 5195 15.

1895 5273 2104 5340 scribit,
2134 5283 2195 5329 ut
2229 5283 2478 5347 parentes
2505 5275 2692 5332 liberis
2729 5277 2844 5333 suis
2876 5291 3070 5333 nomen
3099 5276 3251 5333 illius
3277 5278 3454 5347 impo-

1899 5353 2255 5428 nerent-,‘quo
2280 5345 2521 5428 “domum
2563 5362 2716 5401 suam
2738 5345 3452 5428 _ejus_prze‘sentiafxorna-

1896 5423 2036 5470 rent.
2082 5415 2225 5469 Idem
2277 5414 2696 5479 Chrysostomus
2738 5414 2961 5471 homilia
2994 5416 3056 5469 21
3102 5419 3155 5469 in
3197 5416 3449 5479 Genesin,

1897 5483 2175 5540 auditores
2212 5498 2342 5553 suos
2390 5483 2669 5551 hortatur,
2723 5496 2783 5541 ut
2820 5503 2927 5542 non
2982 5485 3184 5553 quaevis
3229 5487 3451 5541 nomina

1897 5564 2096 5610 temere
2127 5569 2191 5609 ac
2215 5552 2463 5621 fortuito,
2499 5572 2599 5611 nec
2631 5571 2853 5611 avorum
2890 5563 2983 5610 aut
3004 5552 3335 5624 proavorum
3358 5564 3453 5610 aut

1895 5624 2186 5680 illustrium
2208 5624 2475 5695 virorum,
2506 5627 2598 5681 sed
2630 5638 2938 5682 sanctorum
2962 5625 3141 5695 potius
3168 5626 3449 5682 hominum

1896 5695 1989 5765 qui
2034 5693 2327 5766 virtutibus
2371 5695 2726 5761 refulserunt,
2776 5693 2977 5751 liberis
3003 5694 3118 5766 suis
3171 5695 3454 5766 imponant

1896 5764 2303 5891 apppllatiovnes,
2331 5777 2391 5821 ut
2417 5781 2607 5823 eorum
2630 5766 2876 5837 exemplo
2896 5765 2965 5821 ad
2991 5764 3453 5825 virtutem'iucen-

1932 5850 1999 5890 an
2028 5851 2112 5891 ur.
2195 5849 2344 5891 stas.

1932 5842 2112 5893 antur.
2154 5842 2344 5891 VALES.
