3972 6318
484 325 620 381 εει-ι

1465 338 1526 393 ε.
1568 337 1860 396 DlONYSll
1896 337 2199 396 EPISCOPI
2236 337 2695 407 ALEXANDRINI

3563 327 3705 395 {218

482 447 858 515 collocatione,
885 446 1040 505 facile
1065 449 1352 521 cenjieitur
1379 454 1524 512 hunc
1545 458 1614 513 ab
1651 458 1744 514 i-llo
1773 459 2040 516 diversum

2149 459 2241 513 καὶ
2271 458 2369 529 τῆς
2395 457 2695 522 συντάξεως
2726 455 2838 530 (22)
2863 455 3058 521 αὐτῶν,
3084 455 3306 520 εἰκότως
3337 455 3519 526 ἕτερος
3551 450 3712 519 οὗτος

486 536 679 595 fuisse.
736 539 873 596 Nam
918 537 1270 611 Evangelium
1319 555 1375 601 et
1420 546 1661 618 Epistola
1712 551 1815 606 sibi
1859 560 2048 606 mutuo

484 638 808 698 consonant,
839 640 892 687 et
923 631 1114 687 eodem
1141 636 1429 691 ordiuntur
1458 639 1638 695 modo.
1682 638 1772 695 Sic
1793 641 1935 695 enim
1965 641 2049 695 in-

483 720 618 790 cipit
663 720 1011 791 Evangelium
1064 742 1078 779 :
1132 723 1199 779 lu
1252 728 1507 796 principio
1551 741 1663 784 erat
1716 730 1936 786 Verbum
1980 733 2043 786 ιθ.

483 807 723 882 Epistola
757 827 885 867 vero
934 832 948 868 :
1004 817 1159 879 Quod
1181 816 1283 885 fuit
1313 817 1378 871 ab
1408 819 1562 874 initio
1590 820 1655 874 “.
1712 819 1769 875 lu
1794 821 1886 875 illo
1907 821 2045 877 diei-

484 911 574 957 tur
599 920 613 957 :
648 901 718 957 Et
757 903 974 960 Verbum
1001 924 1125 961 caro
1153 908 1355 978 factum
1386 920 1486 979 est,
1515 921 1564 966 et
1590 912 1843 966 habitavit
1877 914 1929 967 in
1953 929 2047 967 uo-

482 996 601 1061 bis;
629 1006 679 1050 et
707 997 932 1055 t'idimus
961 1000 1183 1071 gloriam
1207 1001 1342 1069 eius,
1374 1001 1596 1073 gloriam
1618 1006 1768 1075 quasi
1794 1006 2047 1076 unigettiti

482 1103 516 1140 a
542 1086 704 1143 Patre
729 1091 792 1142 ι’.
855 1090 979 1147 Haec
1016 1107 1147 1147 vero
1172 1093 1362 1149 eadem
1395 1095 1587 1160 habet,
1625 1096 1894 1167 paulisper
1920 1105 2042 1152 tan-

482 1185 596 1233 tum
629 1181 915 1238 immutata
943 1202 957 1238 :
993 1183 1145 1249 Quod
1175 1186 1492 1255 audivimus,
1510 1189 1647 1258 quod
1668 1188 1890 1243 vidimus
1920 1205 2046 1242 ocu-

482 1270 548 1325 lis
577 1275 795 1339 nostris,
827 1276 967 1345 quod
1006 1279 1385 1348 perspeximus,
1418 1288 1467 1334 et
1491 1297 1675 1335 manus
1701 1290 1894 1336 nostra:
1921 1298 2045 1336 con-

480 1372 829 1420 trectaverunt
851 1368 915 1422 de
946 1366 1108 1422 Verbo
1140 1372 1293 1435 vitae;
1319 1381 1368 1425 et
1387 1373 1493 1425 vita
1516 1374 1853 1444 manifestata
1877 1385 1953 1428 est
1977 1374 2041 1427 ¹³.

479 1451 608 1510 Haec
629 1456 776 1510 enim
801 1456 892 1512 ille
918 1458 1084 1513 veluti
1118 1461 1504 1517 modulationis
1529 1462 1777 1532 proludia
1806 1464 2045 1534 praemit-

479 1546 579 1609 tit,
612 1546 871 1602 adversus
898 1563 991 1604 eos
1025 1551 1119 1621 qui
1148 1552 1425 1608 Ghristum
1460 1553 1516 1607 in
1548 1570 1713 1610 carne
1755 1556 2044 1613 advenisse

480 1636 782 1706 negabant,
815 1647 877 1693 ut
908 1639 963 1693 in
999 1643 1351 1712 sequentibus
1383 1645 1636 1701 ostendit.
1677 1643 2040 1713 Quamobrem

480 1727 548 1781 de
579 1728 845 1785 industria
875 1731 1195 1802 subjunxit:
1232 1733 1302 1789 Et
1334 1736 1470 1806 quod
1498 1738 1741 1803 uidimus,
1767 1746 2040 1806 testamur,

2146 548 2276 622 παρ’
2307 551 2509 603 ἐκεῖνον
2541 547 2980 621 ὑπονοηθήσεται.
3014 549 3300 618 Συνᾴδουσι
3345 548 3445 617 μὲν
3477 547 3587 619 γὰρ
3610 547 3713 603 ἀλ-

2142 638 2320 709 λήλοις
2351 636 2411 690 τὸ
2452 636 2778 705 Εὑαγγέλιον
2821 636 2916 691 καὶ
2959 637 2994 708 ἡ
3046 636 3349 707 Ἐπιστολὴ,
3395 636 3598 706 ὁμοίως
3636 652 3716 690 τε

2142 728 2422 800 ἄρχονται.
2454 727 2527 781 Τὸ
2554 727 2652 799 μέν
2681 744 2843 799 φησιν
2861 744 2876 757 ’
2925 728 3028 782 Ἐν
3059 726 3217 796 ἀρχῇ
3242 723 3321 798 ἦν
3350 731 3384 782 ό
3411 729 3632 798 Λόγοςσ
3676 726 3721 797 ἡ

2140 820 2228 875 δέ’
2270 822 2340 874 Ὃ
2371 815 2451 892 ἦν
2466 816 2793 888 ἀπ’ἀρχῆς.
2836 819 2910 873 Τὸ
2945 819 3044 891 μέν
3080 837 3213 892 φησι
3237 836 3251 850 ⁶
3295 818 3404 873 Καὶ
3439 823 3473 873 ὁ
3510 821 3717 890 Λόγος

2141 912 2295 982 σὰρξ
2319 913 2554 983 ἐγένετο
2588 911 2687 965 καὶ
2717 909 3068 976 ἐσκήνωσεν
3087 912 3159 965 ἐν
3181 911 3355 982 ἡμῖν·
3396 912 3492 967 καὶ
3536 913 3717 968 ἐθεαρ

2141 1004 2373 1074 σάμεθα
2404 1003 2519 1073 τὴν
2546 1002 2733 1068 δόξαν
2757 1002 2944 1057 αὐτοῦ
2962 1019 2977 1034 ·
3003 1002 3209 1069 δόξαν,
3235 1004 3316 1071 ὡς
3335 1005 3719 1075 μονογενοῦς

2141 1096 2299 1164 παρὰ
2343 1099 2589 1165 Πατρός.
2648 1096 2712 1149 Ἡ
2757 1095 2813 1149 δὲ
2857 1096 2924 1151 τά
2971 1096 3107 1151 αὐτὰ
3155 1097 3368 1168 σμικρῷ
3421 1096 3717 1168 παρηλλα-

2141 1184 2352 1255 γμένα’
2393 1188 2462 1239 Ὃ
2498 1188 2860 1257 ἀκηκόαμεν,
2898 1185 2931 1240 6
2962 1185 3295 1256 ἑωράκαμεν
3322 1186 3445 1252 τοῖς
3478 1188 3723 1254 ὀφθαλ-

2135 1277 2273 1346 μοῖς
2311 1276 2478 1347 ἠμῶν
2496 1296 2509 1309 ο
2557 1278 2596 1334 ἃ
2640 1279 3025 1350 ἐθεασάμεθα,
3064 1277 3163 1333 καὶ
3199 1282 3258 1333 αὶ
3296 1277 3485 1348 χεῖρε(-
3534 1276 3721 1346 ἡμῶν

2141 1369 2550 1440 ἐψηλάφησαν
2575 1372 2708 1440 περὶ
2734 1372 2841 1427 τοῦ
2865 1372 3059 1442 Λόγου
3077 1369 3189 1439 τῆς
3208 1368 3377 1438 ζωῆς·
3403 1369 3562 1438 καὶξή
3585 1366 3719 1435 ἄυὴ

2139 1458 2498 1529 ἐφανερώθη.
2542 1460 2727 1514 Ταῦτα
2769 1460 2878 1533 γὰρ
2922 1459 3404 1533 προανακρούεται,
3435 1457 3721 1512 διατεινό-

2143 1570 2299 1625 μενος
2319 1551 2393 1617 ὡς
2419 1554 2476 1607 ἐν
2494 1556 2604 1618 τοῖς
2626 1552 2751 1625 ἑξῆς
2775 1553 3009 1627 ἐδήλωσε
3035 1552 3169 1625 πρὸς
3193 1553 3315 1616 τοὺς
3340 1552 3436 1607 οὐκ
3455 1553 3512 1605 ἐν
3535 1549 3725 1622 σαρκὶ

2142 1644 2446 1712 φάσκοντας
2478 1641 2791 1715 ἐληλυθέναι
2829 1643 2918 1697 τὸν
2959 1642 3162 1714 Κύριον
3181 1660 3194 1673 υ
3225 1641 3303 1696 διδ
3339 1643 3431 1695 καὶ
3461 1641 3723 1711 συνῆψεν

2142 1732 2415 1804 ἐπιμελῶς
2434 1750 2447 1763 ·
2504 1732 2616 1789 Καὶ
2667 1732 2698 1786 ὃ
2739 1731 3077 1803 ἑωράκαμεν
3119 1732 3559 1802 μαρτυροῦμεν·
3598 1730 3719 1786 καὶ

478 1827 531 1873 st
563 1822 940 1878 annuntiamus
970 1824 1110 1877 vobis
1143 1826 1302 1879 vitam
1330 1835 1600 1892 (sternam,
1623 1844 1740 1898 qua:
1765 1837 1877 1883 erat
1899 1831 2039 1899 apud

2141 1820 2594 1892 ἀπαγγέλλομεν
2617 1821 2761 1892 ὑμῖν
2785 1820 2900 1890 τὴν
2930 1819 3080 1890 ζωὴν
3110 1820 3226 1890 τὴν
3246 1820 3500 1885 αἰώνιον,
3561 1819 3718 1888 ἥτις

480 1907 698 1966 Patrem
730 1922 779 1966 et
813 1916 1059 1983 apparuit
1084 1916 1252 1970 nobis.
1314 1916 1466 1983 Quod
1499 1918 1723 1973 vidimus
1758 1932 1807 1973 et
1838 1920 2044 1975 audivi-

2139 1912 2219 1987 ἦν
2245 1915 2395 1984 πρὸς
2420 1915 2527 1969 τόν
2555 1913 2807 1983 Πατέρα,
2841 1914 2940 1968 καὶ
2969 1914 3303 1984 ἐφανερώθη
3331 1913 3501 1983 ἡμῖν·
3536 1913 3568 1966 ὃ
3597 1914 3725 1966 ἐω-

479 2018 598 2056 mus
623 2044 639 2069 ,
692 2007 1069 2061 annuutiamus
1122 2008 1282 2063 vobis.
1356 2009 1506 2065 Adeo
1554 2019 1701 2066 totus
1738 2027 1803 2067 ex
1834 2013 2040 2083 seipse

2140 2006 2402 2078 ρὰκαμεν
2448 2008 2549 2062 καὶ
2601 2008 2977 2077 ἀκηκόαμεν,
3040 2007 3489 2077 ἀπαγγέλλομεν
3536 2006 3722 2075 ὑμῖν.

479 2097 711 2169 pendet,
743 2107 798 2154 et
826 2116 859 2157 a
891 2103 1359 2173 propositionibus
1384 2103 1500 2159 suis
1533 2120 1601 2159 ne
1625 2106 1791 2161 latum
1823 2105 2041 2177 quidem

482 2204 719 2261 unguem
743 2193 998 2261 discedit;
1034 2196 1127 2251 sed
1158 2197 1348 2253 iisdem
1372 2214 1523 2268 paene
1546 2199 1817 2271 capitibus
1841 2216 1906 2257 ac
1924 2217 2044 2256 ver-

479 2284 566 2340 bis
586 2295 783 2343 cuncta
812 2292 1181 2361 prosequitur.
1219 2290 1297 2345 Ex
1321 2292 1521 2363 quibus
1545 2309 1647 2350 nos
1663 2294 1879 2365 quidem
1907 2310 2047 2350 non-

482 2378 635 2433 nulla
666 2378 903 2436 breviter
927 2397 1301 2455 suggeremus.
1344 2384 1449 2452 Qui
1480 2401 1611 2443 vero
1637 2395 1837 2443 attente
1868 2387 2044 2457 perle-

480 2468 638 2537 gerit,
672 2469 729 2524 in
756 2479 988 2542 utroque
1011 2477 1208 2545 saepius
1241 2475 1431 2543 vitam,
1463 2477 1659 2543 lucem,
1686 2476 1870 2550 fugam
1905 2486 2046 2533 tene-

481 2560 738 2628 brarum;
774 2560 1085 2633 frequenter
1112 2565 1393 2623 veritatem
1418 2608 1434 2633 ,
1460 2569 1692 2638 gratiam
1713 2610 1729 2637 ,
1762 2569 2041 2640 gaudium,

481 2668 702 2709 carnem
732 2663 786 2711 et
810 2657 1129 2728 sanguinem
1161 2658 1399 2725 Domini,
1446 2660 1732 2731 judicium,
1792 2670 2041 2731 peccato-

479 2760 602 2801 rum
636 2746 1053 2817 remissionem;
1092 2749 1182 2805 Dei
1214 2767 1342 2823 erga
1376 2768 1477 2807 nos
1503 2751 1883 2818 dileCtionem,
1921 2768 2045 2807 mu-

480 2848 591 2895 tuae
636 2839 779 2896 inter
818 2856 919 2896 nos
964 2842 1274 2899 dilectionis
1306 2853 1632 2914 praeceptum
1657 2886 1673 2911 ,
1711 2853 1767 2900 et
1791 2845 2043 2901 universa

480 2941 749 3001 praecepta
794 2933 1059 2989 servanda
1109 2950 1230 2989 esse
1260 2936 1510 3005 reperiet.
1580 2936 1663 2990 Ad
1692 2936 1807 2991 haec
1840 2939 2042 2993 conde-

483 3023 782 3078 mnationis
816 3024 1049 3095 elogium
1083 3024 1343 3080 adversus
1365 3026 1650 3090 mundum,
1685 3027 1959 3083 diabolum
1991 3038 2046 3084 et

478 3111 906 3179 Antichristum;
959 3115 1250 3183 promissio
1288 3118 1461 3173 sancti
1503 3117 1771 3188 Spiritus,
1823 3120 2041 3190 adoptio

478 3201 714 3256 ﬁliorum
745 3202 861 3270 Dei,
907 3205 1040 3260 iides
1069 3206 1122 3260 in
1147 3209 1401 3264 omnibus
1429 3224 1460 3263 a
1492 3210 1649 3266 nobis
1690 3212 1990 3281 praestanda
2016 3230 2032 3282 ;

476 3290 641 3346 Pater
665 3301 721 3348 et
748 3293 921 3350 Filius
952 3297 1153 3367 ubique
1183 3301 1467 3366 nominati,
1496 3302 1550 3356 in
1575 3311 1802 3373 utroque
1829 3305 2033 3374 passim

480 3396 793 3441 occurrunt.
834 3386 1076 3460 Denique
1107 3392 1160 3446 in
1191 3394 1468 3458 omnibus,
1494 3394 1540 3450 si
1575 3402 1723 3450 recte
1753 3398 2036 3452 examina-

478 3477 644 3546 vcris,
700 3495 868 3534 unum
907 3481 1155 3553 idemque
1185 3485 1466 3555 utriusque
1508 3487 1817 3556 scriptionis
1850 3504 2043 3556 genus,

477 3572 756 3645 Evangelii
788 3576 1046 3632 nimirum
1077 3593 1131 3635 et
1162 3579 1448 3650 Epistolas,
1494 3581 1770 3638 evidenter
1796 3593 2035 3653 apparet.

477 3663 831 3737 Apocalypsis
879 3683 1006 3722 vero
1056 3669 1124 3724 ab
1169 3671 1256 3725 his
1298 3686 1524 3741 prorsus
1555 3671 1729 3727 aliena
1755 3681 1839 3728 est
1865 3681 1918 3727 et
1944 3688 2041 3727 ex-

479 3766 699 3824 tranea;
734 3760 882 3815 nulla
917 3761 1336 3827 necessitudine,
1381 3772 1476 3818 aut
1520 3764 1797 3821 vicinitate
1826 3766 2040 3820 contin-

478 3866 613 3921 gens
645 3852 940 3923 quidquam
974 3868 1040 3907 ex
1072 3854 1427 3924 supradictis;
1461 3871 1525 3911 ac
1548 3872 1618 3911 ne
1639 3857 1897 3928 syllabam
1923 3857 2044 3926 qui—

476 3942 601 3997 dem
646 3957 812 3997 unam
858 3960 982 3998 cum
1018 3943 1126 4000 illis
1148 3959 1489 4000 communem
1523 3946 1747 4003 habens.
1811 3946 1916 4002 Sed
1950 3963 2045 4003 ne-

476 4052 583 4107 que
632 4034 875 4105 Epistola
910 4038 999 4109 (de
1026 4037 1320 4109 Evangelio
1369 4040 1517 4095 enim
1544 4042 1680 4097 nihil
1710 4041 1855 4112 dico)
1892 4058 2043 4097 men-

479 4127 681 4182 tionem
738 4128 903 4182 ullam
953 4137 1047 4183 aut
1106 4129 1552 4197 signiﬁcationem
1606 4131 1738 4186 facit
1778 4132 2040 4205 Apocaly-

476 4234 672 4288 pseos;
714 4234 813 4274 nec
837 4219 1195 4290 Apocalypsis
1221 4217 1507 4289 Epistolas;
1537 4236 1659 4275 cum
1683 4229 1866 4277 tamen
1894 4220 2038 4275 Pau-

474 4312 561 4371 lus
593 4316 646 4369 in
674 4314 930 4384 Epistolis
959 4314 1205 4367 nonnihil
1226 4314 1293 4368 de
1312 4314 1732 4369 revelationibus
1754 4316 1868 4371 suis
1892 4315 2030 4370 indi-

2144 2101 2362 2171 Ἐχεται
2401 2099 2564 2154 αὑτοῦ
2606 2098 2700 2154 καὶ
2738 2099 2842 2155 τῶν
2885 2100 3189 2172 προθέσεων
3230 2099 3329 2152 οὐκ
3367 2097 3673 2168 ἀφίσταται
3699 2112 3720 2127 ο

2140 2191 2332 2246 διὰοδὲ
2379 2191 2484 2246 τῶν
2534 2191 2710 2248 αὐτῶν
2756 2190 3061 2263 κεφαλαίων
3109 2190 3219 2263 (‘25)
3274 2192 3367 2244 καὶ
3419 2189 3725 2261 ὀνομάτων

2142 2281 2317 2337 πάντα
2363 2281 2724 2354 διεξέρχεται,
2777 2273 2850 2335 ὧν
2897 2296 3016 2334 τινα
3072 2280 3168 2350 μὲν
3219 2279 3377 2349 ἡμεῖς
3420 2276 3726 2346 συντόμως

2140 2374 2520 2445 ὑπομνήσομεν
2550 2372 2660 2445 (‘24)
2680 2389 2694 2403 °
2720 2374 2748 2425 6
2771 2371 2827 2425 δὲ
2856 2369 3134 2443 προσεχῶς
3159 2368 3515 2439 ἐντυγχάνων,
3542 2367 3729 2440 εὑρή-

2143 2484 2221 2522 σει
2254 2469 2310 2521 ἐν
2335 2465 2580 2537 ἑκατέρῳ
2602 2463 2798 2537 πολλὴν
2823 2462 2917 2535 τὴν
2950 2463 3122 2536 ζωὴν,
3148 2462 3279 2516 πολὺ
3305 2461 3364 2515 τὸ
3387 2461 3533 2532 φῶς,
3559 2461 3721 2515 ἀπο-

2140 2558 2341 2632 τροπὴν
2369 2557 2462 2613 τοῦ
2499 2557 2719 2621 σκότους
2740 2596 2755 2622 ,
2794 2554 2991 2626 συνεχῆ
3022 2554 3120 2626 τὴν
3148 2550 3404 2625 ἀλήθειαν
3426 2594 3440 2617 ,
3468 2550 3575 2623 τὴν
3609 2554 3723 2623 χά-

2144 2670 2225 2725 ριν
2242 2693 2259 2720 ,
2291 2650 2387 2723 τὴν
2411 2649 2583 2722 χαρὰν
2601 2691 2617 2719 ,
2643 2650 2739 2722 τὴν
2767 2647 2945 2719 σάρκα
2968 2648 3061 2702 καὶ
3082 2646 3143 2700 τὸ
3168 2641 3307 2717 αἷμα
3333 2644 3425 2698 τοῦ
3454 2645 3679 2717 Κυρίου
3700 2688 3719 2709 ,

2140 2743 2234 2815 τὴν
2279 2743 2497 2815 κρίσιν,
2530 2742 2625 2815 τὴν
2665 2742 2855 2812 ἄφεσιν
2902 2738 3008 2794 τῶν
3053 2738 3365 2811 ἁμαρτιῶν,
3419 2737 3520 2810 τὴν
3568 2739 3721 2808 πρὸς

2138 2838 2288 2908 ἡμᾶς
2328 2836 2545 2907 ἀγάπην
2589 2835 2682 2890 τοῦ
2724 2834 2903 2900 Θεοῦ’,
2937 2833 3037 2907 τὴν
3075 2833 3209 2905 πρὸς
3250 2830 3509 2902 ἀλλήλους
3556 2832 3721 2902 ἡμᾶς

2140 2931 2357 3001 ἀγάπης
2388 2929 2633 3002 ἐντολήν’
2671 2928 2747 2993 ὼς
2786 2929 2963 2990 πάσας
2986 2926 3065 2979 δεῖ
3095 2923 3384 2993 φυλάσσειν
3427 2923 3527 2987 τάς
3563 2925 3720 2978 ἐντο-

2140 3021 2270 3086 λάς·
2302 3022 2332 3075 6
2377 3021 2595 3093 ἔλεγχος
2636 3020 2729 3075 τοῦ
2769 3021 2973 3092 κόσμου
3009 3017 3139 3090 (95),
3165 3016 3258 3071 τοῦ
3298 3016 3573 3082 διαϐόλου,
3615 3017 3717 3071 τοῦ

2155 3111 2554 3184 ’Δντιχρίστουο
2604 3114 2636 3184 ἡ
2682 3110 2980 3181 ἐπαγγελία
3020 3107 3112 3163 τοῦ
3158 3108 3311 3177 ἁγίου
3346 3106 3670 3179 Πνεύματος
3696 3123 3714 3140 ·

2140 3207 2174 3277 ἡ
2214 3204 2455 3259 υἱοθεσία
2488 3205 2579 3259 τοῦ
2624 3203 2790 3258 Θεοῖν
2838 3205 2873 3276 ἡ
2900 3203 3070 3258 διόλου
3119 3203 3299 3266 πίστις
3341 3202 3499 3274 ἡμῶν
3547 3203 3720 3256 άπαι-

2138 3298 2368 3371 τουμὲνη
2388 3315 2402 3329 ο
2438 3301 2467 3353 6
2506 3296 2693 3370 Πατὴρ
2735 3295 2829 3351 καὶ
2861 3298 2890 3350 6
2925 3296 3050 3360 Υἱὸς
3078 3294 3349 3366 πανταχοῦ
3371 3312 3386 3325 ·
3434 3294 3533 3349 καὶ
3572 3294 3716 3358 ὅλως

2140 3390 2228 3446 διά
2258 3390 2475 3445 πάντων
2500 3388 3017 3461 χαρακτηρίζοντας,
3044 3387 3136 3442 ἕνα
3160 3387 3255 3441 καὶ
3279 3387 3369 3442 τὸν
3393 3386 3563 3440 αὑτὸν
3587 3402 3718 3439 συν-

2144 3483 2276 3553 ορᾷν
2306 3479 2397 3535 τοῦ
2426 3497 2487 3534 τε
2532 3479 2862 3549 Εὐαγγελίου
2898 3479 2991 3533 καὶ
3026 3480 3128 3550 τῆς
3171 3476 3489 3549 Ἐπιστολῆς
3525 3474 3713 3549 χρῶτα

2146 3574 2450 3648 πρόκειται.
2489 3571 2826 3644 ’Δλλοιοτάτη
2866 3572 2922 3625 δὲ
2968 3573 3061 3625 καὶ
3103 3570 3224 3642 ξένη
3264 3570 3413 3642 παρὰ
3456 3569 3637 3625 ταῦτα
3675 3571 3708 3638 ἡ

2157 3666 2551 3737 ’Δποκάλυψιςο
2607 3667 2741 3738 μήτε
2788 3664 3171 3736 ἐφαπτομένη,
3227 3664 3365 3735 μήτε
3414 3660 3711 3730 γειτνιῶσι

2142 3760 2343 3813 τούτων
2391 3758 2577 3831 μηδενὶ⁸
2627 3757 2807 3829 σχεδὸν
2854 3756 2929 3821 ὡς
2972 3758 3178 3810 εἰπεῖν’
3238 3754 3373 3826 μηδὲ
3429 3752 3702 3823 συλλαϐὴν

2143 3852 2279 3924 πρὸς
2316 3851 2452 3906 αὐτὰ
2481 3849 2662 3922 κοινὴν
2705 3849 2900 3922 ἔχουσα
2922 3866 2935 3881 ο
2984 3849 3097 3903 ἀλλ’
3128 3849 3247 3903 οὐδὲ
3296 3847 3522 3917 μνήμην
3569 3845 3706 3902 τινᾶ.

2142 3945 2262 3999 οὐδὲ
2306 3944 2535 4009 ἔννοιαν,
2572 3943 2693 3999 οὔτε
2735 3946 2768 4015 ἠ
2820 3942 3101 4014 Ἐπιστολὴ
3138 3942 3236 4011 τῆς
3284 3938 3708 4007 Ἀποκαλύψεως

2142 4036 2285 4108 ἔχει·
2335 4035 2407 4089 ἐῶ
2442 4036 2551 4107 γάρ
2590 4034 2948 4104 Εὐαγγέλιον·
2997 4032 3121 4087 οὕτε
3163 4033 3263 4102 τῆς
3306 4029 3631 4097 Ἐπιστολῆς
3674 4029 3706 4096 ἡ

2153 4131 2547 4202 Ἀποκάλυψιςο
2598 4127 2812 4183 Παύλου
2848 4128 2937 4182 διὰ
2969 4127 3074 4182 τῶν
3125 4123 3455 4180 Ἐπιστολῶν
3497 4123 3705 4191 ὑποφή-

2140 4223 2329 4287 ναντός
2360 4241 2413 4276 τι
2445 4225 2539 4277 καὶ
2580 4223 2708 4295 περ).
2741 4221 2847 4277 τῶν
2872 4216 3259 4287 ἀποκαλύψεων
3285 4213 3477 4280 αὐτοῦ,
3506 4212 3575 4277 ἃς
3609 4212 3705 4265 οὐκ

2140 4315 2404 4388 ἐνέγραψε
2436 4315 2556 4370 καθ’
2590 4314 2776 4375 αὑτάς.

474 4406 701 4474 caverit,
735 4421 873 4477 quas
905 4407 1121 4476 quidem
1150 4407 1238 4462 ille
1262 4407 1316 4460 in
1339 4408 1620 4477 proprium
1651 4406 1903 4462 volumen
1927 4423 2035 4463 non
2066 4409 2272 4463 retulit.

546 4523 588 4555 ⁸ο
612 4522 770 4579 Joan.
806 4540 845 4589 ι,
874 4523 923 4577 1.
1003 4523 1042 4555 ⁸³
1076 4522 1095 4575 1
1134 4521 1291 4577 Joan.
1323 4539 1364 4588 ι,
1397 4522 1449 4577 1.
1527 4522 1570 4554 ¹¹
1611 4521 1767 4579 Joan.
1798 4536 1837 4587 ι,
1871 4518 1958 4576 14.
2037 4523 2040 4551 ⁵

2152 4521 2309 4579 Joan.
2347 4539 2384 4590 I,
2414 4524 2466 4591 1,
2492 4523 2547 4590 2,
2579 4522 2632 4577 5.

547 4636 677 4758 ἳῖἓ).
693 4640 801 4693 Καὶ
832 4639 953 4727 ’ἀπὸ
1002 4639 1120 4693 τῶν
1162 4638 1472 4726 ⁸νοημάτων
1509 4640 1577 4693 δὲ
1612 4638 1709 4693 καὶ
1737 4638 2034 4709 ῥημάτων,

547 4727 551 4757 ε
605 4724 713 4758 τηρ
744 4727 969 4758 τουτων
991 4710 1351 4758 συνταΙ-ἐωρ-
1373 4709 1484 4758 Hoc.
1510 4710 1808 4758 secundum
1836 4720 1917 4758 est.
1943 4726 2036 4758 ar-

2141 4642 2286 4697 dere.
2336 4639 2506 4695 Porro
2538 4655 2605 4693 ex
2653 4640 2755 4693 hoc
2807 4638 2928 4692 loco
2981 4641 3220 4705 apparet,
3271 4640 3612 4701 quantopere
3642 4629 3691 4683 in

2140 4713 2324 4758 critica
2377 4711 2702 4758 exercitatus
2749 4707 2911 4758 fuerit
2954 4704 3240 4758 Dionvsius
3276 4702 3690 4756 Alexandriam.

472 4702 574 4763 καὶ
605 4707 713 4774 τῆς
744 4712 969 4763 τούτων
991 4702 1351 4776 συντάξεῶς.
1372 4709 1484 4765 Hoc
1510 4702 1917 4765 secundumest
1943 4702 2036 4763 ar;

2140 4713 2327 4766 critica
2377 4711 2702 4765 exercitatus
2749 4707 2911 4762 fuerit
2954 4702 3240 4775 Dionysius
3276 4702 3690 4776 Alexandrinus.

475 4788 816 4903 gumentum,
851 4796 958 4848 quo
1002 4779 1290 4852 Dionysius
1334 4781 1733 4837 Alexandrinus
1774 4781 2036 4849 conjicie-

513 4856 589 4903 at.
621 4847 976 4903 Apocalvnsiu
1012 4861 1063 4903 et
1105 4851 1450 4903 Evangelium
1480 4850 1704 4903 Joannis
1733 4865 1840 4903 non
1876 4851 2036 4903 unius

513 4856 589 4920 at,
621 4847 976 4920 Apocalypsin
1012 4861 1063 4905 et
1105 4847 1450 4920 Evangelium
1480 4850 1704 4906 Joannis
1733 4865 1840 4905 non
1876 4847 2038 4905 unius

476 4917 770 4990 scriptoris
806 4917 942 4990 opus
991 4935 1129 4975 esse.
1181 4917 1424 4975 Primum
1474 4921 1617 4976 enim
1657 4929 2034 4990 argumentum

476 5002 588 5060 quo
636 4987 687 5041 id
742 4988 1023 5060 probabat,
1072 4992 1270 5059 petitur
1307 5007 1373 5046 ex
1420 4993 1666 5047 moribus
1694 4987 1747 5046 et
1788 4991 2037 5046 instituto

474 5058 764 5132 utriusque
792 5058 1103 5132 scriptoris,
1154 5071 1212 5115 ut
1253 5062 1369 5132 ipse
1403 5061 1698 5132 Dionysius
1743 5061 2039 5116 insinuavit

475 5129 565 5203 his
591 5129 769 5203 verbis
800 5143 815 5203 :_
854 5130 1219 5203 τεκμαίρομαι
1252 5131 1361 5202 γὰρ
1388 5128 1451 5182 ἔκ
1483 5128 1671 5203 τετοῦ
1706 5132 1867 5203 ἠθους
1907 5133 2034 5183 ἐκα-

474 5200 671 5272 τὲρων.
704 5198 771 5252 Et
802 5198 907 5252 hoc
935 5198 1148 5266 quidem
1192 5198 1567 5272 argumentum
1611 5202 1677 5256 ad
1719 5198 1832 5256 lucc
1861 5216 2033 5270 usque

474 5269 793 5342 ve'rbaqute
840 5284 1027 5342 supra
1056 5269 1339 5339 posuimus
1360 5310 1373 5335 ,
1415 5269 1703 5342 Dionysius
1747 5269 2033 5325 exsecutus

472 5351 577 5397 est.
607 5337 764 5412 Nune
806 5337 936 5394 vero
981 5337 1209 5412 alterum
1253 5337 1628 5412 argumentum
1661 5342 1932 5412 proponit,
1967 5346 2036 5394 cx‘

472 5411 656 5466 verbis
681 5421 734 5465 et
758 5410 1040 5466 senlentiis
1068 5412 1351 5479 utriusque
1377 5410 1676 5481 scriptoris,
1693 5420 1747 5466 et
1774 5427 1839 5465 ex
1867 5411 2031 5465 collo-

475 5482 690 5536 catione
716 5482 1029 5537 verborum.
1078 5481 1169 5536 Sic
1202 5483 1346 5536 enim
1391 5496 1516 5535 cum
1559 5481 1821 5537 Cicerone
1868 5481 2034 5536 inter-

518 5560 663 5622 retor
684 5566 872 5622 vocem
913 5552 1055 5622 illam
1092 5551 1359 5617 σύνταξιν.
1397 5549 1531 5606 Vide
1572 5551 2033 5622 elegantissimum

504 5621 681 5693 ibrum
723 5621 964 5693 Dionysii
1006 5620 1127 5679 llal.
1159 5623 1297 5693 Περὶ
1334 5620 1679 5693 συντάξεωςῖ
1705 5620 2028 5693 ὀνομάτων,

479 5687 805 5761 Quanquam
849 5687 952 5747 line
992 5692 1111 5749 loco
1162 5687 1428 5758 σύνταξις,
1482 5702 1589 5746 tam
1650 5687 2036 5748 sententiarum

484 5775 652 5829 quam
684 5763 970 5821 verborum
1004 5764 1413 5836 dispositionem
1442 5762 1653 5819 videtur
1677 5761 2033 5834 comprehen-

2139 4781 2349 4850 Quippe
2394 4780 2671 4850 proprium
2716 4784 2800 4833 est
2845 4776 3040 4839 critici,
3080 4772 3145 4829 de
3189 4772 3406 4841 scriptis
3461 4783 3689 4850 veterum

2135 4841 2413 4921 judicare,
2440 4841 2664 4919 et'quod
2691 4864 2877 4901 verum
2907 4862 2985 4921 ac_
3008 4858 3321 4921 germanum
3343 4884 3359 4906 ,
3391 4841 3542 4921 quod
3575 4856 3691 4908 spu-

2095 4972 2105 4992 ,
2135 4909 2279 4975 ῐίυιη
2310 4909 2740 4992 σεἐυικιῖιιιῖυιιι
2774 4932 2911 4992 opus
2943 4909 3035 4992 sit,
3070 4909 3626 4992 tli‘scql‘lt-CI‘CQVALES.

2210 4992 2323 5061 ('25)
2357 4990 2478 5044 Τῶν
2507 4989 2715 5061 αὐτῶν
2728 4982 3081 5061 κεφαλαίων.
3106 4982 3382 5061 Periodos,
3417 4996 3516 5033 seu
3541 4994 3690 5061 ment-

2142 5049 2238 5118 bra
2271 5049 2535 5130 orationis
2574 5049 3091 5130 intelliggi't,‘quillus_
3120 5053 3326 5130 integer
3377 5049 3687 5130 iettsusab-

2140 5117 2386 5187 solvitur.
2434 5129 2524 5184 Sic
2568 5128 2725 5199 initio
2747 5117 2933 5199 vhuju's
2978 5123 3168 5199 capitis
3205 5117 3685 5199 dixitnDioitysius.

2139 5202 2258 5257 καθ’
2301 5202 2525 5255 ἕκαστον
2576 5190 2884 5268 κεφάλαιον
2912 5192 3288 5268 διευθύνοντες.
3320 5190 3499 5268 βταεοὶ
3544 5204 3688 5259 περι-

2142 5273 2310 5343 κοπήν
2338 5271 2497 5324 etiam
2531 5259 2741 5343 dicunt;
2773 5264 3284 5343 Latinicapitulum.
3320 5259 3423 5343 ln._
3469 5326 3521 5343 η
3649 5327 3660 5337 ο

2139 5398 2264 5496 nus,
2291 5398 2707 5496 ύπομνῆςςωμενῖ
2738 5406 2921 5493 Μειεςίεο
2946 5414 3125 5496 ιυωελη
3171 5398 3568 5496 placetnl’uket.
3596 5414 3686 5452 co-

2138 5468 2274 5538 dicis
2300 5491 2352 5537 et
2379 5468 2542 5534 Savil.
2577 5468 2869 5552 scriptura,
2899 5468 3303 5552 ὑπεμνήσσξμεν.
3650 5470 3698 5552 δ’

2207 5553 2319 5622 (25)
2350 5553 2631 5620 Ἔλεγχος
2651 5542 2755 5602 τοῦ
2774 5542 3017 5616 κόσμουζ
3041 5542 3684 5623 ςοιιάετηιιαιὶρηεοιχθηί

2137 5607 2361 5687 rectius,
2390 5630 2450 5675 ut
2469 5607 2681 5690 opinor,
2711 5634 2870 5690 quam
2883 5607 3322 5690 'reprobationem.
3351 5607 3684 5690 pertele

2138 5678 2360 5750 sarium,
2379 5678 2528 5749 vetus
2560 5678 2775 5762 ἔλεγχον
2798 5678 3181 5758 interpretatur
3197 5681 3483 5753 judicium.
3506 5678 3580 5735 lo.
