3972 6318
614 320 747 379 δεδι
1587 322 1647 377 S.
1686 318 1979 376 DlONYSll
2016 316 2320 376 ΕΡῐὸΟοΡί
2359 320 2823 378 ALEXANDRINI
3627 336 3736 393 ηεξ

612 452 786 492 vacuo
816 444 1014 491 temere
1038 436 1164 491 dum
1193 435 1469 505 feruntur,
1500 438 1628 493 dum
1656 455 1784 495 casu
1808 448 2027 511 propter
2057 440 2149 495 im-

2191 445 2238 502 Α
2263 439 2498 503 πτούσας
2533 440 2787 512 ἀλλήλαις
2815 440 2902 495 διὰ
2927 439 3101 513 ῥύμην
3122 444 3361 507 ἄτακτον,
3388 448 3472 502 καὶ
3493 452 3737 522 συμπλεκο-

612 540 767 599 petus
796 529 1247 598 perturbationem
1277 532 1394 585 alim
1418 548 1539 585 cum
1567 534 1692 586 aliis
1729 542 2080 595 concurrunt,
2105 549 2149 586 at

2275 530 2439 600 μένας
2472 529 2560 583 διὰ
2585 530 2644 584 τὸ
2669 530 2905 603 πολύσχη
2914 549 3032 601 μον,
3081 532 3310 603 ἀλλήλων
3335 536 3735 608 ἐπιλαμϐάνεσθαι,

613 633 831 691 propter
865 622 1210 689 nmltiplicem
1243 624 1466 691 ﬁguram
1500 624 1637 678 inter
1663 639 1781 677 sese
1809 625 2149 678 commiscet»

2270 621 2365 673 acati
2397 621 2536 674 οὕτω
2561 621 2649 674 τόν
2673 639 2731 674 τε
2760 623 2961 693 κόσμον
2993 623 3088 675 καλ¹
3130 624 3196 677 τά
3220 627 3275 677 ὲν
3304 627 3457 697 αὐτῷ,
3513 631 3673 699 μᾶλλον
3695 636 3739 690 δὲ

615 723 722 771 tur.
760 728 881 764 eum
908 713 1310 780 apprehendere
1343 722 1529 766 mutuo
1556 728 1697 777 sese,
1729 722 1840 766 tum
1872 712 2015 766 hunc
2040 728 2149 781 quo

2270 713 2503 782 κόσμους
2527 712 2784 783 ἀπείρους
2840 714 3136 769 ἀποτελεῖν.
3181 715 3381 786 Ταύτης
3419 719 3471 772 δὲ
3516 722 3598 789 τῆς
3620 724 3737 792 δόξης

611 820 716 871 que
765 802 1064 867 mundum,
1113 818 1339 871 quaeque
1394 804 1509 872 ipso
1558 808 1901 858 continentur
1942 806 2163 870 omnia,

612 894 722 946 imo
772 910 895 946 vero
942 893 1171 947 mundos
1200 904 1362 947 etiam
1411 895 1649 949 inﬁnitos
1680 895 1905 949 eﬂicere.
1966 896 2079 950 Hac
2110 897 2165 950 in

608 986 872 1038 se:.tentia
920 984 1184 1054 Epicurus
1236 984 1680 1055 Democritusque
1735 987 1931 1041 versati
1987 996 2162 1042 sunt:

609 1076 710 1129 hoc
741 1092 846 1130 uno
870 1076 1202 1141 discrimine,
1235 1077 1378 1145 quod
1409 1076 1673 1145 Epicurus
1702 1078 1951 1132 minimas
1977 1094 2165 1133 omnes

605 1178 816 1220 atomos
836 1208 851 1230 ,
883 1182 1125 1236 quaSque
1157 1177 1436 1237 propterea
1482 1183 1675 1222 sensus
1699 1184 1805 1223 non
1838 1158 2163 1238 a'ttingeret;

607 1255 947 1312 Democritus
981 1258 1268 1311 nonnullas
1312 1259 1498 1312 saltem
1543 1259 1809 1313 maximas
1838 1274 1958 1313 esse
1986 1259 2160 1314 vellet.

604 1349 869 1403 Caeterum
901 1349 1206 1403 individuas
1240 1350 1358 1402 illas
1385 1359 1436 1402 et
1462 1349 1566 1403 dici
1596 1360 1649 1404 et
1674 1364 1816 1415 esse,
1841 1357 2056 1418 propter
2082 1349 2165 1402 in-

604 1439 973 1492 dissolubilem
1001 1454 1186 1491 earum
1213 1437 1544 1502 ﬁrmitatem,
1567 1449 1794 1507 uterque
1823 1438 1997 1491 docet.
2023 1435 2164 1491 Sunt

607 1539 785 1584 tamen
804 1570 818 1591 ,
844 1530 935 1598 qui
964 1539 1270 1584 atomorum
1304 1530 1521 1584 nomine
1547 1544 1773 1599 corpora
1803 1527 2049 1598 quaedam
2080 1528 2164 1582 in-

605 1624 889 1695 telligunt,
942 1639 1062 1693 qua:
1104 1624 1347 1693 partibus
1373 1631 1593 1679 careant
1620 1623 1733 1691 ipsa
1770 1621 2018 1691 quidem,
2056 1620 2164 1674 sint

604 1724 784 1767 tamen
819 1714 1052 1767 universi
1085 1724 1295 1783 partes;
1350 1729 1415 1768 ex
1446 1713 1645 1784 quibus
1668 1753 1684 1777 ,
1717 1712 2004 1766 individuze
2036 1727 2159 1766 cum

2280 803 2594 875 Ἐπίκουρος
2645 805 2898 872 γεγόνασι
2946 805 3039 858 καὶ
3085 807 3423 879 Δημόκριτος
3472 812 3675 867 τοσοῦτον
3696 817 3738 870 δὲ

2266 893 2622 965 διεφώνησαν,
2675 896 2796 948 ὅσον
2819 898 2848 949 ὁ
2880 897 2997 966 μὲν,
3030 897 3308 967 ἐλαχίστας
3353 900 3532 965 πάσας,
3581 906 3736 959 misti

2265 983 2422 1036 τοῦτο
2455 984 2901 1054 ἀνεπαισθήτουςσ
2931 987 2959 1038 ὁ
2985 986 3043 1038 δὲ
3063 987 3403 1058 Δημόκριτος,
3435 992 3521 1043 καὶ
3539 993 3737 1060 μεγίστας

2261 1071 2403 1128 εἷναί
2433 1093 2580 1139 τινας
2613 1074 2847 1146 ἀτόμους
2876 1076 3164 1130 ὑπέλαϐεν.
3207 1079 3452 1149 Ἀτόμους
3469 1081 3517 1133 δὲ
3543 1079 3738 1152 ait/alea-

2266 1181 2348 1217 σιν
2381 1166 2698 1237 ἀμφότεροι,
2730 1166 2823 1219 καὶ
2874 1166 3125 1235 λέγεσθαι
3170 1168 3256 1222 διὰ
3304 1170 3392 1241 τὴν
3434 1172 3597 1226 ἄλυτον
3623 1179 3737 1247 περε

2268 1257 2484 1326 ρότητα,
2519 1259 2580 1311 Οί
2610 1257 2688 1322 δὲ,
2719 1258 2816 1321 τὰς
2839 1258 3073 1329 ἀτόμους
3106 1260 3203 1329 μὲν
3226 1262 3574 1331 ὀνομάσαντες,
3600 1267 3734 1337 ἀμερῆ

2265 1349 2428 1414 φασιν
2456 1344 2592 1401 εἶναι
2620 1347 2862 1419 σώματα,
2895 1348 2987 1401 τοῦ
3014 1351 3213 1414 παντὸς
3248 1353 3401 1423 μέρη,
3431 1356 3481 1419 ἐξ
3521 1349 3584 1407 ὧν
3609 1357 3735 1411 ἀδιαι-

2269 1442 2438 1511 ρέτων
2466 1441 2632 1495 ὄντων
2688 1442 2990 1496 συντίθεται
3043 1442 3111 1495 τά
3146 1445 3337 1508 πάντα,
3370 1447 3456 1499 καὶ
3494 1451 3561 1512 εἰς
3594 1451 3622 1504 ἃ
3651 1451 3734 1503 δια-

2265 1533 2469 1591 λύεται.
2504 1534 2614 1587 Kal.
2635 1535 2836 1588 τούτων
2882 1535 3011 1603 φασὶ
3036 1535 3147 1588 τῶν
3174 1537 3387 1607 ἀμερῶν
3433 1541 3735 1610 ὀνοματοπονδν

2263 1625 2524 1695 Διόδωρον
2575 1627 2873 1694 γεγονέναι·
2927 1626 3097 1698 ὄνομα
3156 1630 3235 1688 δὲ,
3267 1631 3438 1699 φασὶν,
3469 1634 3621 1696 αὐτοῖς
3642 1634 3733 1688 ἄλλο

2274 1715 2626 1787 Ἡρακλείδης
2684 1715 2904 1787 θέμενος
2922 1755 2937 1780 ,
2983 1718 3239 1772 ἐκάλεσεν
3291 1720 3500 1787 ὖγκους,
3553 1726 3654 1794 παρ’
3684 1718 3729 1778 οὗ

604 1805 746 1869 sint,
797 1804 1024 1859 conﬂata
1071 1805 1302 1874 primum
1337 1805 1552 1868 omnia,
1587 1804 1643 1858 in
1682 1804 1899 1859 easdem
1944 1818 2149 1874 quoque

2195 1769 2237 1824 Β
2264 1769 2358 1858 καί
2403 1769 2798 1875 Ἀσκληπιάδης
2853 1769 2901 1856 ό.

604 1898 989 1951 dissolvantur.
1031 1895 1256 1964 Harum,
1286 1905 1446 1967 prout
1470 1897 1715 1967 partibus
1741 1903 1958 1959 carent,
1989 1894 2163 1949 nomi-

2268 1911 2346 1965 μα
2380 1893 2509 1965 (es).

602 1989 688 2042 nis
722 1996 998 2042 auctorem
1028 1986 1233 2043 faciunt
1266 1987 1557 2043 Diodorum
1589 2005 1603 2042 :
1637 2002 1730 2043 eas
1753 2002 1900 2052 vero,
1931 1986 2039 2041 alio
2063 1983 2304 2050 nomine,
2329 1985 2541 2055 ὄγκους,
2571 1984 2675 2041 hoc
2718 1994 2802 2041 est
2847 1985 3009 2042 moles
3030 2026 3046 2054 ,
3093 2002 3192 2044 seu
3236 1989 3475 2059 pondera,
3493 1988 3731 2047 Heraclides

601 2084 843 2151 vocabat,
858 2084 1001 2154 quod
1032 2098 1228 2139 nomen
1252 2084 1320 2139 ab
1346 2099 1412 2140 eo
1434 2082 1778 2154 Asclepiades
1807 2081 2050 2139 medicus
2076 2080 2331 2150 suscepit.

1342 2177 1409 2235 ll.

601 2291 793 2346 Rerum
827 2293 964 2347 inter
988 2292 1226 2366 homines
1249 2292 1842 2366 vulgariumexemplis,
1872 2293 2157 2365 Epicureo-

1050 2379 1166 2415 rum
1194 2362 1381 2431 dogma
1412 2363 1687 2433 refellitur.

669 2475 774 2541 Qui
810 2477 1024 2530 tandem
1072 2477 1323 2533 homines
1352 2479 1486 2534 istos
1515 2478 1784 2548 feramus,
1834 2481 1963 2536 dum
1991 2495 2155 2551 opera

598 2568 876 2636 sapientire
901 2568 1056 2637 plena
1081 2608 1096 2632 ,
1130 2584 1300 2637 eoque
1327 2569 1444 2639 ipso
1468 2571 1608 2625 bona
1632 2610 1648 2635 ,
1698 2586 1827 2627 casu
1862 2571 2005 2627 facta
2033 2584 2154 2627 esse

597 2660 825 2715 dicunt?
850 2675 971 2730 qua:
994 2668 1045 2715 et
1075 2661 1285 2730 singula
1318 2663 1573 2728 seorsim,
1602 2670 1655 2729 et
1682 2662 1845 2718 simul
1878 2664 2150 2728 universa,

594 2751 642 2804 ei
675 2750 833 2818 cujus
882 2752 1065 2805 omnia
1102 2751 1258 2820 jussu
1289 2753 1639 2816 exstiterant,
1674 2754 1814 2808 bona
1870 2751 1983 2807 sint
2009 2753 2145 2809 visa.

606 2841 750 2894 Vidit
776 2842 933 2906 enim,
954 2842 1148 2911 inquit,
1175 2841 1313 2896 Deus
1346 2851 1533 2896 cuncta
1553 2860 1671 2913 qua
1694 2844 1887 2913 fecerat
1914 2858 1934 2897 :
1962 2854 2010 2897 et
2035 2860 2150 2897 ecce

597 2934 730 2987 bona
754 2934 902 2988 valde
930 2933 997 2990 “.
1056 2933 1377 3005 Quanquam
1439 2949 1507 2989 ne
1550 2934 1744 3005 pusilla
1789 2933 2007 3004 quidem
2057 2935 2149 2989 illa

594 3024 834 3093 cogitant
881 3023 1207 3100 vulgarium,
1235 3024 1477 3094 exempla
1526 3039 1731 3087 rerum,
1784 3039 2014 3094 quorum
2046 3024 2148 3095 ipsi

595 3116 807 3169 monitu
851 3115 1033 3169 doceri
1084 3114 1322 3183 possint,
1372 3114 1630 3184 quidquid
1673 3115 1940 3184 ejusmodi
1982 3125 2067 3170 est
2095 3125 2153 3171 ut

593 3204 807 3261 fruetus
853 3206 1056 3274 aliquid
1086 3214 1139 3259 et
1171 3205 1422 3259 utilitatis
1447 3205 1666 3271 atl‘erat,
1715 3206 1765 3260 id
1812 3222 1921 3261 non
1950 3216 2153 3263 temere

593 3311 660 3351 ac
690 3298 806 3349 sine
832 3296 1012 3350 studio
1032 3295 1171 3360 ﬁeri,
1194 3295 1285 3350 sed
1320 3296 1499 3365 potius
1524 3296 1709 3351 solerti
1734 3312 1993 3352 manuum
2029 3313 2153 3368 ope-

595 3403 655 3440 ra
684 3403 843 3447 suum
876 3403 939 3442 ac
969 3388 1245 3457 proprium
1294 3388 1346 3440 in
1395 3404 1551 3443 usum
1583 3388 1852 3443 elaborari
1885 3406 1898 3443 :
1924 3397 1979 3443 at
2009 3389 2149 3444 idem

592 3479 758 3535 simul
803 3488 967 3548 atque
1017 3478 1356 3534 fructuosum
1386 3488 1440 3534 et
1466 3480 1806 3534 commodum
1852 3494 1973 3535 esse
2015 3480 2152 3535 desi-

596 3572 695 3638 nit,
723 3571 859 3626 solvi
891 3571 1173 3635 continuo,
1205 3580 1259 3626 et
1283 3571 1507 3627 confuse
1529 3571 1817 3626 admodum
1843 3586 1908 3625 ac
1937 3581 2152 3641 pertur-

590 3664 716 3719 bate
739 3663 1027 3732 dissipari,
1064 3671 1247 3732 utpote
1270 3662 1415 3733 quod
1445 3678 1505 3718 ea
1535 3678 1645 3718 non
1674 3663 1908 3733 amplius
1937 3664 2151 3733 sapien-

590 3757 663 3811 tia
690 3754 847 3824 cujus
881 3754 1057 3824 ipsum
1090 3762 1213 3809 ante
1238 3770 1369 3810 cura
1391 3756 1765 3822 conservabat,
1803 3764 2061 3812 tractetur
2085 3771 2150 3811 ac

587 3856 823 3917 regatur.
864 3847 941 3901 Ita
970 3848 1370 3914 vestimentum,
1397 3863 1494 3903 nec
1526 3849 1777 3913 stamine,
1798 3848 2002 3918 absque
2028 3858 2146 3904 tex—

494 3970 499 3979 -
589 3938 721 3993 toris
752 3953 938 4001 manu,
968 3954 1025 3993 se
1059 3940 1176 4008 ipso
1206 3940 1561 4006 consistente,
1594 3953 1693 3994 nec
1721 3940 2060 4011 subtegmine
2089 3955 2149 3996 se

561 4030 764 4111 .ipsum
799 4031 940 4084 ultro
969 4031 1141 4085 eidem
1170 4031 1477 4100 implicante
1510 4032 1837 4100 pertexitur;
1878 4033 2034 4102 cujus
2066 4042 2148 4088 ta-

585 4138 733 4185 men,
763 4122 855 4176 ubi
888 4122 1260 4191 disrumpitur,
1309 4122 1483 4176 lacera
1519 4123 1645 4177 hinc
1676 4123 1800 4177 inde
1831 4122 1999 4179 frusta
2033 4124 2146 4178 dis-

577 4214 674 4284 jici
720 4215 921 4269 videas.
982 4212 1055 4267 lta
1102 4229 1224 4268 cum
1272 4213 1467 4268 domus
1517 4221 1610 4266 aut
1653 4214 1782 4270 urbs
1828 4215 2142 4280 aediﬁcatur,

581 4321 691 4360 non
714 4305 917 4375 lapides
944 4304 1162 4373 excipit,
1181 4305 1316 4358 alios
1347 4305 1399 4357 in
1432 4304 1780 4359 fundamenta
1803 4318 1991 4376 sponte
2008 4309 2140 4363 sul)-

2179 3083 2222 3143 C

3004 2177 3078 2231 B'.

2441 2291 2573 2348 Ἀπὸ
2603 2291 2721 2346 τῶν
2749 2290 2819 2345 ἐν
2841 2289 3177 2360 ἀνθρώποις
3206 2291 3623 2362 ὑποδειγμάτων.

2329 2473 2454 2538 Πῶς
2483 2473 2659 2528 αὐτῶν
2708 2473 3086 2546 ἀνασχώμεθα,
3136 2475 3344 2547 τυχηρά
3371 2475 3599 2543 λεγόντων
3635 2471 3731 2528 εἶναι

2259 2565 2639 2637 συμπτώματα
2677 2564 2744 2617 τὰ
2794 2564 2951 2633 σοφὰ,
3012 2564 3104 2617 καὶ
3140 2564 3229 2618 διὰ
3274 2565 3424 2618 τοῦτο
3456 2564 3517 2618 τὰ
3541 2564 3731 2635 una.

2260 2656 2680 2730 μιουργήματας
2708 2649 2782 2709 ῶν
2808 2655 3037 2708 ἕκαστόν
3067 2672 3126 2708 τε
3171 2656 3293 2709 καθ’
3332 2657 3475 2710 ἑαυτὸ
3496 2657 3729 2727 γενόμεναι,

2256 2747 2410 2819 ῶφθη
2438 2747 2515 2818 τῷ
2540 2746 2897 2819 προστάξαντι
2920 2746 3171 2815 γενέσθαι
3206 2747 3384 2811 καλὸν,
3401 2749 3487 2803 καὶ
3506 2748 3730 2820 συλλήϐδην

2255 2838 2453 2909 ὁμοίως
2488 2838 2721 2892 ἅπαντα.
2752 2832 2892 2890 Εἷδε
2921 2836 3052 2905 γὰρ,
3083 2838 3270 2908 φησὶν,
3295 2841 3327 2892 ό
3373 2839 3503 2905 Θεὸς
3518 2840 3577 2892 τὰ
3591 2837 3730 2890 πάντα

2256 2931 2373 2986 ὅσα
2388 2932 2675 2998 ἐποίησε,
2710 2929 2810 2984 καὶ
2845 2928 2972 2981 ἰδοὺ
3002 2929 3157 2982 καλὰ
3200 2931 3357 2985 λίαν.
3399 2930 3522 2984 Ἀλλ’
3549 2931 3641 2984 οὐδὲ
3656 2928 3729 2983 ἀπὸ

2253 3025 2358 3081 τῶν
2393 3024 2598 3096 μικρῶν
2629 3023 2737 3094 (29)
2777 3022 2882 3076 τῶν
2905 3023 3169 3093 συνήθων,
3200 3026 3295 3078 καὶ¹
3325 3024 3467 3097 παρά
3495 3024 3629 3085 πόδας
3646 3039 3728 3073 νον-

2254 3113 2547 3167 θετούντων
2598 3113 3070 3183 παραδειγμάτων,
3118 3113 3180 3178 ἐξ
3212 3106 3286 3167 ὧν
3315 3112 3544 3166 δύνανται
3580 3110 3729 3183 μανθὰ-

2253 3220 2386 3269 νειν,
2418 3204 2499 3256 ὅτι
2531 3201 2781 3274 χρειῶδες
2811 3202 2908 3272 μὲν
2940 3201 3035 3255 καὶ
3081 3204 3220 3274 πρὸς
3249 3204 3500 3273 ὠφέλειαν
3522 3204 3648 3273 ἔργον
3667 3202 3726 3253 οὐ·

2251 3295 2337 3348 δὲν
2382 3294 2834 3365 ἀνεπιτηδεύτως,
2894 3295 3014 3349 οὐδὲ
3058 3296 3404 3367 συμϐατικῶς
3426 3295 3726 3365 ἀπεργάζεται,

2252 3383 2388 3437 ἀλλά
2419 3382 2734 3455 χειρουργού
2744 3400 2921 3454 μενον,
2942 3384 3023 3447 εἰς
3050 3383 3146 3455 τὴν
3174 3385 3477 3456 πρέπουσαν
3503 3382 3727 3454 ὑπηρεσίαν

2252 3474 2656 3547 καταρτίζεται.
2684 3476 2851 3528 Ὅταν
2881 3474 2937 3528 δὲ
2960 3476 3039 3539 είς
3065 3477 3337 3548 ἄχρηστον
3377 3475 3641 3548 μεταπίπτῃ
3662 3472 3726 3527 καὶ

2250 3566 2541 3635 ἀνωφελὲς,
2580 3566 2707 3619 τότε
2753 3565 3100 3637 διαλυόμενον
3159 3568 3419 3640 ἀορίστως
3464 3567 3560 3639 (50)
3587 3563 3725 3625 milia;

2249 3656 2315 3710 ἂν
2342 3656 2479 3727 τύχῃ
2519 3656 2905 3719 διασκίδναται,
2928 3657 3022 3710 ἀτε
3055 3659 3254 3729 μηκέτι
3282 3657 3723 3731 μεταχειριζομένηςο

2254 3749 2385 3819 μηδὲ
2408 3748 2794 3820 διαταττούσης
2822 3749 2953 3802 αὐτὸ
2988 3750 3087 3821 τῆς
3120 3751 3332 3820 σοφίας,
3426 3750 3509 3804 τοῦ
3538 3747 3726 3803 συνεστά-

2248 3857 2335 3893 ναι
2368 3839 2524 3893 τοῦτο
2553 3838 2761 3910 ἔμελεν.
2808 3840 3036 3912 Ἰμάτιόν
3070 3859 3128 3894 τε
3165 3842 3294 3914 γὰρ,
3317 3845 3374 3897 οὐ
3400 3844 3548 3914 χωρὶς
3574 3842 3727 3909 ἱστουρ-

2181 3932 2186 3937 ’
2248 3931 2368 4000 γοῦ,
2420 3931 2821 4001 συνισταμένων
2854 3932 2961 3985 τῶν
2984 3933 3286 4003 στημόνων,
3319 3935 3434 3987 οὐδὲ
3474 3933 3556 4004 τῆς
3579 3928 3726 4000 κρόκης

2248 4024 2566 4094 αὐτομάτως
2623 4022 3181 4096 παρεμπλεκομένης,
3222 4026 3571 4094 ἀνυφαίνεται·
3615 4023 3650 4073 εί
3686 4018 3725 4070 δὲ

2246 4115 2621 4187 κατατριϐείη,
2652 4116 2718 4168 τὰ
2747 4115 3071 4169 λακισθέντα
3094 4116 3482 4190 διαρριπτεῖται
3515 4117 3643 4187 ῥάκη.
3662 4112 3725 4163 Ol-

2247 4206 2337 4259 κία
2364 4224 2422 4258 τε
2451 4207 2877 4277 ὰνοικοδομεῖται
2936 4210 3031 4262 καὶ
3060 4210 3235 4273 πόλις,
3285 4210 3342 4261 οὐ
3375 4210 3490 4270 τούς
3514 4208 3595 4277 μέν
3617 4216 3722 4262 τινας

2244 4296 2507 4367 δεχομένη
2542 4296 2808 4368 θεμελίοις
2856 4298 3283 4370 αὐτομολοῦντας
3319 4299 3501 4360 λίθους,
3550 4296 3647 4355 τοὺς
3682 4289 3721 4342 δὲ

579 4398 836 4464 sidentes,
880 4397 1016 4451 alios
1067 4397 1313 4466 superius
1346 4397 1397 4448 in
1434 4406 1721 4449 structurae
1756 4397 1964 4452 corium
1997 4399 2139 4454 ultro

2181 4416 2215 4470 ι)
2246 4387 2629 4458 ἀναπηδῶντας
2671 4390 2749 4451 εἰς
2780 4389 2876 4451 τὰς
2904 4388 3174 4454 ἐπιϐολὰς,
3232 4391 3364 4443 ἀλλά
3396 4387 3524 4442 κατά
3544 4379 3720 4456 χώρανὸ

581 4491 963 4558 subvolantes;
1018 4489 1109 4543 sed
1142 4488 1467 4543 architectus
1518 4491 1569 4540 in
1602 4504 1757 4541 suum
1792 4504 2034 4558 quosque
2061 4491 2141 4546 lo-

582 4596 706 4633 cum
741 4581 948 4635 delatos
1000 4587 1119 4649 apte
1168 4580 1537 4646 concinneque
1564 4577 1819 4645 disponit.
1876 4579 1944 4632 At
1987 4592 2139 4649 post-

581 4685 743 4737 quam
774 4671 996 4725 subruta
1032 4680 1133 4735 est,
1159 4671 1345 4724 ubiubi
1385 4687 1546 4726 casus
1577 4669 1777 4731 tulerit,
1813 4670 2005 4741 singuli
2029 4674 2140 4731 dis-

575 4760 705 4828 jecti
738 4762 936 4829 passim
969 4772 1274 4833 temereque
1300 4764 1499 4833 jaceat.
1543 4765 1614 4821 Ita
1644 4766 1771 4821 dum
1801 4770 1953 4823 navis
1986 4784 2137 4822 com-

581 4850 848 4919 pingitur,
884 4867 991 4905 non
1019 4871 1076 4908 se
1110 4857 1279 4923 ipsam
1313 4858 1497 4911 carina
1524 4860 1826 4923 submittit,
1877 4876 1984 4914 non
2018 4876 2135 4915 ma-

577 4944 663 4998 lus
696 4943 749 4996 in
781 4944 957 4997 medio
986 4955 1190 5000 rectum
1224 4964 1342 5003 sese
1387 4952 1554 5016 tollit,
1607 4969 1713 5006 IIOII
1758 4953 1901 5023 ligna
1946 4962 2135 5009 caetera

647 5079 690 5109 ”
719 5077 850 5132 Gen.
890 5095 929 5140 ι,
961 5077 1049 5131 5i.

643 5210 756 5286 (2‘8)
784 5213 1271 5286 :Exxrjpordgnqe
1297 5215 1360 5268 τὸ
1388 5216 1588 5286 ὄνομα.
1628 5219 1721 5274 His
1748 5230 1926 5275 autem
1954 5224 2137 5280 relatis

573 5282 753 5360 subdit
776 5283 1047 5360 Eusebius
1075 5300 1086 5334 :
1120 5282 1501 5360 Ταύτχείπῲνξ
1531 5288 1656 5360 ἑξῆς
1691 5292 2046 5357 ἀνασκευάζει
2075 5293 2135 5348 τὸ

572 5349 744 5433 δόγμα
771 5352 856 5431 διὰ
884 5354 1111 5433 πολλῶν,
1134 5354 1271 5433 ὰτᾲρ
1291 5355 1345 5407 δὲ
1368 5356 1451 5433 δια
1479 5349 1698 5433 τούτων.
1729 5361 1854 5416 llwc
1881 5349 2134 5433 prlefatus

576 5421 898 5502 (Dionysius)
933 5423 1121 5502 multis
1143 5421 1379 5502 deinceps
1415 5429 1507 5480 hoc
1535 5430 1720 5502 dogma
1753 5421 2019 5502 confatat',
2049 5434 2137 5487 itt-

573 5500 748 5563 terque
779 5502 983 5563 (latera,
1017 5495 1177 5547 verbis
1202 5512 1315 5563 qua:
1343 5495 1645 5563 sequuntur.
1683 5500 1844 5556 (λιιι.

2243 4478 2553 4549 τοιχοδὸμος
2583 4480 2706 4542 τοὺς
2738 4478 2988 4541 εὐθέτους
3030 4479 3301 4552 ἐπιφέρει·
3345 4474 3719 4551 καταρῤιφθείσης

2245 4567 2324 4630 δὲ,
2346 4567 2421 4630 ὡς
2450 4567 2514 4621 ἂν
2538 4568 2792 4639 παρείκῃ,
2838 4567 3184 4638 κατενεχθεὶς
3242 4571 3457 4630 ἕκαστος
3483 4557 3717 4628 ἀπεσφάλη·

2243 4659 2356 4711 Καὶ
2382 4656 2927 4726 κατασκευαζομένης
2958 4655 3114 4720 νεὼς,
3150 4658 3247 4728 οὐχ
3273 4660 3305 4730 ὴ
3334 4657 3426 4727 μέν
3453 4672 3525 4717 τις
3548 4644 3719 4704 {ialm-

2242 4749 2330 4802 λεν
2366 4749 2560 4821 ἑαυτὴν
2620 4749 2835 4820 τροπὶς,
2866 4748 2895 4798 ὁ
2949 4747 3005 4799 δὲ
3046 4748 3185 4802 κατά
3236 4749 3399 4820 μέσην
3431 4744 3592 4800 ἑαυτὸν
3618 4735 3718 4796 ἱστὸς

2239 4839 2483 4911 ὤρθωσε,
2523 4839 2617 4892 καὶ
2650 4838 2758 4893 τῶν
2785 4839 2957 4892 ἄλλων
3008 4838 3235 4895 ἕκαστον
3282 4838 3459 4903 ξύλων,
3488 4836 3545 4905 ἣν
3582 4831 3715 4897 Erexi?

2238 4929 2298 4995 ὲξ
2319 4930 2508 4984 ἑαυτοῦ
2535 4930 2680 4983 θέσιν
2714 4930 3031 4985 κατέλαϐεν.
3055 4931 3190 4984 Οὐδὲ
3217 4931 3283 4984 τά
3318 4929 3559 4999 λεγόμενα
3576 4916 3716 4975 ἑκατδν

2237 5227 2524 5304 tur?_Qnid
2573 5230 2617 5284 si
2649 5241 2771 5304 post
2805 5233 3283 5304 παραδειγμάτων,
3326 5231 3579 5304 adderetur
3602 5221 3711 5304 φιλθῗ

2236 5300 2505 5373 σρφοῦσιν,
2538 5312 2632 5373 8m
2658 5300 2866 5373 aliquid
2885 5300 3113 5358 'simile‘?
3157 5304 3293 5370 Quid
3343 5303 3406 5366 si,
3437 5300 3560 5373 quod
3577 5303 3712 5373 iungi:

2231 5356 2427 5490 glzlcet,
2490 5356 2878 5427 νουθετούντων
2902 5356 3331 5428 wnititaretilnin
3384 5356 3712 5425 νούθετοῦνταιῖ

2282 5454 2422 5493 mea.

2301 5479 2548 5586 Ιζὶς
2594 5512 2707 5586 τὴν
2735 5514 3084 5580 πρέπουσαν
3222 5512 3511 5586 ἀορίστωςς
3549 5494 3710 5586 H391.

610 5560 752 5654 ι
783 5561 942 5616 Ἀλλ’
972 5563 1111 5654 0.1363:-
1140 5560 1257 5644 ἀπο
1288 5560 1672 5654 ator-ytprm
1703 5572 1898 5654 [lcesse
1934 5578 2133 5647 aliquid

2229 5576 2291 5654 e_d
2300 5560 2372 5654 it._
2567 5621 2580 5634 .
2601 5560 2701 5649 liti
3174 5560 3187 5567 '
3199 5560 3391 5638 utiliore
3402 5560 3603 5636 veniisse,
3618 5578 3710 5638 βυ·

571 5630 783 5705 videtur
823 5634 1297 5708 :Apendentwenim
1348 5630 1479 5708 ista,
1532 5630 1630 5693 nec
1678 5641 1785 5695 ullo
1823 5630 2133 5702 verbol’ul;

570 5697 805 5753 ciuntur.
843 5697 981 5761 Quid
1024 5705 1065 5757 si
1107 5704 1163 5766 se
1192 5697 1266 5757 ὧν
1298 5707 1442 5773 quod
1468 5697 1605 5762 mox
1634 5697 2131 5772 sequitur‘tollerwe-
