3972 6318
646 317 779 374 1258
1623 315 1679 373 S.
1718 314 2017 373 DIONYSII
2054 317 2357 375 EPISCOPI
2396 317 2861 377 ALEXANDle
3642 344 3742 400 ηδε

642 449 751 502 tar,
780 445 839 491 ut
870 436 970 500 sol,
1001 436 1149 499 luna,
1179 435 1365 499 stellze,
1399 442 1540 490 terra
1563 444 1615 489 et
1639 450 1815 505 aqua;
1845 436 2037 505 partim
2072 451 2152 491 ser

2235 441 2266 497 Α
2294 434 2478 491 Ταῦτα
2501 437 2609 510 γάρ
2632 438 2751 492 οὐδὲ
2776 440 3020 503 Θέλοντες
3075 440 3324 512 ὑπάρχειν
3373 444 3652 520 ἀρνήσασθαι
3678 458 3746 513 δῦ-

643 543 762 581 sum
790 525 1022 597 fugiunt,
1059 537 1117 580 ut
1141 526 1250 593 dii,
1289 526 1559 581 dzemonrs
1584 535 1638 581 et
1660 516 1863 581 ani'mi?
1899 526 2022 583 "me
2047 529 2152 581 enin

2292 542 2500 579 νανται.
2531 526 2611 579 Τὰ
2645 526 2701 580 δὲ
2731 527 3148 599 μακροϐιώτατα
3168 531 3278 595 ζῶά
3313 550 3364 586 τε
3392 516 3632 607 καὶ-φυτά.
3663 545 3748 609 ζῶα

640 634 761 673 esse
783 657 797 682 ,
824 626 884 671 ut
910 618 1143 689 maxime
1165 618 1360 685 velint,
1414 633 1611 687 negare
1635 633 1742 672 non
1771 627 2013 687 possunt.
2072 619 2152 672 Ali

2294 615 2411 685 μὲν,
2446 615 2503 668 ἐν
2524 632 2584 669 τε
2605 616 2828 686 ὄρνισιν,
2864 615 2939 680 ὥς
2967 634 3151 686 φασιν,
3173 621 3333 686 ἀετοὶ,
3357 625 3559 694 κόρακές
3594 649 3658 697 τε,
3680 641 3750 693 καὶ,

639 709 909 763 diuturna:
948 710 1236 764 admodum
1281 710 1405 763 vita!
1429 748 1446 774 ,
1492 709 1606 764 sive
1637 708 1989 763 animantium
2015 747 2029 771 ,
2080 710 2152 765 siv

2289 705 2544 774 φοίνικες·
2581 707 2639 763 ἐν
2665 725 2725 761 τε
2757 708 3051 780 χερσαίοις,
3082 710 3263 780 ἔλαφοί
3286 730 3361 777 τε,
3382 717 3468 769 καὶ
3506 720 3749 791 ἐλέφαντες,

636 802 941 871 plantarum
990 817 1055 855 ex
1102 816 1327 870 genere;
1370 801 1764 867 animantium,
1818 811 1877 858 ut
1900 819 2028 859 aves
2051 803 2152 859 inte

2288 796 2382 849 καὶ
2400 796 2716 867 δράκοντες;
2744 799 2802 850 ὲν
2834 797 2893 851 δὲ
2914 802 3026 864 τοῖς
3078 801 3331 874 ὲνύδροις,
3364 804 3427 859 τὰ
3449 809 3587 881 κήτη·
3611 812 3750 889 δένδρα

636 893 800 963 (quod
828 892 927 963 ipsi
952 893 1219 961 dictitant)
1243 894 1455 963 aquilae,
1501 895 1651 948 corvi
1675 903 1837 963 atque
1866 896 2144 965 pbceniees

2286 886 2363 951 δὲ,
2396 886 2651 956 φοίνικες,
2707 890 2801 943 καὶ
2828 891 3007 963 δρύες,
3058 894 3150 946 καὶ
3202 896 3433 966 περσέαν
3480 899 3562 952 καὶ
3602 886 3748 975 τῶνγε

634 999 664 1037 e
696 984 1038 1039 terrestribus
1082 985 1223 1039 cervi
1242 1025 1257 1049 ,
1306 985 1617 1055 elephantes
1644 1000 1707 1041 ac
1728 986 2026 1054 dracones;
2050 1003 2079 1043 e
2102 990 2152 1058 pi

2286 976 2535 1050 δένδρων,
2565 978 2631 1032 τὰ
2656 980 2755 1050 μέν
2783 982 2928 1035 ἐστιν
2956 982 3203 1054 ἀειθαλῆ,
3241 984 3275 1038 ἂ
3298 986 3385 1038 καὶ
3417 989 3749 1064 καταριθμήσεις

633 1076 836 1142 scibus,
871 1092 993 1145 quae
1021 1087 1133 1131 cete
1155 1077 1438 1144 dicuntur;
1474 1078 1779 1147 plantarum
1808 1094 1958 1145 vero,
1984 1089 2043 1135 ut
2071 1081 2152 1150 pal

2284 1086 2368 1133 τις
2404 1065 2552 1123 εἶπεν
2596 1067 2732 1124 εῖναι
2765 1074 3249 1144 τεσσαρακαίδεκα’
3284 1076 3347 1129 τὰ
3392 1078 3445 1131 δὲ
3474 1081 3589 1151 πρὸς
3610 1087 3749 1157 xstpr

630 1182 731 1220 mae
755 1207 770 1231 ,
819 1183 1052 1237 quercus
1092 1176 1144 1222 et
1172 1182 1390 1237 pcrseae.
1430 1167 1668 1234 Quarum
1709 1169 1872 1224 etiam
1914 1172 2152 1225 nonnuil:

2284 1160 2454 1225 ἀνθεῖ,
2487 1161 2580 1216 καὶ
2616 1162 2946 1236 φυλλορροεί-
2977 1165 3046 1219 τὰ
3075 1166 3134 1219 δὲ
3159 1167 3373 1221 πλεῖστα
3403 1171 3500 1225 τῶν
3527 1189 3577 1225 τε
3599 1176 3751 1246 caeni.

628 1266 939 1327 perpetuam
973 1258 1201 1312 retinent
1221 1258 1566 1323 viriditatem,
1593 1260 1897 1330 cuiusmodi
1927 1270 2152 1330 quatuor

2284 1268 2389 1338 νων
2413 1252 2507 1306 καὶ
2528 1255 2881 1326 γεννωμένων
2910 1257 3057 1310 ἐστὶν
3094 1257 3351 1330 ὠκύμορα
3371 1260 3457 1314 καὶ
3501 1262 3747 1338 βραχντελῆ’

627 1346 801 1401 decim
848 1361 879 1402 a
923 1345 1175 1417 quopiam
1218 1358 1602 1416 numerantur;
1658 1351 1777 1405 alite
1816 1359 1963 1406 certo
1995 1354 2152 1408 lioren

2282 1337 2356 1399 ὢν
2388 1346 2505 1398 ἐστι
2535 1348 2628 1400 καὶ
2656 1347 2685 1399 ὁ
2714 1346 3016 1418 ἄνθρωπος,
3042 1349 3118 1413 ὡς
3156 1345 3273 1403 εἶπέ
3305 1368 3382 1415 τις
3407 1353 3522 1423 ἁγία
3558 1337 3749 1426 aspicit-

629 1444 887 1506 tempore,
917 1445 1065 1491 certo
1091 1452 1308 1508 quoque
1332 1438 1616 1494 frondibus
1636 1448 1931 1495 exuuntur.
1956 1441 2074 1496 Alia
2097 1443 2152 1497 de

2281 1434 2614 1507 τοῦΤραφήο
2640 1438 2860 1505 Βροτὸς
2896 1437 2964 1492 δὲ
2990 1439 3279 1509 γεννητὸς
3303 1443 3579 1513 γυναικός,
3604 1446 3750 1514 ὀλιγό-

624 1526 825 1596 nique,
872 1542 937 1581 ac
980 1527 1152 1581 multo
1195 1543 1326 1584 sane
1375 1528 1640 1598 plurima,
1681 1530 1796 1586 sive
1838 1543 2152 1587 nascantur

2282 1530 2424 1595 ὄιος.
2468 1528 2624 1583 Ἀλλά
2664 1531 2787 1594 τοὺς
2818 1531 3143 1602 συνδέσμους
3186 1536 3407 1604 φήσουσι
3452 1535 3548 1589 τῶν
3586 1537 3748 1607 ἀτόμων

624 1629 786 1683 terra,
816 1620 928 1674 sive
959 1618 1266 1689 gignantur,
1306 1620 1664 1690 iniquissimis
1694 1622 1789 1677 lati
1811 1622 2039 1693 vitaeque
2060 1624 2152 1679 bre

2278 1622 2704 1688 διαλλάττοντας,
2732 1623 2936 1687 αἰτίους
2966 1625 3210 1693 γίνεσθαι
3245 1626 3341 1697 τῆς
3370 1628 3487 1700 περὶ
3506 1629 3589 1700 τὴν
3610 1630 3749 1701 διαμο-

622 1709 859 1763 γίεείηιιε
882 1711 1143 1778 angustiis
1165 1710 1517 1789 includuntur
1533 1731 1547 1767 :
1575 1728 1604 1769 e
1620 1713 1816 1783 quibus
1835 1714 1998 1769 homo
2014 1715 2152 1771 etian

2235 1778 2249 1789 _
2279 1713 2375 1786 νὴν
2399 1713 2693 1787 διαφθορᾶς
2722 1715 2857 1788 (55).
2909 1716 2990 1770 Τά
3033 1718 3132 1783 μὲν
3158 1717 3268 1789 γὰρ
3316 1719 3401 1772 ὑπ’
3428 1720 3585 1775 αὐτῶν
3618 1739 3747 1775 mnu-

622 1798 860 1867 ipse-est,
888 1776 1168 1856 utalicubi
1197 1802 1379 1858 divina
1399 1803 1466 1859 de
1490 1780 1583 1860 illo
1606 1776 1884 1876 scriptura
1912 1808 2152 1879 loquitur

2235 1778 2251 1836 ι
2278 1803 2513 1860 κνῶσθαι
2537 1805 2631 1858 καὶ
2661 1804 3055 1875 κατεσφίγχθαι
3076 1805 3315 1875 λέγεται,
3339 1808 3409 1871 ὡς
3427 1808 3576 1864 ταῦτα
3604 1827 3748 1863 παντε-

620 1888 748 1943 dum
782 1890 858 1944 ait
891 1908 905 1945 :
942 1888 1187 1946 Mortalis
1230 1901 1405 1948 autem
1449 1902 1604 1951 natus
1652 1896 1717 1951 de
1741 1897 1989 1964 muliere,
2038 1899 2152 1954 ιιι-ευ

2276 1895 2381 1960 λῶς
2407 1896 2824 1951 δυσαπάλλακτα
2853 1897 3132 1966 γεγονέναι
3166 1899 3459 1970 πιλήματασ
3510 1901 3570 1954 τά
3608 1902 3653 1955 δὲ
3676 1921 3747 1973 μει-

618 1980 789 2036 vivens
817 1989 1043 2052 tempore
1074 1984 1139 2037 ¹⁶.
1177 1982 1465 2052 Diversos,
1498 1987 1690 2057 opinor
1711 2029 1724 2054 ,
1758 1998 2062 2045 atomorum
2087 2006 2175 2046 ne-

618 2084 756 2135 xus,
802 2080 963 2125 tantae
986 2071 1150 2140 hujus
1178 2071 1231 2125 in
1260 2072 1595 2141 persistendo
1624 2073 1938 2129 dill‘erentite
1978 2091 2172 2132 causas

615 2175 738 2215 esse
777 2162 1196 2231 respondebunt.
1232 2162 1349 2216 Alia
1391 2163 1558 2230 enim,
1608 2163 1883 2226 videlicet,
1931 2165 2173 2234 pressius

618 2251 687 2305 ab
714 2251 780 2306 iis
809 2251 1119 2321 arctiusque
1162 2251 1491 2321 constringi,
1535 2268 1655 2323 quae
1689 2253 1913 2321 proinde
1938 2254 2014 2308 uti
2036 2255 2171 2310 den-

615 2339 761 2394 siora
785 2378 801 2402 ,
847 2338 927 2394 sie
950 2340 1015 2393 ad
1054 2339 1457 2396 dissolvendum
1500 2341 1658 2414 longe
1678 2342 1994 2398 dilIicillima
2022 2344 2167 2409 sint;

613 2431 719 2483 alia
742 2445 892 2495 vero,
926 2431 1070 2499 quod
1101 2431 1294 2487 laxiori
1325 2448 1390 2489 ac
1410 2434 1657 2490 solutiori
1696 2446 1998 2492 atomorum
2023 2437 2171 2492 colli-

613 2522 828 2592 gatione
850 2522 1093 2577 devincta
1114 2524 1241 2591 sint,
1260 2532 1421 2595 atque
1443 2524 1496 2580 id
1521 2527 1681 2581 etiam
1705 2543 1828 2583 cum
1854 2528 2034 2599 aliquo
2054 2528 2170 2584 dis-

609 2612 870 2679 crimine,
923 2613 1154 2669 celerius
1192 2625 1472 2686 propterea
1519 2617 1603 2672 vel
1653 2618 1858 2674 tardius
1882 2619 1951 2674 ab
1980 2635 2166 2675 earum

613 2708 808 2755 ornatu
836 2702 1228 2774 complexuque
1262 2705 1550 2761 removeri.
1609 2704 1890 2763 Postremo
1920 2723 1985 2764 ex
2006 2710 2167 2766 certis

611 2794 938 2864 quibusdam
990 2797 1119 2863 alia,
1171 2807 1428 2868 certoque
1469 2798 1627 2854 modo
1667 2799 1925 2870 liguratis,
1959 2801 2064 2855 alia
2099 2817 2167 2857 ex

609 2884 730 2939 aliis
755 2899 819 2938 ac
840 2898 960 2939 sese
984 2885 1139 2939 aliter
1165 2884 1488 2940 habentibus
1513 2901 1632 2941 esse
1676 2887 1979 2943 commista.
2035 2888 2152 2953 Sed,

2266 2900 2564 2966 ἑνωθεῖσαι,
2596 2902 2732 2975 πρὸς
2775 2903 3033 2977 ἐργασίαν
3090 2905 3320 2977 σελήνης
3359 2904 3423 2958 ἂν
3452 2901 3741 2973 καταϐεϐήκε-

606 2974 733 3044 quis
774 2975 863 3029 ille
905 2990 1068 3044 porro
1109 2975 1444 3030 diversarum
1491 2977 1644 3045 quasi
1686 2978 1925 3032 tribuum
1971 2979 2152 3050 iudex,

2266 3009 2385 3057 σαν,
2414 2992 2523 3046 οὔτ’
2553 2993 2621 3048 ἂν
2656 2996 2712 3049 αἱ
2744 2995 2850 3050 τῶν
2895 2996 3228 3067 σεληνιακῶν
3278 2999 3485 3069 ἀτόμων
3517 2995 3739 3049 πλεκτάναι

606 3066 743 3119 alias
768 3065 930 3136 cogit,
960 3064 1187 3134 dissipat
1206 3066 1378 3120 alias?
1409 3067 1530 3136 quis
1553 3083 1646 3122 eas
1668 3068 1746 3123 sic
1771 3070 1911 3125 inter
1941 3087 2001 3127 se
2020 3088 2152 3129 com-

2263 3084 2555 3153 γεγόνεσαν
2583 3103 2709 3139 ποτε
2735 3086 2902 3157 ἥλιος·
2946 3064 3059 3143 ἀλλ’
3083 3089 3205 3143 οὐδὲ
3260 3064 3576 3162 Ἀρκτοῦρος,
3617 3087 3739 3140 εἶκαὶ

605 3159 790 3224 mittit,
834 3167 896 3211 ut
925 3156 1049 3212 inde
1083 3158 1243 3212 modo
1269 3159 1370 3223 sol,
1409 3158 1572 3213 modo
1594 3160 1723 3214 luna
1746 3161 1987 3217 oriatur?
2038 3164 2152 3233 qui

2262 3177 2509 3249 λαμπρός
2532 3180 2666 3243 ἐστι,
2688 3156 2786 3243 τὰς
2807 3180 3111 3253 Ἑωσφόρου
3141 3156 3740 3254 μεγαλόφρονῆσαιτότητδ

603 3246 838 3317 denique
863 3245 1197 3315 singularum
1225 3247 1500 3302 stellarum
1524 3250 1756 3317 naturis,
1783 3265 1904 3321 quae
1929 3254 2152 3323 quibus-

2262 3245 2345 3324 ἂν*
2367 3245 2601 3341 ἀτόμους
2655 3269 2816 3341 ἔχειν,
2863 3245 2984 3326 οὐδὲ
3022 3245 3407 3347 lcag'nptmvé;
3445 3245 3507 3328 αἱ·
3532 3268 3737 3329 Πλειίδες.

601 3357 708 3412 que
750 3343 967 3413 propria
998 3353 1126 3398 sunt
1165 3344 1455 3415 nativaque
1479 3348 1809 3403 contribuit?
1872 3347 1982 3407 Nec
2015 3353 2152 3408 enim

2260 3360 2456 3426 Καλῶς
2484 3362 2591 3433 γὰρ
2615 3363 2644 3416 ό
2663 3363 2870 3428 Παῦλος
2897 3343 3417 3430 διέστειλεν,ἐιπώνο
3450 3366 3615 3430 Ἀλλη
3635 3359 3739 3423 δόξα

604 3431 869 3502 profecto,
897 3441 994 3489 aut
1016 3434 1221 3491 solares
1244 3435 1347 3490 illae
1372 3445 1453 3492 tot
1476 3446 1637 3510 atque
1664 3439 1819 3507 tales,
1841 3455 2015 3513 eoque
2039 3459 2152 3499 con‘

2258 3453 2456 3520 ἡλίου,
2485 3431 2581 3508 καὶ
2612 3454 2769 3522 ἄλλη
2812 3455 2960 3522 δόξα
2999 3457 3290 3526 σελήνης,
3323 3458 3418 3511 καὶ
3471 3456 3606 3523 ἄλλη
3634 3451 3736 3514 δόξα

593 3525 798 3595 junctae
823 3526 1006 3594 modo,
1031 3526 1097 3582 ad
1125 3527 1266 3582 lunae
1290 3530 1718 3597 procreationem
1752 3545 2152 3603 concurrerent,

2256 3544 2547 3613 ἀστέρωνι
2567 3545 2763 3614 ἀστὴρ
2810 3547 2918 3617 γὰρ
2947 3548 3201 3617 ἀστέρος
3225 3525 3492 3619 διαφέρει
3522 3548 3582 3602 ἐν
3615 3542 3735 3611 δέξῃ·

598 3625 694 3673 aut
729 3617 1001 3672 lunarium
1048 3627 1353 3673 atomorum
1380 3635 1552 3676 nexus
1586 3620 1752 3676 solem
1781 3640 2021 3695 unquam
2046 3626 2152 3682 clli-

2256 3635 2365 3688 Kai.
2387 3636 2434 3687 ei
2464 3634 2563 3706 μὲν
2594 3636 2988 3708 ἀνεπαίσθητος
3034 3638 3213 3693 αὐτῶν
3239 3639 3315 3704 ὡς
3340 3617 3594 3711 άψύχωνή
3642 3631 3735 3703 σύρ-

599 3720 803 3765 ccrent.
869 3709 946 3765 Ita
989 3725 1090 3765 nec
1118 3713 1413 3778 Arcturus,
1450 3714 1662 3770 tametsi
1703 3717 2044 3784 perillustris,
2085 3734 2152 3774 ex

2255 3724 2415 3795 πηξις
2440 3725 2674 3793 ἐγένετο,
2705 3727 3061 3799 ἐπιστήμονος
3085 3731 3280 3795 αὑταῖς
3323 3730 3427 3784 ἔδει
3451 3709 3734 3800 δειγμιουργοιῖι⁸

2253 3815 2300 3867 el
2328 3812 2384 3866 δὲ
2441 3812 2795 3887 ἁπροαίρετος
2838 3817 2931 3870 καὶ
2961 3819 3079 3871 κατ’
3101 3820 3369 3892 ἀνάγκην,
3416 3819 3488 3883 ὠς
3514 3813 3735 3885 ἀλόγωννή

2254 3903 2517 3976 σύνερξις,
2576 3906 2737 3975 σοφός
2774 3924 2858 3970 τις
2911 3908 3080 3972 αὐτὰς
3130 3911 3440 3983 ἀγελάρχης
3474 3905 3736 3964 συνελαύνων

2251 3995 2631 4068 ἐπεστάτησενο
2666 3999 2714 4050 ει
2761 3997 2817 4051 δὲ
2866 3999 3124 4064 ἑκουσίως
3170 4000 3547 4075 ὲθελουργῆσαι
3592 3993 3736 4065 συγκέ-

2250 4086 2509 4150 κλεινται,
2543 4088 2842 4160 θαυμάσιός
2871 4107 2956 4153 τις
2982 4091 3161 4145 αὐτῶν
3202 4094 3530 4166 ἀρχιτέκτων
3573 4086 3734 4161 ἑργοδο-

2246 4180 2355 4234 τῶν
2377 4182 2742 4253 προηγήσατο·
2777 4183 2810 4255 ἢ
2850 4184 3095 4258 καθάπερ
3127 4186 3387 4253 εῦτακτος
3418 4180 3733 4261 στρατηγὺςοῦ

2276 1985 2498 2060 νοτέραν
2537 1988 2633 2042 καὶ⁸
2666 1988 2912 2060 χαλῶσαν
2971 1988 3069 2060 τὴν
3125 1991 3415 2060 συνάφειαν
3459 1991 3554 2046 τῶν
3591 1994 3746 2065 ἀτόμων

2274 2081 2360 2133 ἐπ’
2394 2080 2609 2134 ἔλαττον
2633 2082 2667 2152 ἢ
2695 2081 2854 2137 πλέον
2911 2082 3221 2153 ἐσχηκέναι,
3243 2083 3317 2148 ὡς
3348 2086 3380 2155 ἦ
3406 2084 3574 2139 Θᾶττον
3597 2085 3623 2156 ἦ
3652 2086 3747 2156 μετὰ

2275 2170 2406 2225 πολὺ
2434 2173 2533 2242 τῆς
2566 2175 2884 2243 κοσμήσεως
2910 2173 3087 2227 αὐτῶν
3131 2174 3467 2243 ἀφίστασθαι.
3496 2176 3589 2230 Καὶ
3604 2177 3658 2230 τά
3680 2176 3747 2246 μὲν

2273 2263 2336 2315 ὲκ
2356 2262 2570 2316 τοιῶνδε
2594 2265 2685 2317 καὶ
2710 2256 2815 2317 ὧδέ
2846 2281 2962 2327 πως
3016 2266 3506 2338 ἐσχηματισμένων·
3551 2268 3606 2322 τά
3627 2269 3685 2332 δὲ,
3706 2268 3747 2331 ἐξ

2274 2352 2475 2425 ἐτέρων
2503 2355 2754 2426 ἑτεροίως
2795 2355 3150 2429 διακειμένων
3185 2360 3560 2432 ωμμεμὶχθαι.
3584 2359 3658 2426 Τίς
3681 2356 3745 2413 οὖν

2271 2447 2299 2499 ὁ
2324 2445 2643 2519 φιλοκρινων
2672 2447 2806 2519 (56),
2836 2450 3169 2521 συναγείρων
3211 2469 3291 2517 τε,
3322 2452 3412 2506 καὶ
3440 2452 3658 2522 ἀναχέων,
3681 2451 3744 2504 καὶ

2270 2534 2430 2589 τάσδε
2456 2536 2554 2606 μὲν
2575 2536 2716 2589 οὕτω
2750 2539 3052 2592 συντάττων
3078 2542 3159 2603 εἰς
3178 2540 3350 2611 ἥλιον,
3379 2541 3469 2603 τὰς
3501 2541 3551 2594 δὲ
3577 2538 3744 2604 ὼδῌνα

2275 2629 2308 2697 ἡ
2342 2627 2537 2699 σελήνη
2560 2629 2801 2701 γένηται,
2842 2632 2935 2685 κα)⁸
2962 2631 3170 2686 ἕκαστα
3223 2633 3502 2704 συμφέρων
3534 2632 3647 2686 κατὰ
3676 2630 3745 2701 τὴν

2267 2720 2567 2794 οἰκειότητα
2593 2723 2729 2795 πρὸς
2761 2724 2988 2778 ἑκάστου
3036 2726 3199 2794 φύσιν
3250 2725 3501 2796 ἀστέροςς
3537 2722 3648 2778 Οὔτε
3667 2722 3743 2793 γάρ

2268 2811 2321 2862 αἱ
2352 2810 2571 2881 ἡλιακαὶ
2602 2814 2695 2867 καὶ
2748 2813 2979 2878 τοσαίδε,
3014 2815 3107 2868 καὶ
3148 2815 3371 2879 τοιαίδε,
3424 2815 3507 2869 καὶ
3556 2808 3637 2866 ὧδὲ
3660 2828 3741 2874 τως

600 3815 810 3855 ουτοι-αξ
832 3841 848 3868 ,
899 3817 998 3857 nec
1019 3800 1237 3858 Orionis
1271 3818 1332 3857 ex
1368 3804 1564 3859 atomis
1598 3806 1860 3862 conﬂatas
1892 3823 1950 3864 se
1975 3807 2153 3863 Pleia-

593 3894 689 3950 des
735 3910 972 3965 unquam
1022 3893 1336 3967 glorientur.
1395 3895 1659 3952 Praeclare
1682 3898 1825 3953 enim
1848 3898 2049 3956 Paulus
2078 3901 2152 3956 ita

593 3986 843 4041 distinxit
872 4006 884 4041 :
920 3987 1063 4049 Alia,
1101 3988 1296 4057 inquit,
1343 3989 1561 4044 claritas
1589 3991 1736 4060 solis,
1784 4002 1832 4047 et
1862 3992 1971 4047 alia
1996 3994 2152 4048 clari-

596 4089 677 4131 tas
706 4078 846 4133 lume
866 4119 880 4143 ,
930 4088 979 4133 et
1015 4078 1125 4131 alia
1159 4079 1378 4134 claritas
1403 4081 1675 4135 stellarum
1706 4098 1726 4136 :
1756 4084 1910 4138 stella
1945 4085 2085 4139 enim
2118 4102 2151 4139 a

590 4170 745 4224 stella
793 4170 970 4239 differt
1000 4170 1057 4223 in
1093 4169 1263 4240 gloria
1309 4172 1371 4224 ³⁷.
1409 4170 1656 4227 Profecto
1683 4214 1697 4239 ,
1731 4174 1777 4229 si
1806 4190 1992 4230 earum
2030 4184 2150 4230 tan-

588 4276 752 4333 quam
786 4261 1205 4315 inanimatarum
1250 4264 1644 4328 coagmentatio
1676 4281 1837 4321 sensu
1879 4268 2027 4322 omni
2055 4283 2146 4323 ca-

2249 4287 2566 4345 συγκεχωρη
2576 4272 2743 4344 μένην
2768 4272 2875 4346 (57)
2914 4276 3063 4330 εἴασε
3086 4278 3183 4350 τὴν
3214 4279 3485 4350 στρατιάν,
3509 4276 3590 4332 καὶ
3606 4274 3734 4328 πάντα

589 4357 715 4423 ruit,
731 4353 998 4410 industrio
1014 4369 1077 4408 ac
1093 4352 1263 4424 perito
1282 4355 1486 4409 artiﬁce
1500 4370 1636 4425 opus
1659 4356 1896 4413 habuere
1923 4376 1938 4413 :
1964 4359 2007 4413 si
2029 4367 2115 4413 tan
2127 4389 2148 4403 ο

2245 4361 2445 4435 ἀναμὶξ
2467 4405 2482 4431 ,
2517 4364 2630 4419 ἀλλ’
2662 4369 2720 4421 ὲν
2758 4369 2910 4440 μέρει
2941 4369 3039 4440 μὲν
3070 4370 3168 4441 τὴν
3203 4371 3418 4435 ἵππων,
3465 4370 3559 4441 [δίᾳ
3579 4369 3627 4423 δὲ
3646 4365 3733 4426 τοὺς

587 4461 750 4515 quam
778 4445 1003 4500 rationis
1024 4444 1345 4514 expertium,
1387 4459 1555 4500 vacua
1578 4446 1814 4511 consilii,
1848 4449 2137 4503 necessita-

2239 4455 2479 4520 ὁπλίτας,
2517 4458 2643 4522 τούς
2670 4476 2729 4513 τε
2766 4461 3080 4527 ἀκοντιστάς
3129 4462 3249 4517 καθ’
3292 4463 3527 4527 ἑαυτοὺς,
3556 4461 3730 4529 uixi-1‘

587 4540 693 4591 t‘em
721 4548 803 4593 est
827 4549 1009 4596 secuta
1033 4540 1152 4611 conj
1162 4540 1341 4595 unctio
1358 4558 1373 4608 ;
1393 4540 1651 4610 sapientis
1665 4541 1888 4596 omnino
1902 4542 2138 4612 pastoris

2239 4546 2324 4618 pi;
2358 4547 2483 4611 τοὺς
2514 4547 2751 4615 τοξότας,
2805 4552 3046 4617 καὶτοὺς
3079 4556 3453 4623 σφενδονίτας,
3480 4553 3590 4608 ἔνθα
3610 4549 3731 4622 ἐχρῆν

587 4645 747 4684 manu
786 4632 961 4687 locum
995 4632 1047 4687 in
1088 4648 1254 4687 unum
1276 4633 1523 4704 compelli
1548 4633 1815 4699 debuere;
1838 4633 2137 4704 sidenique

2235 4637 2527 4704 διετάξατο,
2572 4641 2659 4694 ἵνα
2707 4641 2953 4714 ἀλλήλοις
3000 4645 3047 4698 οἱ
3101 4646 3387 4716 ὀμόσκευοι
3441 4643 3727 4717 συμμαχοῖεν.

584 4732 770 4791 suapte
800 4734 993 4793 sponte
1021 4726 1380 4780 voluntarium
1414 4726 1481 4780 ad
1513 4740 1649 4797 opus
1687 4739 2004 4793 convenere,
2035 4728 2131 4782 ad-

587 4812 846 4868 mirabilis
868 4816 1024 4885 plane
1044 4819 1368 4874 architectus
1389 4833 1719 4894 aperumque
1737 4834 1953 4888 praeses,
1972 4834 2129 4888 suum

582 4904 777 4973 cuique
802 4921 1000 4962 munus
1037 4924 1372 4980 pensumque
1403 4898 1718 4980 descripsit;
1751 4918 1844 4964 aut
1875 4912 2133 4981 quemad-

584 4996 800 5050 modum
825 4998 1029 5053 ordinis
1055 5016 1243 5055 amans
1275 5002 1584 5070 imperator,
1615 5016 1722 5055 non
1760 5002 2130 5071 perturbatum

580 5088 796 5158 reliquit
815 5090 1128 5157 exercitum,
1151 5109 1257 5146 non
1279 5093 1585 5162 permisceri
1610 5093 1790 5148 omnia
1812 5109 2005 5163 passus
2026 5103 2129 5162 est,

577 5190 633 5235 at
654 5181 772 5236 loco
796 5196 895 5236 suo
915 5182 1169 5251 equitem,
1191 5183 1530 5254 peditemque
1550 5200 1650 5239 suo
1672 5185 1955 5255 disposuit,
1977 5186 2130 5257 jacu-

576 5272 774 5328 latores
802 5273 924 5329 item
953 5288 1216 5340 seorsum,
1244 5290 1595 5346 seorsumque
1617 5276 1941 5347 sagittarios,
1970 5285 2130 5347 atque

577 5364 666 5419 ubi
707 5380 803 5435 par
839 5372 955 5420 erat
979 5364 1372 5421 fundibularios
1403 5365 1703 5435 collocavit,
1731 5375 1789 5422 ut
1820 5366 2013 5423 similis
2038 5381 2127 5420 ar-

647 5506 692 5538 “
719 5505 820 5561 Job
843 5521 956 5569 xxv,
986 5506 1035 5559 Ι.
1115 5503 1206 5559 "1
1240 5505 1364 5562 Cor.
1396 5522 1464 5560 xv
1485 5546 1499 5572 ,
1528 5505 1619 5563 Η.

2237 4735 2298 4786 El
2344 4733 2400 4785 δὲ
2440 4733 2595 4787 τοῦτο
2633 4733 2828 4807 χλεύην
2874 4736 3071 4792 οἴονται
3115 4739 3179 4793 τὸ
3218 4740 3565 4813 παράδειγμα,
3600 4730 3729 4790 διὰτδ

2239 4825 2486 4895 μεγάλων
2540 4827 2804 4898 σωμάτων
2850 4846 2916 4900 με
2965 4830 3101 4904 πρὸς
3131 4831 3200 4886 τὰ
3244 4832 3494 4904 ἐλάχιστα
3528 4824 3729 4883 καλεῖσθαι

2239 4914 2556 4988 σύγκρισιν,
2591 4918 2682 4971 ἐπὶ
2706 4917 2772 4973 τὰ
2806 4922 3135 4993 σμικρότατα
3181 4921 3591 4995 μεταϐησόμεθα.
3624 4912 3728 4973 Εἶτα

2236 5007 2462 5073 τούτοις
2507 5007 2652 5074 ἑξῆς
2700 5009 2988 5079 ἐπιλέγει·
3048 5011 3112 5065 Εἰ
3166 5011 3222 5066 δὲ
3270 5014 3405 5086 μήτε
3443 5009 3589 5076 λέξις,

2235 5096 2452 5170 ἐκλογὴ,
2494 5100 2628 5170 μήτε
2672 5099 2823 5166 τάξις
2868 5101 3056 5169 αὑταῖς
3091 5103 3346 5175 ἄρχοντος
3379 5103 3636 5162 ὲπικὲοιτο,
3662 5094 3727 5147 αὖ·

2235 5188 2324 5242 ταὶ
2360 5188 2415 5242 δὲ
2453 5191 2535 5260 ἐφ’
2581 5189 2785 5244 ἑαυτῶν
2827 5191 2994 5256 αὑτὰς
3030 5193 3094 5247 ἐκ
3116 5193 3213 5265 τῆς
3237 5194 3435 5265 πολλῆς
3459 5189 3583 5247 κατά
3607 5186 3726 5259 ρὐν

2234 5277 2436 5349 τύρϐης
2461 5278 2848 5343 διευθύνουσαι,
2868 5281 3071 5336 καὶτὸν
3096 5283 3259 5337 πολὺν
3286 5281 3391 5339 τῶν
3420 5276 3725 5352 συμπτώσεων

2231 5367 2593 5441 διεκπερῶσαι
2621 5370 2892 5443 κυδοιμὸν,
2923 5372 2979 5425 al
3004 5372 3183 5443 ὅμοιαι
3209 5374 3344 5446 πρὸς
3369 5372 3460 5437 τὰς
3478 5361 3725 5442 dit-d1sz

781 5647 1121 5729 διαφθορᾶς.
1147 5647 1307 5729 Forte
1329 5648 1606 5729 διαφορᾶς.
1642 5649 1829 5729 Ῡιςιειι.

2304 5653 2414 5726 (³⁷)
2447 5655 3001 5728 Συγκεχωρημένην.
3031 5656 3191 5716 Forte
3215 5654 3609 5729 συγκεχυμένην.
3629 5648 3689 5703 is.

644 5717 755 5780 (56)
787 5721 1161 5787 Φιλοκρίνων.
1197 5721 1276 5773 An
1303 5717 1674 5790 φυλοκρινῶνῖ
1698 5719 1775 5774 In.
