3972 6318
291 266 434 321 1257

1237 264 1662 324 FRAGMENTA
1695 266 1783 323 ex
1827 254 2052 327 LlBRlS
2089 270 2177 326 on
2209 269 2547 329 NATURA.‘

3391 269 3530 330 1253

285 384 392 439 ὑπὸ
424 372 518 438 τοῦ
559 382 715 449 Θεοῦ,
748 383 887 437 κατά
929 382 1020 438 τὸν
1070 383 1325 460 ποιητὴν,
1366 383 1603 453 ἄγοιντο,
1639 385 1853 458 συντρέ-

1963 398 2192 446 maturae
2217 390 2416 446 milites
2441 387 2605 445 simul
2631 387 2796 444 etiam
2823 400 3014 464 omnes
3040 385 3383 448 dimicarent.
3424 388 3529 456 Qui

282 491 432 547 χοιεν
461 473 519 528 δὲ
537 475 629 528 καὶ
657 474 1097 545 συναγελάζοιντο
1114 516 1129 541 ,
1162 475 1522 550 γνωρίζουσαι
1542 477 1641 540 τὰς
1663 494 1858 547 συγγε-

283 571 424 632 νεῖς·
475 567 757 639 θαυμαστή
806 585 870 636 γε
913 569 1021 623 τῶν
1050 568 1271 640 ἀτόμων
1311 568 1733 641 ήδημοκρατία,
1771 571 1859 622 δε-

283 657 584 730 ξιουμένων
620 675 679 712 τε
725 659 958 731 ἀλλήλας
989 661 1097 714 τῶν
1130 660 1298 729 φίλων
1332 659 1425 712 καὶ
1461 659 1859 732 περιπλεκομέ-

279 763 412 814 νων,
429 750 509 813 εἲς
533 748 660 820 μίαν
684 766 746 802 τε
767 749 1140 823 κατασκηνοῦν
1166 749 1440 804 συνοικίαν
1469 750 1857 821 ἐπειγομένωνο

282 843 382 896 καὶ
421 841 525 894 τῶν
561 842 682 914 μὲν,
709 843 1249 914 ἀποτετορνευμένων
1274 841 1596 913 αὐτομάτως
1618 843 1698 906 εἰς
1711 842 1862 913 ἥλιον

281 934 546 1005 φωστῆρα
577 933 766 1004 μέγαν,
791 933 878 986 ἵνα
897 933 1164 1004 ποιήσωσι
1187 932 1285 1004 τὴν
1312 932 1524 1012 ἡμέραν
1545 947 1560 962 °
1583 931 1691 985 τῶν
1712 931 1767 984 δέ
1781 933 1862 995 εἰς

280 1025 484 1090 πολλὰς
534 1023 665 1088 ἴσως
704 1024 1016 1096 πυραμίδας
1056 1023 1302 1096 ἀστέρων
1343 1022 1858 1094 ἀναπεφλεγμένων,

279 1116 370 1170 ῐνα
411 1117 503 1169 καὶ
532 1115 653 1171 ὅλον
685 1114 1066 1186 στεφανώσωσι
1105 1115 1198 1169 τὸν
1233 1114 1488 1187 οὐρανόν·
1519 1115 1628 1168 τῶν
1656 1115 1734 1178 δέ,
1768 1133 1862 1168 πε-

279 1208 703 1280 ριτεταγμένων,
739 1207 824 1259 ἵνα
851 1205 1012 1260 αὑτὸν
1029 1205 1153 1276 εἰκῆ
1182 1203 1522 1277 στερεώσωσι
1558 1204 1653 1258 καὶ
1682 1223 1862 1276 καμα-

277 1297 500 1370 ρώσωσι
521 1297 612 1351 τὸν
636 1297 826 1370 αἰθέρα
856 1299 936 1361 εἰς
955 1297 1054 1369 τὴν
1076 1295 1183 1350 τῶν
1210 1296 1394 1367 φωστή
1405 1312 1511 1367 ρων
1537 1295 1858 1368 ἐπιϐάθραν,

275 1389 632 1458 ἐπιλέξωνταί
660 1406 719 1443 τε
750 1391 968 1453 ἑαυταῖς
1004 1390 1058 1442 αἱ
1095 1388 1472 1460 συνομολογίαι
1495 1387 1603 1441 τῶν
1629 1387 1862 1459 χυδαίων

277 1482 503 1554 ἀτόμων
536 1482 706 1554 μονάς
729 1521 745 1547 ,
784 1483 875 1536 καὶ
911 1463 1387 1553 διακληρώσωνται
1416 1482 1507 1535 τὸν
1537 1481 1763 1553 οὐρανὸν
1782 1483 1861 1546 είς

275 1575 458 1638 οἴκους
479 1576 696 1639 ἑαυταῖς
718 1574 810 1628 καὶ
830 1573 1120 1644 σταθμούς.
1147 1568 1292 1627 Εἶτα
1308 1575 1437 1644 μεθ’
1453 1571 1626 1642 ἕτερὰ
1646 1589 1856 1642 φησιν-ο

280 1665 432 1719 Ἀλλ’
476 1665 597 1720 οὐδὲ
639 1666 709 1720 τὰ
749 1666 957 1738 φανερὰ
993 1665 1190 1738 ὁρῶσιν
1219 1666 1371 1721 αὐτοὶ
1403 1668 1451 1720 οἰ
1501 1667 1855 1739 ἀπρονόητοι,

275 1756 474 1812 πολλοῦ
527 1775 590 1828 γε
629 1731 807 1812 δέουσι
841 1731 1069 1830 σύνορᾷν
1116 1757 1210 1812 καὶ
1259 1757 1328 1811 τά
1371 1731 1596 1829 ἀφανῆ..
1621 1731 1856 1811 Ἐοίκασι
1891 1731 1933 1790 Β

275 1850 388 1923 γὰρ
436 1850 570 1923 μηδὲ
607 1851 869 1914 ἀνατολὰς
904 1849 1230 1904 ὑποπτεύειν
1253 1851 1611 1921 τεταγμένας,
1635 1850 1730 1905 καὶ
1762 1851 1855 1904 δύ-

277 1959 417 2007 σεις,
483 1944 620 2015 μήτε
676 1942 784 1998 τῶν
832 1942 1024 2007 ἄλλων,
1078 1943 1216 2012 μήτε
1264 1942 1362 2006 τὰς
1411 1941 1858 2014 ἐκπρεπεστάταις

274 2031 462 2104 ἡλίοψ
518 2033 652 2104 μηδὲ
699 2031 930 2105 χρῆσθαι
962 2033 1081 2094 ταῖς
1129 2030 1196 2083 δι’
1245 2030 1426 2084 αὐτῶν
1457 2030 1857 2104 δεδωρημέναις

271 2123 585 2198 ἀνθρώποις
608 2125 969 2196 ἐπικουρίαις,
993 2124 1342 2198 ἀναπτομένῃ
1373 2123 1472 2194 μὲν
1497 2125 1575 2187 εἰς
1596 2115 1878 2195 ἐργασίαν

275 2217 494 2290 ⁴ἡμέρᾳ,
551 2217 971 2290 ἐπηλυγαζούσῃ
1012 2216 1067 2270 δέ
1124 2215 1277 2270 νυκτὶ
1333 2215 1470 2287 πρὸς
1517 2215 1854 2271 ἀνάπαυλαν.

286 2309 707 2374 Ἐξελεύσεται
747 2308 858 2378 τὰρ
883 2307 1211 2376 ἄνθρωπος,
1253 2307 1439 2377 φησὶν,
1466 2305 1563 2360 ἐπὶ
1591 2307 1657 2361 τὸ
1681 2308 1858 2377 ἔργον

271 2399 484 2462 αὐτοῦ,
516 2399 615 2464 καί
632 2399 728 2453 ἐπὶ
750 2398 863 2468 τὴν
889 2398 1177 2468 ἐργασίαν
1198 2399 1405 2463 αὐτοῦ,
1435 2398 1545 2466 ἕως
1572 2399 1852 2470 ἑσπέρας.

209 2553 230 2565 ε
287 2491 427 2544 Ἀλλ’
458 2491 577 2544 οὐδὲ
605 2491 702 2562 τὴν
738 2491 928 2563 ἑτέραν
957 2488 1345 2544 ἐπισκοποῦσιν
1363 2491 1730 2564 ἀνακύκλησιν
1753 2493 1854 2548 αύ-

272 2581 392 2646 τοῦ,
427 2580 546 2635 καθ’
574 2581 642 2652 ἡν
665 2581 975 2654 ὡρισμένας
993 2580 1161 2652 ὥρας,
1190 2581 1286 2635 καὶ⁵
1305 2583 1528 2654 καιροὺς
1546 2583 1854 2657 εὐκαίρους,

273 2678 374 2732 καὶ
399 2677 604 2750 τροπὰς
623 2676 1078 2749 ἀπαρατρέπτους
1117 2675 1389 2742 ἀποτελεῖ,
1427 2677 1534 2731 ὑπὸ
1565 2678 1673 2732 τῶν
1704 2679 1764 2745 ἐξ
1780 2673 1856 2734 ὧν

280 2766 428 2822 ἐστιν
470 2767 688 2838 ἀτόμων
735 2765 1118 2838 ὀδηγούμενος.
1177 2763 1338 2818 Ἀλλά
1373 2763 1474 2820 κᾶν
1514 2766 1588 2839 μὴ
1629 2766 1855 2823 θέλωσιν

275 2860 328 2914 οἰ
355 2859 592 2924 δείλαιοι,
629 2859 708 2923 ὡς
738 2859 784 2912 δ’
821 2855 913 2914 οὖν
940 2857 1305 2923 πιστεύουσιν,
1349 2859 1400 2910 οἰ
1433 2857 1652 2925 δίκαιοι,
1681 2859 1854 2932 μέγας

206 2991 208 2993 ›
273 2952 481 3025 ¹Κύριος
507 2953 536 3006 ὁ
573 2953 805 3024 ποιήσας
834 2950 1015 3016 αὐτὸν,
1057 2951 1151 3004 καὶ
1181 2951 1240 3006 ὲν
1279 2950 1457 3020 λόγοις
1498 2953 1660 3006 αὐτοῦ
1696 2953 1854 3007 κατέ-

275 3059 479 3098 σπευσε
509 3043 750 3116 πορείαν.
779 3045 1004 3116 Ἀτομοι
1026 3043 1134 3115 γὰρ
1161 3045 1290 3116 ὑμῖν
1307 3044 1549 3116 χειμῶνα
1573 3045 1848 3118 φέρουσιν,
1877 3070 1921 3130 ο

272 3130 323 3191 ὦ
357 3136 580 3208 τυφλοὶ,
622 3137 714 3191 καὶ
745 3137 932 3201 ὑετοὺς
951 3175 966 3199 ,
996 3137 1083 3190 ἵνα
1110 3138 1143 3207 ἡ
1175 3138 1245 3208 γῆ
1276 3136 1480 3209 τροφὰς
1508 3137 1636 3208 ύμῖν
1661 3155 1723 3190 τε
1750 3137 1844 3191 καὶ

277 3232 412 3286 πᾶσι
433 3234 542 3295 τοῖς
571 3231 657 3283 ἐπ’
685 3230 867 3294 αὐτοῖς
891 3229 1048 3294 ζώοις
1075 3230 1177 3301 ἀνῇ
1200 3245 1214 3294 ;
1251 3229 1421 3300 Θέρος
1447 3246 1506 3282 τε
1535 3230 1849 3300 ἐπάγουσιν,

274 3324 364 3376 ἵνα
408 3323 502 3376 καὶ
539 3323 664 3386 τοὺς
702 3320 810 3376 ἀπὸ
847 3320 1078 3393 δένδρων
1118 3323 1197 3383 εἰς
1229 3321 1442 3393 τρυφὴν
1481 3320 1724 3392 καρποὺς
1761 3320 1852 3374 λά-

273 3417 442 3488 6ητες
477 3417 587 3471 Καὶ
615 3417 704 3471 διὰ
737 3416 789 3470 τί
827 3415 902 3487 μὴ
943 3417 1064 3479 ταῖς
1092 3416 1314 3488 ἀτόμοις
1359 3418 1713 3488 προσκυνεῖτε
1758 3417 1852 3470 καὶ

273 3510 432 3564 θύετε
465 3512 586 3574 ταῖς
614 3505 1288 3581 ἐπικάρποιςςἊχάριστοί
1319 3526 1402 3578 γε,
1440 3509 1573 3579 μηδέ
1601 3508 1851 3580 ἀπαρχὰς

273 3605 462 3666 αὐταῖς
502 3603 687 3671 ὀλίγας
727 3604 835 3656 τῶν
866 3603 1076 3657 πολλῶν
1119 3603 1356 3675 δωρεῶν,
1407 3602 1472 3666 ἃς
1505 3602 1634 3674 παρ’
1673 3601 1852 3655 αὐτῶν

273 3697 451 3769 ἔχετε,
493 3697 864 3770 ἀφιεροῦντες.
913 3696 1027 3752 Καὶ
1074 3697 1225 3768 μετὰ
1264 3695 1497 3767 ,ϐραχέα
1523 3697 1744 3766 φησιν·
1793 3699 1852 3752 '0

272 3790 334 3844 δέ
365 3788 659 3861 πολυεθνὴς
690 3790 784 3843 καὶ
809 3789 1112 3861 πολυμιγὴς
1141 3789 1307 3860 δῆμος
1325 3789 1433 3842 τῶν
1463 3789 1725 3860 ἀστέρων,
1758 3789 1852 3854 οὓς

271 3883 333 3936 αἱ
362 3878 716 3944 πολυπλανεῖς
753 3881 847 3934 καὶ
878 3881 964 3934 ἀεὶ
1003 3878 1482 3952 διαρῤιπτούμεναι
1517 3878 1850 3949 συνέστησαν

274 3973 488 4045 ἄτομοι,
527 3970 711 4044 χώρας
752 3973 964 4036 ἑαυτοῖς
1014 3971 1154 4026 κατὰ
1183 3970 1458 4042 συνθήκας
1491 3971 1846 4036 ἀπεδάσαντο,

272 4064 462 4135 ῶσπερ
491 4063 746 4118 ἀποικίαν
779 4063 874 4116 καὶ
916 4062 1188 4116 συνοικίαν
1232 4062 1565 4134 ἀνελόμενοι,
1623 4061 1850 4134 μηδενὸς

267 4152 512 4209 οἰκιστοῦ
563 4153 694 4225 μηδέ
738 4153 1118 4206 οἰκοδεσπότου
1159 4153 1554 4224 προεστηκότος
1577 4171 1590 4183 ·
1634 4153 1849 4217 καὶτὰς

273 4246 413 4317 πρὸς
458 4246 584 4308 τοὺς
621 4243 1027 4315 πλησιοχώρους
1052 4243 1398 4312 γειτνιάσεις,
1430 4243 1716 4314 ἐνωμότως
1753 4245 1849 4297 καὶ

275 4340 395 4409 μετ’
446 4338 667 4410 εἰρήνης
711 4336 1098 4406 φυλάττουσιν,
1148 4335 1246 4406 οὐχ
1297 4335 1713 4406 ὑπερϐαίνοντες
1753 4334 1847 4400 οὓς

1961 479 2007 556 si
2051 479 2340 534 ridiculum
2387 479 2491 534 hoc
2533 478 2765 547 exempli
2803 493 2974 549 genus
3003 491 3124 534 esse
3151 477 3352 545 dicent,
3385 481 3530 551 quod

1960 587 2282 643 magnorum
2327 586 2613 641 corporum
2662 586 2786 625 cum
2838 569 3080 625 minimis
3124 573 3530 627 contentionem

1960 663 2276 729 instituam;
2313 662 2378 717 ad
2424 662 2647 716 minima
2679 661 2982 718 veniemus.
3033 660 3161 716 Ilwc
3186 663 3294 720 ille.
3328 663 3529 730 Quibus

1960 752 2146 808 deinde
2173 769 2290 824 qua:
2320 766 2608 824 sequuntur
2637 751 2882 822 adjungit
2905 767 2926 806 :
2957 751 3112 820 Quod
3142 753 3189 809 si
3223 754 3410 819 ducis,
3443 755 3530 808 in-

1960 845 2097 914 quit,
2130 861 2307 915 neque
2336 860 2556 909 nomen,
2587 859 2762 915 neque
2791 845 3052 910 delectus,
3084 861 3262 916 neque
3288 847 3530 902 colloca-

1961 933 2038 989 tio
2061 934 2117 988 in
2141 926 2480 990 earum'sese
2517 935 2943 991 moderationem
2985 935 3209 1004 ingessit
3238 956 3252 991 :
3287 946 3343 992 at
3376 939 3533 1008 ipsa:-

1963 1033 2068 1079 met
2097 1032 2288 1094 suopte
2337 1024 2581 1091 arbitrio,
2615 1040 2679 1079 ex
2705 1025 2872 1078 multa
2903 1040 3025 1080 sese
3073 1027 3311 1081 continui
3348 1026 3530 1083 ﬂuxus

1961 1116 2120 1170 turba
2163 1116 2498 1186 colligentes,
2548 1132 2854 1188 magnoque
2889 1117 3158 1172 variarum
3185 1120 3529 1176 commissio«

1963 1223 2091 1263 num
2119 1209 2352 1262 tumultu
2395 1208 2683 1275 declinato,
2737 1209 2942 1265 similes
2974 1226 3099 1264 cum
3149 1211 3418 1267 similibus
3453 1212 3526 1266 ita

1961 1300 2336 1366 convenerint,
2379 1309 2439 1355 ut
2465 1309 2642 1355 tamen
2673 1315 2780 1355 non
2811 1301 2978 1356 divini
3006 1299 3255 1356 Numinis
3281 1303 3524 1368 ductum,

1959 1391 2412 1462 quemadmodum
2436 1402 2591 1462 poeta
2617 1391 2791 1462 ﬁngit,
2819 1402 3018 1447 secutae
3047 1393 3152 1448 sint
3174 1409 3188 1458 ;
3212 1395 3303 1448 sed
3324 1397 3524 1464 potius,

1962 1499 2086 1538 cum
2135 1498 2255 1538 sese
2305 1481 2491 1538 aiiines
2539 1491 2729 1538 mutuo
2777 1493 3128 1555 cognatasque
3173 1495 3418 1552 nossent,
3469 1487 3524 1540 in

1962 1591 2131 1629 unum
2165 1574 2322 1645 quasi
2370 1589 2584 1646 gregem
2628 1574 3018 1639 conﬁuxerint;
3067 1590 3150 1630 na:
3191 1576 3526 1630 admirabilis

1964 1664 2078 1719 haec
2111 1675 2417 1720 atomorum
2456 1665 2788 1718 democratia
2831 1674 2946 1728 est;
2992 1664 3082 1717 ubi
3109 1666 3298 1720 amicae
3320 1665 3525 1720 amicas

1959 1756 2229 1826 excipiant
2257 1749 2416 1826 atque
2448 1754 2894 1825 complectantur,
2934 1755 3114 1827 itaque
3138 1771 3304 1810 unum
3336 1756 3389 1810 in
3421 1759 3524 1812 do-

1957 1848 2221 1902 mieilium
2253 1847 2542 1902 convolent
2571 1846 2857 1901 universae.
2896 1845 3034 1901 Tum
3074 1855 3235 1902 certa:
3274 1846 3522 1918 quaulam

1958 1942 2122 2006 ultro,
2155 1939 2210 1992 in
2238 1939 2405 1993 solem
2437 1953 2692 2008 magnum
2725 1937 2857 1993 illud
2900 1940 3074 2005 sidus,
3105 1939 3341 2008 quodam
3367 1940 3524 2008 quasi

1958 2034 2119 2080 torno
2147 2023 2527 2088 rotundentur,
2560 2036 2618 2080 ut
2641 2026 2786 2080 diem
2807 2027 3074 2095 elﬁciant;
3105 2029 3242 2096 alite,
3271 2044 3379 2098 quo
3408 2044 3522 2084 ca:-

1957 2116 2069 2172 lum
2112 2117 2382 2188 integrum
2415 2124 2698 2180 corouent,
2747 2119 2801 2171 in
2835 2117 3096 2188 plurimas
3145 2119 3392 2174 fortassis
3435 2137 3524 2175 ιιι--

1955 2210 2197 2285 dentium
2248 2211 2547 2265 stellarum
2578 2211 2884 2282 pyramides
2935 2214 3263 2283 ﬁgurentur;
3314 2215 3433 2270 alia:
3467 2215 3523 2268 iu

1955 2304 2143 2359 orbem
2186 2304 2426 2375 digestae,
2458 2294 2730 2360 ﬁrmitatis
2778 2305 2982 2375 aliquid
3031 2306 3217 2360 aetheri
3273 2307 3521 2370 aﬂ‘erant,

1955 2409 2129 2465 eoque
2163 2395 2452 2451 testudinis
2477 2395 2533 2450 in
2564 2411 2770 2451 morem
2797 2409 3200 2462 concamerata,
3233 2398 3523 2454 subeunti-

1956 2488 2060 2543 bus
2101 2487 2226 2543 cmli
2273 2487 2596 2552 luminibus,
2644 2489 2908 2559 quosdam
2947 2491 3102 2560 quasi
3147 2491 3346 2562 gradus
3389 2508 3526 2563 pra:-

1955 2588 2197 2648 struant;
2219 2581 2462 2650 adeoque
2479 2580 2782 2652 vulgarium
2808 2590 3114 2636 atomorum
3141 2581 3406 2640 factiones
3424 2583 3526 2639 do-

1956 2672 2160 2729 mieilia
2197 2673 2302 2728 sibi
2322 2672 2584 2742 deligant,
2619 2688 2684 2728 ac
2720 2673 2917 2728 coelum
2957 2674 3134 2744 ipsum
3184 2677 3433 2746 proprias
3467 2677 3521 2730 in

1954 2766 2146 2820 domos
2176 2775 2338 2835 atque
2367 2765 2628 2820 stationes
2653 2765 2794 2820 inter
2814 2781 2936 2822 sese
2964 2769 3289 2836 partiantur.
3313 2767 3519 2822 Rursus

1954 2857 2076 2912 aliis
2109 2857 2425 2928 quibusdam
2459 2857 2748 2926 interjectis
2778 2873 2797 2911 :
2832 2857 2964 2924 lmo,
3013 2860 3205 2930 inquit,
3252 2875 3321 2915 ne
3359 2861 3521 2917 obvia

1953 2948 2172 3017 quidem
2197 2949 2381 3004 vident
2402 2949 2652 3004 homines
2681 2949 2992 3020 improvidi.
3043 2960 3254 3006 tantum
3283 2951 3433 3006 abest
3461 2963 3522 3009 ut

1954 3039 2165 3094 occulta
2197 3039 2535 3110 provideant.
2579 3036 2780 3109 Utique
2811 3048 2958 3094 ratos
3007 3039 3131 3096 illos
3175 3050 3342 3114 atque
3381 3057 3518 3098 cou-

1945 3139 2158 3197 "stantes
2203 3141 2356 3184 ortus
2405 3129 2697 3198 obitusque
2739 3129 3000 3199 siderum,
3055 3147 3166 3188 non
3210 3146 3525 3190 caeteros-um

1951 3223 2136 3289 modo,
2164 3237 2350 3277 verum
2379 3223 2541 3276 etiam
2576 3221 2710 3276 solis
2745 3222 2991 3277 omnium
3030 3224 3421 3293 nobilissimos,
3452 3241 3521 3280 ue

1950 3313 2281 3384 suspicando
2312 3312 2535 3383 quidem
2585 3312 2835 3368 videntur
2879 3315 3185 3385 attingere:
3213 3330 3316 3371 nec
3351 3316 3417 3372 iis
3440 3314 3518 3370 uti

1951 3405 2451 3470 commoditatibus,
2475 3421 2612 3476 quas
2644 3406 2922 3461 hominum
2945 3407 3129 3477 generi
3155 3409 3518 3479 suppeditant.

1950 3506 2046 3552 aut
2089 3497 2390 3553 collucente
2417 3498 2487 3553 ad
2518 3499 2838 3554 obeundum.
2875 3513 3012 3568 opus
3056 3499 3164 3566 die,
3217 3509 3314 3556 aut.
3361 3511 3520 3556 nocte

1949 3589 2148 3660 quietis
2167 3589 2442 3660 capiendae
2469 3604 2638 3645 causa
2659 3599 2835 3645 terras
2863 3601 3144 3659 opacante.
3172 3590 3357 3646 Exibit
3377 3595 3519 3647 enim

1949 3682 2123 3748 homo,
2158 3681 2354 3751 inquit,
2391 3680 2460 3734 ad
2497 3697 2628 3750 opus
2662 3695 2838 3746 suum,
2879 3690 2929 3734 et
2965 3681 3322 3749 operationem
3363 3698 3518 3735 suam

1949 3785 2111 3839 usque
2134 3767 2204 3822 ad
2240 3783 2504 3833 vesperum
2536 3768 2601 3827 ιθ.
2633 3765 2742 3823 Nec
2769 3781 2895 3822 vero
2920 3771 3146 3823 alteram
3172 3769 3294 3840 ejus
3319 3769 3520 3825 circui-

1951 3862 2151 3917 tionem
2177 3859 2482 3926 attendunt,
2508 3874 2615 3929 qua
2641 3858 2928 3914 distinctas
2951 3868 3295 3930 tempestates
3317 3876 3519 3931 oppor-s

1947 3962 2188 4026 tunaque
2216 3963 2476 4023 tempora,
2501 3967 2601 4008 nec
2620 3967 2850 4022 usquam
2869 3951 3109 4008 detortas
3132 3955 3517 4009 conversiones

1947 4048 2169 4114 eﬁieiat;
2211 4061 2402 4102 earum
2447 4046 2696 4100 videlicet
2728 4060 2793 4100 ex
2849 4045 3051 4116 quibus
3088 4045 3207 4114 ipse
3243 4047 3514 4112 consistit,

1947 4150 2252 4196 atomorum
2284 4139 2506 4194 ductum
2536 4147 2775 4194 secutus.
2801 4137 2876 4192 At
2892 4138 3191 4200 enimvero,
3220 4137 3388 4194 velint
3414 4153 3516 4192 no-

1949 4234 2048 4288 lint
2083 4233 2334 4288 homines
2376 4246 2568 4302 reapse
2611 4232 2818 4298 miseri,
2867 4233 3145 4303 quomodo
3184 4241 3363 4287 tamen
3410 4232 3516 4288 sibi

1946 4329 2296 4399 persuadent,
2330 4327 2629 4397 aequissimi
2660 4345 2675 4381 :
2704 4342 2935 4397 magnus
2971 4327 3062 4381 ille
3107 4326 3371 4382 Dominus
3419 4327 3516 4396 qui

274 4429 371 4483 καὶ
403 4429 682 4501 εἰλήφασιν
709 4428 769 4493 ἐξ
795 4428 966 4500 ἀρχῆς
992 4429 1154 4500 ὄρους
1173 4467 1188 4492 ,
1217 4426 1408 4499 ῶσπερ
1437 4428 1542 4480 ὑπὸ
1566 4427 1672 4481 τῶν
1700 4427 1846 4497 βασι-

1953 4421 2116 4476 solem
2145 4419 2368 4484 creavit,
2400 4419 2685 4475 verborum
2715 4433 2932 4488 quoque
2955 4433 3177 4473 suorum
3202 4419 3251 4473 vi
3271 4418 3515 4487 ejusdem

272 4523 434 4585 λίδων
473 4522 691 4592 ἀτόμων
731 4519 1191 4591 νομοθετούμενοι.
1262 4519 1396 4573 Ἀλλ’
1447 4520 1548 4573 οὐκ
1590 4519 1847 4590 ἄρχουσιν

277 4617 514 4670 ἑκεῖναν
559 4614 676 4677 πῶς
717 4613 825 4686 γὰρ
865 4615 920 4668 αἰ
968 4614 1089 4685 μηδ’
1123 4609 1315 4678 οὔσαις
1376 4613 1534 4669 Ἀλλά
1570 4613 1728 4668 θείων
1763 4614 1848 4668 λο-

275 4706 410 4777 γίων
438 4705 775 4760 ἐπακούσατε
793 4720 808 4734 ο
858 4706 959 4760 Ἐν
985 4705 1180 4773 κρίσει
1219 4707 1442 4774 Κυρίου
1472 4706 1542 4759 τὰ
1566 4707 1708 4777 ἔργα
1734 4711 1843 4762 at)-

279 4799 408 4855 τοῦ.
467 4798 581 4853 Ἀπ’
611 4795 804 4866 ἀρχῆς
850 4796 952 4852 καὶ
1000 4797 1120 4852 ἀπὸ
1159 4798 1454 4866 ποιήσεως
1483 4798 1699 4860 αὐτῶν,
1731 4800 1846 4856 διέ·

280 4895 485 4946 atcue
515 4889 759 4961 μερίδας
802 4888 1000 4944 αὐτῶν
1014 4907 1029 4921 ·
1059 4890 1401 4959 ἐκόσμησεν
1438 4892 1526 4956 εἰς
1569 4890 1749 4944 αἰῶνα
1773 4895 1845 4947 τὰ

280 4986 426 5055 ἔργα
449 4983 657 5048 αὑτοῦ,
695 4982 792 5037 καὶ
824 4982 930 5050 τὰς
955 4983 1146 5052 ἀρχὰς
1173 4983 1370 5038 αὐτῶν
1390 4985 1478 5051 εἰς
1507 4984 1713 5054 γενεὰς
1736 4985 1842 5037 ai)-

276 5076 415 5133 τῶν.
441 5109 511 5120 ——
535 5075 646 5130 Kal
666 5075 816 5145 μετὰ
838 5074 1072 5146 βραχέα
1095 5076 1315 5145 φησιν’
1347 5078 1418 5130 Ἦ
1445 5077 1528 5142 τίς
1555 5076 1727 5141 οὓτως
1749 5077 1843 5130 εὑ-

271 5172 485 5232 τάκτως
507 5167 730 5222 πεδιάδα
758 5167 862 5237 γῆν
889 5164 1141 5220 διώδευσε
1168 5165 1398 5235 φάλαγξ,
1427 5167 1489 5220 ού
1523 5166 1842 5238 προθέοντος

271 5259 504 5324 οὐδενὸς,
519 5259 620 5313 οὐκ
632 5258 1049 5330 ἐκτρεπομένου,
1065 5257 1164 5311 οὐκ
1177 5257 1688 5328 ἐμποδιστατοῦντος
1705 5258 1838 5331 (58).

270 5355 370 5408 οὐκ
423 5351 850 5422 ἀπολειπομένου
899 5349 1005 5404 τῶν
1059 5349 1664 5421 συμπαρατεταγμένων
1691 5367 1704 5380 ο
1764 5349 1840 5416 ώς

272 5444 560 5513 ἰσόστοιχοι
592 5441 685 5496 καὶ⁵
712 5439 1157 5502 συνασπιδοῦντες
1181 5439 1268 5494 ἀεὶ
1299 5443 1549 5512 προΐασιν
1573 5482 1588 5507 ,
1621 5443 1650 5493 ό
1685 5459 1841 5495 συνε-

344 5561 390 5591 ¹⁶
426 5557 570 5614 Psal.
600 5575 717 5626 cur,
744 5557 834 5612 9-3.

1945 4527 2172 4568 cursum
2205 4511 2469 4568 incitavit.
2500 4512 2679 4566 Atomi
2727 4511 2946 4581 quippe,
2993 4511 3227 4565 hiemem
3265 4511 3442 4575 vobis,
3482 4527 3517 4564 ο

1945 4603 2096 4667 carci,
2132 4619 2197 4659 ac
2221 4604 2431 4674 pluvias
2468 4601 2720 4664 aﬂ‘eruut,
2753 4612 2811 4656 ut
2839 4602 3096 4656 alimenta
3113 4601 3275 4662 .vobis
3315 4617 3381 4657 ac
3412 4617 3520 4657 ca!-

1945 4695 2078 4752 teris
2111 4696 2478 4751 animantibus
2510 4704 2655 4748 terra
2688 4693 3328 4763 producat?Earumdem
3355 4703 3517 4751 testas

1945 4787 2264 4844 beneﬁcium
2291 4795 2394 4851 est,
2422 4794 2481 4839 ut
2506 4785 2763 4839 arborum
2785 4786 2949 4839 etiam
2967 4785 3035 4838 ad
3059 4786 3284 4842 delicias
3305 4785 3516 4841 fructus

1947 4881 2255 4952 colligatis?
2291 4877 2490 4945 Quidni
2530 4893 2694 4948 porro
2727 4878 2922 4933 atomis
2945 4877 3163 4949 frugum
3191 4879 3517 4952 praasidibus

1947 4972 2178 5028 solemni
2221 4972 2369 5026 cultu
2421 4987 2574 5026 sacra
2621 4970 2832 5025 facitis?
2874 4969 3134 5026 Homines
3167 4974 3386 5043 ingrati,
3421 4973 3515 5042 qui

1948 5075 2029 5120 tot
2051 5063 2319 5120 donorum
2349 5078 2471 5132 quae
2503 5064 2575 5117 ab
2608 5063 2678 5117 iis
2711 5062 2980 5133 accipitis,
3008 5079 3077 5118 ne
3102 5064 3371 5134 primitias
3402 5062 3520 5132 qui-

1945 5156 2067 5210 dem
2103 5153 2365 5224 pauculas
2393 5155 2744 5210 consecretis.
2785 5153 3088 5226 Iterumque
3136 5165 3252 5224 post
3299 5171 3469 5224 pauca
3493 5169 3513 5208 :

1946 5247 2225 5318 Multiplex
2261 5254 2460 5310 autem,
2498 5248 2687 5317 inquit,
2717 5248 2806 5302 illa
2838 5249 3116 5302 stellarum
3152 5247 3319 5311 natio,
3349 5259 3512 5316 quam

1945 5341 2190 5396 erratica:
2213 5355 2277 5395 ac
2301 5355 2514 5409 semper
2543 5340 2647 5394 huc
2675 5341 2910 5412 illucque
2933 5330 3182 5410 disiectae
3200 5339 3366 5394 atomi
3391 5353 3516 5392 cou-

1947 5434 2231 5499 ﬁaveruut,
2260 5434 2416 5487 sedes
2448 5432 2561 5502 ipsa
2587 5433 2709 5501 sibi,
2732 5435 2961 5491 colonia:
2989 5432 3272 5502 cujusdam
3307 5441 3400 5487 aut
3422 5445 3516 5488 εον

343 5705 456 5777 (58)
498 5702 1122 5774 Ἔμποδιστατοῦντος.
1163 5705 1318 5761 Forte
1343 5702 1884 5775 ἐμποδοστατοῦντες.
1910 5697 2098 5753 V1053.

594 5801 856 5858 Ρηιιοι..
900 5799 1013 5862 Gn.
1053 5800 1138 5862 XV.

3155 5781 3234 5842 ιο
