3972 6318
533 321 672 380 1259

1525 322 1581 376 S.
1622 321 1916 378 DIONYSII
1955 321 2266 380 EPISCOPI
2303 317 2774 378 ALEXANDRINI

3590 317 3698 372 i260

525 439 763 494 (talitatis
791 452 963 506 more,
1006 437 1282 493 communi
1321 452 1388 492 ex
1431 447 1593 508 pacto
1634 441 1934 505 distribuit,
1981 441 2100 496 nul-

2208 443 2303 514 χής
2334 459 2392 494 τε
2427 442 2520 495 καὶ
2561 439 2900 503 ἀδιάστατος,
2933 436 3188 510 ἀόχλητός
3237 455 3290 491 τε
3334 438 3418 492 καὶ
3463 441 3702 512 ἀνεμπόδι-

524 532 630 587 lius
663 541 757 586 aut
785 532 1106 596 conditoris,
1139 541 1234 586 aut
1261 529 1481 587 familiae
1511 533 1758 602 praesidis
1797 534 2098 589 auctorita-

527 634 633 679 tem
659 636 868 680 secuta.
893 625 1071 695 Atque
1096 624 1167 678 ita
1185 624 1462 695 deinceps,
1480 635 1668 680 mutua
1689 642 1812 681 cum
1834 627 2099 690 ﬁnitimis,

525 719 778 789 religiose
801 718 1016 789 altaque
1045 733 1167 771 cum
1198 733 1352 787 pace,
1388 733 1578 772 omnes
1611 719 1825 772 vicinia;
1848 719 1972 787 jura
2007 736 2103 774 cu-

525 812 792 878 stodiunt,
827 826 928 866 nec
953 826 1048 867 eos
1075 827 1316 881 unquam
1348 810 1484 866 lines
1505 825 1644 880 quos
1669 810 1738 864 ab
1768 810 1921 865 initio
1944 827 2101 868 acce-

527 917 678 971 pere,
716 903 1057 966 transiliunt,
1095 917 1329 971 prorsus
1366 918 1431 956 ac
1459 902 1504 956 si
1537 903 1809 974 regiarum
1839 919 2105 974 quarum-

526 991 649 1043 dam
685 997 992 1043 atomorum
1025 989 1234 1060 legibus
1256 1001 1591 1062 regerentur.
1617 991 1687 1045 At
1709 1008 1816 1046 non
1838 993 2105 1064 imperant

526 1081 629 1134 illa:
657 1079 921 1150 profecto.
956 1080 1061 1147 Qui
1083 1080 1230 1135 enim
1268 1081 1557 1152 imperent,
1596 1099 1717 1154 qua:
1751 1084 1915 1140 nulla:
1945 1085 2104 1140 sunt?

526 1172 726 1227 Audite
763 1189 891 1228 vero
933 1174 1244 1229 divinorum
1276 1177 1624 1231 oraculorum
1655 1191 1838 1232 vocem
1869 1195 1884 1231 :
1920 1176 1983 1230 In
2005 1177 2103 1247 ju-

525 1265 665 1317 dicio
721 1264 934 1317 Domini
979 1280 1136 1334 Opera
1182 1266 1316 1336 ejus.
1368 1266 1445 1320 Ab
1494 1268 1649 1320 initio
1690 1276 1740 1321 et
1775 1285 1807 1320 a
1844 1269 2104 1321 creatione

526 1357 756 1423 ipsorum
786 1357 1031 1410 distinxit
1059 1368 1234 1426 partes
1259 1356 1495 1411 illorum.
1526 1357 1745 1412 Ornavit
1771 1359 1826 1412 in
1849 1369 2103 1412 teternum

529 1463 684 1519 Opera
727 1467 846 1515 sua,
893 1460 942 1503 et
996 1451 1257 1520 principia
1300 1467 1479 1504 eorum
1513 1451 1566 1504 in
1614 1453 2103 1522 generationes‘eo-

523 1555 642 1594 rum
663 1543 724 1595 ".
755 1574 825 1583 —
847 1542 1109 1612 Additque
1137 1545 1296 1613 paulo
1331 1556 1448 1613 post
1481 1560 1498 1597 :
1545 1544 1654 1597 Aut
1700 1560 1822 1615 quae
1860 1561 2101 1614 unquam

527 1633 694 1699 acies,
719 1635 907 1706 inquit,
941 1647 1047 1689 tam
1075 1638 1380 1706 composito
1406 1637 1620 1708 agmine
1640 1641 1890 1708 campum
1923 1647 2104 1694 trans-

527 1728 696 1791 misit,
729 1737 1094 1798 prtecurrente
1125 1730 1362 1794 nemine,
1403 1731 1621 1785 nemine
1663 1731 1967 1796 deerrante,
2011 1747 2105 1785 ne-

2202 550 2324 597 στος
2359 533 2467 587 τῶν
2503 534 2717 605 ἄστρων
2754 530 3014 602 στρατός;
3063 529 3195 582 Ἀλλ’
3228 530 3478 599 ὲγκλίσεσι
3506 534 3585 587 καὶ
3610 536 3704 594 ταῖς

2201 628 2282 690 εἰς
2327 627 2551 694 πλάγιον
2605 625 2840 688 νεύσεσι,
2898 623 3135 694 γίνονταί
3182 640 3318 687 τινες
3347 612 3518 676 ἀὐτῶν
3560 625 3706 696 ἄδηλοι

2201 719 2420 791 τροπαί,
2451 718 2561 770 Καὶ
2595 717 2699 790 μὴν
2722 716 2807 769 ἀεὶ
2841 713 3292 787 καιῳφυλακοῦσι
3316 715 3402 768 καὶ
3429 717 3704 787 προορῶνται

2201 812 2299 875 τὰς
2343 810 2547 883 χώρας,
2596 808 2716 862 ὅθεν
2759 808 2985 870 ἕκαστος
3015 807 3243 875 ἀνίησιν,
3274 807 3320 858 oi
3343 805 3526 867 τούτοις
3550 823 3705 878 προσε-

2204 904 2484 975 σχηκότες.
2535 902 2862 955 Εἰπάτωσαν
2903 895 2995 953 οὖν
3039 901 3171 970 ἡμῖν
3217 899 3264 950 οἱ
3292 898 3391 950 τῶν
3426 899 3612 968 ἀτόμων
3638 916 3706 951 το-

2207 999 2324 1068 μεῖς
2343 1037 2356 1059 ,
2387 995 2483 1049 καὶ
2510 994 2617 1047 τῶν
2644 992 2866 1066 ἀμερῶν
2900 1010 2964 1063 με
2975 991 3182 1064 ρισταὶ,
3215 990 3306 1042 καὶ
3335 989 3434 1042 τῶν
3459 990 3708 1044 ἀσυνθέτων

2205 1089 2560 1155 συναγωγεῖς,
2596 1086 2689 1139 καὶ
2735 1085 2804 1138 τὰ
2847 1083 3049 1152 ἄπειρα
3099 1080 3478 1152 περινοοῦντες,
3523 1082 3710 1152 πόθενὴ

2205 1175 2571 1248 κυκλοφορικὴ
2614 1176 2722 1229 τῶν
2778 1174 3046 1245 οὐρανίων
3102 1174 3313 1227 συνοδὶα
3363 1174 3449 1226 καὶ
3495 1173 3710 1244 περιοδὶα,

2203 1267 2302 1337 οὐχ
2338 1268 2455 1331 ἐνὸς
2482 1267 2804 1338 παραλόγως
2832 1267 3050 1337 ἀτόμων
3088 1265 3369 1336 πήγματκ
3393 1262 3518 1316 οὕτω
3548 1263 3714 1332 σφενδο-

2204 1358 2495 1422 νισοέντος,
2532 1358 2667 1412 ἀλλά
2702 1359 2954 1412 τοσούτου
2987 1355 3244 1411 κυκλικοῦ
3288 1354 3435 1427 χοροῦ
3472 1354 3593 1407 κατὰ
3617 1353 3713 1425 ῥυθ-

2209 1451 2307 1522 μὸν
2361 1445 2458 1504 ἶσα
2521 1449 2795 1520 βαίωντος
2851 1449 2944 1504 καὶ
2981 1446 3540 1522 συμπεριδινουμένου·
3589 1444 3716 1498 πόθεν

2205 1541 2536 1605 ἀδιάτακτοι,
2585 1542 2682 1594 καὶ⁵
2711 1542 3084 1614 ἀπροαίρετοι,
3129 1543 3225 1595 καὶ
3266 1539 3488 1608 ἀγνῶτες
3525 1538 3716 1609 ἀλλήλων

2207 1635 2538 1706 συνέμποροι
2589 1633 2937 1704 παμπληθεῖς
2991 1633 3520 1705 συνανεστράφησανς
3566 1630 3718 1694 Καλῶς

2206 1745 2264 1780 τε
2311 1728 2339 1780 ό
2392 1726 2677 1799 προφήτης
2723 1728 2780 1779 ἐν
2832 1730 2944 1790 τοῖς
2984 1726 3265 1790 ἀδυνάτοις
3303 1726 3391 1779 καὶ
3429 1724 3718 1787 ἀνενδεξκτοις

525 1821 672 1874 mine
709 1831 803 1875 aut
839 1820 1284 1890 impedimentum
1319 1820 1578 1875 otl‘erente
1608 1821 1842 1886 caeteris,
1879 1829 1972 1874 aut
2001 1837 2104 1875 caeo

2208 1818 2384 1883 ἔταξε,
2425 1818 2622 1883 ’ξένους
2651 1817 2752 1872 κᾶδ
2795 1817 2887 1870 δύο
2940 1818 3294 1888 συνδραμεῖν·
3348 1817 3718 1884 Εὶσπορεύσον-

526 1923 673 1969 teros
720 1913 904 1967 minus
952 1920 1322 1983 consequente
1355 1931 1368 1966 :
1401 1928 1565 1984 quam
1616 1913 1846 1984 mquatis
1889 1929 2104 1982 semper

2208 1928 2302 1964 ται
2331 1911 2461 1982 (59),
2494 1912 2647 1981 φησὶ,
2679 1911 2786 1964 δύο
2808 1909 2907 1964 ἐπὶ
2937 1909 3001 1964 τὸ
3025 1911 3173 1966 αὐτὸ
3203 1909 3517 1980 κατάλυμα,
3543 1909 3631 1963 ἐὰν
3651 1907 3714 1979 μὴ

525 2005 829 2071 ordinibus,
867 2013 923 2060 et
955 2005 1160 2074 pressis
1203 2005 1367 2060 veluti
1405 2004 1632 2076 clypeis,
1668 2015 1964 2076 perpetuus
1991 2005 2102 2068 ille,

2210 2004 2584 2074 γνωρίσωσιν
2626 2003 2879 2071 ἑαυτούς
2895 2020 2914 2068 ;

527 2110 627 2149 nec
671 2111 904 2165 usquam
944 2106 1037 2151 aut
1073 2097 1429 2166 interruptus,
1471 2106 1565 2151 aut
1609 2097 1982 2168 perturbatus,
2045 2103 2140 2151 aut
2177 2095 2332 2151 obice
2388 2095 2498 2149 ullo
2556 2096 2864 2152 retardatus
2898 2104 3170 2152 astrorum
3211 2097 3469 2152 exercitus
3502 2093 3720 2168 progredi°

525 2194 654 2246 tur?
700 2193 866 2264 Atqui
912 2194 1239 2249 transversis
1288 2195 1615 2263 quibusdam
1662 2195 2106 2252 inclinationibus
2165 2209 2229 2249 ac
2273 2195 2519 2257 nutibus,
2570 2193 2819 2249 obscurae
2872 2210 3288 2265 nonnumquam
3349 2208 3522 2248 eorum
3582 2199 3718 2244 muta-

525 2285 702 2341 tiones
734 2285 888 2340 ﬁunt.
923 2285 1076 2342 Esto.
1111 2284 1335 2358 Semper
1366 2297 1546 2342 tamen
1614 2297 1668 2343 et
1722 2288 1933 2358 justum
1989 2287 2280 2342 observant
2329 2295 2576 2356 tempus,
2623 2294 2678 2341 et
2724 2286 2843 2341 loca
2888 2286 2978 2340 illa
3043 2287 3189 2342 unde
3257 2285 3457 2356 singula
3507 2283 3720 2344 oriuntur,

523 2379 886 2448 prospiciunt,
937 2381 1030 2450 qui
1078 2381 1184 2437 hoc
1242 2381 1294 2436 in
1327 2382 1494 2437 studii
1524 2399 1717 2454 genere
1746 2393 2105 2454 occupantur.
2170 2381 2364 2438 Dicant
2405 2397 2534 2453 ergo
2573 2381 2732 2437 nobis
2774 2391 3081 2436 atomorum
3139 2391 3377 2438 sectores
3434 2379 3624 2452 egregii,
3652 2374 3720 2447 qui

524 2481 579 2526 et
609 2471 858 2526 dividunt
887 2471 1188 2546 individua,
1221 2483 1275 2529 et
1301 2475 1492 2532 dissita
1524 2477 1878 2548 sejuttctaque
1897 2477 2236 2543 consociant,
2295 2484 2350 2530 ct
2407 2475 2615 2530 inlinita
2662 2484 2843 2531 mente
2887 2475 3188 2540 deﬁniunt,
3258 2473 3397 2530 unde
3435 2473 3620 2527 tandem
3639 2469 3721 2524 cir-

525 2570 727 2624 cularis
754 2569 842 2625 ille
877 2585 1060 2626 rerum
1103 2572 1404 2628 cmlestium
1443 2574 1879 2645 conjunctusque
1911 2591 2105 2631 cursus
2148 2581 2312 2644 atque
2339 2573 2625 2628 conversio
2670 2591 2684 2627 :
2720 2587 2985 2646 cuminon
3034 2588 3143 2627 una
3190 2572 3432 2643 quaedam
3479 2576 3721 2623 atomorum

525 2675 706 2721 strues
751 2666 830 2722 sic
875 2675 1134 2738 tanquam
1184 2667 1353 2724 funda
1399 2679 1601 2726 temere
1638 2671 2092 2736 circumrotetur;
2133 2671 2228 2726 sed
2264 2671 2469 2726 chorus
2515 2669 2608 2725 ille
2644 2679 2830 2724 tantus
2887 2670 3192 2740 composito
3247 2667 3531 2739 :equalique
3579 2676 3720 2734 gressu

523 2763 803 2832 procedat,
831 2774 884 2820 et
910 2765 963 2819 ln
988 2766 1178 2822 orbem
1216 2782 1324 2822 una
1349 2767 1595 2822 volvatur
1624 2785 1636 2822 :
1667 2777 1762 2822 aut
1792 2783 1902 2837 quo
1934 2775 2093 2837 pacto
2128 2769 2242 2837 tiat,
2272 2776 2333 2823 ut
2387 2777 2495 2823 tam
2524 2767 2680 2822 multi
2711 2767 2955 2838 ejusdem
3007 2768 3110 2823 via:
3156 2767 3315 2835 socii,
3366 2783 3396 2821 a
3449 2765 3629 2820 nemine
3657 2774 3721 2816 or.

525 2855 718 2921 diuati,
756 2859 904 2913 nullo
937 2860 1147 2929 praediti
1201 2861 1454 2926 consilio,
1513 2859 1726 2929 sibique
1773 2867 1966 2914 mutuo
2021 2859 2191 2930 ignoti
2230 2874 2442 2925 omnes,
2476 2868 2628 2915 tanta
2657 2842 2822 2916 simul
2850 2861 3139 2916 concordia
3169 2869 3472 2932 susceptum
3501 2853 3721 2912 iterconﬁ-

527 2948 704 3003 ciant?
737 2951 928 3008 Merito
963 2953 1109 3008 enim
1150 2954 1433 3024 propheta,
1477 2954 1580 3009 hoc
1633 2963 1892 3023 tanquam
1936 2969 2004 3008 ex
2037 2954 2105 3009 iis
2140 2970 2309 3009 unum
2337 2970 2458 3025 qua:
2504 2970 2605 3011 nec
2643 2953 2761 3010 ﬁeri
2810 2970 2912 3010 nec
2943 2955 3155 3011 ostendi
3196 2963 3417 3025 queant.
3459 2947 3659 3024 protulit,
3679 2957 3722 3002 ut

526 3045 636 3100 duo
678 3047 838 3101 simul
879 3047 1146 3118 peregrini
1191 3057 1545 3115 concurrant,
1589 3047 1718 3103 dum
1753 3047 1831 3102 ait
1866 3067 1880 3102 :
1924 3047 2308 3103 Convenientne
2345 3048 2450 3102 duo
2491 3049 2545 3102 in
2581 3049 2722 3101 idem
2748 3047 3112 3114 diversorium,
3171 3049 3220 3102 si
3257 3065 3356 3102 non
3381 3063 3432 3102 se
3461 3053 3614 3099 mutuo
3653 3055 3720 3094 uo-

533 3143 699 3196 uerint
719 3146 742 3199 ?

1271 3237 1366 3294 Ν.

574 3404 577 3405 ν
758 3327 907 3384 Idem
944 3345 1008 3385 ex
1039 3330 1266 3386 hominis
1301 3340 1497 3386 natura
1525 3332 1876 3389 concluditur.

604 3422 684 3478 Ac
713 3437 780 3476 ne
809 3438 869 3478 se
892 3422 1111 3494 quidem
1140 3424 1309 3494 ipsos,
1337 3440 1436 3481 nec
1462 3440 1584 3495 quae
1613 3433 1824 3482 natum
1849 3443 1964 3483 sua:
1982 3442 2109 3498 pro-

529 3517 647 3586 pria
699 3525 848 3583 sunt,
897 3515 986 3572 isti
1035 3516 1239 3572 vident.
1289 3517 1348 3572 Si
1377 3519 1501 3589 quis
1531 3520 1677 3574 enim
1702 3535 1769 3574 ex
1799 3520 1904 3575 illis
1932 3521 2111 3590 impize

529 3609 790 3665 doctrinae
841 3609 1200 3680 principibus,
1232 3612 1357 3683 quis
1421 3613 1661 3680 tandem,
1697 3623 1794 3668 aut
1838 3613 1982 3668 unde
2016 3615 2107 3677 sit,

529 3715 656 3756 cum
693 3702 880 3756 animo
911 3710 1186 3772 reputaret
1217 3719 1350 3772 suo;
1383 3704 1429 3760 is
1456 3704 1702 3774 profecto
1734 3706 1882 3761 velut
1911 3707 1963 3762 in
1996 3708 2111 3762 sui-

531 3803 643 3847 met
671 3808 891 3849 sensum
917 3794 1204 3861 adduetus,
1229 3806 1447 3867 saperet
1465 3797 1632 3863 illico,
1651 3803 1815 3867 atque
1837 3799 1938 3854 hac
1958 3814 2108 3864 voce,

531 3901 640 3941 non
688 3886 802 3956 jatn
845 3897 1080 3952 atomos,
1132 3888 1227 3943 sed
1273 3887 1487 3945 Patrem
1539 3891 1655 3960 ipse
1686 3889 2112 3962 Creatoremque

531 3993 693 4033 suum
721 3979 1016 4048 appellaret
1049 3997 1062 4033 :
1094 3977 1289 4034 Manus
1326 3990 1434 4035 tua:
1461 3982 1820 4051 formaverunt
1847 3999 1927 4037 me
1949 3993 1999 4037 et
2033 3984 2112 4052 [e-

530 4077 711 4122 cerunt
741 4085 822 4123 me
851 4070 918 4122 '°.
950 4069 1016 4125 Et
1039 4071 1502 4141 quemadmodum
1529 4074 1666 4129 alter
1699 4073 1788 4130 ille
1814 4075 2110 4130 admirabi-

530 4161 636 4214 lem
688 4159 987 4215 molitionis
1029 4177 1142 4217 suae
1190 4163 1459 4217 rationem
1505 4173 1809 4234 pertexeret
1857 4185 1871 4221 :
1923 4165 2112 4221 Nonne

530 4253 666 4306 sicut
693 4253 778 4307 lac
802 4253 1034 4306 mulsisti
1055 4271 1154 4322 me,
1179 4263 1229 4308 et
1261 4255 1396 4309 sicut
1419 4271 1629 4310 caseum
1658 4274 1738 4311 me
1767 4259 2113 4329 coagulasti?

533 4344 678 4399 Pelle
720 4355 771 4399 et
809 4362 966 4400 carne
994 4347 1196 4400 vestisti
1227 4363 1328 4412 me,
1378 4347 1582 4402 ossibus
1623 4358 1672 4402 et
1702 4352 1872 4404 nervis
1901 4367 2111 4420 compe-

529 4437 660 4506 yisti
714 4453 832 4502 me;
870 4439 1032 4492 vitam
1057 4447 1106 4492 et
1128 4440 1555 4494 misericordiam
1594 4441 1829 4496 tribuisti
1877 4443 2025 4508 mihi,
2063 4452 2112 4498 et

531 4530 765 4582 visitatio
790 4540 885 4584 tua
916 4531 1200 4585 custodiuit
1229 4533 1473 4602 spiritum
1498 4549 1669 4588 meum
1692 4513 1757 4590 ίί.
1779 4533 1922 4602 Quot
1943 4536 2109 4602 enim,

533 4622 754 4682 amabo,
797 4629 852 4675 et
903 4621 1211 4692 cujusmodi
1248 4631 1463 4678 atomos
1509 4622 1727 4694 Epicuri
1767 4634 1920 4693 pater
1949 4640 2016 4679 ex
2051 4640 2112 4678 se

532 4709 796 4780 profudit,
831 4726 954 4768 cum
1001 4711 1295 4781 Epicurum
1348 4713 1784 4783 proseminaret?
1823 4712 2111 4779 Quomodo

535 4803 592 4856 in
627 4801 818 4854 matris
851 4802 972 4871 ejus
1003 4804 1185 4858 alvum
1231 4804 1458 4859 inclusa;
1505 4805 1845 4868 coaluerunt,
1882 4805 2110 4874 tiguram

532 4908 599 4948 ac
627 4891 859 4947 formam
883 4907 1231 4964 acceperunt,
1256 4907 1548 4952 commotae
1573 4905 1721 4963 sunt,
1751 4905 1926 4952 auctae
1952 4895 2113 4951 sunt?

535 4985 824 5054 Quomodo
850 5002 944 5041 ros
965 4987 1053 5042 ille
1081 4990 1428 5060 perexiguus,
1458 4991 1720 5060 plurimas
1746 4989 1969 5059 Epicuri
1999 4998 2114 5044 ato-

535 5093 660 5135 mos
701 5093 830 5134 cum
881 5079 1218 5147 advocasset,
1275 5083 1411 5136 alias
1464 5085 1518 5136 in
1557 5091 1745 5138 cutem
1780 5097 2110 5153 carnemque

608 5244 850 5318 ".Eccli.
877 5261 988 5312 ιη,
1024 5243 1114 5310 26,
1137 5244 1228 5300 27.

609 5390 722 5464 (59)
746 5389 1431 5464 Eiaxopedaortqt._Quae
1454 5401 1574 5464 tum
1621 5391 1731 5456 hic,
1764 5402 1876 5464 tum
1915 5395 1968 5464 in
2010 5394 2116 5449 ﬁne

537 5462 659 5531 cap.
689 5463 722 5516 5
751 5471 1010 5530 tanquam
1039 5463 1265 5532 esacris
1282 5462 1497 5516 Litteris
1528 5464 1694 5532 petita
1729 5463 1895 5518 relert
1923 5463 1974 5519 S.
2009 5464 2114 5519 Pa-

541 5530 642 5597 ter,
677 5533 926 5602 nuspiam
955 5530 1097 5584 κατὰ
1123 5530 1265 5595 λέξιν
1295 5530 1610 5602 occurrunt.
1641 5533 1908 5588 Caeterum
1947 5534 2114 5590 Euse-

539 5605 662 5656 bius
712 5601 797 5655 his
849 5603 1087 5656 recitatis
1121 5602 1426 5656 subinfert:
1465 5622 1480 5652 ε
1521 5601 1646 5657 Haec
1693 5605 1799 5658 ille.
1837 5604 1941 5670 Qui
1989 5621 2112 5661 sex-

541 5683 695 5726 centa
747 5673 1237 5744 aliapersccutus,
1285 5683 1597 5742 susceptum
1644 5675 1898 5744 deinceps
1949 5692 2110 5744 argu-

540 5752 783 5798 mentum
837 5743 1084 5812 pluribus
1133 5746 1454 5809 continuat,
1503 5745 1697 5815 partim
1756 5743 1846 5800 ex,
1878 5743 2108 5816 singulis

2137 3249 2179 3305 C

2928 3285 2942 3298 ,
2969 3239 3041 3291 Δ’.

2533 3328 2667 3384 Ἀπὸ
2711 3328 2824 3397 τῆς
2865 3327 3180 3395 ἀνθρώπου
3227 3325 3476 3396 φύσεως.

2281 3423 2392 3478 Καὶ
2432 3421 2555 3476 οὔτε
2591 3421 2849 3484 ἑαυτοὺς,
2885 3419 3008 3473 οὔτε
3037 3417 3106 3472 τὰ
3134 3419 3265 3490 περὶ
3308 3418 3518 3478 ἑαυτοὺς
3550 3411 3714 3486 optim"-

2209 3518 2274 3571 Et
2307 3516 2416 3587 γάρ
2448 3531 2533 3578 τις
2568 3513 2676 3566 τῶν
2719 3511 3038 3584 ἀρχηγετῶν
3066 3510 3160 3564 τοῦ
3188 3511 3289 3582 τῆς
3314 3508 3547 3572 ἀσεϐείας
3568 3504 3717 3571 ταύτης

2208 3609 2494 3678 δόγματος,
2539 3605 2731 3659 ἑαυτὸν
2769 3605 2917 3668 ὅστις
2959 3602 3078 3657 ἐστὶ
3116 3605 3212 3657 καὶ
3251 3604 3388 3667 ὅθεν,
3430 3599 3717 3667 ἀνελογίξετυ.

2211 3700 2508 3772 ἐφρόνησεν
2552 3697 2618 3752 ἂν
2656 3696 2844 3767 ὥσπερ
2891 3695 3296 3768 συνῃσθημένος
3339 3693 3536 3757 ἑαυτοῦ,
3568 3684 3718 3745 uulti-

2212 3809 2311 3846 πεν
2343 3793 2402 3845 οὐ
2431 3789 2566 3862 πρὸς
2595 3789 2694 3852 τὰς
2718 3789 2976 3860 ἀτόμους,
2998 3788 3132 3842 ἀλλά
3161 3789 3301 3860 πρὸς
3325 3789 3412 3842 τὸν
3435 3786 3620 3858 Πατέρα
3652 3779 3719 3835 καὶ

2211 3882 2448 3954 Ποιητὴν
2492 3879 2683 3934 ἑαυτοῦ
2704 3897 2718 3912 ·
2769 3884 2839 3934 Αἱ
2887 3880 3078 3951 χεῖρές
3107 3898 3227 3935 σου
3249 3879 3514 3936 ἕπλασὰν
3534 3894 3598 3949 με
3649 3872 3720 3928 και

2211 3973 2508 4042 ἐποίησάν
2528 3991 2623 4043 με.
2659 3973 2770 4026 Καὶ
2794 3972 3341 4044 προσεπεξεργάσατο
3376 3972 3436 4027 ἂν
3461 3973 3631 4031 ἐκεῖνος
3654 3965 3719 4018 τὸν

2212 4065 2513 4136 θαυμάσιον
2565 4065 2664 4135 τῆς
2705 4056 2977 4136 ποιῆσεως
3030 4064 3224 4118 ἑαυτοῦ
3269 4065 3488 4136 τρόπον·
3539 4062 3602 4115 Ἦ
3638 4058 3718 4122 οὐχ

2210 4157 2411 4226 ὥσπερ
2440 4155 2593 4227 τάλα
2616 4175 2693 4225 με
2723 4155 3009 4226 ἤμελξας,
3041 4156 3347 4224 ἐτίνρωσας
3371 4156 3434 4209 δέ
3450 4172 3518 4225 με
3541 4149 3626 4206 ἴσα
3647 4165 3719 4201 τυ-

2203 4249 2330 4319 ,οῷ;
2365 4247 2556 4318 Δέρμα
2579 4248 2675 4302 καὶ
2707 4246 2884 4316 κρέας
2903 4264 2981 4317 με
3007 4247 3324 4314 ἐνέδυσας,
3353 4245 3564 4309 ὀστέοις
3585 4241 3638 4294 δὲ
3649 4235 3720 4294 και

2217 4344 2452 4410 νεύροις
2474 4358 2551 4410 με
2575 4339 2845 4407 ἐνεῖραςῖ
2891 4338 3044 4408 ζωὴν
3068 4338 3137 4392 δὲ
3165 4340 3266 4400 καὶ
3289 4340 3453 4404 ἔλεος
3473 4339 3595 4391 ἔθου
3620 4328 3717 4397 παρ’

2212 4434 2362 4503 ἐμοὶ,
2399 4435 2436 4500 νὴ
2460 4432 2528 4486 δὲ
2543 4431 2841 4498 ἑπισκοπή
2871 4448 2987 4486 σου
3009 4430 3283 4500 ,ἐφύλαξέ
3307 4449 3422 4500 μου
3442 4429 3502 4482 τὸ
3520 4424 3715 4492 πνεῦμα.

2213 4525 2393 4588 Πόσας
2422 4525 2530 4597 γὰρ
2542 4525 2779 4595 ἀτόμους
2800 4527 2826 4578 ό
2868 4523 3087 4578 Ἐπικού
3096 4541 3188 4591 ρου
3204 4524 3403 4595 πατὴρ,
3421 4525 3506 4576 καὶ
3525 4513 3715 4586 muni;

2142 4610 2186 4665 Ῑ)
2216 4618 2273 4684 ἐξ
2315 4617 2507 4671 ἑαυτοῦ
2538 4617 2818 4688 προέχεεν,
2856 4616 2930 4668 ὅτ’
2958 4616 3397 4688 ἀπεσπέρμαινεν
3432 4613 3714 4681 Ἐπίκουρονς

2218 4714 2330 4767 Καὶ
2344 4713 2459 4777 πῶς
2489 4714 2568 4776 εἰς
2591 4713 2691 4784 τὴν
2725 4710 2982 4782 μητρῴαν
2999 4711 3164 4765 αὑτοῦ
3189 4707 3624 4765 κατακλεισθεῖσαι
3647 4719 3714 4770 γα·

2217 4806 2405 4878 στέρα,
2430 4805 2834 4876 συνεπάγησαν,
2855 4806 3349 4878 ἐσχηματίσθησαν,
3368 4798 3714 4875 ἐμορςὼθησαν.

2217 4900 2564 4972 ἐκινήθησαν,
2595 4898 2968 4971 ηὐεύνοησανς
2998 4899 3109 4952 Καὶ
3134 4899 3330 4961 πολλὰς
3365 4900 3396 4968 ἡ
3430 4895 3625 4967 βραχεῖα
3647 4889 3718 4957 ﬁd-

2218 4991 2301 5055 νὶς
2349 4991 2448 5054 τὰς
2504 4989 2823 5062 Ἐπικούρου
2868 4990 3106 5060 ἀτόμους
3137 4985 3610 5060 προσκαλεσαμένη,
3644 4975 3715 5035 τὰς

2223 5085 2320 5156 μὲν
2356 5084 2692 5156 ὲπημφίεσεν
2735 5082 2911 5139 αὐτῶν
2942 5083 3116 5156 δέρμα
3148 5084 3241 5137 καὶ
3268 5084 3437 5154 σάρκα
3459 5072 3712 5149 γενομένας,

1327 5247 1374 5277 ³ο
1404 5245 1548 5302 Psal.
1571 5261 1758 5313 cxvm,
1797 5247 1884 5303 75.
1963 5249 2007 5280 "
2042 5247 2146 5305 Job
2176 5265 2232 5315 x,
2263 5249 2450 5304 10-12.

2220 5394 2460 5449 universi
2503 5394 2818 5458 elementis,
2850 5393 3044 5464 partim
3086 5409 3154 5450 ex
3205 5391 3378 5450 omnis
3408 5385 3602 5464 generis
3626 5385 3714 5464 atii;

2219 5467 2483 5520 mantium
2518 5481 2639 5534 quae
2675 5460 3143 5534 complectuntur,
3177 5460 3528 5534 multitudine;
3559 5460 3710 5534 ῃπιιῐη

2217 5551 2283 5611 ex
2320 5537 2442 5611 ipsa!
2465 5523 2683 5605 quoque
2708 5523 2946 5611 hominis
2976 5523 3168 5611 natura
3197 5532 3527 5611 depromptis.
3559 5523 3592 5577 Ε

2217 5605 2320 5695 {ms
2342 5600 2446 5659 ὐιιί
2463 5600 2920 5695 rarissimam
2951 5600 3334 5695 εμρςὴίρτὶιξίιε,
3355 5600 3708 5695 ἒίέίὲίίῖῗτὲτεὶῗῗ

2215 5677 2432 5748 demum
2463 5671 2590 5748 liuic
2619 5671 2761 5729 libro
2792 5677 2951 5748 linem
2982 5671 3276 5748 imponam.
3300 5676 3373 5729 Ac
3395 5688 3451 5727 ne
3473 5685 3520 5723 se
3546 5671 3709 5734 ᾳτηεεπι

2213 5747 2376 5817 ipsos,
2415 5747 2612 5816 inquit,
2647 5766 2666 5799 ι
2701 5757 2804 5803 etc.
2829 5746 2996 5802 Gut.
