3972 6318
281 332 415 389 ίεϐί

1264 332 1682 391 FRAGMENTA
1719 328 1811 390 EX
1845 329 2067 389 LlBRlS
2109 330 2194 388 DE
2231 330 2539 390 NATURA.

275 460 398 519 ταῖς
439 455 497 510 δὲ
547 455 895 522 όστωθείσαις
925 455 1241 529 ηνώρθωται
1265 499 1280 524 ,
1324 458 1445 521 ταῖς
1495 457 1553 512 δὲ
1600 457 1837 512 συνεδέθτ

1957 463 2193 514 mutatas
2216 455 2560 522 convestivit,
2592 455 2715 512 aliis
2747 455 2803 511 in
2833 472 2958 514 ossa
2987 456 3264 514 conversis
3287 460 3519 514 erectior

276 549 826 622 νευρορραφουμένη;
872 549 954 605 Τά
1013 568 1072 604 τε
1136 551 1270 606 ἄλλα
1302 550 1472 606 πολλά
1526 550 1660 622 μέλη
1685 591 1701 614 ,
1758 551 1851 605 καὶ

277 639 584 711 σπλάγχνα,
627 642 721 694 καὶ
761 642 968 710 ἔγκατα
998 682 1012 707 ,
1068 643 1162 698 καί⁵
1210 643 1537 716 αἰσθητήρια
1559 682 1574 706 ,
1632 640 1702 696 τὰ
1753 643 1850 713 μὲν

276 730 508 797 ἔνδοθεν,
555 732 623 787 τὰ
664 734 721 787 δὲ
776 719 1007 806 θύραθεν
1042 736 1344 808 ἐφήρμοσε,
1386 737 1454 791 δι’
1503 731 1578 792 ὧν
1625 736 1851 804 ἐζωογο-

273 820 412 894 νήθη
439 823 500 876 τὸ
533 822 720 894 σῶμα;
753 819 853 878 Ὧν
877 826 1026 880 οὐδὲν
1054 827 1223 900 ἀργὸν
1243 867 1258 892 ,
1289 827 1409 881 οὑδέ
1436 827 1652 899 ἀχρεῖον
1683 843 1848 898 προσ-

276 911 470 984 ετέθη·
537 916 660 968 ἐπεὶ
728 917 859 987 μηδὲ
910 917 979 971 τὰ
1032 918 1376 988 φαυλότατα,
1435 920 1572 990 μήτε
1628 917 1847 990 τρίχες,

277 1007 419 1077 μήτε
476 1006 693 1078 ὄνυχες·
748 1009 925 1063 πάντα
971 1009 1064 1075 δέ,
1108 1009 1180 1064 τὰ
1236 1009 1333 1081 μὲν
1372 1009 1508 1082 πρὸς
1538 1010 1599 1062 τὸ
1633 1011 1731 1082 τῆς
1756 1027 1850 1062 συ-

276 1099 517 1164 στάσεως
546 1100 754 1169 ὅφελος,
804 1101 871 1156 τὰ
917 1102 974 1156 δέ
1026 1103 1163 1175 πρὸς
1210 1103 1270 1156 τὸ
1320 1103 1513 1166 κάλλος
1547 1103 1646 1175 τῆς
1676 1102 1850 1173 ὅψεως

273 1193 534 1248 συντελεῖ.
585 1195 658 1248 Οὐ
705 1194 814 1267 γὰρ
857 1196 957 1265 τῆς
987 1195 1186 1268 χρείας
1226 1197 1414 1268 μόνης,
1460 1196 1596 1250 ἀλλὰ
1627 1198 1849 1268 καὶτῆς

270 1286 425 1358 ὥρας
451 1286 713 1359 ἐπιμελὴς
740 1290 772 1357 ή
802 1289 1052 1361 Πρόνοια.
1087 1291 1305 1360 Ἔρυμα
1334 1291 1431 1360 μὲν
1462 1289 1570 1362 γὰρ
1604 1291 1698 1343 καὶ
1727 1291 1850 1343 σκέ-

272 1396 468 1450 πασμα
494 1381 674 1451 πάσης
707 1381 807 1452 τῆς
833 1381 1070 1453 κεφαλῆς
1112 1382 1146 1453 ἡ
1180 1381 1322 1453 κόμη
1343 1399 1356 1412 ·
1389 1382 1692 1454 εὐπρέπεια
1725 1381 1780 1435 δὲ
1820 1383 1849 1434 ὁ

269 1473 474 1542 πώγων
510 1474 588 1545 τῷ
632 1475 921 1546 φιλοσόφῳ.
959 1477 1071 1548 Τήν
1099 1493 1158 1529 τε
1185 1476 1280 1530 τοῦ
1308 1475 1431 1530 ὅλου
1469 1476 1720 1548 σώματος
1750 1477 1846 1530 τοῦ

268 1563 612 1636 ἀνθρωπείου
661 1566 820 1636 φύσιν
846 1569 910 1621 ἐκ
935 1568 1042 1621 τῶν
1081 1569 1266 1640 μερῶν
1287 1569 1600 1638 ἀναγκαίων
1630 1568 1846 1623 πάντων

265 1655 502 1728 ἥρμοσε,
555 1658 650 1712 καὶ
689 1661 803 1722 τοῖς
849 1659 1034 1730 μέλεσι
1067 1662 1201 1713 πᾶσι
1238 1661 1340 1733 τήν
1375 1678 1434 1714 τε
1463 1659 1600 1731 πρὸς
1643 1660 1846 1732 ἄλληλα

265 1750 552 1804 κοινωνίαν
593 1751 902 1823 περιέϐαλε,
943 1752 1036 1808 καὶ
1073 1752 1172 1825 τὴν
1213 1751 1366 1825 παρά
1389 1751 1483 1807 τοῦ
1523 1752 1643 1806 ὅλου
1681 1769 1844 1824 χορη-

265 1842 398 1910 γίαν
443 1843 836 1915 ἐπεμέτρησεν.
871 1839 972 1897 ’Ὧν
1019 1844 1088 1898 τά
1123 1845 1219 1914 μὲν
1251 1844 1548 1916 ὁλοσχερῆ,
1601 1846 1695 1899 καὶ
1727 1847 1839 1908 τοῖς

269 1934 512 1998 ἰδιώταις
539 1936 604 1988 ἐκ
630 1935 732 2006 τῆς
762 1936 959 2008 πείρας
977 1977 990 2000 ,
1025 1937 1093 2008 ἣν
1139 1936 1251 2008 ἔχει
1275 1937 1524 2008 δύναμιν,
1559 1937 1802 2009 πρόδηλα
1821 1955 1833 1968 ·

264 2023 512 2102 κεφαλῆς
543 2030 840 2102 ἡγεμονία,
872 2033 965 2086 καὶ
1005 2035 1132 2105 περὶ
1163 2033 1253 2087 τὸν
1283 2033 1613 2103 ἐγκέφαλον,
1652 2034 1838 2104 ὥσπερ

263 2122 503 2194 ἄρχοντα
530 2124 589 2176 ἐν
632 2123 950 2195 ἀκροπόλει,
979 2124 1086 2179 τῶν
1117 2125 1417 2197 αἰσθήσεων
1446 2127 1480 2197 ἡ
1507 2126 1801 2198 δορυφορία
1822 2143 1835 2156 ·

264 2213 590 2288 προσιοῦσαι
625 2214 734 2286 (40)
769 2216 866 2286 μὲν
893 2215 1078 2285 ὄψεις,
1110 2217 1539 2286 ἀναγγέλλουσαι
1567 2217 1622 2270 δὲ
1655 2217 1836 2282 ἀκοαὶ,

263 2306 432 2378 ἐδωδὴ
481 2307 668 2379 ὥσπερ
701 2307 1099 2379 φορολογοῦσα,
1132 2308 1397 2382 ὄσφρησις
1431 2309 1682 2379 καθάπερ
1726 2311 1840 2363 ἀνι-

262 2397 532 2469 χνεύουσα
557 2399 652 2452 καὶ
664 2399 1084 2472 διερευνωμένη,
1109 2401 1202 2455 καὶ
1220 2401 1333 2472 ἁφὴ
1355 2403 1462 2455 πᾶν
1482 2401 1840 2454 διατάττουσα

263 2491 329 2544 τὸ
361 2493 618 2563 ὑπήκοον.
652 2491 1085 2563 (Κεφαλαιωδῶς
1131 2493 1242 2566 γὰρ
1273 2493 1368 2548 νῦν
1398 2493 1554 2563 ὀλίγα
1593 2493 1700 2547 τῶν
1739 2495 1838 2566 τῆς

264 2584 544 2653 πανσόφου
570 2585 833 2656 Προνοίας
865 2584 1042 2656 ἔργων
1070 2584 1518 2658 ὲπιδραμούμεθα
1537 2627 1552 2651 ,
1586 2587 1703 2657 μετ’
1731 2585 1840 2639 ὀλί-

264 2694 365 2745 γον
386 2677 795 2750 ἀκριὸέστερον,
825 2677 918 2730 τοῦ
952 2676 1087 2731 Θεοῦ
1116 2678 1371 2745 διδόντος,
1403 2677 1838 2751 ἐπεξεργασόμε-

265 2785 378 2832 νοι,
416 2770 544 2823 ὅταν
588 2769 725 2842 πρὸς
755 2770 846 2824 τὸν
877 2770 1135 2825 δοκοῦντα
1178 2771 1496 2843 λογιώτερον
1543 2771 1838 2828 ἀποτεινώ-

270 2861 452 2934 μεθα.)
475 2862 687 2935 Χειρῶν
708 2864 968 2931 διακονία,
993 2864 1061 2918 δι’
1092 2857 1166 2918 ὧν
1191 2865 1440 2936 ἐργασίαι
1468 2883 1528 2919 τε
1561 2868 1833 2929 παντοῖαι,

264 2954 363 3008 καὶ
393 2954 762 3027 πολυμήχανοι
791 2955 1069 3009 τελοῦνται
1109 2955 1316 3027 τέχναι,
1342 2960 1461 3021 ταῖς
1491 2957 1634 3012 κατά
1670 2957 1832 3029 μέρος

262 3045 556 3116 δυνάμεσιν
580 3049 660 3110 είς
687 3047 817 3118 μίαν
863 3046 1149 3119 συνεργίαν
1183 3047 1633 3120 διηρθρωμένων,
1668 3048 1832 3121 ῶμων

261 3154 326 3192 τε
360 3139 679 3212 ἀχθοφορίαι
698 3181 713 3206 ,
747 3142 843 3194 καὶ
889 3124 1118 3214 κατοχαὶ
1149 3141 1459 3205 δακτύλων,
1486 3142 1746 3211 ἀγκώνων
1773 3161 1833 3196 τε
1863 3162 1905 3220 c

265 3230 519 3300 καμπαὶ,
571 3231 706 3302 πρός
745 3248 806 3284 τε
850 3232 912 3286 τὸ
951 3232 1110 3304 σῶμα
1146 3231 1276 3284 εἵσω
1314 3233 1710 3305 στρεφόμεναι,
1743 3233 1837 3287 καὶ

267 3321 406 3393 πρὸς
449 3321 510 3374 τὸ
552 3323 709 3386 ἐκτὸς
747 3321 1140 3388 ἀπονεύουσαι,
1175 3323 1264 3377 ἵνα
1295 3322 1618 3392 ἐφέλκεσθαί
1648 3342 1709 3378 τε
1740 3326 1837 3379 καὶ⁵

262 3414 602 3469 ἀπωθεῖσθαι
628 3415 920 3471 δύνωνται·
955 3415 1133 3470 ποδῶν
1163 3417 1458 3488 ὑπηρεσία,
1492 3417 1558 3470 δι’
1585 3410 1660 3472 ὧν
1686 3419 1836 3473 πᾶσα

263 3508 400 3579 ἡμῖν
445 3509 834 3563 ὑποπέπτωκεν
884 3511 919 3580 ἡ
967 3510 1246 3582 περίγειος
1292 3510 1502 3574 κτίσις,
1540 3509 1766 3580 βάσιμος
1798 3512 1834 3582 ἡ

262 3599 374 3671 γῆ,
409 3599 594 3674 πλωτὴ
629 3603 664 3672 ἡ
697 3601 972 3666 θάλασσα,
1017 3602 1312 3674 περάσιμοι
1351 3603 1400 3654 οἱ
1433 3601 1666 3672 ποταμοὶ¹
1689 3641 1705 3660 ,
1740 3602 1835 3656 καὶ

259 3695 484 3748 πάντων
516 3694 653 3765 πρὸς
692 3695 869 3748 πάντα
895 3693 1168 3765 ἐπιμιξία.
1198 3692 1416 3765 Γαστῆρ
1447 3695 1669 3764 ταμεῖον
1713 3709 1835 3765 τρο-

263 3786 383 3856 φῶν
407 3826 422 3851 ,
455 3789 588 3841 πᾶσι
635 3788 750 3851 τοῖς
793 3788 1243 3858 συντεταγμένοις
1277 3787 1513 3858 μέλεσιν.
1545 3785 1605 3850 ἐξ
1636 3786 1833 3856 ἐαυτῆς

262 3883 324 3933 ἐν
368 3880 551 3954 μέτρῳ
597 3879 658 3933 τὸ
689 3881 1004 3950 σιτηρέσιον
1022 3879 1350 3950 διανέμουσα
1374 3872 1406 3944 ,’
1431 3878 1524 3932 καὶ
1555 3878 1616 3931 τὸ
1649 3895 1833 3949 περιτ-

261 3974 422 4028 τεῦον
455 3973 796 4047 ἐκτιθεμένη.
825 3974 937 4028 Καὶ
973 3973 1046 4027 τὰ
1070 3972 1212 4028 ’ἄλλα
1241 3973 1308 4026 δι’
1339 3974 1477 4027 ὅσων
1512 3971 1768 4044 ἐμφανῶς
1797 3973 1833 4042 ἡ

260 4073 528 4144 διοίκησις
567 4071 664 4141 τῆς
718 4069 1054 4142 ἀνθρωπείου
1108 4067 1486 4140 μεμηχάνηται
1552 4067 1829 4138 διανομῆς.

260 4160 362 4220 Ὧν
395 4164 592 4234 ὁμοίως
635 4166 747 4226 τοῖς
787 4162 1015 4234 ἄφροσιν
1045 4161 1256 4233 ἔχοντες
1285 4159 1344 4214 ὀί
1392 4159 1545 4228 σοφοὶ
1575 4160 1675 4231 τὴν
1707 4158 1830 4230 κρί-

262 4270 350 4308 σιν
387 4252 519 4323 (si),
545 4252 645 4305 οὐκ
679 4251 886 4322 ἴσχουσι
915 4250 1012 4321 τὴν
1043 4250 1262 4320 γνῶσιν.
1296 4251 1358 4303 Οἱ
1391 4250 1491 4320 μὲν
1519 4250 1628 4322 γὰρ
1657 4251 1736 4313 είς
1764 4249 1831 4320 ῆν

260 4344 330 4399 ἂν
361 4342 616 4415 οἱηθῶσιν
642 4343 909 4414 ἀθεότητα
939 4342 1050 4414 (42)
1073 4383 1088 4407 ,
1133 4343 1232 4415 τὴν
1260 4343 1830 4414 ἐπιστημονικωτάτην

257 4437 410 4510 ιπερὶ¹
429 4437 673 4501 πάντων,
705 4437 798 4490 καὶ
825 4436 925 4508 τὴν
951 4437 1032 4499 εἰς
1061 4435 1286 4500 ἑαυτοὺς
1330 4436 1829 4508 εὐεργετικωτάτην

257 4530 625 4603 ἀναφέρουσιν
656 4530 987 4601 οἰκονομίαν,
1013 4530 1319 4603 κρείττονος
1349 4530 1444 4584 καὶ
1475 4529 1626 4595 θείας
1657 4531 1824 4594 ὅντως

259 4622 578 4697 φρονήσεώς
608 4640 669 4676 τε
702 4624 797 4676 καὶ
830 4621 1112 4693 δυνάμεως
1151 4621 1312 4693 ἔργον
1357 4621 1526 4693 αὐτὴν
1561 4617 1697 4676 εἶναι
1735 4639 1824 4674 πι-

260 4718 579 4789 στούμιινοι⁹
615 4717 664 4770 οί
695 4716 773 4780 δὲ,
810 4716 1068 4787 συντυχίᾳ.
1096 4714 1190 4768 καὶ
1218 4711 1537 4785 συμπτώσει
1563 4713 1672 4766 τῶν
1709 4713 1826 4767 ἀτό-

261 4827 381 4881 μων
400 4849 417 4872 ,
469 4805 724 4871 ἀσκόπως
777 4808 877 4880 τὴν
943 4807 1395 4879 θαυμασιωτάτην
1446 4805 1824 4877 καλλιέργειαν

255 4900 591 4955 ἀνατιθέασι.
627 4899 737 4971 Τὴν
768 4897 824 4952 δὲ
856 4899 1242 4970 ἐνεργεστέραν
1273 4898 1354 4952 ἔτι
1381 4897 1583 4952 τούτων
1611 4896 1826 4951 ἐπίσκε-

254 4992 352 5064 ψιν
372 5032 388 5055 ,
430 4991 525 5045 καὶ
569 4989 668 5062 τὴν
711 4988 819 5042 τῶν
866 4989 1146 5043 ἐνδοσθίων
1191 4989 1451 5053 διάθεσιν,
1501 4989 1673 5061 ἰατροὶ
1727 4988 1826 5060 μὲν

257 5084 504 5159 ἀκριϐῶς
546 5083 1018 5155 διερευνησάμενοι
1060 5083 1154 5136 καὶ
1195 5081 1665 5151 καταπλαγέντες,
1705 5080 1826 5147 ἐξε-

209 5201 215 5206 λ
257 5177 485 5232 θείασαν
515 5174 613 5246 τὴν
643 5173 832 5244 φύσινο
868 5173 1030 5244 ἡμεῖς
1070 5171 1128 5224 δὲ
1164 5169 1389 5243 ὕστερον
1421 5172 1496 5235 ὡς
1537 5171 1604 5225 ἂν
1633 5165 1736 5224 οἷοί
1765 5187 1826 5223 τε

257 5263 570 5338 γενώμεθα,
598 5265 702 5318 κᾶν
728 5262 987 5334 ἐπιπολῆς
1019 5261 1148 5332 (45),
1166 5260 1641 5333 ἀναθεωρήσομεν.
1677 5259 1825 5314 Καθ-

353 5425 444 5493 40)
485 5423 868 5493 Προσιοῦσαι.
899 5421 1064 5477 Forte
1097 5419 1405 5493 προῖοῦσαι.
1441 5416 1636 5493 chen.

353 5426 423 5479 40
485 5426 868 5492 Προσιοῦσαι.
900 5426 1064 5477 Forte
1097 5426 1405 5493 προϊοῦσαι.
1447 5426 1636 5474 Vresn.

328 5426 444 5578 ξιιξ
485 5491 889 5578 διανομῆς-...η
938 5493 1159 5560 κρίσιν.
1206 5490 1396 5547 Scribe
1436 5488 1820 5559 διαμονῆς.....

246 5564 476 5639 χρῆσιν.
495 5564 593 5639 Ἰοῖ.

351 5630 442 5704 12)
495 5635 817 5704 Ἀθεότητα.
846 5632 1009 5704 Forte
1044 5631 1292 5704 θεότητα.
1323 5630 1400 5684 lu.

297 5635 302 5639 ’
351 5635 420 5690 ιε
495 5635 817 5704 Ἀθεότητα.
846 5635 1009 5690 Forte
1044 5635 1292 5702 θεότητα.
1324 5635 1400 5684 lu.

317 5635 445 5832 3‘3;
497 5704 846 5774 Ἐπιστολῆς.
886 5702 1024 5759 Eum
1055 5703 1186 5758 mihi
1234 5715 1454 5783 sensum
1485 5700 1822 5770 expressisse

297 5776 315 5832 i
353 5791 482 5832 eor.
519 5777 613 5832 qui
663 5791 731 5830 ex
770 5774 947 5832 verbis
991 5774 1097 5830 illis
1135 5787 1365 5832 expnmu
1407 5779 1617 5832 poterat
1660 5787 1674 5824 :
1726 5770 1821 5828 sed

257 5791 315 5832 νι

353 5770 482 5848 eor,
519 5777 613 5844 qui
663 5791 731 5830 ex
770 5770 947 5832 verbis
991 5774 1097 5830 illis
1135 5772 1365 5846 exprimi
1406 5779 1617 5843 poterat
1660 5787 1674 5824 :
1726 5770 1821 5828 sed

1952 565 2017 605 ac
2060 549 2286 605 solidior
2322 549 2588 614 constitit,
2621 549 2743 606 aliis
2779 566 3069 607 nervorum
3101 551 3385 622 complexu
3414 553 3521 606 illi-

1950 651 2106 713 gatus
2127 643 2247 698 est?
2271 642 2392 710 Quo
2417 642 2651 713 denique
2682 642 2842 698 modo
2873 642 2984 699 vim
3015 651 3220 699 tantam
3245 643 3520 700 membro-

1950 751 2072 790 rum
2111 736 2366 801 aliorum,
2410 735 2703 800 viscerum,
2749 735 3151 803 intestinorum,
3202 750 3394 791 sensus
3434 733 3520 787 in—

1949 835 2403 894 strumentorum,
2443 827 2769 882 intrinsecus
2802 828 3208 884 extrinsecusve
3240 827 3516 892 conﬂavit,

1949 935 2072 990 quae
2106 920 2289 974 vivum
2341 934 2406 974 ac
2454 918 2669 989 spirans
2717 933 2916 988 corpus
2961 917 3231 975 cliiceret?
3275 918 3410 973 Nam
3449 933 3518 975 ex

1949 1009 2058 1065 illis
2098 1011 2316 1080 quidem
2359 1009 2614 1064 omnibus
2643 1006 2881 1064 otiosum
2919 1008 3054 1064 nihil
3083 1015 3187 1074 est,
3228 1009 3362 1063 nihil
3392 1009 3517 1063 inu-

1949 1102 2070 1167 tile;
2107 1116 2214 1156 non
2244 1097 2366 1172 pili,
2411 1115 2520 1154 non
2556 1115 2785 1170 ungues,
2819 1114 2929 1154 non
2972 1107 3161 1155 caetera
3209 1115 3330 1170 qua:
3365 1100 3518 1170 abje-

1946 1194 2192 1249 ctissima
2245 1193 2417 1249 videri
2464 1190 2679 1262 possint
2709 1211 2725 1248 :
2759 1193 2942 1248 omnia
2976 1189 3059 1247 vel
3085 1194 3151 1248 ad
3179 1194 3518 1250 constituen-

1947 1287 2070 1339 dam
2088 1284 2206 1355 ejus
2230 1284 2613 1354 integritatem,
2633 1285 2718 1340 vel
2739 1285 2805 1339 ad
2827 1285 3061 1355 speciem
3087 1273 3516 1358 dignitatemque

1949 1377 2280 1431 conducunt.
2324 1374 2433 1430 Nec
2480 1375 2624 1430 enim
2655 1375 2778 1431 usui
2807 1375 3072 1432 duntaxat
3102 1377 3196 1432 uni
3222 1377 3517 1435 Providen-

1949 1466 2044 1532 tia,
2091 1467 2183 1522 sed
2237 1467 2400 1521 etiam
2445 1464 2836 1534 pulchritudini
2883 1481 2949 1522 ac
2995 1464 3186 1522 formae
3230 1467 3511 1538 prospicit.

1947 1556 2131 1629 itaque
2175 1558 2339 1613 totius
2386 1555 2578 1627 capitis
2629 1559 3094 1628 propugnaculum
3131 1560 3408 1630 quoddam
3451 1576 3517 1616 ac
3631 1592 3634 1593 ν

1947 1659 2314 1721 tegumentum
2350 1666 2508 1706 coma
2551 1660 2670 1719 est;
2714 1650 2882 1706 barba
2918 1651 3228 1722 philosophi
3261 1651 3430 1708 decus
3460 1663 3516 1708 ct

1946 1751 2352 1798 ornamentum.
2397 1741 2492 1797 llla
2543 1743 2707 1812 igitur
2746 1743 2941 1814 integri
2993 1744 3239 1812 corporis
3286 1745 3514 1800 humani

1943 1842 2191 1889 naturam
2219 1851 2287 1890 ex
2312 1835 2558 1905 partibus
2589 1835 2912 1891 necessariis
2940 1837 3195 1892 omnibus
3221 1851 3514 1909 coagmen-

1943 1927 2095 1991 tavit,
2130 1927 2499 1997 membrisque
2542 1927 2797 1982 omnibus
2839 1943 2962 1982 cum
3003 1940 3251 1985 mutuam
3281 1933 3426 1986 inter
3453 1949 3512 1988 se

1940 2020 2384 2076 communionem
2418 2018 2633 2086 indidit,
2664 2028 2778 2076 tum
2812 2035 2879 2076 ex
2908 2021 3078 2076 totius
3115 2022 3277 2077 etiam
3316 2025 3512 2099 opibus

1941 2112 2152 2181 prolixe
2192 2111 2483 2167 admodum
2539 2128 2605 2168 ac
2657 2112 2955 2168 liberaliter
3004 2111 3262 2171 admensa
3311 2126 3415 2173 est.
3445 2114 3514 2171 Et

1942 2204 2189 2260 membra
2215 2204 2432 2274 quidem
2463 2204 2770 2275 potissima,
2795 2222 2960 2276 quam
2986 2207 3097 2261 vim
3121 2219 3175 2263 et
3200 2206 3510 2265 facultatem

1941 2297 2201 2360 habeant,
2242 2313 2343 2352 usu
2378 2306 2432 2353 et
2465 2299 2796 2370 experientia
2847 2299 2950 2369 ipsi
2990 2300 3152 2356 etiam
3187 2299 3389 2357 idiotze’
3412 2319 3510 2357 no-

1943 2399 2071 2442 runt
2101 2405 2115 2442 :
2151 2388 2345 2459 capitis
2376 2389 2736 2461 principatus,-
2764 2392 2910 2447 circa
2943 2393 3223 2448 cerebrum
3249 2402 3508 2465 tanquam

1941 2479 2344 2551 imperatorem,
2389 2499 2650 2539 sensuum
2690 2485 2744 2538 in
2776 2485 3014 2555 acropoli
3057 2486 3300 2542 excubiae
3348 2497 3512 2557 atque

1940 2571 2189 2642 praesidia
2211 2590 2225 2634 ;
2245 2574 2651 2644 progredientes
2682 2575 2859 2640 Oculi;
2889 2591 3050 2630 aures
3083 2575 3308 2631 nuntios
3338 2577 3514 2647 perfe-

1939 2673 2153 2730 rentes;
2207 2674 2456 2736 gustatus
2505 2666 2654 2722 velut
2707 2675 3071 2722 commeatum
3122 2682 3510 2739 annonamque

1941 2756 2283 2822 convehens;
2325 2757 2557 2814 olfactus
2605 2758 2868 2828 indagans
2911 2757 3316 2828 quodammodo
3345 2769 3510 2831 atque

1939 2849 2247 2919 vestigans;
2299 2857 2475 2904 tactus
2522 2849 2744 2904 subdita
2775 2849 2957 2904 omnia
2990 2848 3242 2920 digerens
3274 2859 3330 2907 et
3360 2853 3509 2907 ordi-

1939 2955 2099 2996 nans.
2149 2938 2325 3010 (Nunc
2378 2941 2526 2996 enim
2573 2956 2641 2997 ex
2689 2941 3106 3012 sapientissimae
3148 2939 3510 3000 Providentiae

1938 3033 2193 3105 operibus
2219 3033 2533 3091 summatim
2561 3049 2734 3105 pauca
2767 3043 2979 3090 tantum
3013 3035 3194 3108 aliqua
3229 3039 3504 3109 percurri-

1938 3144 2083 3196 mus,
2131 3128 2294 3184 iidem
2332 3130 2497 3199 paulo
2534 3138 2678 3201 post,
2713 3144 2838 3185 cum
2867 3131 3131 3187 adversus
3161 3131 3314 3187 illum
3348 3131 3508 3203 cujus

1939 3220 2118 3291 major
2141 3229 2226 3276 est
2253 3221 2579 3278 eruditionis
2599 3223 2805 3293 opinio,
2833 3221 3255 3294 disputabimus,
3284 3225 3508 3280 uberius

1939 3311 2051 3369 Deo
2084 3313 2222 3369 duce
2251 3328 2316 3369 ac
2344 3315 2557 3384 plenius
2600 3317 2783 3370 omnia
2824 3318 3216 3388 persecuturi.)
3246 3315 3504 3374 Manuum

1899 3401 1908 3410 ”
1936 3419 2068 3477 ergo
2089 3404 2346 3476 deinceps
2373 3405 2760 3473 ministerium,
2785 3422 2908 3476 quae
2937 3407 3117 3464 omnis
3143 3409 3356 3480 generis
3382 3409 3510 3466 fun-

1937 3495 2146 3550 ctiones
2174 3495 2397 3561 obeunt,
2420 3506 2672 3567 artesque
2694 3498 2996 3553 moliuntur
3025 3499 3320 3572 singularis
3349 3501 3506 3574 inge-

1935 3589 2036 3653 nii,
2061 3590 2313 3662 'pr0priis
2350 3591 2662 3663 quibusque
2697 3591 3048 3650 facultatibus
3092 3594 3162 3650 ad
3191 3610 3352 3651 unam
3381 3595 3507 3652 fun-

1936 3682 2180 3737 ctionum
2224 3683 2538 3738 societatem
2583 3683 2861 3740 instructa:
2899 3703 2916 3738 ς
2966 3684 3181 3741 humeri
3224 3689 3506 3758 gestandis

1892 3819 1894 3821 .
1935 3776 2194 3832 oneribus
2227 3776 2430 3838 idonei.
2462 3777 2757 3849 digitorum
2794 3778 3202 3847 prebensiones,
3241 3780 3505 3839 ﬂexiones

1935 3868 2266 3937 cubitorum,
2318 3885 2442 3940 quae
2470 3871 2570 3925 «uti
2607 3885 2698 3926 res
2733 3873 2819 3927 vel
2859 3872 3130 3928 attrahere
3169 3875 3381 3944 possint
3423 3878 3503 3931 vel

1934 3961 2221 4031 depellere,
2246 3962 2577 4020 intrinsecus
2602 3964 3050 4036 extrinsecusque
3074 3973 3392 4029 versantur;
3417 3982 3505 4036 pe-

1933 4053 2064 4108 dum
2090 4051 2437 4123 obsequium,
2467 4069 2564 4124 per
2593 4070 2732 4126 quos
2755 4066 2938 4112 creata
2969 4056 3114 4111 circa
3152 4065 3350 4112 terram
3376 4074 3501 4113 om-

1933 4143 2025 4197 nia
2056 4142 2218 4199 nobis
2246 4145 2642 4223 obsecundant,
2675 4147 2876 4218 quibus
2921 4158 3080 4204 terra;
3121 4158 3498 4221 peragrantur,

1932 4239 2256 4308 navigantur
2282 4239 2476 4304 maria,
2509 4239 2660 4296 ﬂuvii
2689 4242 3054 4312 trajiciuntur,
3078 4246 3324 4299 omnium
3349 4259 3504 4300 com-

1933 4329 2134 4386 mercia
2190 4326 2316 4387 cum
2367 4332 2624 4388 clunibus
2674 4333 2947 4390 ineuntur.
3004 4335 3203 4390 Venter
3250 4335 3500 4391 ciborum

1932 4424 2208 4490 aerarium,
2236 4424 2498 4479 membris
2531 4424 2787 4480 omnibus
2816 4440 2916 4480 suo
2941 4425 3251 4496 quibusque
3279 4426 3400 4482 loco
3445 4435 3502 4480 et

1859 4507 1904 4562 D
1931 4512 2122 4568 ordine
2153 4513 2456 4581 collocatis,
2485 4513 2689 4584 justam
2723 4530 2818 4585 per
2847 4531 2968 4571 sese
2999 4532 3272 4571 annonam
3311 4516 3500 4572 distri-

1931 4603 2125 4669 buens,
2157 4613 2211 4660 et
2229 4605 2491 4676 quidquid
2523 4606 2856 4677 superﬂuum
2882 4618 2986 4673 est,
3012 4608 3257 4680 ejiciens.
3289 4607 3369 4664 Ac
3394 4625 3501 4666 cae-

1926 4704 2065 4764 tera,
2086 4712 2320 4768 quorum
2345 4698 2398 4752 vi
2424 4699 2677 4755 humanae
2698 4701 2969 4757 ﬁrmitatis
2989 4711 3044 4758 et
3064 4704 3500 4760 conservationis

1927 4791 2069 4847 ratio
2103 4792 2431 4852 continetur.
2456 4791 2660 4850 Horum
2685 4810 2818 4850 usus
2834 4795 2888 4848 in
2914 4797 3094 4852 stultis
3109 4812 3264 4868 aeque
3278 4797 3497 4868 sapien-

1925 4884 2182 4956 tibusque
2225 4885 2419 4942 similis
2444 4895 2547 4952 est,
2582 4886 2820 4960 cognitio
2844 4886 3146 4944 dissimilis.
3169 4887 3276 4944 Alii
3297 4889 3498 4960 quippe

1927 4995 2092 5053 quam
2145 4981 2329 5035 animo
2361 4981 2702 5037 divinitatem
2738 4979 3105 5050 iuformarint,
3157 4982 3224 5037 ad
3244 4997 3387 5048 eam,
3437 4989 3498 5034 ut

1928 5091 2051 5146 qua:
2085 5089 2266 5130 rerum
2298 5075 2542 5130 omnium
2583 5074 2946 5130 scientissima
2991 5076 3082 5142 sit,
3133 5085 3297 5146 atque
3325 5074 3379 5127 in
3407 5087 3496 5127 se-

1927 5166 2076 5237 ipsos
2118 5166 2634 5232 beneﬁcentissima,
2676 5179 2846 5224 totam
2889 5167 3133 5224 referunt
3157 5167 3322 5236 hujus
3347 5180 3498 5220 osco-

1929 5259 2128 5314 nomiae
2175 5259 2466 5326 rationem,
2519 5259 2665 5331 quod
2698 5276 2820 5316 eam
2865 5259 3164 5331 superioris
3207 5257 3492 5328 cujusdam

1929 5426 2106 5492 tamen
2145 5416 2400 5492 illa_duo,
2428 5417 2497 5483 ,id
2529 5425 2634 5481 est,
2658 5416 2734 5480 ὡς
2763 5416 2830 5469 ἂν
2857 5410 2958 5492 οἷοί
2984 5431 3065 5474 τε.
3085 5422 3152 5492 ει
3172 5410 3449 5492 ,ἐταπολῇς
3473 5449 3491 5473 ο

1927 5488 2110 5558 minus
2132 5481 2435 5558 conjuncta
2457 5503 2579 5543 esse
2612 5501 2775 5558 posse
2798 5486 3053 5558 arbitror.
3085 5481 3298 5558 Mallem
3328 5481 3495 5558 igitur

1927 5556 2019 5632 ἐπὶ
2062 5551 2305 5632 πολλοῖς,
2352 5559 2528 5627 suppl.
2565 5551 2822 5632 ῥήμασι,Δ
2850 5573 2957 5632 seu.
2982 5553 3180 5622 λόγοις.
3214 5551 3493 5632 Particula

1928 5626 2028 5681 κάν
2054 5628 2136 5682 vel
2171 5628 2361 5682 abesse
2393 5623 2737 5697 po'test'f'vcl
2780 5627 2827 5681 si
2860 5625 3123 5697 retinetur
3144 5664 3161 5688 ,
3189 5623 3490 5692 emphasim

1929 5698 2091 5822 hiabet
2115 5713 2264 5823 ll()éum
2330 5696 2728 5754 asSeveratione
2781 5696 3162 5765 conjunctam,
3237 5705 3296 5749 ut
3353 5705 3496 5764 sazpe

1929 5785 1960 5822 ει
1987 5782 2084 5822 tas.
2174 5808 2186 5822 .

1929 5768 2084 5822 alias.
2115 5768 2186 5822 In.

3362 313 3519 392 ‘4262
3618 347 3630 367 ι
