3972 6318
520 367 654 424 1263

1500 361 1556 418 S.
1597 359 1888 418 DIONYSII
1929 359 2234 418 EPlS-C-OPI
2270 359 2735 418 ALEXANDRINI

3611 368 3760 424 ιεει

517 505 847 565 prorsusque
885 487 1082 545 divinae
1130 504 1252 546 cum
1301 487 1580 560 sapientiae
1625 497 1738 543 tum
1786 489 2070 559 potestatis

2172 487 2294 542 όλου
2346 488 2403 543 δέ
2447 487 2543 543 καὶ
2581 486 2907 559 συλλήσδην,
2965 488 3085 542 δλον
3126 487 3280 542 τοῦτο
3320 488 3382 543 τὺ
3428 490 3631 562 σκῆνος
3667 493 3746 555 τίς

515 599 651 653 opus
673 581 1016 644 existiment;
1049 579 1141 634 alii
1170 590 1355 635 contra
1379 579 1582 634 insulse
1614 577 1930 643 admodum,
1963 576 2074 632 for-

517 686 660 730 tuna:
679 681 732 729 et
755 673 905 728 casui
923 671 1444 728 administrationem
1469 685 1680 724 summa
1697 669 2072 736 dignissimam

519 765 881 822 admiratione
928 763 1199 820 deferunt.
1249 763 1319 817 At
1348 777 1478 818 vero
1510 759 1862 816 elﬁcaciorem
1897 760 2074 816 adhuc

516 874 699 915 rerum
745 858 970 914 istarum
1005 853 1526 918 considerationem,
1564 863 1617 907 et
1653 853 1887 923 partium
1933 853 2072 908 inte-

518 953 722 1006 riorum
759 949 1047 1014 rationem,
1076 946 1269 1002 medici
1297 946 1512 1017 quidem
1549 945 1712 1000 altius
1736 944 2074 1012 diligentius-

514 1052 622 1108 que
655 1035 857 1100 rimati,
892 1049 955 1090 ac
992 1033 1365 1089 vehementius
1414 1032 1685 1098 admirati,
1739 1032 2072 1088 divinitatem

515 1140 722 1184 naturae
742 1129 1043 1183 tribuerunt
1075 1145 1087 1182 :
1114 1141 1213 1182 nos
1237 1141 1354 1182 eam
1382 1134 1589 1196 postea,
1609 1126 1794 1195 jejuno
1825 1124 2072 1182 fortassis

514 1228 568 1276 et
608 1219 838 1285 exiliter,
885 1224 942 1272 at
979 1230 1076 1287 pro
1130 1214 1384 1270 facultate
1430 1225 1614 1268 nt)Slt‘a
1660 1227 2067 1283 prosequemur.

514 1309 670 1366 Nunc
700 1318 759 1364 ut
789 1307 1038 1363 universe
1064 1307 1168 1361 hoc
1203 1304 1624 1376 summatimque
1656 1305 1903 1360 dicamus
1931 1321 1945 1357 :
1977 1318 2071 1358 cc-

514 1406 660 1478 quis,
703 1403 949 1467 obsccro,
985 1410 1153 1456 totum
1189 1399 1292 1453 hoc
1326 1397 1732 1453 tabernaculum
1777 1394 2072 1452 fabricatus

513 1507 615 1563 est,
653 1495 904 1562 sublime,
939 1493 1136 1553 altum,
1178 1499 1439 1556 erectum,
1467 1488 1704 1558 elegans,
1735 1487 1800 1541 ad
1827 1501 2069 1553 sensum,

515 1601 743 1655 motum,
787 1588 1051 1643 actionem
1095 1593 1148 1638 et
1184 1597 1344 1638 omne
1387 1581 1602 1650 quidem
1642 1580 1870 1636 actionis
1902 1593 2072 1650 genus

515 1693 624 1750 tam
664 1680 874 1752 egregie
907 1675 1314 1748 comparatum?
1347 1673 1454 1730 lsta
1482 1672 1728 1728 videlicet
1764 1679 2069 1725 atomorum

513 1772 804 1829 multitudo
839 1768 1068 1825 rationis
1095 1782 1308 1836 expers.
1346 1765 1414 1819 At
1444 1763 1568 1828 illae,
1599 1770 1660 1818 ut
1683 1762 1917 1817 maxime
1946 1774 2072 1816 con-

2175 578 2410 634 τοιοῦτον
2440 578 2862 652 ἐσκηνοποίησεν
2885 620 2900 646 ,
2937 579 3166 652 ὑψηλὸν,
3200 580 3381 648 ὄρθιον
3400 618 3416 645 ,
3449 579 3743 653 εὔρυθμον,

2173 671 2509 742 εὐαίσθητον,
2539 669 2842 742 εὐκίνητον,
2867 669 3111 743 εὖεργον,
3139 673 3514 746 παντουργόν;
3542 675 3611 726 Ἦ
3639 674 3746 729 τῶν

2174 762 2391 833 ἀτόμων
2427 762 2618 832 ἄλογος
2638 801 2654 827 ,
2689 763 2822 831 φασὶ
2841 803 2856 827 ,
2887 762 3114 834 πληθύς.
3150 763 3288 817 Ἀλλ’
3316 765 3427 828 οὐδ’
3459 764 3528 819 ἂν
3559 765 3748 820 είκόνα

2173 853 2399 926 πηλίνην
2419 856 2620 909 ἐκεῖναι
2641 854 2985 936 συνελθοῦσαι
3010 856 3291 921 πλάσαιεν,
3311 857 3418 910 οὐδ’
3448 856 3745 929 ἀνδριάντα

2171 946 2369 1000 λίθινον
2399 946 2630 1013 ξέσαιεν,
2660 946 2767 1000 οὐδ’
2795 946 2860 1000 ἂν
2893 947 3108 1002 είδωλον
3137 947 3408 1020 ἀργυροῦν
3437 949 3473 1020 ἦ
3508 948 3747 1020 χρυσοῦν

2172 1035 2508 1109 χωνεύσασαι
2537 1035 2933 1109 προσαγάγοιεν
2952 1054 2964 1067 ·
2999 1037 3133 1090 ἀλλά
3159 1039 3340 1110 τέχναι
3369 1040 3467 1093 καὶ
3495 1058 3556 1110 χε
3567 1058 3748 1113 ιρουρ-

2172 1130 2288 1198 γίαι
2332 1128 2571 1193 τούτων,
2624 1129 2714 1182 ὑπ’
2760 1129 3063 1202 ἀνθρώπων
3117 1129 3370 1203 εὕρηνται
3422 1149 3748 1204 σωματουρ-

2171 1221 2284 1291 γῶν
2319 1221 2447 1292 (44).
2491 1217 2592 1275 Ὧν
2623 1221 2678 1274 δὲ
2736 1221 3056 1275 ἀπεικασίαι
3101 1222 3196 1275 καὶ
3232 1223 3593 1294 σκιαγραφίαι
3625 1223 3747 1294 δίχα

2173 1313 2362 1383 σοφίας
2393 1314 2491 1367 οὐκ
2521 1312 2588 1366 ἂν
2630 1301 2895 1381 γένοιντο,
2942 1312 3060 1377 πῶς
3091 1313 3158 1367 τά
3194 1313 3365 1385 ἀληθῆ
3397 1316 3495 1368 καὶ
3528 1316 3747 1386 πρωτό-

2171 1424 2316 1461 τυπα
2359 1405 2562 1459 τούτων
2593 1403 2912 1475 αὐτομάτως
2953 1403 3297 1476 συμϐέϐηκες
3331 1405 3491 1476 Ψυχὴ
3517 1405 3577 1458 δέ
3603 1446 3618 1470 ,
3651 1405 3746 1460 καὶ

2171 1496 2296 1562 νοῦς
2341 1495 2435 1550 καὶ
2472 1495 2662 1564 λόγος,
2713 1495 2876 1549 πόθεν
2908 1495 3164 1564 ἐγγέγονε
3210 1494 3288 1566 τῷ
3334 1495 3647 1566 φιλοσόφῳ;
3673 1496 3746 1550 Ἦ

2172 1589 2322 1662 παρά
2359 1587 2464 1641 τῶν
2505 1586 2726 1657 ἀψύχων
2758 1586 2850 1640 καὶ
2885 1588 3126 1658 ἀνοήτων
3154 1587 3247 1641 καὶ
3278 1587 3585 1655 ἀλογίστων
3618 1589 3743 1641 ἀτό-

2176 1697 2290 1752 μων
2336 1679 2486 1733 ταῦτ’
2536 1678 2830 1748 ἠρανίσατο
2851 1718 2865 1745 ,
2914 1678 3178 1733 κάκείνων
3233 1677 3381 1748 αὐτῷ
3426 1695 3483 1732 τι
3534 1679 3741 1751 ἑκάστη

2172 1771 2349 1842 νόημα
2377 1771 2472 1824 καὶ
2503 1771 2680 1842 δόγμα
2709 1769 3063 1836 ἐνέπνευσεν;
3085 1770 3194 1824 Καὶ
3216 1770 3403 1843 ὥσπερ
3431 1772 3462 1824 ό
3496 1771 3742 1824 Ἠσιόδου

511 1865 754 1930 veniant,
801 1877 868 1916 ne
898 1860 1096 1914 luteam
1125 1857 1340 1928 quidem
1374 1855 1662 1925 imaginem
1692 1852 1952 1918 formare,
1979 1860 2070 1906 aut

2175 1863 2341 1934 μῦθος
2363 1903 2376 1928 ,
2409 1862 2504 1934 τὴν
2531 1861 2824 1933 Πανδώραν
2851 1863 3013 1935 φησὶν
3042 1863 3146 1916 ὑπὸ
3168 1862 3275 1916 τῶν
3303 1862 3464 1929 θεῶν,
3499 1863 3678 1927 οὕτως
3705 1866 3740 1936 ἡ

511 1957 783 2027 lapideum
814 1952 1168 2009 simulacrum
1205 1948 1490 2020 perpolire,
1524 1955 1617 2001 aut
1642 1954 1955 2018 argenteum
1991 1943 2074 1998 vel

510 2063 735 2105 aureum
771 2046 972 2102 idolum
1004 2044 1238 2099 conﬂare
1269 2039 1482 2110 possint
1517 2055 1530 2091 ε
1562 2052 1793 2108 quorum
1827 2035 2070 2090 omnium

511 2140 758 2212 proprias
786 2151 1045 2193 manuum
1067 2143 1234 2198 artes,
1262 2131 1526 2202 ﬁngendis
1554 2139 1708 2200 aptas
1729 2128 2071 2199 corporibus,

510 2233 795 2289 hominum
827 2226 1151 2298 excogitavit
1182 2221 1465 2278 industria.
1495 2219 1736 2287 Quorum
1765 2219 1926 2291 igitur
1950 2221 2066 2276 sine

509 2322 777 2395 sapientia
817 2321 906 2375 vel
950 2316 1262 2373 adumbrari
1303 2313 1510 2384 species
1539 2311 1931 2382 informarique
1956 2326 2076 2367 non'

509 2415 703 2487 possit,
753 2413 950 2467 horum
993 2424 1121 2464 vera
1168 2408 1284 2478 ipsa
1327 2404 1674 2475 exemplaria,
1710 2403 1805 2473 qui
1852 2403 2066 2458 tandem

509 2509 770 2564 exsistere
799 2520 895 2575 per
916 2517 973 2560 se
996 2510 1305 2572 temereque
1331 2497 1654 2571 potuerunt?
1681 2495 1797 2552 lam
1823 2498 2068 2552 animum

510 2603 710 2672 ipsum,
750 2606 982 2654 mentem
1027 2605 1190 2665 atque
1231 2594 1495 2649 rationem
1533 2591 1888 2662 philosophus
1929 2589 2072 2647 unde

511 2693 710 2751 habet?
737 2691 885 2748 Eane
916 2691 984 2748 ab
1013 2688 1272 2745 inanimis
1305 2694 1358 2741 et
1397 2685 1595 2740 mentis
1623 2699 1687 2740 ac
1714 2681 1939 2738 rationis
1971 2698 2070 2738 ex-

2173 1953 2332 2024 σοφία
2361 1953 2586 2026 τάνδρὸς
2633 1953 2738 2007 ὑπὸ
2767 1954 2878 2008 τῶν
2921 1955 3138 2026 ἀτόμων
3190 1954 3581 2025 συνετελέσθης
3633 1956 3743 2009 Καὶ

2173 2047 2388 2118 ποίησιν
2411 2046 2467 2100 δὲ
2498 2048 2698 2109 πᾶσαν,
2730 2047 2825 2100 καὶ
2853 2048 3034 2100 πᾶσαν
3061 2048 3344 2119 μουσικὴν,
3375 2048 3744 2119 ἀστρονομίαν

2171 2156 2252 2203 τε,
2291 2138 2384 2192 καὶ
2411 2137 2749 2210 γεωμετρίαν
2768 2176 2783 2200 ,
2811 2137 2904 2190 καὶ
2929 2139 3031 2200 τὰς
3055 2136 3219 2201 ἄλλας
3247 2139 3583 2208 ἐπιστήμας,
3616 2137 3744 2189 οὐκ·

2171 2229 2252 2284 ἐτι
2294 2229 2428 2283 θεῶν
2477 2229 2763 2302 εὑρήματα
2793 2229 2887 2283 ναὶ
2931 2227 3274 2300 παιδεύματα
3313 2229 3582 2299 φήσουσιν
3616 2228 3748 2281 Ἕλ-

2169 2319 2329 2390 ληνες
2388 2314 2561 2383 εἶναι,
2615 2319 2772 2390 μόναι
2817 2318 2878 2372 δέ
2933 2318 3220 2388 γεγόνασιν
3267 2319 3595 2389 ἐμπειρικαὶ
3652 2319 3748 2373 καὶ

2176 2411 2338 2481 σοφαὶ
2385 2411 2606 2465 πάντων
2652 2411 2708 2464 αἱ
2762 2409 2955 2482 ἄτομοι
2999 2409 3248 2464 Μοῦσαιο
3292 2411 3327 2480 ή
3368 2409 3480 2480 γὰρ
3520 2409 3591 2462 ὲκ
3638 2407 3749 2462 τῶν

2174 2501 2392 2573 ἀτόμων
2456 2500 2776 2570 Ἐπικούρου
2828 2499 3102 2570 θεογονία,
3157 2499 3266 2554 τῶν
3326 2499 3424 2570 μὲν
3496 2499 3748 2571 ἀπείρων

2155 2591 2393 2662 κόσμων
2427 2589 2606 2662 ἔξορός
2634 2591 2812 2656 ἐστιν,
2851 2592 2932 2655 εἰς
2976 2589 3033 2644 δὲ
3067 2591 3168 2663 τὴν
3195 2592 3420 2663 ἄπειρον
3468 2591 3746 2662 ἀκοσμίαν

2176 2682 2594 2752 πεφυγαδευται.

510 2787 753 2860 pertibus
786 2785 982 2841 atomis
1035 2779 1413 2844 emendicavit,
1444 2791 1564 2847 qua;
1619 2775 1724 2832 sibi
1775 2775 2011 2844 aliquam
2077 2774 2302 2845 singula:
2343 2775 2616 2830 notionem
2651 2775 2953 2846 dogmaque
2992 2773 3269 2845 proprium
3310 2771 3645 2829 infuderint?
3689 2783 3746 2830 et

509 2880 966 2954 quemadmodum
989 2876 1288 2931 Pandoram
1311 2889 1340 2928 a
1363 2873 1466 2928 diis
1484 2870 1749 2925 Hesiodus
1773 2869 2063 2937 fabulatur,
2101 2870 2180 2926 sic
2210 2870 2280 2925 ab
2307 2871 2505 2927 atomis
2531 2871 2780 2926 absoluta
2828 2869 3065 2926 hominis
3096 2869 3358 2940 sapientia
3409 2869 3618 2925 fuerit?
3666 2869 3742 2925 lta

513 2974 698 3046 poesin
723 2973 974 3040 deinceps
997 2982 1234 3031 omnem,
1271 2979 1596 3033 omnemque
1628 2963 1915 3030 musicam,
1961 2963 2376 3032 astronomiam,
2421 2962 2791 3034 geometriam,
2826 2971 3161 3032 exterasque
3187 2962 3486 3029 doctrinas,
3512 2964 3742 3019 deorum

511 3071 732 3127 inventa
771 3065 944 3123 Graeci
989 3073 1150 3133 atque
1186 3061 1430 3116 instituta
1481 3073 1675 3113 vocare
1722 3058 2019 3115 desinant:
2065 3059 2194 3114 solae
2239 3059 2482 3114 omnium
2524 3058 2710 3129 perita:
2754 3073 2818 3114 ac
2864 3059 3137 3128 sapientes
3169 3057 3357 3123 atomi,
3390 3056 3565 3114 Musa:
3597 3058 3743 3114 cele-

511 3163 753 3217 brenlur.
800 3159 934 3213 Nam
970 3156 1060 3210 illa
1093 3153 1309 3224 quidem
1337 3169 1402 3208 ex
1433 3151 1628 3208 atomis
1661 3149 1879 3222 Epicuri
1923 3152 2230 3225 theogonia,
2276 3166 2344 3207 ex
2373 3152 2598 3208 inﬁnitis
2629 3151 2791 3206 etiam
2819 3149 3038 3206 mundis
3062 3147 3350 3215 exsulavit,
3387 3149 3443 3204 in
3473 3149 3742 3206 inﬁnitam

510 3251 933 3330 perturbationis
959 3250 1260 3305 vastitatem
1295 3248 1484 3320 ejecta.

1252 3339 1318 3397 ν.

585 3440 814 3508 Operam
841 3447 1058 3490 suorum
1097 3433 1416 3488 molitionem
1452 3433 1561 3488 Deo
1595 3433 1908 3488 laboriosam
1939 3448 2001 3485 ac

1011 3527 1284 3582 molestam
1314 3543 1416 3580 non
1447 3542 1576 3581 esse.

581 3621 758 3678 Moliri
797 3620 1025 3692 aliquid,
1070 3618 1469 3685 administrare,
1515 3615 1852 3684 benefacere,
1892 3615 2074 3687 provi-

509 3713 660 3778 dere,
693 3710 908 3782 aliaque
945 3709 1165 3774 similia,
1201 3708 1466 3762 inertibus
1511 3709 1729 3777 quidem
1766 3723 1829 3763 ac
1869 3708 2070 3773 stultis,

477 3806 479 3808 ’
511 3805 778 3862 debilibus
823 3820 887 3860 ac
934 3817 1191 3874 nequam,
1237 3802 1463 3857 molesta
1494 3799 1632 3856 forte
1663 3800 1808 3855 sint:
1839 3815 2070 3869 quorum

511 3914 571 3954 se
603 3911 855 3962 numero,
886 3896 1017 3951 dum
1062 3894 1190 3950 talia
1223 3893 1290 3948 de
1316 3894 1419 3949 diis
1442 3892 1623 3960 sentit,
1674 3891 1941 3962 Epicurus
1978 3892 2073 3946 ad-

507 3989 706 4060 jungit.
747 3989 815 4042 At
841 4003 969 4042 vero
998 3986 1279 4051 studiosis,
1313 3985 1639 4051 valentibus,
1669 3985 1950 4040 industriis
1987 3995 2072 4039 at-

510 4097 616 4154 que
643 4081 933 4136 solertibus
952 4120 968 4147 ,
999 4079 1304 4150 cujusmodi
1335 4078 1683 4148 philosophos
1704 4075 1929 4148 (quanto
1957 4092 2072 4131 ma-

511 4175 592 4245 gis
610 4173 813 4244 deos?)
845 4187 965 4227 esse
997 4179 1276 4240 oporteat;
1315 4184 1422 4223 non
1452 4169 1611 4224 modo
1642 4183 1748 4224 non
1778 4169 2070 4240 injucunda

509 4269 625 4322 haec
654 4274 818 4336 atque
846 4279 1059 4334 aspera,
1086 4277 1276 4317 verum
1309 4263 1470 4316 etiam
1493 4261 1891 4332 iucundissima
1922 4272 2070 4327 sunt,

511 4357 862 4425 omniumque
892 4350 1215 4408 suavissima
1240 4369 1253 4404 :
1283 4349 1481 4420 quibus
1511 4349 1833 4420 negligentia
1861 4363 2073 4404 rerum-

485 4454 617 4516 ‘que
659 4445 924 4500 bonarum
969 4438 1386 4511 procrastinatio
1428 4438 1677 4494 dedecori
1712 4438 1974 4504 vertitur;
2003 4440 2072 4494 ad

509 4553 650 4608 quos
680 4535 814 4591 illud
841 4535 1235 4590 commonentis
1274 4539 1445 4602 poeta:
1477 4531 1763 4588 consilium
1790 4533 2022 4603 pertinet
2054 4550 2067 4586 :

936 4626 1071 4682 Cras
1101 4639 1163 4678 ne
1189 4633 1487 4694 exspectato
1516 4637 1536 4676 :

515 4724 611 4786 Cui
641 4737 767 4778 mox
798 4719 1282 4778 comminationem
1308 4717 1449 4773 hanc
1483 4716 1763 4788 adiungit:

650 4813 939 4868 Cunctator
971 4813 1179 4868 damnis
1208 4827 1408 4891 semper
1436 4810 1668 4864 luctatur
1692 4807 1912 4862 acerbis.

509 4906 581 4961 At
613 4921 714 4960 nos
747 4905 966 4977 gravius
1000 4905 1232 4960 instituit
1262 4904 1545 4974 propheta,
1584 4901 1712 4957 dum
1745 4909 1797 4956 et
1833 4899 2070 4956 actiones

511 5013 636 5054 cum
663 4997 860 5053 virtute
896 4996 1214 5066 cenjunctas
1251 4996 1362 5050 Deo
1404 5009 1533 5050 vero
1564 4995 1756 5065 dignas
1789 4989 1910 5050 es'se
1940 5007 2068 5064 pro-

513 5089 762 5154 nuntiat,
810 5098 864 5143 et
923 5085 1187 5142 nefarium
1247 5087 1400 5141 illum
1455 5101 1488 5141 ι’.
1540 5101 1650 5156 quo
1707 5087 2068 5156 negligantur,

511 5179 764 5250 appellat.
815 5177 1130 5236 Maledicta:
1174 5177 1334 5244 enim,
1371 5178 1462 5247 qui
1499 5177 1627 5246 facit
1667 5194 1825 5247 opera
1855 5176 2065 5230 Domini

510 5271 826 5343 negligenter
842 5269 909 5324 ”.
945 5267 1145 5324 Deinde
1173 5277 1233 5324 ut
1261 5269 1316 5323 in
1341 5269 1532 5339 quavis
1564 5280 1678 5326 arte
1704 5269 1867 5326 rudes
1897 5279 1952 5326 et
1985 5270 2070 5324 in-

582 5410 628 5440 “
665 5405 775 5462 Jer.
811 5420 1004 5470 nvm,
1041 5404 1127 5459 lt).

587 5523 695 5612 (44)
734 5539 1183 5612 Σωματουργῶν.
1214 5496 1828 5612 δοτίὶιθ-Ῐσωματουργοί.
1865 5537 2058 5593 Vtceu.

583 5608 691 5685 (45)
729 5608 878 5681 Μηδ
903 5608 1363 5667 ἀναϐάλλεσθαι.
1397 5608 1613 5667 Hesiodi
1644 5608 1801 5666 verba
1838 5618 1966 5665 sunt
2009 5613 2064 5663 in

516 5677 700 5752 Ἐργ.,
724 5700 777 5737 v.
806 5682 910 5737 408
937 5700 950 5735 :

583 5771 730 5842 Μηδ⁹
753 5773 1193 5830 ἀναϐάλλεσθαι
1213 5775 1299 5842 εις
1326 5773 1553 5842 αὔριον,
1580 5774 1665 5839 είς
1686 5772 1733 5828 τ’
1756 5774 2025 5842 ἕννηφιν.

2099 3346 2146 3409 C

2920 3338 2995 3392 E’.

2297 3432 2417 3487 Ὅτι
2443 3433 2556 3487 οὐκ
2576 3431 2866 3487 ἐπίπονον
2902 3429 2985 3496 τῷ
3015 3427 3138 3496 Θεῷ
3169 3427 3237 3482 τὸ
3266 3426 3636 3498 ἐργάζεσθαι.

2247 3624 2601 3697 Ἐγράζεσθαι
2631 3623 2686 3678 δέ
2709 3641 2792 3693 γε,
2816 3621 2911 3676 καὶ
2934 3621 3172 3686 διοικεῖν,
3193 3618 3289 3674 καὶ
3315 3619 3634 3691 εὐεργετεῖν
3655 3636 3728 3683 τε,

2164 3719 2258 3773 καὶ
2288 3717 2650 3791 προκήδεσθαι
2670 3755 2685 3779 ,
2718 3716 2812 3770 καὶ
2838 3715 2906 3769 τά
2945 3712 3200 3780 τοιαῦτα,
3227 3713 3340 3775 τοῖς
3376 3711 3478 3783 μὲν
3503 3714 3696 3785 ἀργοῖς
3714 3751 3730 3777 ,

2165 3811 2257 3866 καὶ
2303 3811 2529 3882 ἄφροσι,
2573 3811 2667 3863 καὶ
2709 3807 2994 3872 ἀσθενέσι,
3045 3807 3139 3861 καὶ
3188 3803 3553 3876 κακούργοις,
3610 3805 3733 3866 ἴσως

2166 3901 2407 3974 ἐπαχθῆ·
2432 3897 2512 3966 οἷς
2533 3899 2883 3971 ἐγκατέλεξεν
2905 3899 3097 3954 ἑαυτὸν
3132 3898 3452 3969 Ἐπίκουρος
3471 3938 3488 3964 ,
3512 3897 3732 3954 τοιαῦτα

2165 3995 2441 4066 φρονήσας
2483 3995 2609 4066 περὶ
2649 3993 2757 4048 τῶν
2801 3984 2958 4047 θεῶν.
2993 3992 3117 4055 Τοῖς
3160 3991 3217 4044 δὲ
3251 3990 3598 4055 σπουδαίοις,
3647 3990 3732 4042 καὶ

2165 4088 2426 4152 δυνατοῖς,
2450 4087 2542 4140 καὶ
2571 4086 2827 4149 συνετοὶς,
2851 4084 2945 4139 καὶ
2973 4083 3265 4155 σώφροσιν,
3287 4084 3432 4147 οἴους
3463 4081 3610 4138 εἶναι
3634 4082 3732 4154 χρὴ

2164 4182 2291 4245 τοὺς
2329 4180 2646 4250 φιλοσόφους
2692 4177 2863 4249 (πόσῳ
2898 4194 2962 4246 γε
3005 4175 3203 4249 μᾶλλον
3235 4177 3360 4240 τοὺς
3387 4175 3606 4246 θεούς;)
3643 4177 3734 4244 οὐκ

2163 4271 2310 4334 ὅπως
2322 4265 2336 4337 [
2346 4267 2466 4341 οὐκ]
2479 4268 2613 4340 ἀηδῆ
2627 4267 2799 4321 ταῦτα
2819 4267 2912 4320 καὶ
2931 4265 3230 4338 προσάντη,
3247 4264 3383 4319 ἀλλά
3397 4264 3496 4319 καὶ
3509 4265 3737 4337 τερπνό-

2163 4377 2322 4427 τατα,
2371 4363 2464 4414 καὶ
2488 4360 2704 4415 πάντων
2734 4359 2932 4431 μᾶλλον
2959 4359 3343 4413 ἀσπαστότατα
3361 4374 3376 4389 ο
3402 4352 3488 4424 οἷς
3519 4358 3582 4412 τὸ
3611 4359 3740 4427 ἀμεο

2163 4453 2255 4519 λὲς
2273 4492 2288 4518 ,
2315 4452 2408 4507 καὶ
2434 4451 2496 4505 τὸ
2528 4451 2738 4523 μέλλειν
2767 4467 2818 4504 τι
2851 4449 3108 4522 πράττειν
3137 4449 3244 4506 τῶν
3277 4448 3538 4520 χρηστῶν
3557 4486 3574 4512 ,
3602 4447 3738 4501 ὄνει-

2161 4543 2282 4610 δος.
2319 4544 2394 4607 ὡς
2434 4543 2676 4606 ἐκείνους
2701 4558 2761 4595 τε
2791 4538 3286 4611 ποιητὴς-νουθετεῖ
3317 4539 3697 4610 συμδουλεύω,
3719 4556 3732 4567 .

2310 4626 2458 4695 Μηδ’
2486 4625 2924 4682 ἀναϐάλλεσθαι
2949 4623 3059 4695 (45)
3085 4626 3174 4689 εὶς
3197 4623 3404 4690 αὔριον
3420 4639 3436 4651 ⁶

2172 4721 2267 4777 καὶ
2298 4718 2744 4792 προσεπαπειλῶν
2761 4734 2774 4748 ·
3057 4735 3071 4750 ο

2311 4812 2434 4868 Alei
2455 4811 2507 4864 δ’
2537 4807 2922 4880 ἀμϐολιεργὸς
2951 4807 3108 4876 ἀνὴρ
3129 4806 3306 4876 ἄτῃσι
3330 4807 3595 4864 παλαίει.

2181 4900 2358 4975 Ἦμᾶς
2395 4919 2455 4954 τε
2484 4899 2593 4974 (46)
2631 4900 2950 4971 σεμνότερον
2989 4897 3231 4952 παιδεύει
3267 4897 3552 4968 προφήτης
3576 4936 3592 4960 ,
3619 4893 3744 4947 θεο-

2170 4995 2353 5068 πρεπῆ
2383 4993 2478 5066 μέν
2501 4993 2670 5056 ὅντως
2695 4991 2830 5063 ἔργα
2874 4990 2941 5043 τά
2979 4991 3103 5043 κατ’
3131 4989 3330 5060 ἀρετὴν
3355 4987 3619 5059 ὑπάρχειν
3645 4985 3746 5040 λέ·

2169 5097 2281 5151 γων
2304 5121 2319 5146 ,
2348 5081 2440 5136 τὸν
2465 5080 2522 5134 δὲ
2552 5077 2918 5152 ὀλιγωροῦντα
2941 5077 3146 5131 τούτων
3171 5115 3187 5142 ,
3227 5076 3509 5145 ἐξάγιστον
3528 5093 3540 5105 ·
3583 5076 3745 5127 Ἐπι-

2171 5169 2500 5239 κατάρατος
2537 5167 2647 5240 γὰρ
2683 5171 2716 5224 ὁ
2742 5166 2927 5222 ποιῶν
2954 5167 3026 5222 τὰ
3061 5166 3204 5238 ἔργα
3229 5167 3448 5235 Κυρίου
3477 5163 3744 5234 ἀμελῶς.

2172 5257 2305 5316 Εἶτα
2342 5263 2437 5317 καὶ
2472 5264 2586 5325 τοῖς
2627 5259 2725 5332 μὲν
2764 5259 3031 5330 ἀμαθέσιν
3063 5256 3377 5331 ἡστινοσοῦν
3406 5258 3597 5329 τέχνης
3639 5259 3751 5312 καὶ

2175 5535 2276 5602 Qui
2305 5535 2550 5604 sequitur
2579 5550 2593 5588 :

2236 5605 2360 5660 Alel
2382 5603 2434 5657 δ’
2458 5603 2845 5674 ἀμϐολιεργύς
2866 5643 2882 5668 ,
2911 5612 3016 5659 etc.

2169 5699 2300 5755 ibid.
2328 5715 2376 5752 ν.
2409 5697 2532 5752 ιιι.
2566 5696 2642 5752 In.

2243 5768 2353 5842 (46)
2404 5765 2577 5838 Ἡμᾶς
2604 5785 2684 5822 τε.
2718 5765 2878 5824 Forte
2904 5767 3049 5840 ἡμᾶς
3069 5766 3149 5824 δέ.
3185 5765 3262 5822 In.
