3972 6318
297 341 440 399 1265

1277 334 1830 436 ΕΒΑΕΜΕΝΤΑἙΧ
1865 283 2088 390 LIBRiS
2125 331 2214 390 DE
2246 331 2560 390 NATURA.

3392 323 3414 380 ξ
3427 323 3530 380 266

288 461 809 535 ἀτελεστέροὶς,διά
839 462 900 518 τὸ
936 462 1037 534 τῆς
1074 475 1267 536 πειρας
1304 462 1502 536 ἀληθὲς
1543 461 1654 534 (47)
1683 461 1777 516 καὶ
1804 460 1859 515 τὸ

1964 460 2167 526 clroati,
2193 469 2414 530 propter
2430 455 2775 528 experientia
2799 453 3095 509 novitatem
3117 458 3281 522 atque
3301 463 3528 519 operum

287 551 401 605 τῶν
450 551 629 624 ἔργων
665 552 919 625 ἀτριϐὲς,
959 552 1203 624 κάματος
1248 551 1523 622 ἐγγίνεται
1569 554 1691 616 ταῖς
1744 552 1864 606 ὲπι-

289 645 626 718 χειρήσεσιν.
672 647 734 700 Οἱ
767 646 822 700 δὲ
858 648 1286 720 προκόπτοντες,
1330 649 1425 702 καὶ
1469 646 1668 720 μᾶλλον
1696 646 1775 701 ἔτι
1811 648 1862 700 οι

287 737 520 803 τέλειοι,
555 738 751 810 ῥᾳδίως
790 739 824 794 ἃ
864 735 1080 812 μετίοισί
1123 739 1511 814 κατορθοῦντες
1541 739 1861 810 γάννυνται,

286 829 384 882 καὶ
419 827 620 899 μᾶλλον
658 828 724 883 ἂν
760 829 960 884 ἕλοιντο
983 830 1050 884 τὰ
1075 830 1304 886 εἰωθότα
1325 830 1653 903 πράττοντες
1681 826 1864 882 ἀνύειν

287 919 385 975 καὶ
429 921 854 995 τελεσιουργεῖν,
893 923 925 994 ἢ
968 923 1150 977 πάντα
1189 923 1369 993 σφίσιν
1419 921 1656 994 ὑπάρξαι
1692 919 1759 973 τὰ
1804 919 1862 974 ὲν

283 1013 594 1085 ἀνθρώποις
615 1014 812 1084 ἀγαθά.
845 1015 1182 1088 Δημόκριτος
1206 1015 1336 1084 γοῦν
1358 1014 1519 1078 αὑτὸς
1536 1054 1550 1078 ,
1574 1013 1650 1077 ὥς
1678 1028 1861 1082 φασιν,

284 1105 440 1174 ἔλεγε
477 1104 758 1176 βούλεσθαι
802 1105 1001 1176 μᾶλλον
1047 1107 1175 1179 μίαν
1209 1107 1387 1177 εὑρεῖν
1435 1104 1792 1174 αἰτιολογίαν,
1827 1105 1860 1178 ἢ

282 1197 388 1268 τὴν
416 1196 643 1270 Περσῶν
673 1198 724 1253 οἱ
752 1197 1028 1268 βασιλείαν
1052 1198 1339 1268 γενέσθαι·
1359 1196 1663 1260 καὶταῦτα,
1686 1197 1864 1268 μάτην

284 1289 385 1343 καὶ
427 1288 679 1354 ἀναιτίως
706 1289 1023 1359 αίτιολογῶν
1043 1330 1058 1356 ,
1100 1291 1178 1354 ὡς
1212 1289 1278 1346 ἂν
1311 1289 1419 1343 ἀπὸ
1460 1289 1623 1360 κενῆς
1652 1286 1860 1360 ἀρχῆς,

284 1381 384 1436 καὶ
415 1381 720 1445 ὑποθέσεως
751 1382 1107 1455 πλανωμένης
1143 1381 1492 1454 ὁρμώμενος,
1527 1382 1623 1435 καὶ
1649 1380 1749 1452 τὴν
1784 1378 1864 1450 ῥί-

283 1472 409 1538 ζαν,
435 1473 530 1528 καὶ
553 1472 649 1547 τὴν
673 1474 859 1546 κοινὴν
886 1474 1130 1546 ἀνάγκην
1163 1474 1261 1545 τῆς
1296 1472 1404 1528 τῶν
1448 1472 1616 1526 όντων
1651 1470 1866 1540 φύσεως

282 1565 386 1633 οὑχ
413 1562 587 1636 ὀρῶν,
622 1563 814 1634 σοφίαν
860 1563 918 1618 δὲ
953 1564 1216 1635 μεγίστην
1254 1563 1587 1634 ἡγούμενος,
1617 1560 1716 1635 τήν
1755 1559 1864 1615 τῶν

284 1656 507 1724 ἀσόφως
540 1656 635 1710 καὶ
683 1655 906 1727 ἠλιθίως
944 1655 1350 1728 συμϐαινόντων
1383 1654 1739 1725 κατανόησιν,
1769 1652 1864 1707 καὶ

282 1747 385 1819 τὴν
405 1746 596 1819 τύχην,
622 1747 732 1804 τῶν
764 1749 860 1818 μὲν
883 1748 1111 1802 καθόλου
1142 1749 1234 1802 καὶ
1257 1747 1365 1803 τῶν
1390 1747 1548 1802 θείων
1573 1746 1861 1799 δέσποιναν

284 1815 513 1911 ἐφιστάς
530 1815 636 1894 ⁷καὶ
664 1815 930 1912 βασιλίδα,
957 1841 1050 1894 καὶ
1063 1840 1244 1896 ἶπάντα
1265 1840 1516 1910 γενέσθαι
1545 1837 1665 1893 κατ’
1689 1836 1860 1908 αὐτὴν
1892 1815 1934 1873 Β

282 1932 753 2004 ἀποφαινόμενοςσ
779 1933 873 1987 τοῦ
904 1933 960 1988 δὲ
991 1933 1100 1988 τῶν
1130 1931 1432 2004 ἀνθρώπων
1465 1931 1632 2003 αὑτὴν
1656 1931 1864 2002 ἀποκη-

284 2025 496 2098 ρύττων
526 2025 638 2097 βίου
659 2066 674 2091 ,
707 2026 802 2080 καὶ
839 2028 964 2091 τοὺς
1005 2025 1404 2099 πρεσϐεύοντας
1432 2022 1598 2095 αὑτὴν
1625 2022 1862 2093 ἐλέγχων

280 2116 624 2187 ἀγνώμονας.
671 2116 792 2170 Τῶν
819 2116 952 2187 γοῦν
992 2116 1282 2190 ὑποθηκῶν
1330 2114 1630 2188 ἀρχόμενος
1667 2108 1818 2183 λέγει
1844 2130 1860 2144 °

287 2208 636 2280 «Ἄνθρωποι
662 2207 832 2280 τύχης
857 2208 1075 2263 εἴδωλον
1101 2209 1422 2273 ἑπλάσαντο,
1441 2207 1706 2279 πρόφασιν
1728 2204 1861 2276 [δίης

280 2302 490 2373 ἀνοίης.
512 2301 676 2356 Φύσει
701 2301 810 2375 γὰρ
833 2297 1030 2373 ’γνώμη
1056 2301 1168 2374 (48)
1200 2301 1339 2374 τύχῃ
1364 2301 1624 2373 μάχεται·
1648 2299 1740 2353 καὶ
1764 2299 1860 2370 τὴν

279 2392 538 2466 ἐχθίστην
564 2397 631 2466 τῇ
664 2395 922 2466 φρονήσει
953 2394 1156 2464 ταύτην
1176 2395 1342 2466 αὑτὴν
1371 2395 1577 2464 ἔφασαν
1609 2393 1858 2463 κρατείνο

283 2487 489 2558 μᾶλλον
520 2487 578 2542 δὲ
607 2489 700 2542 καὶ
727 2488 932 2560 ταύτην
966 2487 1134 2560 ἄρδην
1157 2486 1527 2559 ἀναιροῦντες,
1550 2485 1644 2540 καὶ
1676 2481 1861 2553 ἀφανί-

281 2580 466 2644 ζοντες
487 2619 501 2644 ,
530 2579 747 2651 ἐκείνην
776 2579 1219 2635 ἀντικαθιστᾶσιν
1251 2578 1442 2650 αὐτῆς.
1472 2577 1547 2631 Οὑ
1573 2579 1682 2648 γὰρ
1706 2577 1861 2629 εὑτυ-

281 2671 352 2743 χῆ
390 2671 490 2744 τὴν
533 2673 825 2744 φρόνησιν,
858 2672 972 2726 ἀλλ’
1002 2669 1448 2744 ἐμφρονεστάτην
1494 2667 1720 2741 ὑμνοῦσι
1761 2666 1860 2740 τὴν

175 2794 181 2799 ·
281 2765 453 2838 τύχην
484 2764 615 2837 (49).
648 2785 668 2819 ι
720 2765 782 2820 0i
812 2764 909 2836 μὲν
936 2761 1029 2819 οὖν
1055 2763 1163 2818 τῶν
1209 2762 1485 2835 βιωφελῶν
1526 2762 1700 2836 ἔργων
1743 2764 1860 2818 ἐπι-

284 2857 502 2924 στάται,
518 2858 640 2920 ταῖς
655 2856 791 2927 πρὸς
805 2855 866 2910 τὸ
877 2854 1146 2927 ὁμόφυλον
1160 2854 1500 2927 ἐπικουρίαις
1515 2853 1857 2923 ἀγάλλονται,

247 2957 249 2959 ’
281 2948 507 3006 ιπαίνου
539 2965 600 3002 τε
627 2948 909 3021 ὀρέγονται
954 2948 1048 3003 καὶ
1079 2947 1269 3012 κλέους
1296 2947 1383 3017 ἐφ’
1410 2941 1492 3010 οἷς
1516 2946 1694 3000 αὑτῶν
1724 2962 1860 3018 προ-

280 3041 602 3112 κάμνουσιν,
624 3042 674 3095 οἱ
708 3041 805 3112 μὲν
833 3041 1144 3114 τρέφοντες,
1167 3041 1217 3094 οἱ
1236 3039 1294 3093 δὲ
1328 3039 1720 3112 κυϐερνῶντες,
1743 3041 1790 3095 οἱ
1812 3039 1859 3094 δ’

285 3131 526 3203 ἰώμενοι,
559 3132 609 3185 οἱ
639 3131 695 3186 δὲ
721 3130 1162 3226 πολιτευόμενοι·
1193 3129 1316 3183 οἱδέ
1343 3147 1405 3199 γε
1441 3129 1740 3226 φιλόσοφοι,
1765 3132 1858 3186 καὶ
1884 3167 1926 3226 C

284 3223 490 3295 σφόδρα
533 3221 806 3277 παιδεύειν
855 3219 1257 3294 ἐπιχειροῦντες
1295 3219 1613 3293 ἀνθρώπους
1651 3221 1858 3293 φρυάτρ

282 3330 486 3366 τονται.
511 3314 584 3366 Ἦ
611 3311 971 3384 τολμήσουσιν
1012 3312 1330 3384 Ἐπίκουρος
1355 3311 1387 3383 ἢ
1419 3311 1757 3384 Δημόκριτος
1785 3312 1859 3364 εἰ-

285 3407 426 3472 πεῖν,
453 3405 528 3468 ὡς
548 3403 871 3476 ἀσχάλλουσι
901 3403 1346 3474 φιλοσοφοῦντες;
1377 3402 1516 3457 Ἀλλ’
1544 3403 1663 3458 οὑδὲ
1686 3402 1859 3475 θυμη-

280 3496 399 3551 δίαν
440 3496 643 3568 ταύτης
687 3495 752 3550 ἂν
802 3496 995 3568 ἑτέραν
1060 3495 1363 3571 προθείντο.
1412 3496 1524 3550 Καὶ
1561 3494 1670 3567 γὰρ
1709 3497 1758 3548 εί
1798 3493 1860 3548 τὸ

280 3589 487 3660 ἀγαθὸν
519 3587 708 3662 ἡδονὴν
741 3583 880 3642 εἶναι
929 3588 1216 3661 φρονοῦσιν
1238 3627 1253 3653 ,
1301 3587 1415 3642 ἀλλ’
1451 3588 1858 3661 αἱδεσθήσονταί

241 3727 243 3730 ‹
281 3701 347 3754 γε
375 3682 450 3756 μὴ
486 3682 664 3752 λέγειν
701 3683 799 3755 ἡδὺ
829 3682 888 3738 ὃν
917 3681 1029 3754 (50)
1055 3682 1240 3745 αὑτοῖς
1271 3676 1495 3736 εἶναιτὸ
1527 3680 1853 3752 φιλοσοφεῖν.

283 3774 422 3839 Τοὺς
465 3774 523 3828 δὲ
570 3773 722 3838 θεοὺς
768 3773 894 3844 περὶ
922 3766 996 3828 ὧν
1038 3774 1087 3826 οἱ
1130 3773 1230 3845 μὲν
1273 3772 1492 3845 ποιηταὶ
1519 3773 1647 3844 παρ’
1676 3773 1857 3836 αὐτοῖς

282 3866 490 3940 ᾅδουσι,
537 3864 804 3936 δωτῆρας
846 3864 1000 3919 ἐάων
1039 3864 1171 3938 (51),
1213 3857 1360 3919 οὗτοι
1399 3864 1455 3918 δὲ
1484 3859 1535 3918 οἱ
1580 3863 1856 3935 φιλόσοφοι

286 3959 426 4030 μετὰ
449 3958 675 4023 τωθείας
707 3960 845 4030 εὑφη
855 3956 1032 4029 μοῦσι,
1055 3957 1176 4013 θεοὶ
1200 3956 1438 4012 πάντων·
1451 3954 1689 4028 ἀγαθῶν
1702 3955 1854 4022 ἀδώτ

275 4067 447 4120 ρητοι
467 4048 690 4121 (52)καὶ
711 4047 1009 4118 ἀμέτοχοι·
1039 4047 1133 4102 καὶ
1164 4048 1269 4103 τίνι
1290 4047 1474 4120 τρόπῳ
1497 4046 1854 4119 τεκμηριοῦν-

280 4162 372 4199 ται
417 4143 572 4208 θεοὺς
621 4138 780 4206 εἶναι,
815 4143 954 4214 μήτε
988 4141 1258 4215 παρόντας
1285 4141 1378 4196 καὶ
1423 4139 1760 4214 πράττοντας
1801 4158 1854 4195 τι

281 4237 533 4309 ὁρῶντες,
567 4237 643 4302 ὠς
685 4237 735 4290 οἳ
774 4237 864 4292 τὸν
893 4235 1044 4308 ἥλιον
1089 4235 1183 4290 καὶ
1217 4234 1315 4306 τὴν
1349 4234 1578 4306 σελήνην
1611 4233 1854 4300 καὶτοὺς

281 4331 516 4403 ἀστέρας
559 4329 954 4402 θαυμάσαντες,
997 4329 1084 4384 διὰ
1114 4325 1175 4382 τὸ
1221 4325 1364 4383 θέειν
1401 4325 1608 4397 ἔφασαν
1653 4327 1853 4400 κεκλῆ-

282 4423 407 4480 σθαι
451 4422 604 4488 θεούς
626 4439 641 4453 ’
676 4423 813 4494 μήτε
845 4419 963 4476 τινὰ
989 4419 1350 4493 δημιουργίαν
1382 4419 1564 4485 αὐτοῖς
1602 4418 1634 4491 ἢ
1684 4437 1853 4475 κατα-

1963 551 2331 618 insolentiam,
2363 549 2493 605 dum
2521 547 2588 604 ad
2617 562 2730 603 rem
2770 561 2892 604 sese
2929 545 3165 616 primum
3215 542 3527 612 accingunt,

1963 644 2268 700 molestiam
2321 642 2635 712 patiuntur;
2685 639 2760 694 ita
2813 637 2907 708 qui
2961 633 3166 705 aliquid
3226 631 3528 704 profecere,

1964 735 2241 805 multoque
2265 733 2437 803 magis
2463 732 2553 802 qui
2580 727 2802 801 perfecti
2819 729 2930 800 jam
2956 735 3104 792 sunt,
3128 724 3172 781 si
3195 739 3316 793 quae
3346 736 3533 778 susce-

1963 827 2161 898 perint,
2189 826 2318 881 dum
2355 825 2511 881 facile
2540 823 2877 892 feliciterque
2909 819 3222 884 conficiunt,
3255 817 3530 872 exsultant

1963 918 2184 982 animis,
2217 932 2281 972 ac
2309 914 2634 972 solemniutn
2666 928 2886 984 operum
2920 909 3316 964 absolutionem
3369 905 3529 963 bonis

1964 1010 2244 1065 hominum
2279 1008 2534 1084 omnibus
2565 1012 2919 1077 anteponunt.
2945 1003 3011 1058 Et
3036 1017 3164 1058 vero
3184 999 3528 1056 Democritus
3583 1009 3592 1021 ’

1964 1101 2098 1172 ipse,
2136 1116 2357 1158 causam
2397 1115 2560 1154 unam
2590 1098 2851 1169 aliquam,
2901 1105 2961 1150 ut
3010 1093 3215 1160 ferunt,
3261 1093 3527 1159 invenire,

1963 1207 2126 1264 quam
2155 1190 2257 1246 sibi
2285 1189 2574 1245 Persarum
2605 1187 2892 1258 imperium
2924 1183 3178 1240 obvenire
3199 1181 3481 1237 maluisset
3511 1199 3525 1235 :

1963 1295 2126 1354 atque
2152 1283 2203 1336 id
2233 1282 2396 1336 homo
2423 1280 2516 1351 qui
2547 1294 2743 1334 causas
2767 1276 2970 1332 frustra
2991 1273 3278 1344 causisque
3298 1271 3529 1329 sublatis

1964 1376 2282 1446 inquireret,
2307 1389 2430 1430 cum
2458 1373 2620 1427 inane
2649 1370 2974 1442 principium
3000 1367 3305 1439 ac'plenam
3326 1364 3530 1419 erroris

1963 1467 2291 1540 hypotbesin
2334 1473 2574 1528 secutus,
2623 1471 2785 1534 atque
2827 1462 2883 1516 in
2926 1458 3110 1515 radice
3145 1455 3530 1525 communique

1963 1555 2169 1614 naturae
2189 1573 2367 1614 rerum
2392 1555 2713 1613 necessitate
2738 1553 3050 1620 caecutiens,
3070 1565 3255 1606 eorum
3283 1562 3405 1619 quae
3427 1545 3532 1601 im-

1962 1653 2252 1724 prudenter
2275 1650 2578 1721 stolideque
2604 1647 2979 1718 contingerent
3003 1643 3272 1712 notitiam,
3301 1656 3531 1698 summa

1962 1745 2240 1817 sapientia:
2271 1759 2442 1817 genus
2468 1751 2714 1813 putaret;
2763 1739 3143 1810 fortunamque
3184 1753 3364 1792 rerum
3401 1735 3529 1791 uni-

1963 1839 2256 1896 versalium
2299 1847 2462 1908 atque
2509 1837 2815 1893 divinarum
2860 1833 3133 1890 dominam
3176 1831 3529 1902 reginamquo

1963 1931 2324 1994 constituens,
2371 1921 2674 1998 cacteraque
2723 1925 2908 1981 omnia
2958 1923 3077 1994 ejus
3130 1923 3356 1977 arbitrio
3409 1922 3528 1978 fieri

1961 2023 2344 2096 pronuntians,
2372 2021 2618 2077 eamdem
2644 2028 2824 2075 tamen
2853 2019 2924 2073 ab
2955 2018 3203 2072 humana:
3229 2015 3356 2070 vitae
3378 2031 3529 2070 com-

1963 2116 2166 2173 mercio
2196 2116 2388 2188 procul
2422 2115 2712 2185 ablegaret,
2749 2113 2950 2183 quique
2976 2111 3122 2164 illam
3168 2108 3407 2165 colerent
3443 2109 3528 2162 in-

1962 2210 2142 2265 sulsos
2180 2225 2302 2265 esse
2346 2208 2711 2264 convinceret.
2747 2203 2888 2260 Sane
2932 2203 3148 2273 quidem
3185 2201 3416 2272 ipsomet
3445 2201 3528 2256 in-

1963 2303 2307 2358 stitutionum
2354 2315 2579 2356 suarum
2628 2298 2872 2365 exordio,
2917 2296 2998 2352 sic
3040 2295 3322 2365 loquitur:
3360 2312 3378 2346 ι
3413 2292 3526 2349 Ho-

1961 2394 2160 2462 mines,
2189 2392 2395 2464 inquit,
2422 2392 2549 2447 dum
2588 2389 2828 2446 stultitiae
2854 2404 2965 2444 sua:
2990 2389 3166 2444 velum
3199 2395 3524 2457 quaererent,

1961 2499 2159 2539 vanum
2191 2481 2422 2538 fortuna:
2447 2481 2800 2538 simulacrum
2831 2479 3103 2534 finxerunt
3129 2481 3356 2551 (pugnat
3381 2478 3524 2532 enim

1959 2589 2153 2649 suapte
2187 2587 2382 2633 natura
2423 2591 2546 2632 cum
2581 2573 2796 2628 fortuna
2833 2572 3168 2640 consilium),
3209 2569 3526 2625 inimicissi-

1959 2685 2215 2741 mamque
2239 2669 2542 2740 prudentiae
2561 2665 2831 2724 dominari
2855 2665 3177 2729 voluerunt;
3201 2661 3412 2718 tametsi
3437 2677 3526 2732 po-

1959 2763 2068 2826 tius
2089 2763 2193 2819 hac
2214 2762 2376 2818 etiam
2401 2761 2757 2817 exterminata
2779 2758 3129 2829 funditusque
3147 2755 3526 2825 sublata,'ejus

1959 2853 2015 2910 in
2041 2854 2220 2910 locum
2240 2846 2477 2908 "alteram
2501 2852 2646 2907 illam
2669 2850 2972 2914 sufﬁciunt;
3001 2863 3102 2904 nec
3121 2847 3265 2903 enim
3289 2846 3527 2902 fortuna-

1959 2954 2069 3000 tam
2113 2944 2204 3000 isti
2249 2942 2615 3015 prudentiam,
2666 2941 2759 2998 sed
2804 2939 3280 3014 prudentissimam
3324 2948 3527 2996 canunt

1957 3035 2346 3107 celebrantque
2385 3034 2682 3091 fortunam.
2721 3053 2739 3088 ι
2773 3033 2945 3090 Porro
2989 3034 3202 3090 utilium
3237 3033 3362 3089 vitae
3397 3048 3527 3105 ope-

1959 3145 2080 3184 rum
2099 3128 2469 3184 moderatores
2487 3142 2694 3195 omnes,
2713 3127 2959 3183 navanda
2978 3128 3094 3184 suis
3109 3143 3270 3200 opera
3290 3127 3527 3184 maxime

1959 3222 2317 3289 delectantur,
2337 3221 2662 3292 laudemque
2682 3219 2844 3277 simul
2864 3229 2918 3276 et
2938 3220 3161 3292 gloriam
3179 3237 3302 3277 cum
3321 3221 3525 3277 labori-

1958 3314 2062 3371 bus
2088 3314 2202 3370 suis
2239 3329 2339 3383 pro
2367 3313 2646 3370 communi
2681 3314 2856 3369 salute
2887 3315 3156 3385 susceptis
3183 3315 3526 3388 compensari

1959 3403 2146 3459 volunt
2170 3422 2182 3458 :
2211 3403 2302 3458 alii
2323 3403 2541 3475 quidem
2559 3404 2773 3472 alendo,
2799 3405 3033 3477 regendo
3047 3406 3267 3474 alii,alii
3302 3406 3525 3462 meden-

1957 3494 2156 3558 do,alii
2177 3494 2568 3564 rempublicam
2602 3494 2868 3564 gerendo;
2890 3495 3101 3565 ipsique
3129 3495 3265 3551 adeo
3289 3495 3527 3565 philoso-

1957 3587 2051 3658 phi
2083 3601 2184 3644 suo
2211 3585 2304 3642 illo
2333 3584 2792 3642 instituendorum
2815 3585 3097 3642 hominum
3116 3596 3312 3642 conatu
3338 3602 3402 3641 ac
3417 3595 3528 3642 stu-

1957 3678 2049 3734 dio
2074 3678 2337 3748 majorem
2357 3677 2409 3731 in
2429 3677 2648 3732 modum
2673 3676 2991 3732 efferuntur.
3010 3677 3376 3733 Audebuntne
3398 3692 3526 3732 vero

1956 3768 2231 3840 Epicurus
2271 3777 2327 3823 et
2361 3766 2705 3823 Democritus
2734 3767 2938 3832 dicere,
2968 3769 3256 3823 molestum
3301 3768 3405 3824 sibi
3445 3778 3528 3824 at-

1957 3877 2063 3932 que
2115 3860 2352 3916 invisum
2381 3876 2502 3916 esse
2536 3859 2954 3931 philosophandi
2994 3861 3231 3918 munus?
3266 3860 3382 3916 lmo
3413 3877 3525 3918 non

1959 3955 2126 4010 aliam
2160 3953 2404 4026 profecto
2422 3954 2551 4010 huic
2578 3953 2748 4009 animi
2779 3954 3112 4026 voluptatem
3148 3963 3520 4027 anteponant:

1957 4049 2058 4103 etsi
2093 4047 2236 4104 enim
2267 4047 2471 4102 bonum
2495 4046 2824 4118 voluptatem
2864 4061 3080 4102 onmem
3110 4062 3232 4103 esse
3257 4055 3524 4116 statuunt,

1956 4140 2061 4197 hoc
2085 4151 2267 4196 tamen
2299 4139 2482 4195 dicere
2513 4138 2864 4204 verebuntur,
2893 4138 3264 4210 philosophari
3287 4138 3392 4194 sibi
3415 4154 3524 4195 non

1955 4248 2077 4290 esse
2104 4231 2313 4304 vulgari
2341 4231 2618 4303 voluptate
2641 4229 2958 4300 jucundius.
2987 4231 3126 4288 Deos
3154 4244 3338 4302 porro,
3384 4242 3525 4300 quos

1955 4335 2130 4397 poetae
2160 4325 2378 4396 quidem
2403 4325 2655 4379 bonorum
2685 4334 2924 4379 auctores
2947 4323 3261 4394 praedicant,
3287 4322 3524 4395 philoso-

1956 4419 2048 4490 phi
2072 4433 2203 4474 vero
2230 4418 2340 4488 isti,
2367 4419 2568 4474 nullius
2593 4418 2815 4474 omnino
2847 4417 2976 4473 boni
2994 4416 3077 4472 vel
3098 4423 3348 4470 auctores
3377 4427 3522 4477 esse,

281 4515 482 4587 σκευὴν
514 4514 931 4587 προσνέμοντες,
978 4514 1042 4568 ἵν’
1075 4515 1141 4568 ἐκ
1183 4513 1277 4570 τοῦ
1327 4513 1518 4579 θεῖναι,
1547 4513 1693 4568 τοῦτ’
1738 4513 1854 4570 ἔστι

1962 4511 2044 4566 vel
2067 4508 2354 4580 participes
2389 4509 2617 4565 ridendo
2638 4508 2888 4578 jactant;
2922 4507 3077 4573 deos,
3111 4501 3522 4575 inquam,illos,

280 4607 527 4678 ποιῆσαι,
548 4605 936 4676 θεοποιήσωσιν
956 4606 1149 4669 αὑτούς
1170 4605 1380 4677 (τούτου
1403 4605 1514 4678 γὰρ
1533 4606 1697 4661 ἓνεκα
1715 4607 1851 4679 πρὸς

278 4699 535 4772 ἀλήθειαν
583 4700 612 4752 ό
660 4698 768 4753 τῶν
816 4697 1068 4753 ἁπάντων
1120 4697 1345 4771 ποιητὴς
1393 4699 1489 4753 καὶ
1527 4698 1852 4772 δημιουργὸς

283 4793 443 4865 μόνος
477 4791 592 4846 ἐστὶ
617 4790 771 4864 Θεός)
792 4809 806 4823 ο
842 4793 977 4864 μήτε
1006 4791 1287 4864 διοίκησιν,
1322 4791 1356 4863 ἢ
1390 4792 1592 4864 κρίσιν,
1625 4791 1658 4864 ἢ
1693 4793 1852 4865 χάριν

282 4885 462 4940 αὐτῶν
489 4901 611 4940 τινα
643 4884 780 4957 πρὸς
807 4883 1126 4957 ἀνθρώπους
1168 4884 1525 4956 ἐκτιθέμενοι,
1568 4885 1654 4939 ἵνα
1689 4884 1850 4954 φόϐον

278 4979 312 5051 ἢ
343 4977 512 5051 τιμὴν
544 4977 878 5048 όφλήσαντες
908 4978 1370 5050 προσκυνήσωμεν
1402 4978 1582 5044 αὐτοῖς
1607 4995 1622 5045 ;
1654 4973 1731 5032 Ἦ
1757 4978 1850 5033 τοῦ

279 5071 488 5143 κόσμου
540 5069 825 5144 προκύψας
887 5070 1205 5144 Ἐπίκουρος
1229 5112 1244 5137 ,
1300 5071 1396 5126 κα)⁸
1451 5073 1542 5126 τὸν
1603 5070 1850 5143 οὐράνιον

279 5163 526 5237 ὑπερϐὰς
557 5161 858 5237 περίϐολον,
897 5163 931 5235 ἢ
966 5163 1052 5219 διά
1085 5181 1245 5218 τινων
1277 5165 1522 5236 κρυφίων
1572 5163 1638 5229 ἃς
1691 5163 1852 5235 μόνος

374 5318 464 5389 47)
516 5317 768 5386 Ἀληθές.
791 5315 966 5389 Forte
990 5317 1188 5389 ἀηθεςἱ
1212 5318 1400 5374 Vrosn.

371 5386 687 5459 “ldiﬁcat
741 5386 852 5459 γὰρ
893 5386 1116 5459 γνώμη.
1167 5388 1432 5445 Prmclare
1478 5389 1691 5446 Tullius
1751 5405 1849 5459 pro

279 5456 566 5523 Marcello,
610 5456 756 5514 sect,
793 5458 823 5509 7
868 5456 1219 5528 {Nunquam
1273 5461 1539 5516 temeritas
1585 5477 1703 5514 cum
1752 5456 1850 5514 ’ω-

275 5531 475 5652 ρὶεηιῖα
507 5528 892 5593 comminatur,
923 5544 1014 5583 nec
1038 5530 1108 5582 ad
1131 5531 1407 5586 consilium
1434 5547 1589 5586 casus
1614 5529 1850 5586 admitti-

279 5611 384 5652 tur.
441 5616 494 5652 ι).
1034 5618 1039 5623 ·

279 5611 384 5655 ιιιν.
421 5611 494 5654 ΙΙ).
1034 5618 1039 5623 “

349 5669 460 5741 (49)
526 5667 646 5738 Τὴν
697 5670 909 5792 etiam».
959 5669 1234 5754 liactenus
1292 5674 1463 5729 verba,
1515 5672 1846 5729 Democriti:

349 5756 400 5792 re
440 5748 745 5792 sequuntur
817 5756 1009 5792 tonvsn
1047 5752 1192 5792 sunt.
1227 5743 1301 5792 In.

177 5791 180 5793 Α
278 5748 745 5814 qureAsequttntnr
771 5743 1017 5814 Dionysii
1037 5752 1192 5814 sunt.
1227 5743 1302 5801 lu.

349 5810 459 5881 (50)
514 5810 650 5866 Ἡδὺ
677 5809 764 5864 ὃν.
804 5809 962 5868 Forte
993 5812 1139 5884 ﬁdit)»

1957 4601 2159 4672 quibus
2201 4599 2420 4655 tandem
2468 4599 2771 4653 rationibus
2812 4606 2870 4652 ut
2898 4595 3032 4651 deos
3059 4611 3182 4652 esse
3213 4603 3400 4666 putent
3428 4593 3523 4648 ad-

1957 4695 2266 4760 ducuntur;
2298 4705 2437 4762 quos
2473 4706 2575 4746 nec
2607 4696 2904 4762 praesentes
2946 4688 3186 4754 videant,
3212 4703 3312 4744 nec
3341 4700 3524 4741 rerum

1957 4786 2254 4858 quidquam
2282 4783 2570 4839 molientes
2605 4779 2774 4853 (quod
2816 4779 2988 4836 secuti
3027 4779 3214 4835 saltem
3251 4779 3524 4846 videntur,

1957 4879 2051 4950 qui
2074 4867 2267 4945 solem,
2303 4875 2490 4930 lunam
2541 4889 2609 4930 ac
2646 4873 2829 4930 stellas
2874 4860 3149 4940 admirati,
3198 4869 3372 4937 θεούς,
3398 4869 3524 4946 [hoc

1957 4982 2040 5029 est
2086 4973 2231 5038 deos,
2262 4970 2350 5027 διὰ
2381 4970 2447 5025 τὸ
2498 4971 2678 5036 θέειν,
2714 4968 2769 5024 id
2799 4975 2903 5036 est,
2933 4982 2962 5023 a
2992 4966 3263 5023 currendo
3300 4973 3524 5020 vocatos

1957 5080 2078 5122 esse
2129 5065 2432 5137 dixerunt),
2466 5079 2569 5121 nec
2617 5061 2727 5118 ullo
2773 5076 3000 5132 prorsus
3044 5059 3100 5116 in
3149 5074 3375 5129 operum
3425 5064 3520 5112 aut

1958 5159 2299 5216 functionum
2338 5172 2538 5230 genere
2577 5156 2779 5230 versari
2828 5157 3073 5220 credant,
3103 5165 3163 5210 ut
3195 5169 3290 5210 eos
3329 5154 3392 5207 ὲκ
3429 5147 3522 5205 τοῦ

2029 5317 2143 5390 (Si)
2181 5317 2453 5390 Acozﬁpac
2480 5316 2652 5390 ἐάων.
2672 5316 2939 5390 Homerus
2965 5315 3156 5390 Qdyss.
3184 5313 3228 5368 Θ
3249 5328 3347 5390 ,_v.
3380 5311 3521 5368 525:

1956 5459 1999 5516 Ε
2031 5383 2254 5514 Ἕάὲἔτ
2279 5383 2796 5458 δ”ἐνίπροθύροισι
2826 5387 2946 5443 θεοί
2976 5383 3233 5454 δωτῆρες
3261 5383 3436 5438 ἐάων.

2005 5474 2023 5516 ι
2054 5476 2108 5514 v.
2207 5479 2242 5514 ο
2270 5477 2284 5515 :

2005 5474 2108 5516 tv.
2137 5474 2284 5515 ΰῦὒε

2039 5530 2324 5600 Ἑρμεία,
2341 5530 2472 5595 Διὸς
2504 5529 2597 5584 υἱὲ
2619 5571 2634 5596 ,
2665 5529 2933 5600 διάκτορε
2952 5568 2966 5591 ,
2992 5525 3178 5593 δῶτορ
3207 5523 3379 5578 ἑάων.

2045 5549 2101 5586 ι’
2134 5549 2273 5600 μεια
2295 5568 2309 5591 ,
2341 5549 2472 5595 utor;
2504 5549 2597 5584 υιε
2619 5571 2634 5596 ,
2665 5549 2933 5596 amicwa
2952 5568 2966 5591 ,
2992 5549 3178 5593 οωτυρ
3207 5549 3379 5578 eum.

2029 5549 2139 5673 (5%;
2166 5598 2526 5673 ΑἈδώρητοι.
2560 5600 2614 5673 Id
2649 5589 2750 5668 est,
2787 5598 3052 5673 nullorum
3087 5597 3522 5673 αιιοιονρξμοηο-

1957 5665 2074 5726 rum
2097 5665 2132 5738 ,⁷
2163 5671 2266 5725 hoc
2307 5665 2524 5740 quidem
2575 5672 2695 5728 loco
2715 5665 2856 5739 ,tubi
2889 5667 3128 5738 δωτῆρες
3166 5676 3219 5723 et
3256 5665 3523 5738 ἀδώρητοι

1955 5739 2331 5812 opponuntur;
2357 5739 2431 5796 lo.
