3972 6318
477 396 613 454 1267

1453 395 1510 450 S.
1551 394 1840 452 DIONYSII
1877 391 2184 450 EPISCOPI
2221 392 2678 448 ALEXANDRIM

3550 398 3688 454 1268

476 521 690 585 θεῖναι,
727 519 831 575 hoc
882 529 968 574 est
1012 520 1079 574 ab
1121 519 1396 574 eﬂiciendo
1442 520 1849 591 Scortotﬁcwatv,
1901 519 2030 573 deos

2133 511 2286 581 εἶδεν,
2317 513 2542 582 ἐξελθὼν
2589 512 2786 578 πυλῶν,
2819 513 2911 578 οὓς
2954 513 3064 585 (55)
3099 518 3155 568 ἐν
3187 515 3264 585 τῷ
3296 514 3440 585 κενῷ
3471 517 3688 570 κατεῖδε

477 611 710 666 alliciant
746 611 1048 681 (propterea
1102 612 1298 681 quippe
1324 613 1565 665 omnium
1599 611 1821 666 effector
1863 622 2028 681 atque

479 704 698 758 molitor
730 719 871 758 unus
900 718 1026 756 vere
1057 700 1197 755 Deus
1218 701 1352 771 est);
1382 702 1530 756 nullo
1559 702 1791 772 denique
1819 703 1901 756 vel
1932 720 2029 772 gu-

480 792 836 856 bernationis,
875 791 960 845 vel
1010 791 1224 860 judicii,
1267 791 1348 845 vel
1381 791 1623 845 beneficii
1661 792 1877 846 vinculo
1903 809 2025 848 cum

479 882 793 937 hominibus
829 881 1000 936 teneri
1036 882 1221 948 velint,
1253 889 1312 935 ut
1342 882 1546 936 cultum
1583 883 1652 938 iis
1683 883 1918 952 aliquem
1942 883 2030 938 vel

482 985 626 1027 metu
658 973 743 1028 vel
775 973 995 1029 honoris
1024 987 1186 1028 causa
1231 972 1556 1029 debeamus?
1590 973 1729 1028 Num
1764 974 2028 1045 Epicurus

485 1062 642 1126 forte,
688 1078 810 1117 cum
850 1063 988 1117 ultra
1043 1060 1303 1115 mundum
1353 1061 1496 1116 hunc
1551 1063 1912 1132 prospiciens,
1967 1079 2032 1119 ac

481 1154 750 1210 cwlestem
791 1155 940 1209 illum
994 1154 1254 1208 ambitum
1300 1164 1750 1224 praetergressus,
1787 1164 1881 1210 aut
1933 1171 2033 1226 per

481 1241 750 1294 occultum
802 1241 1073 1312 quoddam
1128 1241 1391 1310 posticum
1451 1242 1662 1312 sibique
1702 1243 1803 1297 soli
1835 1240 2028 1298 notum

479 1345 750 1399 egressus,
784 1331 914 1390 deos
948 1331 1002 1385 in
1051 1346 1224 1386 vacuo
1271 1330 1526 1402 degentes
1561 1333 1714 1399 vidit,
1762 1350 1826 1389 ac
1875 1350 2031 1389 sum-

480 1441 625 1480 mam
655 1441 840 1480 eorum
864 1425 1028 1480 tantis
1052 1426 1106 1480 in
1137 1424 1347 1484 deliciis
1369 1427 1674 1483 felicitatem
1709 1429 2028 1498 admiratus,

482 1517 810 1587 voluptatem
856 1516 980 1571 inde
1029 1517 1388 1587 concupiscit,
1435 1529 1595 1590 atque
1644 1520 1789 1574 illam
1825 1537 1945 1590 quae
1977 1521 2031 1575 in

471 1623 652 1688 .vacuo
700 1609 914 1664 ducitur
965 1609 1128 1664 vitam
1182 1610 1486 1677 aemulatus,
1531 1627 1721 1667 omnes
1777 1613 2035 1668 continuo

479 1712 738 1769 tanquam
782 1701 1004 1755 deorum
1046 1701 1261 1755 illorum
1302 1703 1509 1758 similes
1545 1703 1780 1769 futuros,
1816 1704 1935 1774 ejus
1965 1704 2031 1758 ad

480 1791 755 1847 felicitatis
803 1792 1236 1847 communionem
1303 1807 1368 1847 ac
1422 1793 1732 1849 societatem
1796 1795 2028 1849 invitat:

479 1882 679 1952 quibus
711 1883 802 1938 ille
829 1884 1189 1950 caanaculum,
1223 1899 1331 1939 non
1361 1883 1473 1954 jam
1506 1886 1701 1941 cmlum
1733 1898 1826 1940 aut
1859 1887 2032 1958 olym-

480 1991 632 2046 pum,
662 1985 721 2031 ut
744 1984 931 2047 poetae,
968 1976 1060 2031 sed
1091 1992 1322 2032 vacuum
1360 1979 1599 2043 instruit,
1631 1977 1932 2034 confectam
1964 1995 2030 2034 ex

482 2067 680 2122 atomis
708 2082 985 2138 apponens
1019 2067 1370 2136 ambrosiam,
1398 2069 1742 2139 indidemque
1775 2070 2030 2125 haustum

481 2165 668 2212 nectar
709 2159 1042 2226 propinans?
1080 2156 1347 2212 Cancrum
1384 2157 1451 2213 iis
1480 2159 1547 2213 de
1568 2159 1730 2212 rebus
1750 2174 1871 2228 quae
1898 2160 2035 2215 nihil

481 2249 549 2302 ad
594 2264 694 2302 nos
741 2248 1064 2317 pertineant,
1097 2248 1242 2302 mille
1269 2248 1574 2317 juramenta
1616 2264 1909 2320 sacrasque
1935 2249 2034 2304 ob-

481 2341 795 2396 testationes
820 2340 934 2396 suis
957 2340 1159 2410 passim
1188 2340 1340 2395 libris
1372 2341 1681 2407 inferciens,
1717 2356 1812 2412 per
1847 2340 2034 2398 Jovem

483 2433 702 2488 assidue
727 2432 812 2486 vel
845 2441 1006 2502 negat
1041 2433 1243 2503 aliquid
1282 2433 1364 2488 vel
1397 2433 1660 2499 affirmat;
1693 2435 2037 2506 lectoresque

481 2541 634 2590 suos,
669 2535 722 2582 et
757 2542 852 2582 eos
885 2527 1209 2598 quibuscum
1246 2527 1360 2597 ipse
1389 2528 1652 2598 disputat,
1677 2527 1902 2584 deorum
1939 2527 2039 2583 ob-

481 2618 702 2689 stringit
729 2618 1011 2689 religione,
1031 2633 1138 2674 non
1168 2620 1312 2691 quod
1346 2619 1468 2674 illos
1507 2620 1623 2689 ipse
1649 2627 1919 2686 vereatur,
1943 2627 2038 2673 aut

479 2710 780 2780 perjurium
808 2711 924 2765 ullo
954 2711 1116 2767 modo
1143 2711 1491 2778 reformidet;
1523 2712 1616 2767 sed
1649 2713 1865 2766 inanem
1896 2711 2036 2766 hanc

480 2805 644 2870 atque
672 2793 1008 2868 mendacem,
1035 2817 1338 2872 vanamque
1363 2817 1428 2856 ac
1462 2802 1594 2856 nihil
1624 2802 1845 2856 omnino
1870 2801 2038 2871 signi-

481 2893 732 2948 ficantem
774 2893 1202 2964 disputationum
1245 2909 1472 2948 suarum
1522 2895 1868 2963 appendicem
1901 2893 2038 2948 effu-

479 2984 644 3050 tiens,
675 2999 784 3040 non
819 2984 977 3038 aliter
1035 2999 1099 3039 ac
1146 2985 1189 3038 si
1245 2993 1463 3038 exercet
1511 2992 1608 3038 aut
1657 2995 1904 3055 exspuat,
1943 2993 2038 3039 aut

482 3083 766 3131 convertat
808 3077 1037 3140 vultum,
1073 3084 1166 3129 aut
1210 3090 1429 3129 manum
1472 3085 1826 3132 commoveat.
1880 3075 2040 3148 Ejus-

2129 606 2301 671 θεοὺς,
2353 607 2447 660 καὶ
2486 606 2583 678 τὴν
2626 606 2823 678 πολλὴν
2867 605 3043 659 αὐτῶν
3095 606 3395 676 ἐμακάρισε
3437 606 3687 678 τρυφὴν,

2128 697 2376 750 κάκεῖθεν
2418 695 2754 768 ἐπιθυμητὴς
2774 696 3060 766 γενόμενος
3084 696 3182 765 τῆς
3219 697 3431 767 ἡδονῆς,
3464 698 3560 750 καὶ
3592 697 3687 765 τῆς

2128 793 2185 844 ἐν
2222 788 2298 860 τῷ
2348 789 2488 859 κενῷ
2521 789 2764 861 ζηλωτὴς
2795 789 3020 859 διαίτης,
3049 789 3190 842 οὕτω
3221 789 3432 853 πάντας
3461 789 3559 842 ἐπὶ
3597 790 3688 842 τοῦ

2132 880 2478 952 μακαρισμοῦ
2517 880 2704 935 τούτου
2757 880 3077 952 μετουσίαν,
3127 880 3690 951 ἐξομοιωθησομένους

2128 971 2354 1035 ἐκείνοις
2399 974 2509 1033 τοῖς
2559 969 2716 1035 Θεοῖς,
2765 970 3105 1043 παρακαλεῖ,
3158 971 3453 1040 συμπόσιον
3507 971 3693 1033 αὐτοῖς

2131 1063 2417 1134 μακάριον,
2461 1064 2557 1132 οὐχ
2604 1065 2740 1134 ὅπερ
2785 1063 2833 1114 oi
2881 1063 3116 1132 ποιηταὶ,
3150 1063 3238 1116 τὸν
3276 1063 3501 1134 οὐρανὸν
3533 1065 3569 1133 ἦ
3606 1061 3694 1116 τὸν

2130 1157 2390 1226 ὄλυμπον,
2422 1155 2555 1209 ἀλλά
2587 1157 2646 1209 τὸ
2679 1155 2832 1210 κενὸν
2866 1155 3200 1227 συγκροτῶν,
3234 1155 3295 1209 ἐκ
3322 1174 3380 1208 τε
3429 1155 3538 1210 τῶν
3568 1156 3695 1210 ἀτό-

2135 1264 2248 1316 μων
2279 1247 2389 1317 (54)
2410 1247 2507 1318 τὴν
2539 1247 2842 1318 ἀμϐροσίαν
2873 1247 3055 1310 αὐτοῖς
3083 1247 3418 1318 παρατιθεὶς,
3443 1247 3539 1301 καὶ
3563 1264 3698 1317 προ-

2134 1337 2303 1390 πίνων
2350 1338 2530 1401 αὐτοῖς
2571 1337 2628 1404 ἐξ
2672 1337 2894 1392 ἐκείνων
2941 1336 3003 1390 τὸ
3038 1337 3264 1408 νέκταρ;
3299 1337 3408 1390 Καὶ
3457 1337 3524 1407 δὴ
3575 1339 3697 1390 κατ’

2133 1429 2354 1482 ἐκείνων
2381 1427 2489 1481 τῶν
2524 1428 2688 1500 μηδὲν
2721 1429 2854 1499 πρὸς
2885 1429 3054 1498 ἡμᾶς,
3089 1428 3282 1499 ὅρκους
3316 1444 3375 1480 τε
3419 1429 3517 1481 καὶ
3547 1431 3696 1499 ὁρκι-

2133 1519 2302 1588 σμοὺς
2333 1518 2558 1587 μυρίους
2589 1519 2699 1580 τοῖς
2728 1515 2918 1569 ἐαυτοῦ
2954 1515 3176 1586 βιϐλίοις
3214 1516 3500 1586 ἐγγράφει,
3528 1515 3700 1586 ὀμνὺς

2131 1627 2191 1664 τε
2217 1610 2453 1681 συνεχῶς
2485 1609 2559 1680 μά
2589 1609 2684 1662 Δία
2716 1610 2809 1663 καὶ
2841 1609 2904 1680 νὴ
2937 1609 3054 1673 Δία,
3084 1607 3320 1680 ἐξορκῶν
3351 1625 3411 1661 τε
3449 1608 3579 1671 τοὺς
3612 1610 3699 1661 ἐν-

2087 1726 2090 1732 ’
2131 1703 2498 1773 τυγχάνοντας
2528 1702 2621 1756 καὶ
2642 1701 2776 1773 πρὸς
2801 1700 2893 1766 οὒς
2915 1699 3236 1769 διαλέγοιτο,
3257 1701 3391 1772 πρὸς
3409 1700 3516 1754 τῶν
3536 1699 3697 1764 θεῶν,

2134 1794 2195 1848 οὗ
2223 1793 2276 1847 τί
2310 1811 2412 1846 που
2444 1791 2629 1857 δεδιὼς
2661 1793 2821 1856 αὐτὸς
2851 1791 2982 1862 (55),
3015 1791 3048 1863 ἢ
3088 1790 3450 1860 δεδιττόμενος
3495 1791 3701 1852 ἐκεῖνος

2131 1887 2230 1958 τὴν
2263 1886 2564 1958 ἐπιορκίαν,
2587 1883 2739 1938 κενὸν
2760 1884 2816 1937 δέ
2839 1883 3013 1947 τοῦτο,
3046 1883 3141 1937 καὶ
3159 1882 3373 1952 ψευδὲς,
3396 1882 3492 1935 καὶ
3513 1881 3700 1955 ἀργὸν,

2133 1982 2225 2034 καὶ
2245 1980 2456 2052 ἀσημον
2484 1977 2943 2049 ἐπιφθεγγόμενος
2973 1979 3084 2039 τοῖς
3102 1976 3279 2043 λόγοις
3300 1973 3467 2028 αὐτοῦ
3494 1973 3703 2044 παράρ-

2131 2069 2428 2144 τημα,οἷον
2460 2073 2506 2124 εί
2534 2070 2627 2124 καὶ
2655 2069 2979 2142 χρέμπτοιτο
3011 2067 3102 2122 καὶ
3134 2066 3312 2129 meet,
3340 2066 3401 2118 τό
3424 2083 3488 2119 τε
3526 2066 3698 2136 πρόσ-

2133 2183 2280 2219 ωπον
2331 2164 2571 2236 στρέφοι,
2626 2162 2719 2215 καὶ
2750 2160 2846 2234 τὴν
2879 2164 3034 2233 χεῖρα
3077 2159 3271 2230 κινοίη.
3305 2157 3540 2229 Τοιαύτη
3595 2157 3702 2227 γὰρ

2134 2256 2441 2326 ἀδιανόητος
2471 2250 2538 2325 ἦν
2560 2256 2594 2325 ὴ
2629 2253 2758 2323 παρ’
2790 2251 2938 2322 αὐτῷ
2961 2251 3054 2304 καὶ
3090 2250 3292 2322 ματαία
3325 2249 3641 2320 ὑπόκρισις,
3669 2251 3701 2318 ἡ

2133 2349 2242 2403 τῶν
2279 2347 2412 2401 θεῶν
2450 2345 2731 2416 ὀνομασία.
2785 2343 2944 2396 Ἀλλά
2983 2342 3141 2396 τοῦτο
3176 2341 3272 2412 μὲν
3301 2340 3590 2412 πρόδηλον,
3624 2340 3705 2392 δτι

2139 2441 2276 2512 μετά
2328 2438 2418 2492 τὸν
2464 2435 2783 2507 Σωκράτους
2847 2433 3072 2488 θάνατον
3126 2431 3484 2502 κατεπτηχὼς
3549 2430 3709 2500 Ἀθη-

2135 2531 2336 2593 ναίους,
2379 2527 2454 2592 ὼς
2509 2525 2584 2600 μὴ
2626 2525 2807 2595 δοκοίη
2852 2522 2997 2576 τοῦθ’
3029 2525 3163 2594 ὅπερ
3208 2517 3299 2593 ἦν,
3331 2521 3508 2586 ἄθεος
3542 2515 3707 2582 εἶναι,

2136 2621 2300 2684 κενὰς
2326 2620 2506 2682 αὐτοῖς
2525 2616 2902 2672 ἀνυποστάτων
2922 2615 3058 2669 θεῶν
3083 2614 3553 2685 τερατευσάμενος
3572 2612 3708 2677 ἐζω-

2135 2716 2382 2785 γράφησε
2435 2711 2612 2776 σκιάς.
2661 2709 2798 2764 Οὖτε
2852 2709 2962 2780 γάρ
3013 2710 3094 2772 είς
3139 2707 3366 2780 οὐρανὸν
3410 2706 3710 2776 ἀνέϐλεψεν

2137 2811 2340 2881 νοεροῖς
2371 2804 2688 2875 ὀφθαλμοῖς,
2723 2803 2812 2856 ἵνα
2841 2801 2941 2872 τῆς
2970 2799 3232 2872 ἐναργοῦς
3270 2797 3477 2854 ἄνωθεν
3528 2797 3709 2867 φωνῆς

2136 2899 2364 2972 ἀκούσῃ,
2397 2893 2464 2971 ἧς
2485 2899 2512 2950 ὁ
2541 2893 2896 2966 προσεκτικδς
2928 2891 3122 2964 Θεατὴς
3155 2889 3503 2953 κατακούσας
3538 2889 3712 2960 ἐμαρ-

2135 2990 2369 3063 τύρησεν
2391 3006 2404 3018 ·
2436 2989 2516 3041 ὅτι
2563 2989 2630 3039 Οἱ
2671 2983 2913 3053 οὐρανοὶ
2952 2982 3294 3051 διηγοῦνται
3321 2979 3514 3045 δόξαν
3538 2979 3708 3036 Θεοῦ.

2138 3083 2386 3150 ποίησιν
2408 3079 2475 3134 δὲ
2498 3077 2708 3150 χειρῶν
2727 3075 2914 3132 αὐτοῦ
2928 3074 3278 3144 ἀναγγέλλει
3294 3075 3358 3128 τὸ
3376 3073 3708 3143 στερέωμα.

481 3167 628 3224 modi
651 3167 848 3238 quippe
873 3169 1049 3222 omnis
1087 3166 1192 3221 ista
1219 3165 1442 3221 deorum
1475 3167 1764 3237 appellatio
1797 3176 1903 3235 est,
1934 3185 2032 3226 su-

2138 3175 2274 3229 υῦτε
2295 3177 2360 3245 τῇ
2390 3171 2592 3242 διανοίᾳ
2612 3169 2853 3226 κατεῖδεν
2874 3169 2952 3233 είς
2972 3166 3231 3237 τοῦδαφος
3248 3184 3262 3198 °
3300 3166 3472 3237 ἔμαθε
3488 3167 3599 3238 γὰρ
3625 3165 3708 3230 ἂν,

479 3259 683 3332 perﬂua
725 3259 969 3328 quaedam
1010 3273 1074 3313 ac
1121 3272 1313 3314 sensus
1341 3273 1535 3328 expers
1565 3260 1836 3331 studiique
1861 3261 2032 3315 simu-

2135 3269 2236 3334 ὃτι,
2247 3267 2354 3322 Τοῦ
2369 3265 2578 3331 ἐλέους
2589 3263 2806 3332 Κυρίου
2819 3261 3056 3332 πλήρης
3071 3262 3108 3329 ἠ
3125 3257 3221 3331 Tn",
3239 3260 3334 3312 καὶ
3347 3259 3452 3323 ὅτι,
3475 3259 3588 3313 Τοῦ
3601 3262 3713 3312 Κυ-

478 3351 631 3407 latio.
653 3349 723 3404 At
750 3349 877 3404 illud
908 3348 1124 3419 quidem
1150 3349 1304 3419 longe
1325 3350 1708 3419 certissimum,
1725 3367 1848 3408 cum
1865 3351 2033 3407 Athe-

2133 3360 2266 3432 ρίου
2287 3359 2326 3426 ἡ
2350 3355 2450 3428 γῆ,
2471 3356 2566 3409 καὶ
2587 3353 2653 3409 τὸ
2677 3354 2962 3423 πλήρωμα
2983 3351 3189 3420 αὐτῆςο
3208 3351 3321 3416 καὶ,
3347 3351 3511 3404 Μετὰ
3529 3351 3712 3405 ταῦτα

478 3441 697 3497 nienses
747 3456 778 3494 a
829 3439 1067 3496 Socratis
1119 3440 1337 3495 interitu
1390 3451 1676 3508 metueret,
1729 3458 1800 3500 ne
1855 3444 2033 3514 qualis

479 3542 600 3588 erat
643 3535 820 3587 atheos
850 3547 973 3587 esse
1020 3533 1311 3600 videretur,
1338 3550 1538 3591 vacuas
1568 3534 1636 3592 iis
1680 3536 2032 3592 leviculorum

467 3627 706 3680 deorum
743 3625 966 3680 umbras
1014 3641 1212 3681 novum
1261 3628 1638 3684 circulatorem
1685 3629 2032 3688 informasse.

478 3715 591 3771 Nec
621 3718 763 3770 enim
791 3716 1036 3788 profecto
1061 3726 1156 3772 aut
1187 3719 1524 3788 spiritalibus
1572 3737 1814 3791 unquam
1860 3721 2036 3778 oculis

481 3809 727 3879 suspexit
751 3809 804 3863 in
835 3809 1055 3875 coelum,
1087 3819 1145 3864 ut
1167 3811 1529 3867 clarissimam
1557 3813 1705 3868 illam
1739 3814 2038 3884 superiori-

426 3909 431 3919 ‘
480 3901 584 3956 bus
613 3917 644 3956 e
671 3901 806 3958 locis
825 3917 1010 3958 vocem
1041 3904 1345 3971 exaudiret,
1382 3921 1490 3975 qua
1522 3907 1761 3962 intentus
1783 3907 1872 3962 ille
1903 3922 2035 3962 con-

478 3993 769 4062 templator
788 3993 1000 4050 aﬂlatus
1015 4011 1140 4050 cum
1162 4007 1325 4063 esset,
1349 3997 1672 4052 exclamavit
1694 4016 1707 4052 :
1734 3997 1862 4053 Curti
1882 4015 2034 4052 enar-

480 4095 604 4138 raut
635 4085 858 4156 gloriam
899 4085 1018 4150 Dei,
1052 4098 1101 4140 et
1135 4103 1292 4157 opera
1336 4105 1590 4142 manuum
1618 4089 1731 4159 ejus
1760 4092 2038 4144 annuntiat

479 4179 953 4249 ﬁrmamentum”.
992 4178 1101 4233 Aut
1147 4196 1276 4234 vero
1317 4180 1491 4236 solum
1521 4179 1700 4250 ipsum
1735 4190 1916 4236 mente
1941 4183 2039 4237 de—

480 4270 688 4340 spexit;
717 4271 822 4326 hoc
843 4271 986 4325 enim
1016 4271 1060 4326 si
1092 4269 1329 4333 fecisset.
1353 4273 1634 4328 didicisset
1665 4273 1872 4343 utique,
1895 4274 2042 4344 quod

2138 3449 2271 3520 γὰρ,
2316 3447 2468 3518 φησὶ,
2517 3447 2735 3514 Κύριος
2775 3447 2864 3510 εὶς
2911 3443 3025 3511 τὴν
3074 3441 3191 3512 γῆν
3237 3440 3562 3509 ἐπέϐλεψε,
3615 3442 3709 3494 καὶ

2138 3540 2483 3610 ἐνέπλησέν
2508 3537 2700 3607 αὐτὴν
2722 3535 2840 3590 τῶν
2859 3534 3096 3606 ἀγαθῶν
3115 3533 3318 3588 αὑτοῦ.
3347 3533 3572 3603 Ψυχὴν
3601 3533 3708 3603 (56)

2140 3632 2368 3698 παντὸς
2393 3630 2535 3692 ζώου
2566 3629 2836 3698 ἐκάλυψε
2865 3626 2931 3680 τὸ
2974 3629 3296 3696 πρόσωπον
3318 3626 3533 3695 αὐτῆς.
3564 3628 3629 3680 Et
3657 3627 3711 3683 δὲ

2141 3725 2216 3799 μὴ
2245 3724 2447 3794 σφόδρα
2473 3721 2890 3793 τυφλώττουσιν,
2925 3719 3406 3789 ἐπισκεψάσθωσαν
3430 3721 3534 3790 τὴν
3567 3736 3713 3789 παμ-

2140 3815 2381 3870 ποίκιλον
2426 3815 2534 3869 τῶν
2585 3814 2737 3880 ζώων
2778 3813 3193 3885 πολυπλήθειαν,
3238 3811 3308 3864 τά
3357 3814 3611 3882 χερσαῖα,
3647 3810 3712 3864 τὰ

2143 3909 2343 3982 πτηνὰ,
2372 3909 2440 3962 τὰ
2489 3907 2682 3980 ἔνυδρα
2703 3926 2716 3939 ·
2751 3907 2845 3962 καὶ
2879 3906 3366 3978 κατανοησάτωσαν
3397 3905 3475 3968 ὡς
3506 3904 3710 3975 ἀληθὴς

2147 4002 2240 4056 ἐπὶ
2267 4005 2333 4073 τῇ
2369 4001 2584 4055 πάντων
2613 4000 2790 4072 κρίσει
2825 3998 2936 4069 (57)
2979 3999 3195 4068 γέγονεν
3224 3998 3258 4068 ἠ
3296 3997 3572 4068 μαρτυρία
3619 3996 3711 4050 τοῦ

2146 4097 2442 4150 Δεσπότουο
2476 4096 2585 4151 Kal
2617 4095 2812 4150 πάντα
2834 4096 2981 4150 κατὰ
3009 4093 3122 4162 τὴν
3157 4093 3343 4148 αὐτοῦ
3375 4095 3713 4163 πρόσταξιν

2146 4186 2378 4256 πέφηνε
2402 4185 2558 4241 καλά
2585 4177 2722 4256 (58).

481 4363 850 4420 Misericordia
897 4365 1111 4419 Domini
1153 4366 1306 4436 plena
1358 4377 1435 4421 est
1495 4377 1634 4420 terra
1651 4368 1728 4434 “;
1763 4369 2048 4439 quodque,
2097 4369 2310 4424 Domini
2362 4380 2436 4425 est
2462 4379 2603 4424 terra
2629 4379 2679 4424 et
2714 4370 2983 4440 plenitudo
3025 4369 3136 4440 ejus
3155 4370 3235 4432 ",
3284 4376 3339 4422 et
3370 4366 3548 4422 illud:
3585 4365 3706 4419 Post

481 4461 594 4515 haec
633 4463 791 4526 enim,
840 4461 1036 4532 inquit,
1080 4461 1334 4515 Dominus
1379 4463 1434 4516 in
1486 4471 1679 4516 terram
1728 4465 1978 4534 respexit,
2018 4474 2068 4519 et
2117 4465 2352 4534 implevit
2401 4466 2552 4520 illam
2601 4464 2748 4520 bonis
2799 4467 2930 4520 suis.
2980 4465 3172 4518 Anima
3211 4463 3380 4517 omnis
3415 4461 3705 4516 animantis

483 4559 687 4624 operuit
732 4557 921 4637 [aciem
966 4558 1078 4627 ejus
1101 4560 1168 4612 '°.
1203 4557 1305 4632 Qui
1357 4559 1403 4613 si
1447 4555 1615 4618 nimia
1642 4559 1882 4615 caecitate
1912 4575 2021 4614 non
2067 4561 2336 4628 laborant,
2369 4570 2573 4615 tantam
2627 4561 2774 4615 illam
2818 4576 2882 4616 ac
2938 4568 3047 4614 tam
3097 4558 3304 4612 variam
3341 4557 3703 4611 animantium

485 4652 888 4713 multitudinem
970 4656 1428 4725 contemplemur,
1491 4665 1852 4724 terrenarum,
1906 4656 2226 4722 volatilium,
2277 4657 2632 4728 aquatilium;
2699 4673 2764 4712 ac
2835 4657 3057 4712 demum
3131 4653 3470 4724 intelligant,
3546 4665 3704 4721 quam

483 4761 674 4802 Verum
721 4747 911 4804 hocin
946 4751 1186 4806 omnium
1239 4752 1614 4826 procreatione
1664 4752 2035 4808 testimonium
2088 4752 2254 4808 fuerit
2281 4772 2296 4809 :
2324 4752 2393 4808 Et
2436 4755 2613 4808 omnia
2648 4754 2932 4810 secundum
2977 4750 3090 4820 ejus
3129 4748 3440 4802 mandatum
3491 4747 3706 4801 exstite—

485 4849 607 4902 runt
633 4839 788 4896 bona.

554 4934 600 4976 ιδ
637 4932 782 4995 Psal.
814 4937 982 5005 xvu't,
1013 4940 1062 4992 l.
1139 4941 1181 4970 "
1219 4937 1364 4998 Psal.
1395 4956 1578 5007 xxxnt,
1607 4943 1660 4996 5.
1737 4941 1784 4973 "
1821 4939 1964 5000 Psal.
2008 4957 2033 4994 s

2133 4957 2163 5008 ι,
2190 4939 2242 4995 1.
2315 4942 2362 4973 ⁸⁸
2399 4938 2565 4996 Eccli.
2596 4955 2711 5003 xvr,
2734 4938 2822 5004 50,
2849 4938 2938 4993 51.

709 5078 845 5152 (Hic,
877 5078 1038 5152 Forte
1067 5081 1208 5145 τούς.
1243 5081 1434 5136 Vtcen.

580 5147 669 5221 54f)
722 5149 990 5221 ’Ardpwr;
1019 5151 1204 5205 Scribe
1239 5153 1444 5221 ἀτμῶν.
1481 5151 1556 5208 In.

579 5219 668 5284 55)
708 5221 917 5284 Αὐτός.
953 5219 1112 5275 Forte
1141 5219 1355 5284 αὐτούς.
1390 5221 1464 5277 In.

579 5289 668 5367 5‘6)
716 5291 948 5367 ιιίυχῄν.
996 5289 1158 5367 Forte
1201 5290 1366 5367 ψυχῇ.
1412 5295 1489 5367 lot
1526 5323 1595 5367 _——
1630 5293 1821 5367 Ψυχὴν
1865 5304 2044 5350 tamen

479 5359 1026 5436 pragfertiﬂiblioruln
1057 5359 1669 5436 codex_Alexandrinus.

557 5430 668 5500 (57)
706 5433 938 5500 Κρίσει.
962 5429 1002 5484 F
1006 5441 1124 5486 orte
1155 5432 1346 5486 κτίσει.
1383 5433 1457 5488 lo.

559 5499 673 5589 (58)
691 5499 881 5572 καλά,
927 5499 1024 5560 His
1045 5500 1390 5582 Dionysianis
1411 5505 1594 5564 relatis
1620 5519 1740 5577 qua:
1763 5505 2047 5577 hucusque

2080 5083 2126 5138 Ι)
2153 5082 2419 5151 descripta
2461 5089 2626 5151 sunt,
2663 5080 2856 5151 subdit
2885 5076 3152 5151 Eusebius
3178 5095 3212 5151 :_
3235 5074 3420 5128 Ταυτά
3465 5091 3562 5151 μοι
3604 5072 3711 5151 uno

2150 5142 2414 5224 πλείστων
2446 5142 2898 5224 ἐξήνθισται-τῶν
2926 5146 3058 5218 πρὸς
3091 5146 3408 5224 Ἐπίκουρον
3449 5142 3707 5224 Διονυσίῳ

2149 5223 2226 5292 τῷ
2259 5223 2379 5276 καθ’
2412 5211 2557 5292 ἡμῖὶς
2589 5221 2868 5290 ἐπισκόπῳ
2915 5211 3328 5292 πεποιημένωνξ
3351 5213 3491 5292 Hcce
3514 5211 3637 5291 mihi
3677 5211 3708 5264 ὲ

2149 5277 2387 5368 pluribus
2421 5277 2586 5346 l'i'baia
2610 5301 2735 5368 sunt
2765 5277 2920 5359 atqrtc
2954 5277 3238 5368 decerpta,
3262 5301 3380 5368 qua:
3424 5282 3704 5368 Dionysius

2149 5356 2416 5489 epist-orans
2449 5362 2665 5433 aequalis
2709 5356 2883 5416 noster
2917 5359 3164 5413 adversus
3193 5356 3477 5432 Epicurum
3520 5356 3705 5423 dispu-

2149 5445 2300 5489 tavit.
2378 5449 2498 5489 ALL.

2149 5437 2300 5490 tavit.
2331 5437 2498 5498 αλιι..

555 5153 576 5362 Ξ
