3972 6318
318 369 458 428 £269
1311 380 1431 435 ιΕΧ
1452 381 1708 450 -ιιΙΒιιιδ,
1728 385 1859 440 ADV

1966 386 2095 444 SUS
2134 387 2538 446 SABELLIUM.
3424 401 3557 455 1270

374 516 421 570 Β
459 521 632 575 sacris
663 521 950 580 Parallelis
981 524 1041 580 S.
1078 523 1302 581 Joannis
1329 527 1645 586 Damascem'
1687 531 2142 605 Rupefucaldinis.
2176 538 2311 608 Opp.
2345 549 2470 614 tam.
2501 538 2564 604 ll,
2600 555 2720 610 pag.
2747 541 2849 596 ⁸752
2879 541 2939 598 C.
2968 544 3095 599 edit.
3134 545 3308 600 Paris.
3340 547 3499 602 17H.

311 613 420 667 Τοῦ
475 616 634 686 ἁγίου
666 620 942 675 Διονυσίου
994 621 1394 694 Ἀλεξανδρείας
1437 629 1579 696 Περὶ
1622 631 1859 698 φύσεως

2227 634 2284 689 S.
2321 634 2562 707 Dionysii
2599 637 2946 693 Alexandrini
2974 640 3048 694 De
3079 649 3298 695 natura.

383 709 495 779 Ούχ
537 709 722 776 ἁπλῶς
771 711 877 766 τῶν
926 715 1196 786 μεριστῶν
1239 711 1329 770 τόῦ
1382 721 1608 792 κόσμου,
1647 723 1741 778 καὶ
1775 724 1859 776 τῶι

2062 724 2178 780 Νοη
2211 726 2374 781 modo
2420 742 2606 782 earum
2650 728 2799 785 orbis
2845 746 3027 784 rerum
3064 747 3185 801 qua:
3211 732 3549 798 dividuntur,

308 801 404 853 ὑπ’
437 802 619 866 αὑτὸν,
648 804 864 859 καὶ·τοῦ
898 805 1130 878 ἀριθμοῦ
1173 809 1264 863 τοῦ
1295 811 1518 876 αἰῶνος·
1559 814 1695 868 ἀλλά
1743 816 1859 870 πὰνι

1986 826 2041 872 et
2070 833 2257 872 earum
2297 802 2571 888 quaalsub
2620 820 2739 889 ipso
2791 831 2938 885 sunt,
2989 822 3285 892 quinetiam
3335 826 3545 878 numeri

306 912 416 948 των
445 895 542 950 καὶ
573 896 683 952 τῶν
721 899 1019 971 ἐλαχίστων
1062 901 1308 975 ἄπειρος,
1342 903 1635 970 ,ἀτέλεστος
1681 905 1789 961 τῶν
1822 909 1859 960 ὲκ

1987 908 2341 976 aeternitatis;
2373 908 2468 965 sed
2499 919 2554 964 et
2583 911 2824 966 omnium
2851 928 3077 982 prorsus
3105 924 3266 983 atque
3293 915 3548 968 minima-

307 983 620 1056 ἀνθρώποις
650 989 684 1059 ὴ
716 988 936 1058 γνῶσις.

1985 1015 2106 1056 rum
2129 1001 2312 1056 nescia
2345 1010 2449 1068 est,
2481 1017 2582 1058 nec
2610 1003 2843 1072 erudita,
2877 1005 3160 1061 hominum
3179 1007 3436 1077 cognitio.
3540 1028 3566 1045 ι

313 1208 640 1221 ᾑ--Ψη

3385 1226 3510 1240 .____.

1821 1372 2009 1459 III.

870 1579 1034 1671 EX
1101 1581 1492 1680 LIBllIS
1561 1579 2172 1673 ADVERSUS
2220 1584 2953 1677 'SABELLIUM.

1335 1772 1552 1834 (Eoum,
1585 1773 1810 1836 Prwpar.
1837 1784 2006 1836 evang.
2031 1773 2120 1823 lib.
2145 1787 2228 1837 vn,
2252 1788 2359 1838 cap.
2387 1775 2485 1838 19.)

2350 2079 2633 2136 Materiam
2663 2092 2783 2136 ortu
2820 2099 2922 2137 non
2947 2099 3142 2140 carere.

434 2078 574 2148 Περὶ
605 2077 712 2132 τοῦ
743 2077 829 2148 μὴ
863 2078 1198 2148 ἀγέννητον
1231 2074 1382 2133 εἶναι
1407 2076 1520 2149 τὴν
1545 2079 1722 2148 ὕλην.
1896 2086 1939 2140 Β

363 2171 486 2227 Οὐδ’
535 2173 731 2225 ἐκεῖνοι
781 2171 890 2242 (59)
942 2171 1039 2243 μὲν
1084 2169 1192 2242 γὰρ
1229 2171 1386 2244 ὅσιοι,
1419 2173 1468 2224 οἱ
1499 2171 1598 2243 τὴν
1634 2170 1762 2241 ὕλην
1789 2171 1863 2235 ὡς

293 2265 584 2336 ἀγέννητον
627 2264 934 2336 ὑποχείριον
978 2264 1058 2327 εἰς
1113 2263 1470 2336 διακόσμησιν
1519 2263 1750 2328 διδόντες
1788 2262 1866 2334 τῷ

291 2345 420 2430 Θεῷ
432 2375 446 2388 ·
478 2358 724 2431 παθητὴν
752 2357 860 2430 γάρ
889 2356 1078 2428 αὐτὴν,
1108 2357 1204 2410 καὶ
1233 2356 1471 2428 τρεπτὴν
1494 2357 1862 2429 ὑπάρχουσαν,

288 2449 460 2504 εἴκειν
505 2452 626 2514 ταῖς
671 2449 1003 2520 θεοποιήτοις
1044 2447 1382 2502 ἀλλοιώσεσι.
1413 2448 1526 2502 Καὶ
1567 2448 1729 2501 πόθεν
1756 2447 1864 2519 γάρ

287 2541 520 2614 ὑπάρχει
550 2541 644 2595 καὶ
675 2539 752 2611 τῷ
778 2538 917 2611 Θεῷ,
935 2539 1026 2593 καὶ
1047 2542 1112 2611 τῇ
1149 2539 1270 2613 ὕλῃ,
1295 2540 1356 2593 τό
1389 2557 1446 2594 τε
1475 2540 1658 2610 ὅμοιον
1691 2540 1864 2593 καὶτὸ

286 2634 555 2706 ἀνόμοιον,
601 2633 1036 2704 διασαφήτωσαν.
1109 2631 1398 2703 Ἐκατέρου
1452 2631 1560 2704 γᾲρ
1617 2631 1699 2685 δεῖ
1742 2631 1862 2686 τινά

286 2727 568 2797 ἐπινοῆσαι
609 2726 912 2798 κρείττονα,
955 2725 984 2778 ὃ
1035 2724 1168 2796 μηδὲ
1209 2723 1424 2796 θεμιτὸν
1454 2724 1704 2796 ἐννοῆσαι
1735 2727 1862 2798 περὶ

285 2817 378 2872 τοῦ
413 2817 566 2871 Θεοῦ.
594 2819 666 2872 Τό
691 2836 752 2872 τε
776 2817 884 2890 γάρ
905 2817 1219 2888 ἀγέννητον,
1245 2816 1427 2887 ὅμοιον
1452 2817 1509 2869 ἐν
1529 2817 1862 2888 ἀμφοτέροις

283 2911 595 2982 λεγόμενον,
629 2910 722 2963 καὶ
753 2908 938 2981 ἕτερον
969 2907 1256 2979 νοούμενον
1291 2907 1420 2980 παρ’
1455 2908 1736 2980 ἑκάτερον,
1763 2909 1862 2962 πό-

283 3001 376 3055 θεν
406 3003 464 3056 ὲν
508 3001 690 3064 αὐτοῖς
719 2998 976 3068 ἐγένετο;
1009 2999 1073 3052 Ei
1109 2998 1207 3068 μὲν
1235 2997 1344 3068 γὰρ
1391 2997 1523 3051 αὐτὸ
1569 2998 1861 3070 ἀγέννητόν

283 3095 433 3147 ἐστιν
463 3095 492 3146 ὁ
534 3092 687 3157 Θεὸς,
721 3091 814 3145 καὶ
857 3090 1012 3145 οὐσία
1055 3089 1202 3144 ἐστὶν
1253 3089 1438 3153 αὐτοῦ,
1482 3089 1557 3153 ὡς
1607 3089 1673 3144 ἂν
1718 3089 1860 3143 εἴποι

281 3203 387 3250 τις,
425 3186 458 3255 ἠ
508 3183 818 3256 ἀγεννησία,
857 3185 957 3237 ούκ
1001 3182 1066 3237 ἂν
1099 3182 1392 3252 ἀγέννητον
1436 3181 1521 3253 εἴη
1555 3183 1588 3253 η
1625 3180 1722 3253 ὕλη
1747 3199 1762 3213 ·
1798 3182 1859 3237 οὕ
1889 3249 1894 3252 _

281 3277 390 3350 γὰρ
421 3277 610 3331 ταυτόν
643 3279 788 3333 ἐστιν
816 3278 850 3348 ἡ
887 3276 1007 3348 ὕλη,
1043 3275 1137 3329 καὶ
1160 3279 1188 3329 6
1222 3275 1373 3340 Θεός.
1410 3276 1476 3328 El
1508 3275 1565 3328 δὲ
1599 3275 1859 3346 ἑκάτερον

281 3371 387 3444 μὲν
435 3369 601 3434 ἔστιν,
629 3371 764 3440 ὅπερ
814 3369 958 3423 ἐστὶν
989 3369 1022 3438 ή
1058 3367 1156 3439 ὕλη
1191 3369 1284 3422 καὶ
1316 3370 1344 3421 ό
1391 3367 1546 3432 Θεὸς,
1598 3367 1857 3439 πρόσεστι

279 3463 338 3517 δὲ
369 3462 701 3534 ἀμφοτέροις
734 3461 799 3515 τὸ
822 3461 1114 3532 ἀγέννητον
1137 3477 1151 3493 ⁶
1194 3461 1352 3532 δῆλον
1384 3461 1459 3526 ὡς
1490 3461 1674 3534 ἕτερόν
1709 3462 1857 3514 ἐστιν

280 3555 567 3627 ἑκατέρου,
601 3556 693 3610 καὶ
733 3554 1055 3626 ἀμφοτέρων
1089 3553 1454 3627 πρεσϐύτερόν
1483 3573 1544 3608 τε
1595 3555 1686 3609 καὶ
1719 3557 1858 3608 ἀνω-

193 3665 203 3672 ’
278 3649 442 3721 τέρω.
501 3647 893 3722 ’Δνατρεπτικὴ
942 3648 1000 3703 δὲ
1053 3648 1351 3713 παντελῶς,
1402 3649 1496 3702 καὶ
1544 3648 1638 3703 τοῦ
1688 3647 1858 3703 ταῦτα

281 3740 664 3813 συνυπάρχειν,
698 3740 896 3811 μᾶλλον
927 3741 984 3794 δὲ
1009 3740 1165 3795 τοῦτο
1189 3741 1276 3794 ἓτε
1283 3759 1375 3814 ρον
1398 3741 1576 3795 αὐτῶν
1600 3741 1698 3812 τὴν
1725 3741 1856 3812 ὕλην

279 3833 366 3901 ἐφ’
396 3831 594 3902 ἑαυτῆς
629 3831 913 3904 ὑπάρχειν,
948 3831 1044 3885 καὶ
1067 3835 1101 3903 ἡ
1132 3831 1230 3902 τῆς
1257 3833 1502 3897 ἐναντίας
1539 3832 1704 3898 ἕξεως
1742 3833 1857 3888 δια-

279 3923 441 3996 φορά.
474 3923 796 3978 Είπάτωσαν
824 3923 932 3998 γὰρ
960 3923 1056 3996 τὴν
1089 3924 1288 3989 αἰτίαν,
1323 3925 1389 3978 δι’
1432 3918 1508 3997 ἥν
1531 3925 1855 3996 ἀμφοτέρων

277 4012 448 4069 ὄντων
491 4015 820 4086 ἀγεννήτων,
868 4018 898 4069 6
943 4016 1040 4087 μὲν
1086 4015 1215 4080 Θεὸς
1265 4015 1516 4088 ἀπαθὴς,
1565 4018 1851 4090 ἄτρεπτος,

278 4105 555 4177 ἀκίνητος,
593 4093 945 4177 ἐργαστικός·
990 4110 1024 4180 ἡ
1073 4107 1152 4173 δὲ,
1199 4108 1268 4162 τά
1319 4108 1556 4173 ἐναντία,
1612 4109 1851 4182 παθητὴ,

278 4196 508 4268 τρεπτὴ,
541 4196 791 4261 ἀστατος,
825 4197 1280 4268 μεταποιουμένη.
1314 4196 1426 4250 Καὶ
1457 4197 1572 4262 πῶς
1603 4197 1854 4270 ἥρμοσαν

279 4289 374 4341 καὶ
401 4288 762 4361 συνέδραμον;
796 4289 1028 4362 Πότερον
1059 4289 1196 4342 κατά
1238 4288 1334 4360 τὴν
1371 4289 1471 4359 τῆς
1519 4289 1649 4361 ὕλης
1693 4291 1852 4360 φύσιν

277 4381 626 4446 ἐξοικειιῖηας
688 4382 878 4437 ἑαυτὸν
943 4382 1306 4453 ὲτεχνίτευσεν
1371 4381 1541 4453 αὐτὴν
1601 4386 1630 4437 6
1681 4383 1850 4448 Θεός;

291 4473 452 4527 Ἀλλά
490 4473 646 4527 τοῦτό
691 4489 756 4542 γε
808 4472 1027 4538 ἄτοπον,
1061 4473 1262 4544 ὁμοίως
1309 4472 1613 4544 ἀνθρώποις
1654 4492 1851 4548 χρυσο-

277 4566 422 4636 χοεῖν
467 4565 563 4618 καὶ
602 4564 926 4638 λιθουργεῖν,
963 4566 1056 4619 καὶ
1101 4565 1240 4619 κατὰ
1283 4565 1382 4629 τὰς
1426 4565 1588 4632 ἄλλας
1634 4567 1850 4638 τέχνας,

275 4654 409 4719 ὅσας
441 4658 498 4710 αί
545 4653 666 4709 ὕλαι
713 4656 1048 4728 μορφοῦσθαι
1087 4658 1180 4710 καὶ
1226 4657 1524 4712 τυποῦσθαι
1574 4659 1848 4727 δύνανται,

2036 2172 2336 2244 lmpietatis
2383 2179 2548 2231 etiam
2591 2177 2722 2231 illud
2760 2185 2864 2244 est,
2909 2178 3056 2246 quod
3085 2178 3332 2249 plerique
3361 2189 3534 2234 mate—

1966 2263 2126 2328 riam,
2171 2262 2329 2335 cujus
2367 2275 2547 2321 ortum
2590 2268 2801 2322 nullum
2842 2283 2962 2324 esse
2996 2269 3182 2337 velint,
3218 2270 3413 2326 divinae
3436 2288 3536 2342 p0-

1965 2357 2147 2411 testati
2193 2358 2542 2428 digcrendam
2587 2349 3004 2431 ornandamque
3045 2362 3359 2432 subjiciam,
3395 2363 3526 2418 dum

1964 2461 2085 2502 eam
2139 2457 2333 2504 natura
2363 2466 2462 2506 sua
2496 2451 2790 2520 patientem
2837 2463 3000 2524 atque
3037 2454 3398 2519 tractabilem,
3427 2455 3529 2510 im-

1964 2553 2181 2608 pressas
2202 2539 2465 2597 divinitus
2499 2542 2831 2599 mutationes
2868 2543 3028 2599 facile
3068 2545 3254 2600 subire
3287 2545 3529 2600 tradunt.

1963 2628 2254 2686 Enimvero
2277 2631 2506 2688 doceant
2533 2633 2622 2688 isti
2652 2635 2746 2705 qui
2769 2635 2883 2690 fieri
2916 2636 3170 2705 potuerit,
3200 2646 3259 2691 ut
3282 2637 3334 2690 in
3357 2637 3527 2692 Deum

1963 2727 2127 2789 atque
2155 2722 2436 2777 materiam
2470 2724 2770 2779 similitudo
2801 2726 3002 2794 pariter
3036 2739 3102 2780 ac
3141 2725 3529 2780 dissimilitudo

1963 2813 2199 2869 caderet.
2241 2809 2378 2867 Nam
2413 2813 2578 2868 alium
2631 2814 2922 2884 quemdam
2977 2823 3208 2885 utroque
3260 2815 3530 2885 potentio-

1961 2921 2076 2961 rem
2118 2904 2358 2975 cogitare
2388 2913 2504 2960 tum
2535 2913 2828 2975 oporteret,
2864 2905 3010 2973 quod
3065 2914 3243 2961 tamen
3303 2907 3370 2962 de
3415 2905 3528 2962 Deo

1961 2997 2046 3051 vel
2091 2996 2379 3066 suspicari,
2427 2996 2604 3052 nefas.
2638 2993 2774 3050 Nam
2827 3005 2882 3052 et
2927 2997 3105 3067 ipsum
3141 3006 3266 3052 ortu
3315 3013 3524 3064 carere,

1961 3088 2107 3160 quod
2154 3089 2214 3143 in
2250 3097 2483 3158 utroque
2527 3087 2705 3142 simile
2749 3087 2971 3152 dicitur,
3006 3095 3062 3143 et
3093 3087 3321 3142 alterum
3368 3088 3525 3155 illud,

1965 3181 2112 3254 quod
2144 3189 2338 3251 praeter
2372 3189 2662 3250 utrumque
2686 3180 2975 3250 cogitatur,
3008 3180 3283 3250 quomodo
3307 3180 3524 3236 tandem

1961 3275 2020 3329 in
2053 3274 2121 3328 iis
2146 3272 2328 3329 locum
2357 3273 2586 3327 habuit?
2605 3271 2662 3326 Si
2685 3272 2828 3326 enim
2857 3272 2988 3327 illud
3021 3273 3201 3343 ipsum
3227 3275 3372 3344 quod
3401 3285 3524 3330 ortu

1964 3377 2138 3435 caret,
2167 3365 2311 3420 Deus
2340 3375 2448 3432 est,
2477 3365 2722 3435 ipsaque,
2757 3375 2815 3418 ut
2845 3364 2918 3419 ita
2941 3365 3140 3428 dicam,
3171 3375 3326 3422 ortus
3357 3379 3536 3437 nega-'

1962 3460 2059 3524 tio,
2088 3457 2274 3514 divina
2299 3459 2535 3514 essentia
2565 3465 2686 3524 em;
2717 3473 2824 3512 non
2853 3458 2965 3527 jam
2993 3459 3134 3513 idem
3164 3458 3343 3528 ipsum
3375 3459 3523 3529 quod

1959 3561 2083 3608 ortu
2121 3560 2287 3618 caret,
2325 3549 2550 3604 materia
2597 3548 2780 3616 fuerit,
2831 3564 2955 3604 cum
2999 3547 3145 3604 Deus
3195 3558 3250 3604 et
3295 3552 3524 3606 materia

1957 3659 2127 3699 unum
2145 3643 2398 3712 idemque
2424 3656 2532 3695 non
2558 3640 2688 3695 sint.
2717 3639 2815 3695 Sin
2842 3650 3024 3695 autem
3052 3649 3346 3711 utrumque
3375 3643 3525 3697 dixe-

1958 3735 2088 3800 rint,
2129 3734 2183 3789 id
2231 3733 2452 3804 quidem
2494 3747 2616 3787 esse
2664 3732 2882 3802 proprie
2911 3732 3057 3803 quod
3099 3739 3204 3799 est,
3239 3735 3522 3790 materiam

1955 3826 2228 3892 videlicet,
2277 3814 2439 3895 atque
2490 3823 2681 3890 Deum,
2741 3835 2894 3878 ortus
2942 3833 3125 3880 tamen
3181 3827 3524 3899 negationem

1956 3921 2222 3975 ambobus
2242 3918 2534 3974 convenire
2559 3936 2572 3972 :
2596 3917 2887 3972 manifeste
2910 3919 3175 3988 sequitur,
3204 3920 3350 3975 aliud
3365 3921 3524 3990 quid—

1955 4012 2099 4083 piam
2130 4019 2324 4081 praeter
2369 4017 2657 4080 utrumque
2707 4007 3038 4078 ponendum,
3072 4009 3216 4079 quod
3241 4009 3525 4080 antiquius

1957 4117 2023 4157 ac
2073 4101 2328 4172 superius
2369 4110 2604 4171 utroque
2636 4101 2726 4156 sit.
2773 4101 2892 4158 Jam
2932 4102 3228 4173 quominus
3278 4117 3374 4172 per
3403 4118 3524 4159 sese

1959 4192 2122 4248 ambo
2155 4192 2320 4248 simul
2375 4207 2496 4249 esse
2523 4195 2752 4264 possint,
2787 4195 2897 4250 imo
2926 4192 3222 4265 quominus
3249 4209 3280 4250 e
3309 4194 3524 4250 duobus

1955 4286 2209 4352 alterum,
2244 4286 2349 4340 hoc
2378 4295 2462 4341 est
2507 4286 2757 4352 materia,
2791 4301 2914 4342 esse
2951 4302 3047 4358 per
3071 4301 3192 4343 sese
3215 4296 3400 4358 queat,
3438 4288 3523 4341 vel

1955 4379 2073 4449 ipsa
2118 4379 2348 4435 rationis
2409 4388 2464 4434 et
2507 4379 2840 4436 conditionis
2897 4379 3181 4449 utriusque
3233 4379 3524 4435 diversitas

1953 4487 2182 4542 prorsus
2246 4473 2526 4544 impediat.
2577 4473 2795 4544 Alioqui
2823 4487 3046 4528 causam
3091 4473 3169 4527 illi
3202 4489 3339 4529 sane
3393 4473 3525 4529 επε-

1954 4575 2098 4631 rant,
2128 4567 2484 4637 quamobrem
2521 4583 2643 4622 cum
2697 4577 2820 4621 ortu
2872 4566 3037 4621 ambo
3077 4575 3321 4633 careant,
3376 4566 3522 4623 Deus

1953 4658 2171 4728 quidem
2211 4673 2312 4714 nec
2361 4659 2474 4729 pati
2527 4659 2846 4729 quidquam,
2877 4673 2976 4714 nec
3006 4659 3228 4727 mutari,
3273 4675 3374 4714 nec
3405 4676 3521 4716 mo-

276 4749 658 4819 χειροκμητείν
705 4748 794 4805 τὸν
836 4748 987 4806 Θεόν.
1023 4751 1087 4803 Εἰ
1130 4751 1187 4803 δὲ
1236 4751 1350 4803 οἵαν
1395 4751 1555 4814 αὐτὸς
1605 4751 1853 4807 ἐϐούλετο

1959 4752 2072 4806 veri
2106 4750 2300 4821 possit,
2330 4750 2582 4820 idemque
2627 4750 2811 4804 simul.
2837 4749 3101 4808 clliciendi
3131 4751 3240 4805 vim
3273 4752 3474 4806 habeat
3502 4771 3516 4806 :

276 4839 418 4892 κατά
453 4837 550 4911 τὴν
581 4839 770 4895 ἑαυτοῦ
803 4841 993 4912 σοφίαν
1037 4843 1257 4913 ἐποίησε
1309 4843 1408 4914 τὴν
1453 4843 1605 4917 ὕλην.
1638 4845 1696 4898 τὸ
1749 4863 1849 4899 πο-

279 4930 574 5006 λύμορφον,
609 4935 704 4988 καὶ
736 4933 1100 5005 παμποίκιλον
1131 4935 1230 5006 τῆς
1267 4935 1623 5008 δημιουργίας
1656 4938 1849 4992 ἑαυτοῦ

280 5023 472 5095 σχῆμα
522 5024 617 5078 καὶ
662 5025 831 5080 τύπον
882 5025 1374 5098 ὲνσφραγιζόμενος
1426 5029 1584 5100 αὐτῇ,
1636 5029 1730 5082 καὶ
1765 5027 1852 5082 εὕ-

353 5244 468 5317 (59)
511 5247 645 5300 Οὐδ’
677 5247 911 5314 ἐκεῖνοι,
945 5267 997 5303 κ.
1032 5267 1081 5302 τ.
1120 5249 1169 5302 λ.
1203 5248 1472 5306 Eusebius
1501 5252 1539 5306 l.
1573 5267 1622 5306 e.
1657 5253 1772 5308 haec
1801 5266 1854 5311 et

279 5317 857 5392 sequentiareeitans,
883 5322 954 5392 ita
988 5320 1364 5392 proloquitur:
1387 5321 1549 5392 Θήσω
1576 5323 1631 5375 δὲ
1668 5323 1850 5392 φωνὰς

273 5386 399 5464 τῶν
422 5387 528 5458 πρὸ
558 5388 714 5464 ἡμῶν
727 5391 807 5464 *τὸ
827 5386 1010 5464 *δόγμά
1036 5386 1491 5464 διημκριὸωκότων,
1511 5392 1605 5446 καὶ
1633 5386 1849 5464 πρώτου

373 5458 647 5545 ἀιονυσίου
668 5500 682 5524 ,
723 5459 782 5523 ὃς
803 5461 878 5545 ⁸ὲν
907 5458 982 5532 τῷ
1022 5458 1222 5545 πρώτῳ
1252 5462 1360 5545 τῷν
1394 5463 1530 5543 πρὸς
1563 5458 1848 5545 Σαδῖέλῇιον

278 5527 433 5596 αὐτῷ
465 5527 968 5651 γεγυμνασμένων,
1010 5527 1137 5584 τάδε
1186 5527 1314 5604 περὶ
1349 5527 1452 5586 τοῦ
1487 5534 1847 5606 προκειμένου

278 5598 505 5651 γράφει.
569 5611 764 5651 nsamet
796 5618 972 5651 eorum
995 5602 1148 5651 verba
1173 5603 1459 5651 nroducam
1488 5605 1578 5651 (mi
1604 5615 1725 5651 ante
1751 5621 1844 5651 ηης

278 5598 505 5722 χράφει.
534 5598 764 5668 Ipsamet
796 5618 972 5655 eorum
995 5602 1148 5655 verba
1173 5598 1459 5672 producam
1488 5598 1578 5672 qui
1604 5598 1725 5657 ante
1751 5621 1844 5660 nos

318 5685 381 5722 ac
419 5670 476 5722 in
516 5669 872 5722 disputatione
919 5673 1111 5722 versati
1153 5682 1308 5722 sunt.
1361 5683 1518 5722 atoue
1553 5675 1608 5722 in
1657 5676 1841 5722 mimis

309 5685 381 5744 uti:
419 5669 872 5744 inuisputatione
919 5673 1111 5744 versati
1153 5669 1308 5736 sunt,
1361 5669 1518 5744 atque
1553 5675 1608 5728 in
1657 5676 1841 5744 primis

284 5737 564 5814 Dionysii,
595 5737 691 5814 qui
715 5743 770 5795 in
801 5743 968 5810 primo
995 5742 1252 5814 librorum
1276 5737 1454 5798 eorum
1483 5761 1610 5814 quos
1644 5737 1701 5798 in
1739 5743 1841 5799 Sa-

284 5807 494 5864 bellium
517 5807 862 5878 elucubravit,
883 5819 1016 5868 hunc
1049 5815 1102 5867 in
1127 5813 1333 5868 modum
1361 5816 1424 5869 dc
1460 5807 1514 5870 re
1547 5825 1654 5871 tota
1677 5815 1846 5885 philo-
1897 5889 1918 5898 θ

1953 4844 2179 4898 materia
2214 4857 2345 4896 vero
2389 4841 2659 4897 contraria
2696 4841 2888 4896 subeat
2931 4841 3137 4906 omnia,
3173 4839 3371 4913 quippe
3398 4859 3523 4913 qua:

1954 4937 2065 5007 pati
2125 4935 2436 5004 mutarique
2487 4935 2677 5004 possit,
2739 4935 3074 5002 inconstans,
3127 4943 3183 4990 et
3237 4935 3522 5006 multiplici

1953 5026 2372 5095 configurationi
2420 5026 2677 5082 obnoxia.
2701 5024 2821 5081 Jam
2846 5029 2943 5096 qui
2975 5027 3198 5082 tandem
3226 5027 3372 5082 inter
3399 5043 3520 5082 sese

1954 5253 2226 5324 sopiretur.
2257 5249 2430 5324 Porro
2452 5253 2521 5306 ad
2539 5254 2640 5308 ista
2668 5252 2970 5309 Eusebiana
2995 5256 3108 5309 haec
3136 5253 3298 5324 habet
3325 5251 3518 5324 doctus

1955 5321 2223 5395 interpres
2254 5339 2266 5374 :
2309 5343 2326 5375 ι
2357 5323 2626 5395 Sabellius
2647 5365 2662 5390 ,
2710 5341 2740 5378 a
2779 5341 2887 5395 quo
2916 5321 3278 5380 Personarum
3321 5323 3381 5395 in
3413 5321 3514 5378 SS.

1953 5392 2151 5448 Triade
2172 5394 2449 5449 distinctio
2480 5393 2687 5448 nefarie
2720 5392 3036 5460 tollebatur,
3060 5396 3284 5448 alterum
3319 5392 3421 5445 hoc
3450 5395 3516 5448 de

1953 5472 2181 5537 materta
2223 5465 2494 5537 somnium
2536 5465 2614 5537 Aab
2661 5464 3006 5537 Hermogene
3036 5473 3334 5537 acceperat.
3387 5460 3515 5537 Plu-

1951 5549 2038 5588 res
2083 5533 2342 5589 advcrsus
2391 5534 2686 5589 Sabellium
2737 5531 2899 5592 istum
2953 5535 3122 5589 libros
3169 5531 3205 5587 ε
3256 5531 3514 5604 Dionysio

1951 5604 2319 5658 Alexandrino
2354 5604 2662 5662 elaboratos
2685 5622 2827 5670 esse,
2863 5621 2970 5658 non
3005 5615 3218 5659 tantum.
3243 5619 3434 5668 unum,
3457 5617 3516 5659 ut

1952 5689 2060 5730 non
2091 5688 2250 5729 nemo
2277 5675 2538 5738 credidit,
2569 5677 2654 5732 vel
2683 5677 2786 5733 hoc
2814 5675 3033 5733 Eusebii
3074 5676 3194 5732 loco
3225 5675 3516 5732 manifeste

1952 5744 2312 5802 convincitur.
2343 5764 2362 5799 ι
2399 5745 2566 5802 ϐιιι..
