3930 7156
543 330 686 387 1275

1508 333 1569 392 S.
1618 334 1917 395 DIONYSII
1954 336 2263 398 EPISCOP!
2313 334 2788 396 ALEXANDBINI

3580 337 3681 396 1276

540 455 663 502 erat
690 452 871 500 autem
904 444 1117 515 species
1155 445 1277 517 ejus
1320 434 1387 502 ut
1411 443 1616 520 fulgur,
1649 459 1704 505 et
1730 449 2111 507 indumentum

2235 452 2395 508 ἰάτων
2442 454 2509 523 τῇ
2558 445 2947 521 ἐπιφωσκούσῃ
2994 446 3078 510 τίς
3129 445 3252 517 μίαν
3294 444 3563 515 tam,
3592 446 3688 522 ἦλθε

541 540 666 610 ejus
707 537 890 593 album
928 549 988 592 ut
1017 538 1132 593 nix.
1170 540 1218 592 Δ
1248 539 1446 595 timore
1489 549 1672 596 autem
1711 542 1832 612 ejus
1865 544 2117 599 concussi

544 642 674 688 sunt
702 632 799 703 qui
815 631 1134 711 servabant,
1156 639 1211 687 et
1231 630 1361 688 facti
1384 628 1513 689 su‘nt
1540 642 1600 689 ut
1623 636 1849 690 mortui.
1872 634 2118 706 Respon-

546 722 683 780 dens
711 733 892 779 autem
936 723 1184 795 angelus,
1226 724 1367 780 dixit
1414 726 1737 782 mulieribus
1773 725 1883 783 :Ne
1935 727 2120 784 timete

548 829 666 881 vos,
695 815 814 871 scio
847 814 996 870 enim
1046 816 1195 886 quod
1245 813 1433 872 Jesum
1481 816 1800 879 cruciﬁxum
1831 818 2115 888 quaeritis:

526 898 657 961 ’nou
687 914 774 962 est
806 907 898 963 hic
922 925 937 962 :
962 907 1266 964 resurrexit
1294 908 1464 977 enim,
1491 908 1637 964 sicut
1664 909 1884 965 dixit“.
1924 908 1992 964 Id
2018 927 2120 966 au-

548 1008 654 1054 tem
680 997 820 1069 quod
843 998 1046 1052 dictum
1079 1007 1179 1066 est,
1206 1014 1452 1070 vespere,
1483 998 1582 1053 alii
1607 1000 1819 1070 quidem
1844 1002 2125 1057 existima~

474 1070 487 1085 ’
548 1090 678 1145 bunt
704 1090 992 1147 secundum
1020 1092 1163 1146 verbi
1210 1092 1643 1148 communitatem
1688 1094 1991 1165 signiﬁcare
2030 1111 2114 1150 ve-

549 1199 757 1254 sperum
789 1183 1013 1240 Sabbati
1029 1200 1050 1249 ;
1077 1185 1424 1255 sapientiores
1455 1193 1632 1241 autem
1671 1186 1727 1240 id
1760 1187 2120 1255 exaudientes,

499 1266 504 1272 ’
550 1291 653 1331 non
679 1277 801 1345 hoc,
832 1277 923 1331 sed
956 1276 1276 1349 profundam
1327 1286 1530 1332 noctem
1571 1294 1683 1333 esse
1721 1279 1920 1344 dicent,
1952 1280 2126 1359 tardi-

550 1379 715 1423 tatem
734 1379 783 1424 et
806 1368 1022 1440 longum
1050 1377 1254 1439 tempus
1279 1386 1486 1441 vespere
1511 1371 1864 1441 significante.
1899 1369 1968 1425 Et
1985 1370 2124 1442 quod

550 1468 756 1513 noctem
812 1460 944 1513 dicit
974 1468 1024 1514 et
1058 1475 1162 1514 non
1200 1475 1488 1528 uesperam,
1534 1459 1845 1530 subjunxit:
1869 1457 2007 1514 Cum
2040 1460 2126 1515 lu-

552 1558 791 1608 cesceret
827 1551 881 1604 in
908 1550 1139 1620 primam
1171 1550 1532 1627 hebdomadis
1558 1550 1740 1617 diem;
1774 1560 1824 1605 et
1858 1560 2125 1617 uenerunt,

554 1642 809 1707 nondum,
847 1652 905 1698 ut
934 1644 1121 1713 reliqui
1147 1643 1352 1711 dicunt,
1387 1652 1629 1697 aromata
1668 1644 1910 1713 ferentes,
1933 1643 2023 1699 sed
2058 1643 2128 1697 ad

554 1734 895 1803 spectandum
934 1736 1269 1806 sepulcrum,
1323 1744 1374 1791 et
1421 1735 1726 1789 invenerunt
1771 1735 1972 1805 factum
2018 1750 2130 1791 esse

2217 543 2411 614 Μαρία
2434 545 2468 613 ἡ
2490 539 2822 614 Μαγδαληνὴ
2850 539 2944 593 καὶ
2966 540 3000 611 ἡ
3035 537 3169 609 ἄλλη
3189 538 3367 609 Μαρία
3385 537 3609 610 θεωρῆσαι
3626 544 3691 597 τὸν

2217 636 2406 706 τάφον.
2434 635 2544 688 Καὶ
2578 634 2686 687 ἰδοὺ
2713 632 2935 703 σεισμὸς
2956 630 3173 701 ἐγένετο
3206 629 3393 702 μέγας’
3422 630 3697 709 ἄγγελοςτὰρ

2218 729 2424 803 Κυρίου
2465 727 2706 791 καταϐὰς
2753 725 2814 791 ἐξ
2853 722 3085 797 οὐρανοῦ
3122 721 3433 797 προσελθὼν,
3472 724 3700 782 ἀπεκύλισε

2217 818 2513 885 τὸνλίθον,
2558 817 2653 873 καὶ
2692 814 2927 888 ἐκάθητο
2959 812 3149 867 ἐπάνω
3184 811 3364 866 αὐτοῦ’
3392 807 3453 884 ἢν
3477 811 3527 867 δὲ
3558 816 3587 886 ἡ
3620 814 3700 870 illa

2219 911 2387 968 αὑτοῦ
2413 911 2489 975 ὡς
2519 908 2793 985 ἀστραπὴ,
2816 907 2912 963 καὶ
2941 907 3004 960 τὸ
3033 905 3236 977 ἔνδυμα
3259 905 3410 958 αὐτοῦ
3434 905 3593 959 λευκὸν
3610 906 3704 963 ὡσεὶ

2220 1003 2551 1078 χιών.·’Δπὸ
2595 1003 2653 1057 δὲ
2682 1001 2777 1056 τοῦ
2825 1002 2992 1072 φόϐου
3026 999 3217 1068 αὑτοῦ,
3265 998 3553 1071 ἐσείσθησαν
3582 1003 3622 1054 οἱ
3642 1019 3709 1075 τη-

2224 1097 2466 1172 ροῦντες,
2500 1095 2595 1150 καὶ
2621 1094 2874 1164 ἐγένοντο
2903 1093 3041 1147 ὡσεὶ
3070 1090 3274 1163 νεκροί.
3317 1089 3612 1162 ’Δποκριθεὶς
3632 1090 3712 1145 δὲὸ

2223 1192 2451 1262 ἄγγελος
2483 1188 2604 1245 εἷπε
2630 1191 2752 1254 ταῖς
2783 1186 2996 1258 γυναιξί
3015 1203 3031 1219 ·
3063 1185 3159 1258 Μὴ
3192 1182 3427 1255 φοϐεῖσθε
3465 1184 3614 1255 ὑμεῖς,
3632 1180 3714 1240 οἴδα

2223 1283 2334 1355 γὰρ
2358 1283 2442 1336 ὅτι
2480 1278 2687 1353 Ἰησοῦν
2713 1278 2804 1333 τὸν
2828 1277 3250 1350 ἐσταυρωμένον
3275 1273 3489 1345 ζητεῖτε,
3510 1275 3594 1326 οὐχ
3610 1274 3715 1329 ἔστιν

2223 1369 2354 1431 ὧδεν
2382 1373 2593 1448 ἡγέρθη
2617 1374 2726 1447 γὰρ
2756 1370 2938 1435 καθὼς
2981 1365 3126 1423 εἶπε.
3185 1366 3361 1423 Τοῦτο
3394 1364 3457 1420 δὲ
3483 1366 3538 1420 τὸ
3555 1367 3719 1439 λεχθὲν

2225 1466 2345 1537 ὀψὲ,
2381 1470 2434 1521 οὶ
2456 1464 2574 1537 μέν
2606 1482 2764 1532 τινες
2791 1462 3103 1531 οἰήσονται
3146 1457 3301 1514 κατὰ
3340 1458 3446 1527 τὴν
3475 1458 3719 1525 κοινότητα

2227 1560 2334 1615 τοῦ
2351 1558 2620 1631 ῥήματος
2645 1558 2762 1629 τὴν
2784 1556 3049 1626 ἑσπέραν
3067 1554 3306 1623 δηλοῦν
3330 1551 3430 1606 τοῦ
3457 1550 3718 1606 Σαθῖάιου·

2228 1657 2283 1709 οἱ
2310 1653 2377 1707 δὲ
2402 1651 2745 1723 σοφώτερον
2793 1650 3220 1716 ἐξακούω-τες,
3269 1647 3340 1700 οὐ
3390 1643 3570 1700 τοῦτο·
3608 1644 3724 1698 ἀλλὰ

2228 1747 2419 1802 νύκτα
2472 1745 2727 1812 βαθεῖαν
2772 1742 3019 1814 ἐροῦσιν
3067 1742 3228 1797 εἶναι
3241 1756 3256 1770 ’
3320 1736 3625 1806 ,ϐραδύτητα
3656 1735 3724 1790 sal

556 1838 713 1882 terrm
743 1836 967 1892 motum,
1000 1837 1050 1882 et
1077 1828 1321 1898 angelum
1369 1843 1529 1899 super
1572 1827 1802 1897 lapidem
1841 1830 2126 1893 sedentem,

2235 1839 2456 1911 μακρὸν
2491 1841 2713 1909 χρόνον
2740 1836 2850 1893 τοῦ
2894 1836 2998 1908 ὀψὲ
3038 1831 3400 1903 δηλοῦντος.
3429 1829 3527 1884 Kal
3560 1828 3631 1883 ὅτι
3656 1829 3727 1882 νύ-

555 1926 604 1972 et
629 1915 913 1971 audierunt
939 1917 1004 1971 ab
1034 1918 1148 1987 ipso
1173 1932 1192 1971 :
1212 1915 1332 1972 Non
1362 1925 1449 1973 est
1473 1917 1585 1986 hic,
1610 1918 1867 1974 surrexit.
1923 1918 2129 1974 Simili-

473 2070 484 2081 .
555 2022 634 2066 ter
657 2009 892 2066 Joannes
928 2025 948 2064 :
970 2009 1154 2066 Prima
1192 2010 1553 2067 hebdomadis
1597 2010 1757 2080 feria,
1784 2013 1978 2084 inquit,
2014 2012 2128 2068 Ma-

557 2104 639 2159 ria
667 2103 985 2175 Magdalene
1012 2104 1163 2160 venit
1189 2120 1369 2170 mane,
1410 2121 1539 2162 cum
1564 2115 1750 2162 essent
1775 2107 1954 2162 adhuc
1980 2116 2130 2163 tene-

558 2198 689 2263 brae,
718 2199 786 2254 ad
835 2195 1285 2264 monumentum;
1327 2208 1382 2254 et
1409 2196 1547 2255 vidit
1584 2200 1819 2271 lapidem
1852 2201 2126 2257 sublatum

557 2307 589 2346 ι
616 2298 972 2346 monumento
985 2290 1029 2322 ³³
1054 2307 1070 2357 ;
1125 2291 1216 2345 sed
1235 2290 1399 2359 juxta
1419 2291 1556 2346 illud
1578 2309 1704 2348 cum
1734 2293 1913 2349 adhuc
1945 2302 2132 2349 essent

558 2382 817 2448 tcuebrm,
848 2391 1209 2452 prtecesserat.
1259 2381 1433 2438 Lucas
1466 2394 1645 2441 autem
1692 2386 1863 2441 dicit:
1893 2384 2132 2441 Sabbato

556 2474 781 2543 quidem
814 2475 1138 2544 quieverunt
1190 2479 1494 2535 secundum
1550 2488 1904 2549 praeceptum.
1946 2478 2131 2534 Prima

558 2575 742 2623 autem
791 2567 1148 2624 hebdomadis
1197 2568 1330 2625 feria
1382 2584 1599 2625 summo
1636 2584 1797 2624 mane
1820 2569 1889 2625 ad
1939 2585 2174 2642 monu-_

559 2670 804 2715 mentum
825 2672 1115 2728 venerunt,
1135 2661 1372 2717 ferentes
1384 2676 1507 2733 qua:
1522 2671 1847 2733 paraverant
1861 2670 2129 2729 aromata,

559 2754 887 2809 invenerunt
936 2762 1119 2810 autem
1162 2755 1396 2826 lapidem
1437 2772 1469 2810 a
1509 2765 1867 2812 monumento
1919 2754 2127 2811 devolu-

561 2857 675 2902 tum
691 2847 757 2903 ³³.
794 2845 1072 2902 Summum
1107 2864 1262 2902 mane
1285 2848 1513 2917 fortasse
1540 2849 1860 2902 matutinum
1883 2846 2131 2918 splendo-

562 2953 692 3003 rem,
727 2939 818 3010 qui
857 2940 1006 3010 prius
1046 2939 1383 3009 subapparet,
1415 2941 1680 3012 signiﬁcat
1730 2941 1917 3011 prima:
1947 2940 2129 3011 feriat;

563 3041 615 3086 et
653 3034 906 3105 quoniam
936 3033 1054 3102 jam
1103 3035 1329 3102 perfecte
1355 3033 1625 3104 praterito
1652 3049 1774 3087 cum
1803 3042 1915 3088 tota
1953 3049 2134 3087 conse-

561 3133 747 3195 quente
780 3138 928 3180 nocte
966 3123 1224 3189 Sabbato,
1269 3134 1319 3179 et
1365 3126 1473 3181 alio
1516 3127 1599 3182 die
1636 3124 1939 3198 incipiente,
1985 3142 2134 3181 rene-

561 3227 684 3272 runt
714 3228 959 3273 aromata
989 3228 1037 3273 et
1063 3228 1329 3289 unguenta
1380 3219 1644 3290 ferentes;
1678 3220 1890 3291 quando
1912 3219 2031 3289 jam
2058 3220 2135 3274 ui-

560 3311 749 3365 delicet
777 3311 873 3364 diu
920 3321 1043 3365 ante
1072 3321 1399 3366 surrexerat.
1433 3310 1551 3366 Hoc
1586 3310 1803 3366 Marcus
1830 3328 2032 3384 quoque
2056 3328 2137 3368 se-

562 3404 765 3472 quitur,
790 3404 966 3457 dicens
985 3418 1004 3457 :
1023 3402 1283 3458 Emerunt
1310 3411 1578 3468 aromata,
1610 3412 1671 3459 ut
1704 3404 1984 3460 venientes
2010 3419 2135 3460 eum

562 3502 851 3564 ungerent.
884 3492 950 3548 Et
978 3494 1134 3550 valde
1188 3510 1349 3550 mane
1401 3494 1593 3565 primae
1632 3494 1782 3551 feria:
1812 3496 2038 3552 veniunt
2068 3496 2138 3552 ad

565 3594 985 3640 monumentum
1034 3594 1157 3641 orto
1195 3585 1310 3656 jam
1360 3586 1554 3641 sole“.
1590 3584 1757 3642 Valde
1798 3588 1938 3642 enim
1978 3603 2138 3645 mane

563 3679 650 3732 hic
679 3693 881 3749 quoque
905 3677 1060 3742 dixit,
1086 3678 1224 3747 quod
1251 3678 1390 3758 idem
1412 3687 1491 3733 est
1515 3695 1578 3733 ac
1623 3694 1844 3735 summo
1872 3679 2135 3747 diluculo,

563 3780 617 3827 et
653 3769 928 3839 subiunxit
952 3784 971 3823 :
997 3767 1131 3825 Orto
1170 3769 1285 3840 jam
1325 3770 1459 3825 sole.
1505 3769 1778 3842 Profectio
1825 3772 2058 3842 quidem,
2084 3782 2135 3828 et

565 3864 669 3917 iter
694 3878 879 3917 earum
901 3877 1105 3916 summa
1131 3860 1364 3916 diluculo
1379 3872 1428 3916 et
1453 3863 1604 3917 valde
1627 3877 1780 3918 mane
1815 3861 2050 3932 incepit;
2079 3866 2137 3920 in

567 3957 762 4012 itinere
805 3966 986 4010 autem
1018 3964 1068 4010 et
1115 3959 1256 4010 circa
1286 3968 1702 4023 monumentum,
1726 3972 1931 4011 moram
1964 3965 2130 4011 traxe-

567 4058 694 4102 runt
722 4064 886 4119 usque
909 4048 979 4102 ad
1019 4056 1197 4101 ortum
1230 4048 1362 4102 solis
1379 4064 1399 4112 ,°
1422 4056 1471 4101 et
1505 4048 1581 4102 eis
1604 4048 1831 4119 quidam
1858 4057 1982 4102 tunc
2008 4048 2142 4102 dicit

568 4140 871 4196 adolescens
900 4140 1254 4194 candidatus:
1278 4138 1620 4213 Resurrexit,
1639 4155 1745 4195 non
1772 4151 1856 4195 est
1875 4140 1985 4195 hic.
2011 4138 2142 4195 Ηιεο

568 4243 748 4288 autem
773 4248 892 4286 cum
929 4232 1005 4285 ita
1027 4247 1081 4285 se
1105 4231 1352 4297 habeant,
1376 4231 1473 4284 ltoc
1496 4230 1564 4286 iis
1587 4231 1677 4302 qui
1700 4232 2000 4286 accuratius
2027 4230 2144 4287 sub-

569 4325 822 4397 tiliusque
859 4323 1217 4390 considerant,
1266 4323 1605 4378 enuntiamus
1654 4333 1816 4393 quota
1875 4322 2028 4390 hora,
2065 4323 2144 4380 vel

568 4418 732 4473 etiam
762 4415 1085 4473 semihorula
1124 4414 1202 4469 vel
1247 4422 1440 4485 quarta
1484 4413 1648 4496 liora,
1678 4423 1881 4484 oportet
1912 4415 2144 4485 incipere

2230 1949 2343 1988 κτα
2370 1931 2534 2003 λέγει
2560 1931 2660 1986 καὶ
2693 1931 2805 2000 οὐχ
2834 1928 3126 1998 ἑσπέραν,
3170 1924 3451 1995 ἐπήγαγε,
3480 1923 3549 1993 Τῇ
3578 1922 3749 1990 ὲπιφω-’

2233 2022 2437 2095 σκούσῃ
2467 2024 2547 2087 εἰς
2577 2020 2701 2094 μίαν
2733 2018 3055 2075 Σαὸϐάτωψ
3091 2016 3195 2072 καὶ
3218 2010 3393 2087 ἧκον,
3419 2010 3581 2074 οὔπω,
3611 2009 3672 2076 ὡς
3694 2012 3730 2062 al

2231 2115 2433 2171 λοιποί
2454 2130 2626 2185 φασι,
2657 2112 2731 2167 τὰ
2757 2111 3034 2183 ἀρώματα
3062 2109 3386 2180 φέρουσαι,
3414 2105 3561 2160 ἀλλὰ
3578 2100 3733 2172 θεωρῆ-

2232 2222 2337 2262 σαι
2364 2205 2473 2260 τὸν
2508 2204 2721 2276 τάφον,
2750 2203 2849 2258 καὶ
2880 2198 3058 2272 εὖρον
3084 2200 3199 2256 τὸν
3224 2196 3477 2269 σεισμὸν
3519 2196 3733 2266 γεγονότα

2234 2295 2333 2351 καὶ
2377 2296 2717 2367 καθήμενον
2750 2293 2860 2349 τὸν
2884 2292 3146 2365 ἄγγελον
3196 2291 3300 2346 ἐπὶ
3326 2287 3433 2344 τοῦ
3469 2287 3637 2349 λίθου,
3667 2284 3736 2338 καί

2234 2391 2533 2459 ἀκηκόασι
2584 2389 2722 2459 παρ’
2771 2386 2992 2444 αὐτοῦ·
3037 2385 3157 2440 Οὐκ
3209 2383 3358 2438 ἐστιν
3408 2373 3523 2445 ὧδε,
3565 2376 3734 2449 ἠγέρθη.

2247 2482 2489 2553 Ὁμοίως
2544 2485 2579 2538 ὁ
2645 2480 2954 2551 Ἰωάννης’
3022 2482 3113 2534 Ἐν
3176 2480 3280 2551 μιᾷ
3328 2477 3436 2532 τῶν
3478 2472 3736 2530 Σαϐϐάτων.

2234 2572 2612 2647 φησί,Μαρία
2638 2576 2673 2647 ἡ
2698 2572 3030 2645 Μαγδαληνὴ
3052 2568 3191 2644 ἦλθε.
3220 2566 3369 2642 πρωῒ
3397 2565 3591 2630 σκοτίας
3606 2560 3740 2617 inob-

2238 2684 2339 2739 σης
2368 2668 2447 2731 εἰς
2472 2667 2538 2722 τὸ
2572 2667 2863 2740 μνημεῖον*
2911 2666 3009 2720 καὶ
3047 2663 3240 2735 βλέπει
3277 2661 3370 2716 τὸν
3410 2659 3544 2713 λίθον
3566 2654 3742 2728 ἠρμένον

2236 2759 2346 2813 ἀπὸ
2371 2758 2463 2813 τοῦ
2496 2759 2759 2832 μνημείου
2777 2774 2796 2791 ’
2827 2757 2996 2827 πλὴν
3038 2755 3207 2825 παρὰ
3241 2752 3444 2822 τοῦτο,
3472 2747 3654 2814 σκοτίας
3684 2747 3738 2800 ἔτι

2235 2850 2422 2924 οὔσης,
2450 2852 2866 2922 προεληλύθει.
2912 2851 2975 2905 '0
3000 2848 3068 2904 δὲ
3109 2847 3360 2915 Λουκᾶς
3398 2860 3564 2916 Seqor
3593 2841 3652 2895 Τὸ
3675 2840 3741 2911 μὲν

2236 2944 2510 3002 Σάϐϐατον
2533 2946 2814 3017 ἡσύχασαν
2841 2942 2983 2998 κατὰ
3007 2941 3106 3014 τὴν
3133 2941 3363 3014 ἐντολήν
3378 2956 3392 2971 °
3417 2941 3480 3010 τῇ
3507 2936 3559 2991 δὲ
3579 2933 3743 3008 μιᾷτῶν

2235 3037 2565 3104 Σαϐϐάτων,
2607 3036 2805 3110 ὄρθρου
2839 3035 3027 3109 βαθέος
3059 3034 3154 3089 ἐπὶ
3195 3035 3261 3089 τὸ
3291 3032 3478 3105 μνῆμα
3499 3026 3654 3102 ἧλθσνν
3682 3024 3745 3093 ii‘

2239 3147 2429 3203 ρουσαι
2476 3131 2513 3186 ἃ
2553 3130 2859 3203 ἡτοίμασαν
2907 3127 3212 3201 ἀρώματα·
3261 3122 3424 3200 εὖρον
3465 3124 3519 3179 δὲ
3545 3122 3622 3178 τὸν
3643 3117 3745 3173 λίθον

2235 3221 2733 3295 ἀποκεκυλισμένον
2765 3220 2875 3275 ἀπὸ
2903 3219 2999 3275 τοῦ
3050 3218 3349 3292 μνημείου.
3393 3219 3455 3272 '0
3485 3213 3655 3283 ,βαθὺς
3678 3208 3745 3275 59‘

2237 3317 2376 3383 θρος
2405 3313 2555 3381 ισως
2581 3310 3184 3384 προῦποφαινομένην
3206 3310 3407 3379 αὐτὴν
3439 3306 3658 3375 ἑωθινὴν
3672 3305 3746 3375 ἐμ-

2236 3401 2464 3473 φανίζει
2505 3403 2617 3474 τῆς
2640 3403 2783 3474 μιᾶς
2818 3402 2941 3457 τῶν
2977 3399 3322 3465 Σαϐϐάτων,
3357 3398 3456 3454 διὰ
3488 3397 3584 3452 τοῦ
3605 3411 3748 3464 παρφ-

2236 3497 2498 3565 χηκότος
2541 3495 2659 3566 ἤδη
2703 3495 2944 3563 τελείως
2984 3493 3108 3549 σὺν
3144 3493 3229 3564 τῇ
3277 3493 3408 3565 μετ’
3448 3488 3581 3546 αὐτὸ
3628 3485 3749 3542 νυκτὶ

2237 3588 2407 3658 πάσῃ
2438 3587 2545 3643 τοῦ
2579 3586 2908 3653 Σαὸὅάτου,
2939 3585 3039 3641 καὶ
3069 3585 3283 3655 ἐτέρας
3313 3580 3628 3654 ἀρχομένης
3655 3576 3750 3647 ήμέ·

2230 3696 2367 3749 ρας,
2407 3674 2601 3750 ἦλθον
2639 3680 2714 3736 τὰ
2751 3664 3029 3750 ἀρώματα
3055 3678 3154 3733 καί
3201 3676 3276 3732 τὰ
3313 3676 3476 3746 μῦρα
3501 3672 3749 3744 φέρουσαν

2239 3771 2339 3827 ὅτε
2368 3768 2560 3841 δῆλον
2584 3772 2666 3840 ὡς
2692 3773 3034 3841 ἀνειστήκει
3059 3769 3170 3840 πρὸ
3201 3769 3462 3825 πολλοῦ.
3481 3769 3647 3830 Τούτῳ
3661 3780 3754 3818 κοτ-

2238 3864 2560 3920 ακολουθεῖ
2585 3865 2685 3920 καί
2717 3866 2751 3920 ό
2777 3862 3024 3933 Μάρκος
3059 3862 3291 3932 λέγων’
3331 3860 3619 3932 Ἥγὸρασαν
3658 3853 3757 3927 ἀρώ-

2246 3974 2392 4029 ματα
2419 3956 2509 4011 ῐνα
2555 3954 2808 4010 ἐλθοῦσαι
2835 3953 3128 4027 ἀλείψωσιν
3160 3952 3349 4008 αὐτόν.
3392 3953 3502 4005 Καὶ
3535 3949 3637 4003 λίαν
3658 3945 3758 4016 πρωῒ

2240 4047 2343 4119 τῆς
2372 4049 2500 4119 μιᾶς
2525 4045 2821 4102 Σαϐΰάτων
2849 4046 3095 4119 ἔρχονται
3117 4044 3211 4098 ἐπὶ
3235 4044 3304 4098 τὸ
3335 4045 3584 4115 μνημεῖον
3606 4036 3759 4092 ἀνατεί-

2242 4138 2433 4205 λαντος
2463 4137 2555 4193 τοῦ
2585 4139 2759 4212 ἡλίου.
2795 4139 2929 4194 Δίαν
2951 4138 3069 4209 μὲν
3091 4137 3204 4208 γὰρ
3241 4135 3395 4209 πρωϊ
3418 4136 3514 4190 καὶ
3544 4129 3693 4196 οὗτος
3706 4124 3759 4181 εί-

2245 4247 2362 4289 πεν
2388 4274 2404 4300 ,
2453 4232 2598 4303 ὅπερ
2629 4233 2851 4288 ταύτόν
2890 4231 3022 4285 ἐστι
3073 4228 3155 4296 τῷ
3205 4228 3404 4301 βαθέος
3454 4226 3661 4300 ὄρθρου,
3694 4220 3759 4273 καί

2245 4323 2581 4395 ἐπήγαγεν,
2626 4323 3004 4386 ἀνατείλαντος
3045 4319 3141 4375 τοῦ
3180 4319 3359 4391 ἡλίου.
3418 4319 3485 4374 Ἦ
3518 4315 3624 4387 μὲν
3646 4310 3755 4382 ὁρμὴ

2246 4416 2346 4471 καὶ
2366 4418 2406 4486 ἡ
2441 4415 2581 4483 ὁδὸς
2606 4414 2824 4481 αὐτῶν,
2851 4411 3046 4483 δῆλον
3080 4413 3162 4480 ὡς
3194 4411 3415 4482 ὄρθρου
3439 4408 3664 4477 βαθέος,
3695 4402 3762 4458 καὶ

570 4509 821 4565 ίωιὶιὲαηι
845 4507 909 4562 ob
936 4506 1152 4561 Domini
1181 4507 1351 4562 nostri
1374 4523 1408 4560 α
1436 4494 1659 4561 mortuis
1687 4507 2134 4562 resurrectionem.

2247 4509 2390 4563 λίαν
2417 4506 2569 4576 πρωῒ
2594 4506 2917 4575 κατήρχθη.
2950 4503 3315 4574 Παρέτειναν
3341 4501 3413 4557 δὲ
3440 4499 3584 4557 κατά
3614 4494 3762 4567 τεξτὴν

572 4600 680 4655 Eos
704 4600 914 4672 quidem
939 4584 1031 4671 qui
1074 4599 1299 4653 nimium
1324 4598 1599 4669 festinant,
1642 4607 1693 4655 et
1750 4607 1872 4654 ante
1911 4600 2142 4655 mediam

570 4699 781 4747 noctem
833 4700 1081 4762 surgunt,
1111 4699 1169 4745 ut
1212 4699 1597 4762 contemptores
1644 4700 1694 4747 et
1740 4692 2145 4762 intemperantes

573 4782 1024 4853 reprehendimus,
1069 4792 1128 4837 ut
1170 4784 1261 4854 qui
1304 4784 1678 4854 propemodum
1719 4795 2000 4855 antequam
2047 4802 2147 4856 par

571 4876 664 4940 sit,
696 4891 912 4930 cursum
957 4876 1283 4945 abruperint,
1311 4877 1517 4932 dicente
1564 4879 1677 4932 viro
1730 4878 1962 4948 sapiente
1984 4893 2003 4932 :
2023 4876 2141 4935 Non

572 4983 768 5039 parum
800 4975 886 5023 est
929 4966 986 5021 in
1040 4967 1172 5030 vita,
1211 4965 1358 5036 quod
1390 4983 1579 5037 parum
1605 4968 1776 5024 abest.
1830 4968 1937 5023 Eos
1969 4977 2145 5022 autem

572 5060 664 5133 qui
689 5059 965 5129 differunt,
994 5071 1046 5112 et
1068 5057 1356 5129 plurimum
1387 5060 1679 5130 perferunt,
1709 5071 1759 5115 et
1793 5060 1863 5114 ad
1893 5069 2144 5132 quartam

572 5170 737 5225 usque
769 5152 1006 5224 uigiliam
1038 5151 1248 5222 fortiter
1283 5151 1566 5219 abstinent,
1595 5154 1648 5208 in
1673 5171 1779 5225 qua
1806 5155 1969 5208 etiam
1995 5155 2145 5209 navi-

572 5245 822 5318 gantibus
855 5242 1108 5301 Servator
1128 5255 1305 5301 noster
1325 5246 1381 5300 in
1402 5247 1542 5301 mari
1571 5246 1848 5303 ambulans
1871 5248 2142 5318 apparuit,

574 5351 633 5395 ut
663 5355 935 5412 generosos
982 5347 1034 5394 et
1083 5338 1326 5393 laborum
1371 5339 1654 5395 tolerantes
1692 5340 2033 5410 suscipimus.
2062 5337 2141 5392 Iis

575 5444 753 5488 autem
789 5431 878 5504 qui
926 5431 1129 5486 interea
1178 5439 1235 5485 ut
1282 5431 1414 5485 moti
1466 5440 1611 5498 sunt,
1636 5432 1715 5486 vel
1750 5441 1807 5485 ut
1838 5439 2141 5503 potuerunt,

576 5524 874 5595 quiescunt,
916 5540 1020 5579 non
1048 5522 1201 5578 ualde
1236 5523 1442 5580 molesti
1473 5524 1640 5581 simus
1669 5539 1689 5579 :
1720 5525 2146 5596 quandoquidem

538 5594 549 5610 ’
577 5594 671 5671 nec
692 5615 1125 5686 sexjejuniorum
1162 5617 1272 5670 dies
1300 5614 1597 5687 mqualiter,
1628 5594 1999 5672 necsimiliter
2032 5632 2145 5670 om.-

2247 4600 2496 4671 πορείαν
2527 4599 2624 4653 καὶ
2672 4598 2805 4666 περὶ
2843 4597 2908 4652 τὸ
2938 4595 3235 4668 μνημεῖον
3271 4594 3663 4665 διατρίϐουσιν
3692 4586 3763 4657 μέ-

2246 4710 2382 4765 χρις
2411 4687 2713 4759 ἀνατολῆς
2731 4689 2910 4757 ἡλίου
2926 4703 2940 4718 ·
2974 4687 3073 4741 καὶ
3100 4685 3264 4757 λέγει
3294 4687 3399 4741 καὶ
3425 4687 3556 4740 τότε
3578 4682 3763 4741 ταύταις

2248 4788 2282 4840 ό
2339 4783 2661 4847 νεανίσκος
2717 4783 2752 4834 ό
2808 4780 3201 4850 λευχείμιυν·⁵
3236 4779 3499 4851 Ἠγέρθη,
3527 4776 3620 4829 οὐκ
3657 4772 3763 4825 ἔστιν

2250 4871 2372 4933 ὧδε.
2408 4877 2636 4932 Τούτων
2673 4873 2861 4939 οὕτως
2893 4872 3193 4942 ἐχόντων,
3228 4872 3407 4928 τοῦτο
3434 4869 3555 4938 τοῖς
3588 4865 3764 4936 ἀκριϐο-

2248 4968 2635 5041 λογιὶυμένοις
2677 4965 3125 5035 ἀποφαινόμεθα
3165 4965 3319 5021 κατὰ
3366 4963 3544 5018 ποίαν
3585 4954 3764 5028 ῶρανῆ

2244 5063 2343 5119 καὶ
2386 5061 2561 5115 ποῖον
2602 5058 2883 5129 ἡμιώριον
2933 5058 2975 5128 ἢ
3006 5058 3165 5129 ὧρας
3206 5058 3490 5128 τέταρτον
3532 5053 3767 5124 ἄρχεσθαι

2245 5153 2516 5226 προσῆκε
2540 5150 2651 5221 τῆς
2681 5149 2782 5205 ἐπὶ
2815 5149 2893 5220 τῇ
2922 5151 3029 5206 τοῦ
3056 5152 3280 5221 Κυρίου
3304 5151 3475 5223 ἡμῶν
3499 5150 3566 5204 ἐκ
3587 5141 3767 5214 νεκρῶν

2245 5245 2577 5305 ἀναστάσει
2611 5241 2816 5315 χαρᾶς.
2862 5244 3008 5311 Τοὺς
3034 5243 3153 5314 μὲν
3176 5244 3321 5300 λίαν
3346 5241 3767 5312 ἐπιταχύναντας

2247 5341 2348 5397 καὶ
2372 5337 2485 5409 πρὸ
2512 5336 2733 5404 νυκτὸς
2758 5336 2938 5408 ἐγγὺς
2961 5336 3081 5407 ἤδη
3095 5340 3405 5408 μεσούσης
3422 5335 3693 5398 ἀνιέντας,
3707 5328 3767 5392 ὡς

2249 5431 2571 5502 ὀλιγώρους
2602 5428 2701 5484 καί
2718 5427 3012 5498 ἀκρατεῖς,
3035 5431 3398 5501 μεμφόμεθα,
3431 5429 3513 5497 ὡς
3536 5424 3660 5498 παρ’
3678 5419 3767 5475 ὀλί-

2249 5541 2359 5595 γον
2399 5522 2929 5592 προκαταλύοντας
2959 5520 3067 5576 τὸν
3099 5521 3339 5593 δρόμον,
3375 5520 3645 5592 λέγοντος
3683 5514 3766 5569 ἀνθ

2251 5617 2393 5687 δρὸς
2421 5616 2649 5697 σοφοῦ·
2706 5616 2782 5671 Οὐ
2838 5615 3032 5688 μικρὸν
3076 5617 3136 5669 ὲν
3183 5615 3283 5689 βίῳ
3308 5616 3368 5669 τὸ
3417 5614 3561 5687 παρὰ
3589 5604 3762 5685 μικράνι

655 5804 691 5839 ³⁸
716 5804 911 5866 Matth.
948 5820 1143 5877 xsvm,
1171 5805 1282 5862 1-6.
1359 5807 1402 5839 ⁸’
1432 5805 1588 5863 Joan.
1629 5822 1720 5876 xx,
1756 5806 1805 5863 l.
1885 5804 1927 5839 "
1953 5805 2085 5864 Luc.
2122 5823 2134 5863 ι

2236 5821 2291 5876 ι,
2322 5804 2424 5877 56;
2457 5820 2615 5873 xxiv,
2646 5788 2774 5881 ιβ.
2849 5802 2893 5838 ⁸⁵
2921 5801 3088 5860 Marc.
3120 5820 3207 5861 svi
3230 5843 3246 5873 ,
3278 5805 3327 5871 l,
3356 5804 3409 5872 2,
3439 5803 3492 5858 ti.
