3972 6318
290 377 427 435 1277

1063 360 1402 426 EPISTOLA
1438 345 1786 416 CANONlCA
1828 353 1918 409 AD
1957 345 2323 406 BASILIDEM
2355 338 2780 410 EPISCOPUM,

3394 325 3532 382 1278

284 497 429 564 Τοὺς
483 495 552 549 δὲ
601 485 1104 563 ὐφυστεριζοντας
1160 486 1258 540 καί
1302 480 1712 551 ηδιαρκοῦντας
1757 478 1854 532 ἐπὶ

1966 491 2048 530 nes
2079 478 2422 543 exspectant;
2459 466 2549 521 sed
2585 463 2682 519 alii
2732 461 2961 533 quidem,
3004 458 3085 512 vel
3136 470 3311 511 omnes
3355 461 3534 505 trans-

2240 563 2246 564 γ
2291 562 2299 564 μ
2389 562 2397 564 ς
2726 563 2729 564 ν
2985 551 2996 564 .
3446 542 3534 564 μη,

276 588 587 650 πλεῖστον,
621 583 718 638 καὶ
758 581 935 652 μέχρι
962 579 1248 648 τετάρτης
1281 571 1558 646 φυλακῆς
1581 571 1853 643 διεγκαρ-

275 678 618 749 τεροῦντας,
653 674 780 730 καθ’
820 673 902 742 ἦν
947 671 1047 726 καὶ
1075 670 1198 736 τοῖς
1231 668 1530 722 πλέουσιν
1575 667 1607 720 ό
1649 662 1854 731 Σωτὴρ

277 771 448 841 ημῶν
472 766 809 839 περιπατῶν
845 763 944 820 ἐπὶ
970 763 1080 832 τῆς
1108 761 1426 828 θαλάσσης
1446 756 1715 828 ἐπεφάνη
1736 795 1752 820 ,
1774 756 1855 821 ὠς

275 861 592 932 γενναίους
621 858 720 912 καὶ
747 858 1118 928 φιλοπόνους
1143 852 1572 921 ἀποδεχόμεθα.
1623 849 1750 915 Τοῖς
1787 847 1856 901 δὲ

271 951 499 1023 μεταξὺ
524 952 605 1018 ὠς
625 947 997 1031 έκινήθησαν
1019 945 1057 1014 ἢ
1078 946 1157 1010 ὡς
1176 941 1573 1012 ἠδυνήθησαν
1589 941 1855 995 ἀναπαυ-

276 1041 584 1112 σαμένοις,
606 1027 692 1109 μὴ
735 1037 895 1091 πάνυ
929 1033 1286 1106 διοχλῶμενο
1315 1030 1447 1086 ἐπεὶ
1465 1029 1621 1102 μηδὲ
1647 1030 1754 1096 τὰς
1786 1027 1856 1094 ἐξ

276 1133 398 1189 τῶν
428 1129 726 1201 νηστειῶν
760 1127 987 1200 ἡμέρας
1017 1127 1162 1193 ἴσως
1194 1123 1350 1195 μηδὲ
1385 1123 1600 1193 ὁμοίως
1634 1121 1855 1187 πάντες

273 1221 698 1293 διαμένουσινθ
734 1218 871 1273 ἀλλ’
903 1221 956 1271 οἱ
984 1214 1101 1285 μὲν
1125 1215 1223 1268 καὶ
1263 1212 1465 1279 πάσας
1507 1211 1854 1281 ὑπερτιθέα-

275 1333 383 1373 σιν
419 1316 616 1371 ἄσιτοι
653 1311 1089 1376 διατελοῦντες,
1120 1311 1174 1363 οἱ
1201 1307 1269 1362 δὲ
1295 1307 1428 1373 δύο,
1456 1309 1511 1360 ol
1562 1304 1630 1358 δὲ
1666 1303 1854 1374 τρεῖς,

276 1413 333 1466 ol
387 1408 460 1463 δὲ
505 1407 828 1476 τέσσαρας,
879 1407 932 1458 οί
982 1401 1051 1456 δὲ
1085 1400 1388 1471 οὐδεμίαν.
1436 1398 1548 1453 Καὶ
1577 1398 1702 1464 τοῖς
1737 1395 1856 1466 μὲν

274 1500 438 1556 πάνυ
476 1496 928 1566 διαπονηθεῖσιν
965 1495 1035 1548 ἐν
1079 1493 1210 1560 ταῖς
1249 1489 1680 1560 ὐπερθέσεσιν,
1729 1484 1859 1542 εἶτα

273 1590 657 1661 ἀποκαμοῦσι
684 1587 783 1642 καὶ
810 1585 1073 1657 μονονοὺ
1118 1583 1490 1646 ἐκλείπουσι,
1538 1579 1858 1651 συγγνώμη

279 1683 391 1752 τῆς
429 1679 761 1751 ταχυτέρας
804 1679 1088 1749 γεύσεως.
1128 1678 1201 1730 Ei
1241 1673 1308 1728 δέ
1355 1689 1516 1738 τινες
1555 1673 1668 1740 οὺχ
1702 1669 1862 1736 ὅπως

275 1779 391 1846 οὐχ
428 1771 892 1844 ὑπερτιθέμενοι,
932 1767 1094 1844 ἀλλὰ
1133 1765 1288 1838 μηδὲ
1323 1764 1775 1833 νηστεύσαντες
1820 1760 1859 1829 ἢ

1957 542 2200 630 mittunt,
2221 562 2399 633 jejuni
2424 563 2810 630 permanentes,
2843 551 2938 606 alii
2962 551 3116 614 duos,
3141 547 3238 602 alii
3271 555 3396 610 tres,
3436 542 3535 596 alii

1956 631 2233 728 quatuor;
2276 631 2377 705 aut
2440 646 2670 703 nullum.
2724 642 2790 697 Ει
2846 642 2915 695 iis
2961 639 3170 709 quidem
3203 635 3291 706 qui
3321 634 3376 687 in
3421 631 3530 684 illis

1959 722 2386 803 lransmittendis
2431 739 2586 796 valde
2640 735 3032 796 laboraverunt,
3092 727 3280 783 deinde
3337 722 3532 792 defessi

1957 849 2102 908 sunt,
2126 847 2174 894 et
2205 833 2580 908 propemodum
2603 829 2873 900 deﬁciunt,
2895 821 3266 896 ignoscendum
3285 825 3361 870 est
3389 814 3536 886 quod

1957 935 2179 990 celerius
2207 940 2440 1004 gustent.
2471 925 2531 982 Si
2567 925 2656 996 qui
2692 930 2867 976 autem
2893 934 2994 972 non
3043 914 3196 968 modo
3223 926 3324 964 non
3356 918 3532 962 trans-

1954 1027 2133 1082 missis
2182 1001 2273 1080 sed
2303 1040 2364 1078 ne
2378 1017 2640 1092 jejunatis
2669 1012 2901 1086 quidem,
2936 1008 3014 1063 uel
3060 1007 3220 1062 etiam
3249 1003 3304 1057 in
3334 1001 3533 1055 delira-

1957 1122 2026 1176 tis
2072 1117 2418 1190 opiparisque
2467 1109 2740 1171 conviciis,
2769 1101 3091 1171 consumptis
3120 1091 3534 1169 prwcedentibus

1957 1397 2254 1452 Parasceve
2275 1402 2324 1446 et
2360 1388 2614 1452 Sabbato,
2647 1397 2918 1454 magnum,
2951 1375 3078 1448 quid
3099 1385 3147 1428 et
3192 1369 3454 1442 egregium
3481 1381 3538 1419 se

1961 1489 2136 1560 facere
2177 1485 2512 1548 existimant,
2547 1479 2594 1533 si
2637 1476 2706 1530 ad
2759 1485 3013 1528 auroram
3042 1480 3204 1535 usque
3233 1472 3534 1532 permanse-

1962 1581 2102 1640 rint;
2149 1593 2254 1632 non
2290 1574 2538 1629 existimo
2585 1584 2672 1623 eos
2718 1579 2782 1620 ea:
2830 1578 2978 1633 a’quo
3011 1567 3273 1613 certamen
3313 1550 3538 1606 subiisse

1962 1688 2082 1726 cum
2105 1671 2168 1724 iis
2195 1669 2286 1741 qui
2309 1684 2363 1722 se
2383 1662 2623 1738 pluribus
2637 1660 2819 1715 diebus
2839 1656 2989 1726 prius
3014 1654 3381 1707 exercuerunt.
3409 1642 3538 1698 licet:
3652 1689 3656 1702 ,

1964 1763 2198 1836 quidem,
2230 1770 2288 1815 ut
2324 1758 2516 1826 sentio,
2542 1757 2819 1812 consulens
2849 1748 2912 1803 de
2935 1748 3073 1800 hisce
3094 1741 3302 1811 scripsi.

277 1832 820 1938 καῖτρυςέήσαντες
1035 1832 1418 1936 προαγούσας
1456 1855 1779 1924 τέσσαρας,
1831 1850 1959 1909 εἷτα
1976 1832 2268 1922 νέλθόντες
2291 1842 2394 1907 ἐπί
2419 1851 2527 1918 τὰς
2549 1845 2894 1909 τελευταίας
2916 1841 3024 1895 δύο
3052 1837 3151 1892 καὶ
3183 1837 3375 1907 μόνας
3399 1832 3543 1906 ἡμέε-

223 1957 226 1961 ’
269 1984 407 2036 ρας,
430 1927 619 2032 αὑτὰς
643 1927 1222 2032 ὑπερτιθέντεςξτήν
1245 1973 1310 2010 τε
1336 1952 1740 2023 Παρασκευὴν
1756 1951 1857 2006 καὶ
1884 1952 1952 2006 τὸ
2015 1951 2338 2016 Σάϐϐατον,
2376 1951 2530 2020 μέγα
2563 1964 2620 2000 τι
2666 1943 2765 1998 καὶ
2824 1936 3101 2010 λαμπρὸν
3150 1930 3344 1988 ποιεῖν
3373 1929 3540 1996 νομι-
3568 1927 3773 2019 Πὲιέλα
3792 1941 3873 1977 σί(

276 2058 483 2121 ζουσιν
511 2059 588 2114 ἂν
616 2058 794 2128 μέχρι
815 2056 926 2127 τῆς
954 2056 1029 2110 ἕω
1064 2053 1482 2124 διαμείνωσιν,
1545 2052 1658 2105 οὐκ
1721 2045 1881 2119 οἶμαι
1916 2038 2032 2119 τήν
2077 2049 2223 2117 ἴσην
2255 2047 2516 2116 ἄθλησιν
2571 2040 2793 2106 αὐτοὺς
2829 2034 3209 2103 πεποιῆσθαι,
3263 2027 3388 2094 τοῖς
3435 2027 3540 2093 τὰς

271 2155 566 2221 πλείονας
591 2152 810 2222 ἡμέρας
855 2151 1293 2222 προησκηκόσι.
1348 2146 1537 2202 Ταῦτα
1570 2144 1707 2215 μὲν,
1744 2146 1824 2212 ὡς
1856 2144 2076 2215 φρονῶ,
2105 2143 2537 2214 συμϐουλεύων
2563 2138 2695 2207 περὶ
2729 2136 2957 2190 τούτων
2975 2130 3228 2202 ἔγραψα.

345 2213 557 2301 ΒΑΛΣί
959 2213 1511 2312 τινὸς-ἐρωτήσαντος
1557 2213 1647 2290 τὸν
1683 2213 1863 2306 μέγαν

2028 2213 2193 2288 ΒΑιε.
2227 2231 2366 2288 Cum
2401 2231 2696 2302 episcopus
2727 2224 2951 2296 quidam
2983 2230 3242 2289 magnum
3269 2213 3420 2267 hunc
3438 2226 3540 2262 an-

274 2336 537 2411 ἀρχιερέα
559 2335 765 2399 τοῦτον,
792 2333 913 2388 καθ’
937 2333 1003 2405 ἣν
1032 2331 1179 2403 ὥραν
1202 2329 1400 2398 ἀνέστη
1425 2330 1454 2380 ὁ
1478 2326 1735 2399 Χριστὸς,
1764 2326 1857 2394 ἐφ’

277 2425 323 2500 ᾧ
355 2431 498 2485 κατὰ
515 2428 613 2501 τὴν
655 2427 762 2500 πρὸ
799 2425 1000 2498 ταύτης
1039 2423 1186 2497 ὥραν
1234 2421 1650 2493 ἀπονηστίζειν,
1681 2422 1710 2473 ὁ
1756 2419 1860 2490 ἀρον

276 2524 499 2595 χιερεὺς
546 2519 807 2594 προέθετο
851 2519 935 2572 ὅτι
967 2519 1003 2589 ἡ
1050 2513 1212 2588 ἑορτὴ
1253 2513 1347 2568 τοῦ
1381 2513 1574 2582 Πάσχα
1620 2509 1759 2582 μετά
1798 2510 1859 2562 τὸ

277 2615 579 2685 ἀναστῆναι
606 2613 696 2666 τὸν
726 2611 951 2684 Κύριον,
995 2609 1248 2682 ἅρχεται’
1301 2606 1396 2660 καὶ
1428 2606 1534 2669 ἓως
1561 2603 1682 2656 τότε
1709 2601 1858 2672 ὀφεί-

277 2709 445 2780 Μμεν
484 2703 795 2777 νηστεύειν·
824 2699 1125 2773 τηνικαῦτα
1155 2698 1234 2762 δὲ,
1268 2697 1328 2750 ού
1364 2695 1470 2767 πρὸ
1502 2694 1601 2765 τῆς
1624 2694 1857 2748 ἀναστά-

1967 2325 2197 2382 tistitem
2225 2324 2640 2400 interrogasset,
2681 2333 2790 2389 qua
2834 2316 2969 2370 hora
3006 2308 3245 2367 surrexit
3263 2303 3539 2367 Christus,

1967 2430 2028 2476 ut
2066 2420 2204 2475 hora
2247 2397 2371 2490 qua:
2417 2416 2566 2471 illam
2606 2409 2907 2484 pra-cessit,
2957 2402 3230 2476 jejunium
3283 2397 3540 2459 solveret,

1967 2512 2262 2586 proposuit
2303 2511 2535 2568 antistes
2559 2508 2704 2580 quod
2736 2506 2937 2561 festum
2967 2499 3215 2561 Paschze,
3249 2501 3540 2565 postquam

1968 2607 2235 2662 Dominus
2292 2601 2616 2668 surrexerit,
2659 2597 2873 2666 incipit,
2895 2604 2950 2648 et
2980 2607 3046 2647 eo
3078 2600 3253 2659 usque
3281 2585 3542 2640 debemus

1962 2699 2215 2772 jejunare
2240 2716 2254 2754 :
2284 2706 2418 2754 tunc
2466 2702 2674 2760 autem,
2701 2705 2810 2745 non
2869 2695 2995 2743 ante
3045 2677 3499 2739 resurrectionem
3523 2715 3540 2740 ,

283 2771 451 2865 σειος,
489 2771 891 2868 ἀπονηστίζειν.
941 2794 1064 2846 Ὅτι
1092 2791 1150 2845 δὲ
1187 2789 1287 2844 οὐκ
1329 2787 1456 2861 ἐξῆν
1490 2786 1638 2858 αὐτῷ
1687 2789 1859 2840 εἰπεῖν

1966 2793 2235 2866 jejunium
2265 2791 2494 2848 solvere.
2530 2786 2671 2855 Quia
2719 2793 2901 2840 autem
2950 2795 3060 2835 non
3101 2781 3313 2849 poterat
3361 2771 3542 2827 dicere

279 2893 383 2964 τὴν
430 2890 580 2962 ὤραν
622 2865 742 2942 καθ’
774 2889 841 2958 ἢν
890 2887 919 2939 ὀ
962 2884 1168 2956 Κύριος
1216 2881 1434 2954 ἀνέστη,
1484 2879 1860 2951 ἀπελογήσατο

1969 2888 2161 2943 horam
2193 2900 2302 2956 qua
2330 2883 2586 2940 Christus
2613 2877 2934 2943 resurrexit,
2961 2869 3245 2942 respondit
3269 2882 3336 2922 ex
3366 2865 3543 2920 diver—

280 2957 392 3039 ἀπὸ
419 2957 680 3054 ῥημάτων
702 2957 1406 3048 διαιρόρωνεύαγγελιστῶν,
1424 2973 1524 3026 ὅτι·
1559 2971 1624 3026 El
1655 2972 1750 3026 καὶ
1779 2972 1852 3044 μὴ

1977 2979 2055 3036 sis
2093 2977 2276 3034 verbis
2305 2968 2954 3045 evangelistarum,quod
2981 2984 2994 3020 :
3022 2963 3135 3019 Etsi
3157 2977 3221 3016 ex
3256 2959 3324 3014 iis
3349 2957 3538 3010 horam

281 3047 632 3142 ἔξεστιν-ἀπὸ
661 3047 871 3126 τούτων
901 3067 1104 3138 γνῶναι
1135 3065 1233 3138 τὴν
1270 3065 1418 3139 ὥραν
1459 3064 1581 3120 καθ’
1611 3065 1680 3137 ἦν
1707 3064 1858 3134 ὀφεί-

1967 3085 2072 3140 qua
2096 3069 2370 3140 jejunium
2419 3066 2634 3123 solvere
2668 3062 2951 3124 debemus,
2987 3067 3319 3127 cognoscere
3343 3065 3448 3104 non
3475 3047 3544 3101 li-

283 3170 451 3243 λομεν
495 3164 900 3238 ἀπονηστίζειν,
935 3161 1072 3216 ἀλλά
1111 3160 1238 3223 τοὺς
1278 3159 1379 3230 μὲν
1423 3158 1530 3229 πρό
1559 3156 1653 3211 τοῦ
1701 3173 1863 3228 μεσο-

1968 3170 2108 3226 ceat,
2139 3175 2235 3215 eos
2260 3168 2441 3214 tamen
2463 3157 2559 3229 qui
2595 3164 2722 3211 ante
2765 3151 3002 3208 mediam
3055 3154 3270 3201 noctem
3326 3142 3543 3198 solvunt

284 3262 506 3320 νυκτξου
546 3260 771 3324 λύοντας
821 3257 920 3327 τὴν
969 3253 1244 3326 νηστείαν,
1294 3252 1369 3316 ὡς
1421 3249 1717 3322 ὀλιγώρους
1768 3250 1861 3302 καὶ

1966 3251 2259 3324 jejunium,
2287 3259 2350 3306 ut
2395 3256 2800 3319 contemptores
2849 3252 2904 3299 et
2952 3242 3382 3308 intemperantes
3399 3234 3543 3295 vitu-

285 3357 545 3427 ἀκρατεῖς
596 3348 950 3425 μεμφόμεθα’
986 3346 1114 3410 τοὺς
1153 3344 1211 3398 δὲ
1257 3344 1420 3416 μέχρι
1449 3342 1718 3414 τετάρτης
1759 3359 1858 3413 φυ-

283 3448 459 3519 λακῆς
506 3445 624 3517 ἤτοι
678 3441 873 3515 ὄρθρου
916 3433 1400 3510 ὲγκαρτεροῦντας,
1451 3432 1855 3504 ἀποδεχόμεθα·

283 3538 413 3600 τοὺς
439 3535 496 3588 δὲ
525 3536 584 3589 ὲν
610 3531 687 3604 τῷ
717 3530 921 3604 μεταξὺ
948 3526 1376 3589 ἀναπαυθέντας,
1399 3523 1497 3579 οὐκ
1526 3523 1856 3594 αίτιώμεθα·

1967 3359 2262 3414 petamus;
2301 3359 2398 3399 eos
2438 3351 2646 3409 autem,
2679 3342 2774 3412 qui
2815 3337 2882 3392 ad
2926 3342 3179 3408 quartam
3208 3345 3382 3400 usque
3409 3327 3547 3402 vigi-

1967 3437 2120 3505 liam,
2165 3451 2264 3493 seu
2313 3436 2382 3492 ad
2413 3433 2715 3490 diluculum
2749 3443 2950 3500 usque,
2987 3426 3200 3482 fortiter
3222 3423 3542 3496 perdurant,

1969 3530 2381 3600 amplectimur;
2416 3543 2510 3584 eos
2541 3539 2671 3581 vero
2691 3524 2784 3595 qui
2814 3523 3024 3577 interea
3050 3517 3540 3588 interquieverunt,

285 3634 368 3687 ὅτι
401 3627 525 3680 οὐδὲ
553 3624 650 3688 τὰς
679 3623 740 3689 ἒξ
770 3622 983 3696 ἡμέρας
1021 3619 1123 3690 τῆς
1149 3617 1243 3672 τοῦ
1290 3616 1496 3680 πάθους
1533 3615 1626 3670 τοῦ
1657 3614 1863 3687 Κυρίου

1969 3637 2078 3678 non
2102 3619 2568 3692 reprehendimus,
2595 3617 2723 3688 quia
2755 3630 2856 3670 nec
2887 3629 2984 3669 sex
3024 3611 3301 3682 passionis
3325 3607 3543 3663 Domini

286 3718 584 3790 ἑϐδομάδος
613 3716 814 3780 πάντες
844 3716 1046 3787 ὁμοίως
1077 3713 1347 3770 ἀνύουσιν.
1383 3712 1446 3766 Οἱ
1492 3709 1590 3782 μὲν
1620 3710 1728 3782 γὰρ
1767 3709 1866 3772 τὰς

289 3810 474 3873 πάσας
519 3807 891 3880 νηστεύουσιν,
935 3807 986 3860 οἱ
1035 3805 1092 3859 δὲ
1135 3802 1250 3869 δύο,
1297 3803 1346 3856 οί
1389 3802 1446 3855 δὲ
1489 3804 1661 3874 τρεῖς,
1714 3801 1763 3854 οἱ
1807 3799 1863 3853 δὲ

289 3904 532 3966 πλείους,
554 3903 602 3955 οἱ
631 3901 689 3955 δὲ
716 3900 988 3972 οὐδεμίαν.
1007 3899 1131 3962 Τοῖς
1155 3892 1247 3951 οῦν
1280 3897 1338 3950 ὲν
1362 3893 1599 3948 πλείοσιν
1630 3893 1866 3966 ἡμέραις

287 3994 641 4068 νηστεύσασι,
675 3992 770 4047 καὶ
799 3992 1143 4053 κοπιάσασιν,
1173 3989 1221 4042 εί
1248 3986 1542 4058 ταχύτερον
1581 3984 1864 4054 γεύσονται

285 4089 516 4161 τροφῆς,
552 4083 879 4156 συγγνώμην
900 4082 1076 4137 δοτέον
1094 4098 1108 4112 ο
1138 4082 1250 4144 τοῖς
1278 4079 1336 4132 δὲ
1364 4077 1635 4150 τέσσαρας
1655 4074 1865 4147 ἡμέρας

290 4185 370 4254 μὴ
400 4178 778 4253 νηστεύσασιν,
813 4175 948 4230 ἀλλὰ
992 4174 1088 4228 καὶ
1116 4172 1445 4244 τρυφήσασι,
1496 4169 1637 4224 κατὰ
1674 4167 1732 4220 δὲ
1768 4166 1866 4239 τὴν

287 4271 652 4345 Παρασκευὴν
691 4268 783 4324 καί
809 4268 870 4322 τὸ
898 4266 1173 4322 Σάϐϐατον
1205 4261 1550 4334 νηστεύσασι,
1597 4261 1670 4333 μὴ
1708 4277 1864 4330 νομι-

287 4368 445 4439 σθείη
483 4365 623 4438 μέγα
653 4382 708 4418 τι
756 4363 948 4426 ποιεῖν,
979 4362 1026 4414 εἰ
1072 4358 1233 4430 μέχρι
1259 4355 1472 4429 πρωῖας
1500 4352 1599 4424 τῆς
1630 4354 1867 4407 ἀναστα-

289 4462 453 4534 σίμου
516 4458 732 4531 ἡμέρας
793 4453 1288 4526 ὲγκαρτερήσουσιν
1366 4448 1574 4502 ἄσιτοι·
1634 4445 1695 4499 ού
1755 4443 1864 4517 γάρ

286 4553 483 4626 ὁμοίαν
524 4549 799 4605 ποιοῦνται
845 4546 1090 4617 ἄθλησιν.
1123 4544 1234 4598 Καὶ
1266 4545 1300 4614 ἡ
1335 4541 1434 4613 μὲν
1479 4536 1746 4607 ἀπολογία
1772 4535 1866 4590 τοῦ

287 4645 535 4719 Πατρδςι,
567 4642 728 4713 αῦτη.
759 4641 831 4694 Σὺ
873 4639 931 4692 δὲ
967 4634 1242 4706 ἀνάγνωθι
1285 4633 1378 4688 τὸν
1411 4630 1499 4686 πθ¹
1537 4630 1736 4686 κανόνα
1769 4631 1868 4701 τῆς

287 4741 349 4792 ὲν
395 4735 651 4810 Τρούλλῳ
700 4731 938 4795 συνόδου,
990 4727 1353 4801 διοριζόμενον
1410 4721 1868 4795 ἀπονηστίζεσθαι

288 4830 423 4903 περὶ
446 4827 615 4900 μέσας
645 4825 845 4887 νύκτας
859 4822 954 4876 τοῦ
975 4820 1210 4894 μεγάλου
1235 4817 1515 4872 Σαῦϐἀτου
1535 4833 1548 4846 ·
1575 4815 1674 4878 τὰς
1696 4813 1751 4867 δὲ
1771 4813 1870 4868 ἆλ-

287 4922 390 4986 λας
405 4916 722 4993 ἡμέραςτοῦ
745 4913 1014 4988 σωτηρίου
1031 4911 1256 4974 πάθους,
1277 4913 1334 4964 ὲν
1351 4907 1574 4981 νηστείᾳ
1587 4905 1681 4961 καὶ
1695 4922 1867 4977 προσ-

287 5011 427 5080 ευχῇ
467 5007 561 5062 καί
589 5004 878 5070 κατανύξει
900 5003 1127 5072 διάγειν.
1155 5001 1308 5056 Ἐπεὶ
1332 4999 1390 5054 δὲ
1433 4997 1629 5065 ἔξωθεν
1656 4995 1748 5049 τοῦ
1772 4995 1870 5049 αύ-

284 5101 383 5156 τοῦ
400 5101 622 5164 κανόνος
636 5097 970 5171 ὲσαφηνίσθη
985 5098 1020 5168 ἡ
1036 5095 1153 5162 ὥρα
1167 5095 1266 5166 τῆς
1279 5090 1514 5164 Χριστοῦ
1530 5089 1876 5153 ἀναστάσεως

284 5193 403 5250 ἀπὸ
449 5193 719 5265 διαφόρων
747 5189 1036 5264 Γραφικῶν
1057 5188 1168 5261 lla.
1197 5183 1452 5259 Γραφῶν]
1483 5183 1620 5246 τέως
1653 5181 1793 5236 κατά
1813 5180 1876 5235 τὸ

286 5284 571 5358 ἐγχωροῦν
594 5285 676 5357 (τὺ
695 5283 804 5357 γάρ
831 5281 1026 5356 ἀληθὲς
1049 5280 1206 5353 μόνος
1225 5275 1363 5333 οἶδεν
1384 5277 1413 5330 ό
1434 5273 1669 5338 ἀναστὰς
1689 5273 1866 5346 Θεὸς),

285 5381 577 5452 ὀφείλομεν
601 5381 775 5435 εἰπεῖν
801 5380 883 5434 ὅτι
915 5378 1077 5450 μέχρι
1116 5376 1216 5448 μὲν
1247 5374 1347 5446 τῆς
1379 5372 1546 5445 ἕκτης
1584 5371 1736 5444 ὥρας
1775 5371 1871 5426 καὶ

289 5473 465 5544 αὐτῆς
483 5471 576 5526 τοῦ
597 5469 912 5545 νυκτερινοῦ
947 5468 1224 5524 Σαϐϐἀτου
1246 5465 1532 5538 ὀφείλομεν
1561 5463 1862 5536 νηστεύειν.

301 5566 438 5620 Ἀπὸ
473 5564 532 5619 δὲ
560 5565 662 5636 τῆς
699 5563 934 5636 ἑϐδόμης
968 5561 1118 5635 ὥρας
1155 5561 1279 5613 ἐπεὶ
1321 5559 1546 5630 ἄρχεται
1580 5558 1614 5628 ἠ
1665 5555 1866 5628 κυριώ·

293 5675 461 5735 νυμος
491 5657 611 5713 καθ’
640 5659 707 5730 ἣν
750 5659 843 5711 καί
873 5657 1068 5728 ἀνέστη
1100 5657 1130 5708 ὁ
1159 5653 1392 5726 Χριστὸς
1424 5650 1600 5723 (εἰκὸς
1633 5650 1691 5704 δέ
1721 5652 1868 5703 ἐστιν

291 5748 329 5820 ἢ
360 5751 503 5804 κατά
525 5751 626 5824 τὴν
662 5750 893 5822 ἑϐδόμην
932 5749 966 5822 ἢ
999 5747 1142 5802 κατά
1181 5745 1280 5818 τὴν
1312 5743 1506 5817 ὀγδόην
1535 5742 1685 5816 ὥραν
1722 5745 1871 5814 γενέ·
1906 5748 1909 5749 ⁷

299 5843 424 5903 σθαι
445 5846 543 5918 τὴν
575 5842 914 5915 ἀνάστασιν),
945 5843 1046 5899 οὐκ
1078 5839 1362 5915 ὀφείλομεν
1393 5837 1533 5894 κατὰ
1560 5838 1762 5904 ταύτας
1785 5855 1872 5911 νη-

1972 3712 2327 3768 hebdomadas
2371 3712 2509 3778 dies,
2546 3724 2739 3764 omnes
2794 3704 3048 3762 similiter
3094 3708 3381 3774 peragunt.
3435 3697 3541 3752 Alii

1969 3805 2119 3860 enim
2145 3819 2337 3860 omnes
2374 3803 2650 3874 jejunant,
2688 3798 2781 3854 alii
2817 3812 2950 3852 vero
2977 3796 3138 3859 duos,
3166 3793 3258 3847 alii
3287 3800 3416 3857 tres,
3449 3790 3543 3844 alii

1969 3909 2153 3958 autem
2189 3897 2396 3968 plures,
2426 3894 2519 3949 alii
2565 3907 2696 3949 vero
2733 3889 2966 3946 nullum.
2992 3887 3062 3942 lis
3097 3901 3228 3957 ergo
3248 3883 3342 3955 qui
3373 3883 3544 3966 pluri.

1970 3989 2075 4045 bus
2103 3962 2295 4045 diebus
2323 3962 2644 4060 jejunarunt
2693 3993 2748 4039 et
2779 3981 3122 4044 laborarunt,
3156 3979 3202 4033 si
3224 3962 3541 4033 alimentum

1970 4084 2134 4139 citius
2164 4080 2522 4155 gustaverint,
2549 4076 2706 4133 venia
2755 4074 2933 4130 danda
2959 4079 3044 4128 est
3069 4090 3084 4138 ;
3109 4086 3207 4126 eos
3236 4078 3418 4124 autem
3445 4070 3538 4139 qui

1969 4184 2208 4248 quatuor
2231 4175 2350 4230 dies
2390 4187 2501 4228 non
2541 4170 2881 4241 jejunarunt,
2908 4165 3003 4222 sed
3029 4164 3263 4219 delicate
3293 4161 3543 4232 opipare-

1972 4283 2083 4338 que
2111 4267 2386 4331 vixerunt,
2414 4265 2467 4318 in
2502 4263 2806 4319 Parasceve
2835 4267 3016 4314 autem
3047 4266 3102 4313 et
3147 4253 3542 4325 Sabbatojeju—

1968 4375 2190 4428 navere,
2210 4359 2523 4414 existimare
2539 4371 2649 4412 non
2678 4362 2890 4425 oportet
2911 4364 3166 4422 magnum
3189 4346 3320 4419 quid
3341 4345 3540 4412 facere,

1969 4455 2019 4510 si
2071 4467 2244 4524 usque
2302 4451 2368 4507 ad
2422 4448 2751 4505 matutinum
2802 4441 3222 4501 resurrectionis
3265 4437 3373 4494 diei
3424 4437 3542 4493 sine

1971 4547 2095 4603 cibo
2116 4544 2293 4617 jejuni
2339 4541 2780 4614 permanserint:
2816 4552 2994 4608 neque
3042 4535 3190 4590 enim
3223 4532 3399 4588 simile
3425 4547 3541 4587 cer-

1970 4647 2152 4692 tamen
2177 4635 2396 4689 adeunt.
2418 4631 2596 4701 Atque
2624 4629 2738 4684 haec
2764 4627 2983 4698 quidem
3005 4632 3086 4680 est
3108 4621 3288 4676 Patris
3316 4633 3541 4690 respon-

1971 4730 2073 4786 sio.
2097 4727 2179 4782 Tu
2207 4734 2389 4782 autem
2426 4725 2543 4795 lege
2563 4722 2630 4779 89
2653 4736 2777 4778 can.
2813 4735 2936 4792 syn.
2972 4718 3028 4772 in
3057 4714 3266 4781 Trullo,
3294 4722 3541 4795 statuen—

1971 4829 2082 4880 tem
2113 4819 2384 4891 jejunium
2421 4815 2740 4872 solvendum
2783 4829 2906 4869 esse
2940 4810 3086 4867 circa
3123 4808 3334 4864 medias
3353 4782 3543 4860 nocles

1973 4914 2156 4987 magni
2181 4911 2401 4968 Sabbati
2419 4929 2433 4978 ;
2454 4909 2778 4965 aliisautem
2798 4903 2990 4960 diebus
3013 4897 3306 4956 salutiferae
3327 4893 3540 4968 passio-

1973 5007 2082 5073 nis,
2129 5005 2184 5060 in
2229 5003 2442 5076 jejunio
2465 5010 2521 5056 et
2551 4998 2801 5056 oratione
2823 5008 2876 5052 et
2895 4993 3316 5065 compunctione
3332 4988 3539 5045 versari

1973 5110 2247 5172 oportere.
2309 5095 2578 5165 Quoniam
2621 5103 2801 5150 autem
2859 5090 3202 5146 extrinsecus
3245 5085 3314 5140 al)
3346 5081 3539 5140 eodem

1972 5208 2180 5250 canone
2198 5191 2469 5248 declarata
2492 5196 2578 5245 est
2611 5188 2746 5243 hora
2775 5183 2981 5240 Christi
3012 5175 3434 5236 resurrectionis
3460 5187 3529 5228 ex

1969 5284 2202 5340 diversis
2259 5280 2558 5352 Scripturis
2587 5320 2603 5346 ,
2673 5277 2851 5350 quoad
2931 5274 3050 5330 ﬁeri
3107 5269 3286 5344 potuit
3323 5267 3535 5337 (verum

1969 5378 2116 5434 enim
2160 5376 2313 5434 solus
2355 5373 2528 5442 novit,
2559 5372 2654 5444 qui
2713 5369 3014 5426 resurrexit
3045 5363 3240 5435 Deus);
3274 5361 3536 5418 debemus

1971 5471 2175 5538 dicere,
2223 5467 2371 5540 quod
2423 5481 2600 5537 usque
2642 5463 2710 5520 ad
2751 5463 2942 5518 horam
2988 5467 3226 5522 sextam,
3259 5465 3314 5511 et
3358 5454 3536 5525 ipsum

1973 5571 2300 5618 nocturnum
2334 5557 2654 5624 Sabbatum,
2679 5554 2940 5611 debemus
2981 5551 3252 5622 jejunare.
3295 5546 3378 5601 Ab
3403 5545 3537 5600 hora

1970 5662 2152 5710 autem
2211 5651 2464 5723 septima,
2511 5648 2772 5721 quoniam
2821 5643 3013 5714 incipit
3059 5639 3377 5696 Dominicus
3427 5652 3537 5707 quo

1971 5745 2135 5802 etiam
2167 5741 2473 5799 resurrexit
2499 5739 2754 5795 Christus
2785 5738 2892 5808 (est
2926 5740 3106 5789 autem
3135 5729 3430 5786 verisimile
3454 5728 3535 5784 vel

1971 5852 2047 5894 vn
2077 5835 2164 5894 vel
2197 5850 2296 5894 vnt
2330 5834 2466 5893 hora
2505 5830 2678 5890 fuisse
2721 5824 3186 5900 resurrectionem
3213 5821 3375 5895 ejus),
3396 5819 3540 5894 jeju~
