3972 6318
567 343 708 402 1279

1521 345 1580 402 S.
1643 342 1940 401 DlONYSli
1990 341 2301 402 EPISCOPI
2337 345 2808 402 ALEXANDRINI

3598 354 3711 410 Im

565 477 699 519 nare
727 475 836 517 non
869 457 1134 516 debemus
1159 474 1261 516 nec
1284 461 1549 532 jejunium
1583 461 1814 530 solvere,
1847 476 1917 518 ne
1941 461 2127 517 videa-

2234 461 2464 529 στεύειν,
2516 464 2636 518 οὐδὲ
2685 451 3086 535 ἀπονηστίζειν,
3116 464 3200 520 ῖνα
3250 465 3321 538 μὴ
3351 465 3558 539 δόξωμεν
3587 469 3710 527 ὲναν-

563 555 690 609 tnui'
722 565 1032 624 repugnare
1065 554 1372 611 canouibus
1403 554 1500 624 qui
1536 563 1786 610 statuunt
1813 570 1916 612 nos
1939 555 2131 611 diebus

563 645 865 701 Dominicis
893 661 1003 700 non
1031 645 1232 700 debere
1263 645 1534 717 jejunare.
1567 645 1680 702 Etsi
1713 648 1858 702 enim
1883 647 2002 703 dies
2024 656 2132 702 ter-

563 737 674 791 tius
724 745 1011 806 reputetur
1036 735 1377 804 Dominicus,
1414 737 1590 792 solum
1635 746 1812 793 tamen
1847 751 2132 810 propterea

563 829 710 885 απιοό
753 823 1165 884 triumdierum
1205 816 1535 885 resurrectio
1563 845 1687 885 eum
1741 829 1990 901 attingat,
2021 839 2132 886 ter-

567 921 676 976 tius
731 920 931 976 dicitur
957 937 972 972 :
997 928 1083 975 est
1123 920 1268 974 enim
1304 921 1534 991 primus.
1573 919 1639 974 Et
1670 921 1739 976 89
1787 937 1909 976 can.
1933 922 2132 993 syn.in

569 1011 757 1066 Trullo
781 1011 1185 1078 convenienter,
1209 1009 1328 1077 dic,
1353 1019 1478 1065 ante
1507 1010 1696 1068 horam
1721 1011 2004 1080 septimam
2037 1009 2142 1065 no;

567 1104 748 1158 cturni
781 1102 1007 1158 Sabbati
1035 1102 1235 1158 debere
1257 1117 1360 1158 nos
1381 1101 1651 1171 jejunium
1678 1102 1888 1157 solvere
1919 1103 1972 1156 in
1995 1118 2133 1172 qua-

567 1211 784 1265 cunque
813 1196 948 1249 hora
977 1193 1210 1266 voluerit
1245 1193 1515 1263 quispiam
1542 1207 1619 1264 rex
1666 1208 1760 1248 sex
1801 1192 1993 1263 primis
2036 1192 2135 1247 bo-

567 1286 666 1351 ris,
699 1287 861 1355 idque
899 1285 1125 1340 omnino
1157 1299 1226 1340 ex
1278 1282 1452 1338 libera
1503 1283 1936 1356 uniuscujusque
1981 1292 2135 1355 pote-

567 1385 708 1433 state
733 1386 788 1432 ct
811 1377 1060 1432 arbitrio.

637 1463 845 1523 Zama.
922 1463 1064 1520 Iluic
1135 1464 1552 1536 interrogationi
1591 1465 1882 1537 respondet
1939 1464 1986 1520 is
2043 1465 2132 1520 cui

566 1557 845 1628 pr0posita
908 1557 1262 1629 interrogatio
1319 1567 1404 1613 est
1460 1573 1477 1612 :
1527 1556 1825 1613 Postulasti
1890 1556 2132 1612 sedulam

567 1649 773 1718 imponi
818 1649 1012 1720 legem,
1043 1649 1147 1704 hoc
1173 1658 1277 1716 est,
1326 1648 1570 1720 regulam
1624 1645 1966 1717 formamque
1991 1662 2132 1718 prae.

567 1741 772 1805 scribi,
819 1756 884 1796 ac
922 1725 1162 1796 adhibita
1199 1740 1481 1812 diligentia
1524 1740 1658 1796 certi
1707 1737 1915 1810 aliquid
1966 1739 2131 1794 statui

463 1840 487 1852 "
567 1837 636 1892 de
670 1836 804 1891 hora
836 1833 1130 1890 Dominicze
1162 1835 1612 1903 resurrectionis;
1644 1834 1790 1904 quod
1821 1832 2042 1904 quidem
2075 1841 2130 1886 et
2161 1812 2203 1867 Β

565 1929 780 1985 dillicile
815 1938 899 1984 est
949 1942 1004 1984 et
1051 1929 1323 1984 lubricum
1351 1947 1364 1984 :
1393 1927 1861 2000 quandoquidem,
1894 1935 2018 1997 post
2038 1941 2132 1982 ex-

566 2023 789 2078 citatum
817 2037 847 2076 a
874 2021 1105 2076 mortuis
1135 2021 1427 2076 Dominum
1455 2021 1872 2077 resurrectionis
1898 2019 2121 2075 celebri-

567 2119 730 2166 tatem
788 2111 1037 2166 inchoari
1070 2119 1302 2181 oportet,
1335 2112 1620 2182 hucusque
1649 2111 1984 2181 jejunantes,
2013 2111 2132 2166 ani-

565 2201 751 2270 mique
777 2201 881 2256 hoc
918 2210 1076 2271 pacto
1101 2201 1487 2257 demissionem
1511 2212 1787 2258 curantes.
1816 2200 1875 2256 ln
1892 2217 1957 2258 ca
1979 2217 2134 2257 nam-

563 2308 672 2362 que
721 2309 842 2362 quae
893 2308 989 2362 per
1019 2293 1286 2363 jejunium
1329 2301 1414 2349 est
1463 2295 1709 2364 corporis
1765 2293 2130 2362 alliictatione,

564 2383 733 2438 animi
764 2384 1024 2438 demissio
1047 2386 1344 2456 quaeritur;
1379 2379 1442 2441 ut
1490 2386 1723 2456 proinde
1747 2387 1793 2442 si
1824 2387 2019 2442 elatior
2059 2387 2131 2442 sit

559 2475 858 2546 jcjunantis
902 2477 1142 2542 animus,
1175 2478 1388 2532 irritum
1429 2493 1552 2534 esse
1591 2478 1862 2551 jejunium
1888 2480 2132 2534 omnium

565 2567 911 2622 confessione
948 2567 1248 2638 judicetur.
1286 2568 1519 2640 Subjicit
1544 2571 1737 2627 deinde
1766 2589 1782 2627 :
1811 2569 2135 2642 Quicunque

565 2660 632 2714 ad
667 2660 977 2730 sepulcrum
1027 2671 1158 2716 sunt
1202 2661 1454 2732 profecti,
1481 2678 1577 2718 eos
1613 2661 1725 2733 jam
1775 2662 2070 2717 excitatum
2101 2677 2130 2717 a

563 2751 800 2807 mortuis
835 2750 1126 2808 Dominum
1179 2754 1502 2823 reperiisse;
1537 2769 1713 2823 neque
1741 2752 2027 2818 dissidere,
2057 2753 2134 2808 in-

563 2845 704 2914 quit,
741 2859 804 2900 ac
835 2845 937 2900 sibi
969 2845 1199 2900 invicem
1242 2845 1520 2901 adversari
1568 2845 1931 2916 evangelistas
1979 2844 2131 2899 arbi-

567 2947 794 3002 tremur,
841 2937 986 3006 quod
1041 2953 1166 2993 cum
1216 2938 1406 2992 eadem
1455 2945 1616 2991 nocte
1667 2935 1957 2992 Dominum
2010 2952 2134 2993 sur-

566 3025 774 3081 rexisse
807 3026 1083 3080 communi
1129 3039 1403 3081 consensu
1444 3023 1681 3090 tradant,
1709 3041 1948 3095 quanam
1995 3026 2133 3081 hora

2229 555 2475 611 τιοῦσθαι
2507 558 2618 620 τοῖς
2643 557 2828 610 κανόσι
2859 558 2973 620 τοῖς
3002 557 3371 630 διοριζομὲνοις
3398 559 3521 612 κατά
3546 560 3626 624 τὰς
3640 580 3692 616 xu

2235 645 2534 720 ριωνύμους
2557 647 2631 718 μὴ
2661 645 2942 717 νηστεύειν
2963 649 3128 719 ἡμᾶς.
3159 648 3273 702 Κᾶν
3296 649 3395 722 γάρ
3413 651 3548 722 τρίτη
3570 651 3713 724 ἡμέρα

2230 738 2563 811 λογίζηταιή
2606 739 2966 812 κυριὼνυμος,
3000 739 3112 794 ἀλλ’
3143 742 3221 805 είς
3255 741 3402 812 μόνον
3435 743 3489 796 τὸ
3524 745 3714 814 ἅψασθαι

2229 827 2432 899 ταύτης
2477 829 2575 900 τὴν
2606 831 2902 901 τριήμερον
2949 831 3258 894 ἀνάστασιν,
3291 830 3535 900 λογίζεται
3572 832 3712 905 τρίτηο

2233 919 2420 994 πρώτη
2449 921 2555 993 γάρ
2602 922 2717 975 ὲστι
2737 939 2752 952 '
2781 923 2875 976 καὶ
2903 921 3210 1001 ἀκολούθως
3245 922 3318 994 τῷ
3349 923 3428 976 πθ⁹
3456 925 3612 978 κανόνι
3641 925 3716 994 τῆς

2232 1013 2290 1066 ἐν
2319 1011 2394 1083 τῷ
2424 1011 2675 1085 Τρούλλῳ
2706 1013 2942 1076 συνόδου,
2976 1013 3099 1083 λέγε
3129 1013 3234 1086 πρὸ
3263 1015 3354 1085 τῆς
3385 1014 3586 1087 ἑϐδόμης
3603 1014 3717 1088 ὥρας

2230 1103 2325 1157 τοῦ
2351 1104 2661 1175 νυκτερινοῦ
2692 1104 2970 1160 Σαϐϐἀτου
2995 1105 3228 1176 ὀφείλειν
3266 1107 3401 1176 ἡμᾶς
3427 1108 3718 1178 ἀπονηστίξιο

2234 1193 2358 1280 σθαι
2385 1195 2443 1250 ὲν
2476 1197 2564 1268 οἵᾳ
2593 1194 2710 1268 ὥρᾳ
2741 1196 2954 1268 θελήσει
2992 1215 3080 1262 τις
3109 1197 3218 1252 τῶν
3251 1197 3309 1264 ἒξ
3345 1197 3549 1270 πρώτων
3578 1198 3718 1270 ὡρῶν,

2234 1286 2450 1352 πάντως
2485 1288 2626 1342 κατά
2653 1287 2748 1360 τὴν
2779 1289 2985 1343 οἰκείαν
3019 1289 3245 1361 δύναμιν
3276 1289 3365 1343 καὶ
3395 1289 3677 1362 προαίρεσιν.

2302 1468 2543 1521 ΖΩΝΑΡ.
2587 1468 2729 1540 Πρὸς
2759 1469 2818 1522 τὸ
2852 1467 3111 1540 ἐρώτημα
3139 1467 3294 1522 τοῦτο
3332 1470 3480 1540 φησὶν
3515 1470 3722 1542 ὀὲρωτη-

2234 1559 2366 1623 θεὶς,
2396 1560 2495 1612 ὅτιο
2533 1557 2827 1630 Ἐξῄτησας
2848 1559 3050 1630 ἀκριϐῆ
3085 1559 3212 1630 ὅριιν
3255 1558 3555 1628 ἐπιτεθῆναι,
3591 1558 3720 1628 ήγουν

2233 1653 2434 1708 κανόνα
2458 1653 2552 1707 καὶ
2580 1651 2748 1706 τύπον
2767 1652 3068 1724 ὁρισθῆναι,
3106 1653 3200 1706 καί⁵
3227 1651 3588 1722 σαφηνισθῆναι
3606 1654 3725 1722 ἀκρι-

2233 1742 2343 1808 ϐῶς
2375 1742 2472 1815 τὴν
2529 1743 2678 1816 ὤραν
2717 1743 2814 1815 τῆς
2854 1743 3206 1808 ἀναστάσεως
3249 1743 3340 1797 τοῦ
3387 1742 3586 1814 Κυρίου,
3622 1743 3725 1813 ὅπερ

2232 1833 2324 1888 καὶ
2349 1833 2602 1886 δύσκολον
2638 1832 2733 1886 καὶ
2775 1831 3038 1904 σφαλερόν
3071 1834 3252 1886 ἐστιν’
3285 1833 3364 1886 ὅτι
3398 1833 3489 1904 μὲν
3512 1835 3602 1904 γὰρ
3625 1833 3725 1903 μετὰ

2231 1924 2290 1979 τὸ
2313 1925 2608 1996 ἀναστῆναι
2638 1924 2732 1978 τὸν
2760 1924 2964 1996 Κύριον
2991 1923 3092 1996 τῆς
3113 1924 3307 1996 ἑορτῆς
3331 1924 3426 1995 τῆς
3447 1924 3724 1984 ἀναστάσεως

2229 2016 2492 2090 ἄρχεσθαι
2524 2017 2623 2081 δεῖ,
2659 2016 2764 2080 ἕως
2796 2015 2985 2070 τούτου
3028 2015 3404 2086 νηστεύοντας,
3439 2015 3523 2068 καὶ
3557 2014 3636 2078 τὰς
3654 2014 3725 2084 ψδ-

2230 2110 2329 2182 χάς
2359 2110 2530 2174 οὕτως
2566 2094 2970 2175 ταπεινοῦνταςξ
3017 2110 3081 2162 Ἦ
3127 2111 3238 2181 γὰρ
3278 2108 3362 2162 διά
3408 2108 3497 2178 τῆς
3532 2107 3726 2176 νηστείας

2228 2203 2554 2266 ταπείνωσις
2583 2201 2676 2256 τοῦ
2712 2201 2982 2274 σώματος,
3012 2201 3100 2254 διά
3131 2201 3228 2273 τὴν
3262 2201 3360 2272 τῆς
3391 2199 3550 2270 ψυχῆς
3581 2201 3724 2268 ἐπιτη-

2229 2295 2441 2349 δεύεται
2473 2295 2797 2348 ταπείνωσιν
2817 2311 2830 2325 ο
2876 2293 2952 2358 ὡς
2981 2295 3093 2363 είγε
3131 2293 3417 2365 ἐπηρμένη
3457 2292 3532 2361 είη
3559 2290 3634 2343 τοῦ
3656 2307 3724 2360 νη-

2233 2388 2511 2453 στεύοντος
2559 2389 2594 2459 ἡ
2635 2387 2804 2460 ψυχὴ,
2856 2387 3061 2459 ματαία
3111 2388 3144 2458 ἡ
3198 2385 3415 2458 νηστεία
3462 2385 3582 2447 ἐστὶ,
3612 2379 3728 2434 τοῦτο

2230 2478 2674 2551 ὁμολογούμενον.
2737 2478 2960 2546 Ἐπάγει
3004 2475 3061 2529 δὲ
3093 2477 3179 2529 ὅτι
3227 2476 3339 2529 ὅσοι
3385 2473 3510 2544 πρὸς
3545 2472 3596 2524 τὺ
3630 2487 3727 2539 μνη-

2235 2575 2384 2645 μεῖον
2412 2569 2672 2643 ἀπῆλθον,
2700 2569 3009 2624 ἀναστάντα
3035 2568 3133 2640 ήδη
3159 2561 3322 2640 εὗρον
3345 2566 3432 2620 τὸν
3459 2565 3655 2636 Κύριονο
3675 2561 3726 2633 μὴ

2229 2665 2537 2734 διαφωνεῖν,
2567 2663 2721 2733 φησὶ,
2753 2661 2848 2716 καὶ
2877 2658 3256 2716 ἐναντιοῦσθαι
3289 2658 3522 2729 ἀλλήλοις
3548 2655 3728 2724 δόξωμεν

2229 2756 2356 2819 τοὺς
2387 2752 2795 2823 εύαγγελιστάς,
2829 2753 2912 2806 ὅτι
2941 2749 3361 2822 συμφωνοῦντες
3398 2749 3514 2821 περὶ
3535 2748 3615 2818 τῆς
3633 2745 3728 2800 dva-

2233 2846 2472 2909 στάσεως
2503 2846 2579 2908 ὼς
2601 2845 2659 2898 ὲν
2688 2844 2869 2917 ἐκείνῃ
2897 2846 2964 2915 τῇ
2992 2845 3150 2898 νυκτὶ
3179 2841 3275 2896 τοῦ
3305 2842 3502 2913 Κυρίου
3527 2837 3728 2893 ἀναστάν-

2232 2954 2343 3006 τος,
2386 2937 2484 3010 τὴν
2519 2936 2670 3010 ὥραν
2709 2936 2832 2990 καθ’
2864 2937 2931 3008 ῆν
2962 2935 3160 3005 ἀνέστη
3206 2931 3392 3002 σαφῶς
3430 2931 3485 2985 ού
3522 2929 3726 2999 λέγουσιν.

2231 3027 2367 3087 Εἶτα
2409 3031 2503 3086 καὶ
2531 3029 2672 3084 αὐτά
2695 3029 2766 3083 τὰ
2808 3029 3030 3101 ῥήματα
3060 3027 3093 3098 ἢ
3145 3025 3350 3099 μᾶλλον
3385 3023 3450 3078 τὰ
3483 3023 3628 3095 χωρία
3661 3019 3729 3090 τῆς

566 3116 827 3180 surrexit,
859 3116 1044 3170 minus
1087 3115 1370 3185 explorate
1423 3117 1688 3172 indicant.
1725 3113 1863 3170 Tum
1900 3117 2132 3186 ipsamet

2232 3122 2453 3196 Γραφῆς
2479 3121 2693 3194 τίθησιν
2710 3160 2726 3186 ,
2754 3121 2856 3174 ὅσα
2891 3119 3120 3182 ἕκαστος
3158 3119 3272 3173 τῶν
3299 3108 3728 3208 eda-{751mm}!-

564 3208 751 3273 verba,
785 3207 872 3263 vel
901 3207 1082 3276 potius
1118 3208 1270 3263 locos
1323 3207 1620 3279 Scriptura:
1650 3207 1878 3278 profert,
1917 3207 1974 3262 in
2006 3207 2130 3278 qui-

564 3301 670 3356 bus
691 3297 1144 3369 evangelistarum
1177 3299 1406 3370 quilibet
1431 3299 1499 3354 de
1525 3299 1929 3354 resurrectione
1944 3297 2130 3353 Domi-

566 3392 688 3446 nica
719 3391 984 3460 loquitur,
1018 3407 1082 3447 ac
1109 3407 1228 3446 cam
1263 3409 1384 3463 qua:
1427 3393 1568 3447 inter
1595 3391 1744 3463 ipsos
1774 3391 1990 3446 videtur
2013 3405 2134 3447 esse

564 3483 987 3554 discrepantiam
1033 3488 1334 3556 componit.
1376 3485 1554 3556 Atque
1599 3485 1667 3540 ad
1703 3483 1984 3550 hazczQui
2010 3483 2132 3554 qui-

564 3574 688 3630 dem
732 3585 859 3631 ante
899 3577 1079 3632 noctis
1100 3577 1337 3632 medium
1390 3577 1612 3632 solvunt
1640 3577 1935 3648 jejunium,
1964 3575 2132 3631 veluti

567 3676 973 3739 contemptores
1040 3669 1576 3741 intemperantesque
1645 3668 2130 3740 reprehendimus,

566 3761 767 3831 quippe
814 3761 1071 3834 exiguum
1103 3763 1171 3818 ad
1200 3773 1414 3834 tempus
1461 3762 1658 3834 jejunii
1689 3777 1913 3817 cursum
1938 3760 2136 3816 dissol-

567 3862 737 3920 vunt;
763 3853 1004 3923 quivero
1022 3853 1089 3910 ad
1113 3864 1366 3925 quartam
1392 3870 1565 3925 usque
1596 3854 1860 3926 vigiliam,
1895 3853 1998 3907 hoc
2027 3860 2134 3920 est,

566 3945 901 4002 matutinum
946 3951 1161 4017 tempus
1197 3945 1410 4003 fortiter
1469 3947 1764 4011 abstinent,
1796 3961 1892 4001 eos
1936 3944 2136 4015 proba-

567 4052 692 4094 mus
713 4055 729 4093 :
750 4037 796 4094 si
827 4037 921 4106 qui
953 4054 1084 4094 vero
1113 4049 1238 4109 post
1268 4038 1506 4094 mediam
1539 4048 1756 4094 noctem
1791 4039 2132 4106 quieverunt,

567 4129 673 4186 hoc
695 4138 779 4186 est
805 4130 1147 4186 alliictionem
1168 4146 1236 4186 ex
1262 4131 1474 4202 jejunio
1501 4129 1798 4201 profectam
1826 4137 1886 4184 ut
1913 4138 2136 4199 potuere

568 4224 915 4292 sedaverunt,
934 4223 1023 4289 iis,
1045 4223 1240 4294 inquit,
1269 4222 1406 4278 nihil
1428 4223 1641 4279 molesti
1667 4223 1872 4290 simus;
1901 4222 2136 4288 hoc.est,

568 4316 706 4370 nihil
742 4324 826 4372 est
864 4315 1011 4386 quod
1041 4329 1158 4382 eos,
1192 4315 1322 4385 quia
1357 4329 1466 4368 non
1501 4315 1569 4368 ad
1608 4313 1932 4368 matutinum
1965 4328 2139 4384 usque

570 4416 784 4478 tempus
805 4406 1238 4477 perduraverint,
1264 4420 1615 4462 accusemus:
1642 4404 1770 4474 quia
1799 4418 1894 4458 sex
1921 4418 2138 4474 quoque

2229 3237 2318 3289 γει
2341 3217 2468 3290 περὶ
2489 3217 2588 3289 τῆς
2611 3214 2962 3277 ἀναστάσεως
2983 3211 3078 3267 τοῦ
3101 3213 3186 3266 Ku
3195 3213 3334 3285 ρίου,
3361 3211 3450 3266 καὶ
3475 3201 3726 3279 συμϐιϐἀζιι

2229 3309 2326 3381 τὴν
2375 3305 2635 3360 δοκοῦσαν
2688 3303 2983 3374 διαφωνίαν
3038 3301 3240 3356 αὐτῶν.
3296 3301 3404 3355 Καὶ
3431 3294 3530 3352 ’ἐπὶ
3575 3295 3729 3354 rem

2229 3400 2356 3463 τοὺς
2387 3397 2485 3470 μὲν
2519 3395 2626 3468 πρὸ
2649 3394 2744 3448 τοῦ
2775 3393 3128 3466 μεσονυκτίου
3161 3391 3390 3455 λύοντας
3415 3389 3504 3460 τὴν
3522 3385 3727 3459 νηστείαν,

2230 3491 2305 3556 ὡς
2328 3488 2621 3562 ὀλιγώρους
2648 3489 2740 3542 καὶ
2765 3487 3040 3560 ἀκρατεῖς,
3071 3485 3230 3557 φησὶ,
3256 3480 3580 3557 μεμφόμεθα,
3605 3477 3662 3541 ὡς
3681 3473 3728 3529 δι’

2231 3581 2416 3653 ὀλίγην
2441 3578 2590 3653 ὤραν
2633 3579 2724 3633 τὸν
2752 3577 2950 3649 δρόμον
2985 3574 3088 3646 τῆς
3123 3574 3378 3646 νηστείας
3410 3567 3726 3626 καταλύοντας·

2233 3672 2357 3738 τοὺς
2385 3671 2442 3724 δὲ
2478 3669 2637 3743 μέχρι
2661 3668 2924 3740 τετάρτης
2944 3665 3216 3736 φυλακῆς,
3243 3666 3361 3736 ἦτοι
3389 3661 3566 3734 ὄρθρου
3586 3658 3728 3724 ἐγκαρ-

2232 3763 2523 3838 τεροῦντας
2556 3761 2950 3833 ἀποδεχόμεθα.
2993 3761 3058 3814 Ei
3096 3759 3155 3813 δέ
3185 3774 3335 3822 τινες
3379 3755 3509 3828 μετά
3539 3753 3590 3805 τὸ
3617 3763 3729 3838 μεσο-

2232 3857 2448 3912 νύκτιον
2493 3855 2894 3920 ἀνεπαύσαντο,
2942 3853 3110 3924 ῆγουν
3150 3850 3256 3922 τὴν
3310 3844 3637 3902 κακοπάθειαν

2235 3951 2300 4004 ὲκ
2343 3949 2442 4020 τῆς
2482 3947 2738 4020 νηστείας
2780 3945 3023 3999 ἔπαυσαν
3067 3942 3143 4007 ὡς
3183 3941 3533 4013 ἠδυνήθησαν,
3559 3931 3728 4020 τούτοις.

2235 4016 2498 4110 φησὶξμὴ
2526 4016 2828 4108 ἐνοχλῶμεν
2863 4033 3006 4105 (ἀντὶ
3027 4031 3146 4097 τοῦ,
3179 4031 3258 4104 μὴ
3285 4033 3366 4085 δτι
3397 4030 3494 4090 ἕως
3523 4020 3639 4095 πρωί
3662 4016 3730 4110 οὐκ

2235 4106 2935 4203 ἐκαρτέρησανήαίτιὼμεθα
2960 4124 3202 4192 αὐτοὺς),
3227 4125 3308 4178 ὅτι
3330 4121 3445 4177 οὐδὲ
3466 4117 3553 4180 τὰς
3572 4106 3731 4203 ἱξιὴμὲ

2238 4200 2355 4295 ρας⁷
2380 4200 2605 4292 τῆςτοῦ
2654 4215 2858 4282 πάθους
2899 4213 2994 4270 τοῦ
3034 4214 3244 4287 Κυρίου
3284 4208 3554 4282 ἑϐδομάδος

2235 4311 2435 4384 ὁμοίως
2465 4309 2746 4366 ἀνύουσιψ
2793 4308 2841 4362 οἱ
2879 4307 2978 4380 μὲν
3018 4305 3128 4378 γὰρ
3171 4306 3274 4369 τὰς
3306 4303 3479 4364 πάσας
3513 4303 3732 4384 “im?”

2238 4382 2342 4468 σιν,
2374 4404 2423 4458 οἱ
2451 4402 2507 4455 δὲ
2534 4401 2626 4456 δύο
2657 4400 2690 4472 ἢ
2720 4401 2892 4471 τρεῖς,
2931 4399 2981 4452 οἱ
3015 4397 3074 4451 δὲ
3105 4395 3345 4458 πλείους,
3375 4393 3422 4447 οί
3444 4392 3497 4448 δὲ
3521 4382 3728 4472 οὐδεμίιγο

569 4469 700 4553 dies
714 4469 833 4568 ejus
868 4469 1234 4554 hebdomadte
1249 4511 1357 4568 qua
1384 4511 1580 4568 passus
1607 4469 1691 4550 est
1714 4469 1997 4562 Dominus,
2025 4469 2134 4550 non

2239 4493 2364 4557 Τοῖς
2397 4487 2489 4546 οὖν
2517 4493 2610 4544 ἐπὶ
2641 4469 2857 4553 πλείους
2891 4487 3104 4561 ἡμέρας
3137 4485 3458 4559 "magna
3487 4480 3570 4536 καὶ
3595 4469 3730 4568 κώ.

572 4604 765 4646 omnes
806 4590 1000 4647 eodem
1042 4591 1206 4646 modo
1259 4589 1589 4661 transigunt.
1620 4587 1754 4642 Nam
1797 4587 1887 4642 alii
1916 4587 2149 4658 quidem.

573 4695 766 4737 omnes
798 4681 1070 4753 jejunant,
1123 4681 1218 4737 alii
1271 4695 1404 4737 vero
1435 4681 1596 4749 duos,
1636 4688 1836 4746 tresve,
1867 4680 1960 4734 alii
2008 4696 2139 4736 vero

572 4772 780 4844 plures,
805 4773 896 4828 alii
923 4789 1087 4844 porro
1113 4789 1179 4830 ne
1225 4789 1395 4829 unum
1421 4771 1661 4844 quidem.
1694 4769 1764 4826 lis
1792 4785 1921 4842 ergo
1946 4769 2042 4841 qui
2072 4770 2140 4826 ad

574 4861 760 4935 plures
785 4865 901 4920 dies
931 4866 1340 4936 jejunaverunt,
1364 4864 1708 4938 ampliusque
1735 4861 2139 4929 laboraverunt,

576 4955 626 5012 si
675 4955 837 5011 citius
876 4957 1056 5011 cibum
1107 4957 1482 5029 degustarint,
1521 4954 1875 5028 ignoscimus.
1934 4952 1992 5010 Si
2045 4953 2142 5024 qui

575 5060 708 5103 vero
728 5061 836 5102 non
860 5039 1022 5102 modo
1046 5045 1164 5104 dies
1217 5049 1425 5120 aliquot
1455 5049 1601 5104 haud
1630 5047 1971 5118 jejunarunt,
2005 5046 2138 5118 quin

578 5139 760 5212 potius
794 5139 916 5196 aliis
960 5148 1195 5208 quatuor
1231 5139 1587 5196 hebdomade:
1631 5139 1825 5195 diebus
1856 5139 2141 5194 luxuriose

577 5233 852 5301 vixerunt,
885 5231 940 5288 in
971 5229 1274 5287 Parasceve
1311 5239 1490 5286 autem
1538 5237 1594 5286 et
1650 5230 1886 5286 Sabbato
1929 5243 1962 5285 a
2017 5229 2141 5284 cibo

578 5324 979 5392 abstinuerunt,
1021 5337 1087 5379 ac
1113 5337 1370 5394 magnum
1395 5321 1654 5394 quiddam
1691 5320 1872 5378 facere
1910 5335 1970 5376 se
1995 5319 2144 5376 arbi-

582 5426 793 5474 trantur
843 5416 890 5474 si
935 5430 1110 5487 usque
1162 5415 1231 5471 ad
1291 5415 1612 5471 matutinam
1654 5415 1844 5470 horam
1883 5413 1991 5468 diei
2046 5412 2142 5484 qui

2241 4599 2366 4637 σασι
2403 4579 2602 4653 μᾶλλον
2634 4581 2682 4633 εί
2709 4557 3017 4650 ταχύτερον⁷
3035 4557 3319 4647 γεύσανται
3345 4572 3538 4648 τροφῆς
3559 4557 3729 4653 συγτρ

2243 4689 2359 4745 μεν.
2383 4649 2450 4726 Εἰ
2491 4670 2549 4724 δέ
2581 4687 2726 4734 τινες
2841 4649 3001 4739 μόνον
3031 4668 3120 4736 ἐφ’
3139 4666 3352 4739 ἡμέρας
3376 4662 3518 4726 τινὰς
3547 4658 3630 4712 οὐκ
3648 4649 3730 4720 Mr

2242 4783 2492 4830 στευσαν,
2536 4763 2672 4819 ἀλλά
2724 4762 2820 4816 καὶ
2857 4759 3174 4834 ἐτρύφησαν
3224 4758 3327 4824 τὰς
3373 4755 3553 4826 ἑτέρας
3590 4749 3728 4802 τέσσσ-

2245 4876 2341 4930 ρας
2387 4858 2488 4930 τῆς
2548 4853 2836 4926 ἑϐδομάδος
2905 4852 3162 4925 ἡμέρας.
3221 4849 3366 4906 κατὰ
3419 4847 3473 4902 δὲ
3526 4843 3610 4914 τὴν
3655 4837 3729 4892 Πα-

2245 4949 2514 5023 ρασκευὴν
2574 4948 2666 5002 καὶ
2719 4947 2779 5000 τὺ
2827 4944 3103 5000 Σάϐϐατον
3147 4944 3446 5014 ἀπέσχοντο
3505 4934 3730 5023 βρώσεως,

2244 5019 2339 5098 καὶ
2370 5019 2512 5113 μέγα
2538 5058 2591 5094 τι
2621 5042 2796 5094 ποιεῖν
2833 5038 3164 5110 νομίζουσιν,
3194 5039 3242 5090 εί
3273 5037 3430 5108 μέχρι
3461 5030 3640 5104 πρωτις

2244 5112 2614 5206 ἀναστασίμου
2643 5133 2853 5205 ἡμέρας
2877 5132 3376 5204 ὲγκαρτερήσουσιν
3400 5128 3574 5185 ἄσιτοι,
3603 5118 3650 5172 οὗ
3667 5112 3732 5181 τὴν

2244 5229 2433 5302 ὁμοίαν
2459 5226 2686 5298 ἄθλησιν
2711 5211 3018 5279 ποιοῦνταιο
3044 5223 3342 5288 τουτέστιν,
3372 5220 3464 5290 οὐχ
3487 5213 3654 5302 ὁμοίως
3668 5219 3731 5302 tu:

2247 5293 2544 5375 κοπιάκασι
2583 5293 2708 5380 ’τοῖς
2748 5314 3001 5378 πλειόνας
3039 5314 3258 5386 ἡμέρας
3297 5313 3568 5382 ἁσκήσασι.
3607 5293 3734 5390 Kal?

2250 5411 2336 5466 πθ¹
2390 5410 2568 5466 κανὼν
2595 5409 2696 5479 τῆς
2740 5407 2795 5474 ς’
2831 5408 3080 5470 συνόδου,
3125 5407 3252 5478 περὶ
3288 5403 3452 5476 μέσας
3480 5397 3645 5454 νύκτας
3666 5401 3732 5479 τίθυ

579 5508 985 5567 resurrectione
1038 5524 1195 5566 sacer
1245 5517 1352 5576 est,
1394 5507 1568 5580 jejuni
1621 5513 1988 5580 perseverent,
2031 5519 2134 5561 non

2253 5503 2487 5577 μεγάλου
2535 5477 2810 5555 Σαϐϐἀτου
2857 5500 2991 5571 φησὶ
3035 5499 3146 5552 δεῖν
3193 5477 3627 5566 ἀπονηστίζεσθαι.

583 5603 782 5671 simile,
819 5602 1019 5675 inquit,
1062 5612 1341 5660 certamen
1388 5567 1711 5674 perficiunt:
1736 5602 1842 5658 hoc
1889 5609 1994 5667 est,
2033 5613 2134 5655 non

2251 5567 2414 5660 ἀλλας
2439 5594 2651 5666 ἡμέρας
2691 5591 2791 5663 τῆς
3140 5587 3233 5644 τοῦ
3268 5586 3462 5648 πάθους
3489 5585 3540 5634 ἐν
3568 5567 3733 5646 νηστείᾳ

586 5693 792 5762 pariter
815 5695 1158 5762 laborarunt,
1185 5694 1252 5752 iis
1280 5693 1374 5766 qui
1406 5709 1467 5750 se
1509 5693 1760 5764 pluribus
1787 5689 2134 5762 diebusjeju-

2255 5688 2350 5744 ml.
2381 5687 2654 5759 προσευχῇ
2686 5685 2780 5740 καὶ¹
2811 5682 3100 5773 κατανύξει
3127 5680 3421 5750 διάγοντας.
3522 5763 3532 5772 .

590 5743 784 5762 ¹⁷“’““““
817 5743 1158 5762 """"'""""
1185 5743 1251 5752 "'
1282 5743 1374 5766 1"
1406 5743 1465 5750 "
1509 5743 1759 5764 ι”-------
1792 5743 2110 5762 "““"o'0“
2428 5743 2440 5759 .
2587 5743 2654 5757 η..
2880 5762 2893 5773 .
3029 5743 3048 5751 -
3227 5743 3239 5750 ,
3522 5763 3532 5772 .

588 5786 680 5841 nio
709 5797 1089 5846 exercuerunt.
1121 5786 1310 5846 Nonus
1335 5802 1553 5860 quoque
1580 5803 1742 5862 supra
1766 5786 2153 5858 octogesimum
2191 5793 2354 5840 sertae
2399 5779 2588 5851 synodi
2645 5794 2842 5848 canon,
2876 5776 3086 5834 circiter
3113 5773 3342 5832 mediam
3371 5779 3534 5836 magni
3562 5743 3733 5812 Sam“
