3972 6318
215 304 231 313 .
332 348 464 402 1281

1092 347 1428 406 ΕριετοιΑ
1465 349 1811 408 CANONICA
1848 353 1938 408 ΔΙ)
1972 353 2333 411 BASILIDEM
2371 354 2780 418 EPISCOPUM.

3415 366 3558 423 sese
3650 442 3656 449 I

329 478 566 538 noctem,
588 470 856 543 jejunium
901 471 1220 530 solvendum
1271 476 1489 540 asserit,
1525 476 1767 548 reliquos
1789 477 2137 535 hebdomadze
2160 497 2265 550 qua
2295 480 2546 536 Christus
2566 497 2765 552 passus
2787 491 2872 538 est
2903 482 3043 548 dies,
3067 492 3121 539 et
3145 483 3200 540 in
3240 489 3557 557 precatione

322 576 378 620 et
409 567 592 624 cordis
617 567 1030 638 compunctione
1073 579 1410 639 peragentes.

935 663 1174 716 ΚΑΝὩΝ
1199 665 1272 717 B'.
1542 673 1556 682 ’
1875 698 1877 700 ·

392 751 533 821 Περὶ
559 750 626 806 δὲ
647 751 764 807 τῶν
785 753 855 807 ἐν
890 748 1243 826 ἀφέδρῳ(65)
1273 757 1588 826 γυναικῶν,
1616 760 1670 813 ει
1690 773 1876 828 προσ-

325 840 469 910 ῆκεν
490 844 676 911 αὐτὰς
706 845 856 898 οὕτω
888 845 1255 916 διακειμένας
1291 851 1376 916 είς
1422 850 1529 905 τὸν
1565 847 1733 904 οἷκον
1756 854 1878 906 εἰσ·

322 934 471 989 ιέναι
522 935 628 991 τοῦ
686 938 856 1001 Θεοῦ,
911 939 1186 1007 περιττὸν
1220 939 1288 994 δὲ
1341 943 1407 996 τὸ
1471 943 1877 999 πυνθάνεσθαι

316 1026 546 1095 νομίζω.
577 1027 727 1082 Οὐδὲ
747 1028 857 1098 γὰρ
881 1030 1065 1096 αὐτὰς
1093 1031 1270 1101 οἴμαι,
1301 1033 1517 1100 πιστὰς
1551 1035 1740 1101 οὔσας
1777 1036 1873 1090 καὶ

315 1117 609 1186 εὐλαϐεῖς,
656 1120 980 1190 τολμήσειν
1037 1123 1224 1189 οὕτως
1269 1123 1637 1195 διακειμένας
1660 1167 1674 1192 ν
1723 1128 1762 1198 ἢ
1799 1127 1875 1197 τῇ

315 1209 566 1279 τραπέζῃ
613 1209 688 1280 τῇ
747 1212 886 1282 ἁγίᾳ
933 1214 1309 1283 προσελθεῖν,
1346 1215 1384 1286 ἣ
1443 1219 1547 1273 τοῦ
1605 1219 1874 1289 σώματος

316 1302 411 1354 καὶ
461 1303 567 1356 τοῦ
634 1304 878 1374 αἵματος
937 1307 1043 1361 τοῦ
1112 1308 1373 1376 Χριστοῦ
1420 1311 1868 1380 προσάψασθαι.

319 1392 472 1447 οὐδὲ
498 1393 606 1463 γὰρ
655 1396 693 1462 ἡ
745 1395 855 1465 τὴν
890 1395 1218 1471 δωδεκαετῆ
1240 1401 1427 1471 ῥῦσιν
1464 1403 1693 1471 ἔχουσα
1721 1405 1872 1473 πρὸς

313 1485 428 1553 τὴν
479 1487 648 1541 ἴασιν
689 1489 884 1559 ἔθιγεν
917 1492 1123 1548 αὐτοῦ’
1156 1493 1318 1548 ἀλλὰ
1365 1494 1557 1565 μόνου
1586 1496 1690 1550 τοῦ
1727 1514 1867 1565 κρα-

315 1575 563 1633 σπέδου.
622 1583 1066 1650 Προσεύχεσθαι
1111 1583 1229 1654 μὲν
1279 1585 1390 1655 γὰρ
1425 1586 1584 1653 ὅπως
1634 1586 1711 1641 ἂν
1758 1589 1868 1659 ἔχη

310 1686 419 1736 τις,
453 1672 549 1725 καί
583 1671 661 1739 ὡς
687 1673 763 1727 ἂν
801 1673 1102 1740 διάκειται,
1137 1676 1477 1746 μεμνῆσθαι
1511 1679 1618 1734 τοῦ
1646 1681 1867 1734 Δεσπό-

312 1777 435 1825 του,
470 1761 568 1815 καὶ
590 1761 818 1817 δεῖσθαι
844 1765 1128 1834 βοηθείας
1167 1765 1389 1836 τυχεῖν,
1447 1767 1865 1838 ἀνεπίφθονον.

311 1853 414 1919 Είς
440 1852 509 1907 δὲ
537 1853 609 1908 τὰ
638 1855 809 1925 "Arta
829 1855 947 1910 τῶν
972 1857 1174 1927 ἁγίων,
1207 1861 1240 1913 ό
1280 1858 1368 1928 μὴ
1393 1859 1586 1930 πάντη
1613 1863 1869 1932 καθαρὸς

309 1945 406 1998 καὶ
480 1945 652 2016 ψυχῇ
715 1947 814 2002 καί
879 1948 1104 2019 σώματι
1125 1988 1141 2016 ,
1212 1951 1522 2020 προσιέναι
1595 1955 1866 2024 κωλυθή-

305 2052 500 2092 σεται.
1142 2099 1148 2103 Α
1417 2085 1424 2093 .

375 2129 570 2183 ΒΑΛΣ.
602 2130 668 2182 Al
733 2129 1009 2202 Ἑϐραῖδες
1057 2133 1313 2200 γυναῖκες
1338 2132 1466 2186 ὅταν
1520 2132 1741 2206 γένηται
1769 2132 1865 2188 αὐ-

304 2218 480 2292 ταῖς
514 2219 621 2275 τῶν
678 2222 934 2294 ἐμμήνων
990 2221 1163 2296 ρῦσις,
1199 2225 1257 2277 ἐν
1295 2225 1443 2297 τόπῳ
1501 2226 1863 2299 μεμονωμένῳ

303 2311 626 2382 καθήμεναι,
657 2313 1029 2384 ἡσυχάζουσιν,
1058 2315 1162 2380 ἕως
1193 2315 1261 2370 ἂν
1307 2317 1506 2390 ἡμέραι
1555 2319 1691 2373 ἑπτὰ
1723 2336 1863 2390 παρ-

312 2402 527 2468 έλθωσι,
569 2406 716 2477 καὶὴ
746 2405 1140 2484 τῶν-ἐμμήνων
1183 2407 1336 2479 ρὖις
1391 2409 1711 2482 καθαρισθῇ·
1740 2410 1862 2466 ὅθεν

301 2494 552 2564 εἴληπται
580 2494 728 2548 τὸέν
756 2496 1010 2565 ἀφέδρῳ,
1057 2499 1176 2570 ἦτοι
1230 2499 1288 2552 τὸ
1334 2500 1660 2573 κεχωρίσθαι
1694 2501 1860 2566 αὐτὰς

299 2583 414 2640 ἀπὸ
435 2585 532 2657 τῆς
559 2585 666 2640 τῶν
691 2586 886 2641 λοιπῶν
914 2589 1094 2660 ἕδρας,
1121 2590 1196 2654 ὡς
1227 2590 1585 2664 ἀκαθάρτους.
1626 2593 1862 2666 Ἐρωτη-

301 2677 415 2742 θεὶς
443 2673 535 2732 οὖν
580 2680 609 2732 ὁ
637 2679 788 2748 ἅγιος
815 2680 940 2752 περὶ
966 2681 1073 2735 τῶν
1105 2681 1311 2736 πιστῶν
1361 2683 1651 2753 γυναικῶν,
1684 2686 1732 2738 εἰ
1754 2684 1859 2758 χρὴ

299 2766 498 2832 ταύτας
524 2768 652 2823 ὅταν
683 2770 783 2822 ὑπὸ
803 2770 908 2824 τῶν
937 2773 1192 2844 ἐμμήνων
1219 2772 1500 2844 ὀχλῶνται,
1527 2775 1750 2830 εἰσιέναι
1779 2777 1860 2840 είς

298 2861 608 2932 ἐκκλησίαν,
638 2863 903 2934 ἀπεκρίθη
939 2864 1011 2936 μὴ
1039 2865 1147 2918 δεῖν
1173 2865 1332 2920 τοῦτο
1354 2867 1615 2936 γίνεσθαι,
1638 2869 1730 2923 καὶ
1759 2869 1858 2942 τὴν

300 2954 359 3007 ἐν
388 2952 465 3024 τῷ
490 2953 803 3025 Εὐαγγελίῳ
859 2956 1254 3028 αἱμορῤοοῦσαν
1295 2961 1613 3032 παρήγαγεν
1643 2964 1723 3026 είς
1749 2980 1855 3018 πα.-

298 3042 587 3114 ράδειγμα,
623 3042 696 3114 μὴ
724 3044 1072 3117 τολμήσασαν
1132 3045 1274 3112 θίξαι
1305 3047 1397 3102 τοῦ
1423 3049 1647 3121 Κυρίου,
1678 3051 1790 3105 ἀλλ’
1819 3051 1852 3126 ἢ

299 3132 458 3203 μόνου
485 3133 577 3186 τοῦ
609 3136 911 3206 κρασπέδου
941 3134 1125 3190 αὐτοῦ.
1182 3136 1448 3208 Εὖχεσθαι
1502 3140 1600 3211 μὲν
1625 3141 1732 3214 γὰρ
1763 3143 1856 3197 κα)⁹

294 3224 387 3278 τοῦ
414 3226 617 3298 Κυρίου
648 3227 977 3298 μεμνῆσθαι,
1010 3229 1192 3299 φησὶν,
1221 3230 1327 3283 οὐδ’
1347 3231 1404 3283 ἐν
1431 3231 1655 3304 τοιούτῳ
1681 3234 1857 3307 καιρῷ

294 3317 717 3430 κωλυθήσοντμιο
748 3321 828 3423 είς
851 3320 975 3374 ναὸν
1005 3319 1060 3374 δέ
1090 3321 1222 3428 θεοῦ
1246 3322 1470 3430 εἰσιένμι
1509 3322 1541 3394 ἢ
1578 3325 1853 3426 μεταλαμ-
1879 3371 1921 3430 C

293 3409 476 3464 δάνειν
520 3409 689 3475 αὐτὰς
741 3410 849 3464 τῶν
881 3412 1252 3484 ἀγιασμάτων,
1282 3413 1342 3466 οὐ
1405 3413 1501 3468 δεῖ.
1537 3414 1721 3469 Ταῦτα
1753 3417 1846 3471 τοῦ

292 3502 529 3572 μεγάλου
556 3501 852 3575 ἀρχιερέως
875 3502 1269 3575 διορισαμένου,
1311 3503 1580 3576 βλέπομεν
1614 3507 1852 3579 σήμερον

289 3594 368 3657 είς
387 3592 456 3647 τὰ
478 3597 756 3663 γυναικεῖα
777 3593 868 3647 καὶ
893 3594 1087 3666 μᾶλλον
1119 3597 1448 3669 μοναστήρια
1480 3597 1647 3662 ἀδεῶς
1673 3597 1851 3652 τοιαύ-

288 3703 386 3749 τας
414 3685 703 3756 ἱσταμένας
729 3689 990 3755 γυναῖκας
1019 3688 1101 3750 εἰς
1130 3687 1256 3752 τοὺς
1279 3690 1546 3761 προνάους
1572 3692 1850 3756 παντοίαις

287 3777 471 3846 ἁγίαις
498 3778 668 3831 εἰκόσι
705 3777 1265 3849 κεκαλλωπισμένους,
1315 3780 1410 3836 καὶ
1434 3783 1513 3846 είς
1544 3779 1848 3853 δοξολογίαν

286 3870 420 3923 Θεοῦ
448 3871 900 3944 ἀπονεμηθένταςι
935 3873 1029 3925 καὶ
1069 3872 1374 3944 ἐρωτῶντες
1405 3875 1552 3940 ὅπως
1581 3876 1736 3931 τοῦτο
1763 3879 1848 3948 γί-

284 3981 456 4030 νεται,
485 3963 755 4035 ἀκούομεν
807 3962 880 4034 μὴ
923 3963 1299 4036 ἐκκλησιάζειν
1331 3967 1516 4031 αὐτάς,
1559 3968 1696 4040 ὅπερ
1724 3970 1847 4041 ἐμοὶ

283 4056 422 4121 τέως
449 4056 510 4110 οὐ
535 4057 696 4110 δοκεῖ.
735 4056 808 4110 Οὐ
833 4056 942 4127 γάρ
963 4058 1097 4110 εἰσιν
1147 4057 1197 4111 οἱ
1244 4057 1467 4130 πρόναοι
1493 4061 1658 4114 κοινοὶ
1680 4061 1754 4125 ὡς
1776 4062 1845 4116 τὰ

281 4151 388 4204 τῶν
413 4147 712 4218 ἐκκλησιῶν
743 4147 1026 4219 προαύλια,
1059 4147 1193 4203 ἀλλά
1241 4149 1405 4221 μέρος
1443 4150 1620 4204 αὐτῶν
1653 4154 1844 4206 ἀπονε-

284 4242 454 4315 μηθὲν
478 4243 597 4304 ταῖς
626 4239 836 4308 γυναιξὶ
864 4242 992 4303 ,ταῖς
1024 4239 1096 4312 μὴ
1148 4239 1512 4313 κωλυομέναις
1553 4243 1843 4316 ἐκκλησιά-

280 4334 414 4400 ζειν.
453 4335 548 4396 Ὃς
567 4331 630 4404 δὴ
657 4331 907 4403 πρόναος,
928 4331 1088 4396 τόπος
1106 4330 1362 4403 δευτέρας
1393 4333 1506 4386 ἐστὶ
1535 4336 1837 4404 μετανοίας,

264 4429 317 4484 ’ὁ
332 4425 441 4479 τῶν
491 4424 851 4496 ἀκροωμένων
898 4423 1203 4494 λεγόμενος.
1263 4423 1372 4477 Καὶ
1413 4425 1471 4478 ἐν
1528 4425 1674 4496 αὐτῷ
1719 4427 1839 4480 οὐδὲ

277 4515 532 4586 ἀνδράσιν
581 4515 786 4582 ἐφεῖται
819 4512 1088 4574 ἵστασθαι,
1144 4511 1510 4583 ἐπιτιμηθεῖσι
1537 4513 1611 4586 μὴ
1642 4515 1838 4585 ἐκκλη-

279 4607 508 4671 σιάζειν,
541 4603 674 4658 ἀλλά
701 4603 894 4668 ἔξωθεν
920 4602 1084 4656 αὑτοῦ
1119 4602 1485 4674 προσκλαίειν.
1531 4605 1674 4658 Ἔδει
1704 4605 1834 4674 γοῦν

2599 668 2826 724 CANON
2865 669 2928 725 ll.

2051 757 2131 812 De
2173 758 2479 813 mulieribus
2523 769 2696 814 autem
2731 776 2849 831 qua
2889 772 3011 816 sunt
3057 763 3114 817 in
3158 762 3403 818 abscessu
3429 807 3447 831 ,
3481 782 3551 820 an

1979 863 2068 902 eas
2091 848 2168 902 sic
2197 848 2414 917 affectas
2443 857 2680 918 oporteat
2709 849 2922 903 domum
2952 850 3046 905 Dei
3087 852 3316 922 ingredi,
3361 869 3546 922 super-

1980 952 2264 992 vacaneum
2297 940 2374 992 uel
2403 940 2728 1008 interrogare
2758 941 3026 995 existimo.
3066 941 3246 1012 Neque
3287 944 3426 999 enim
3457 961 3546 1000 eas

1978 1030 2242 1094 existimo,
2279 1031 2324 1084 si
2363 1031 2470 1085 sint
2497 1033 2600 1101 pia:
2637 1040 2687 1086 et
2714 1032 2917 1101 ﬁdeles,
2943 1034 3020 1087 sic
3053 1035 3294 1104 a/feetas,
3317 1053 3544 1092 ausurus

1978 1120 2057 1174 uel
2089 1121 2158 1174 ad
2189 1131 2426 1174 sanctam
2457 1138 2690 1176 mensam
2721 1124 2986 1189 accedere,
3017 1126 3093 1178 vel
3123 1142 3308 1196 corpus
3339 1138 3390 1182 et
3415 1147 3539 1184 san-

1978 1213 2184 1282 guinem
2205 1212 2417 1266 Domini
2439 1215 2712 1284 attingere.
2741 1213 2916 1285 Neque
2944 1217 3103 1284 enim,
3133 1234 3250 1288 quia
3269 1218 3543 1275 duodecim

1978 1321 2237 1357 annorum
2283 1306 2489 1374 ﬂuxum
2530 1306 2751 1361 habebat
2787 1308 2852 1374 ³⁸,
2896 1310 3067 1379 ipsum
3115 1311 3184 1363 ad
3230 1311 3543 1366 medicinam

1976 1396 2166 1466 tetigit,
2207 1397 2298 1449 sed
2333 1396 2504 1451 sol-am
2547 1398 2660 1466 ejus
2698 1399 2986 1467 ﬁmbriam.
3029 1401 3197 1456 Orare
3237 1403 3375 1456 enim
3407 1419 3540 1474 quo-

1975 1487 2332 1558 modocunque
2368 1505 2422 1542 se
2460 1488 2649 1543 habeat
2683 1490 2900 1560 aliquis,
2928 1501 2978 1545 et
3007 1501 3267 1563 utcunque
3299 1494 3372 1548 sit
3409 1493 3545 1563 a/fe—

1974 1587 2087 1632 ctus
2122 1577 2334 1632 Domini
2365 1581 2678 1646 meminisse,
2715 1590 2765 1634 et
2797 1583 3061 1636 auxilium
3098 1583 3410 1654 implorare,
3438 1601 3540 1638 non
3540 1634 3574 1666 ⁴

1972 1678 2050 1724 est
2093 1670 2586 1740 reprehendendum.
2641 1672 2725 1726 Ad
2757 1672 2955 1728 Sancta
2994 1684 3171 1728 autem
3212 1686 3540 1741 sanctorum,

1972 1763 2060 1834 qui
2093 1781 2192 1817 non
2229 1765 2441 1818 omnino
2481 1766 2660 1820 animo
2699 1767 2903 1837 pariter
2928 1778 2976 1822 et
3003 1783 3216 1837 corpore
3244 1785 3406 1840 purus
3435 1779 3536 1836 est,

1972 1855 2211 1912 accedere
2235 1858 2612 1927 prohibebitur.

2032 2128 2192 2186 BALS.
2242 2127 2520 2186 Hebraicie
2547 2131 2826 2198 mulieres,
2857 2132 3073 2202 quando
3101 2133 3262 2190 fuerit
3289 2134 3370 2191 eis
3404 2151 3532 2206 pro—

1962 2220 2187 2276 ﬂuvium
2251 2233 2629 2300 menstruum,
2695 2223 2752 2278 in
2805 2224 2926 2279 loco
2983 2224 3230 2280 solitario
3281 2227 3531 2284 sedentes

1961 2313 2271 2385 quiescunt,
2305 2315 2478 2369 donec
2499 2324 2702 2385 septem
2736 2315 2853 2371 dies
2883 2317 3262 2385 praeterierint,
3298 2326 3353 2372 et
3379 2334 3531 2372 men-

1960 2415 2235 2462 struorum
2291 2407 2472 2462 ﬂuxus
2525 2415 2857 2479 expurgatus
2902 2409 3132 2464 steterit.
3182 2405 3335 2465 Unde
3378 2426 3530 2466 acce-

1958 2504 2110 2566 ptum
2141 2505 2222 2552 est
2260 2497 2414 2562 illud,
2455 2497 2510 2550 in
2541 2496 2807 2570 abscessu,
2839 2513 2940 2569 pro
2964 2515 3030 2554 eo
3055 2499 3200 2570 quod
3230 2511 3333 2565 est,
3371 2515 3531 2570 sepa-

1956 2565 2103 2641 ratas
2138 2601 2258 2641 esse
2309 2586 2455 2657 ipsas
2487 2588 2531 2642 'a
2562 2565 2896 2658 reliquorum
2947 2588 3074 2644 sede
3107 2597 3165 2644 ut
3195 2591 3524 2648 immundae.

1956 2675 2330 2748 Interrogatus
2362 2693 2492 2749 ergo
2520 2689 2746 2735 sanctus
2776 2679 2844 2734 de
2895 2680 3144 2735 ﬁdelibus
3184 2681 3524 2748 mulieribus,

1957 2784 2028 2823 an
2079 2783 2174 2824 eas
2217 2777 2484 2839 oporteat,
2534 2770 2753 2840 quando
2808 2784 2838 2823 a
2885 2772 3182 2826 menstruis
3234 2780 3522 2838 vexantur,

1955 2859 2242 2915 ecclesiam
2273 2859 2502 2931 ingredi,
2529 2861 2808 2930 respondit
2830 2876 2937 2915 non
2965 2869 3218 2932 oportere
3242 2863 3349 2918 hoc
3375 2864 3521 2931 ﬁeri;

1955 2959 2010 3006 et
2036 2950 2316 3006 mulierem
2356 2965 2477 3021 quae
2509 2951 2791 3022 sanguinis
2827 2952 3094 3023 proﬂuvio
3141 2954 3196 3008 in
3230 2953 3523 3026 Evangelio

1954 3042 2252 3110 laborabat,
2281 3043 2335 3097 in
2367 3043 2671 3113 exemplum
2701 3044 2948 3111 adduxit,
2985 3059 3092 3100 non
3120 3061 3310 3102 ausam
3337 3045 3522 3102 Domi-

1953 3150 2085 3189 num
2139 3142 2393 3204 tangere,
2440 3133 2533 3189 sed
2588 3133 2760 3189 solam
2806 3134 2980 3205 ipsius
3015 3135 3304 3191 ﬁmbriam.
3353 3137 3522 3193 Orare

1955 3225 2101 3279 enim
2154 3231 2210 3279 et
2255 3223 2470 3278 Domini
2520 3225 2877 3292 meminisse,
2931 3226 3147 3298 inquit,
3194 3244 3262 3284 ne
3313 3229 3370 3284 in
3416 3214 3521 3284 boc

1953 3316 2172 3386 quidem
2210 3323 2453 3386 tempore
2494 3315 2959 3385 probibebuntur;
3017 3320 3280 3390 templum
3334 3329 3516 3376 autem
3573 3357 3578 3372 ι

1954 3407 2197 3478 ingredi,
2243 3406 2328 3460 vel
2369 3415 2683 3460 sanctorum
2728 3394 2883 3477 ipsas
2921 3423 3042 3463 esse
3078 3410 3367 3481 participes
3407 3426 3518 3466 non

1951 3497 2222 3555 convenit.
2265 3493 2404 3553 Haec
2450 3512 2574 3552 cum
2627 3497 2852 3552 antistes
2909 3499 3214 3568 deﬁnierit,
3269 3501 3517 3558 videmus

1951 3591 2109 3644 hodie
2145 3591 2200 3644 in
2230 3589 2494 3662 gynzeeeis
2521 3597 2572 3644 et
2600 3589 2836 3645 maxime
2883 3592 2936 3645 in
2969 3593 3334 3659 monasteriis,
3379 3595 3516 3651 tales

1949 3679 2204 3735 mulieres
2231 3695 2423 3735 secure
2469 3687 2613 3735 stare
2644 3682 2696 3735 in
2723 3689 3044 3750 templorum
3070 3684 3371 3751 vestibulis,
3394 3701 3517 3756 qua)

1947 3771 2154 3826 sanctis
2186 3771 2364 3825 omnis
2403 3771 2616 3840 generis
2661 3772 2990 3842 imaginibus
3032 3784 3311 3842 exornata,
3351 3785 3406 3831 et
3441 3777 3512 3833 ad

1947 3860 2042 3916 Dei
2087 3861 2299 3915 laudem
2344 3861 2598 3930 deputata
2642 3872 2770 3916 sunt
2808 3880 2821 3915 :
2865 3870 3072 3917 etcum
3109 3864 3512 3937 interrogamus

1944 3952 2216 4023 quomodo
2245 3953 2349 4008 hoc
2377 3953 2490 4020 tiat,
2523 3951 2776 4008 audimus
2805 3967 2898 4008 eas
2934 3969 3043 4007 non
3075 3969 3198 4009 esse
3242 3955 3296 4009 in
3337 3956 3514 4011 eccle-

1941 4045 2056 4111 sia,
2088 4044 2231 4116 quod
2272 4045 2405 4099 mihi
2436 4045 2655 4115 quidem
2697 4061 2804 4100 non
2842 4045 2914 4100 ita
2952 4061 3074 4101 esse
3101 4047 3337 4102 videtur.
3391 4047 3510 4103 Non

1946 4148 2077 4194 sunt
2136 4139 2282 4194 enim
2343 4138 2610 4194 vestibula
2668 4137 2978 4193 communia
3034 4147 3095 4192 ut
3154 4139 3509 4194 ecclesiarum

1941 4229 2102 4296 atria,
2146 4230 2238 4285 sed
2268 4244 2396 4300 pars
2427 4238 2556 4285 sunt
2598 4228 2838 4299 ipsarum
2885 4228 3208 4283 mulieribus
3249 4230 3508 4283 attributa

1938 4337 2062 4393 qua:
2109 4321 2166 4376 in
2217 4321 2445 4378 ecclesia
2495 4320 2702 4376 versari
2758 4335 2868 4374 non
2916 4320 3291 4391 prohibentur.
3353 4317 3508 4386 Quod

1938 4415 2156 4485 quidem
2184 4413 2517 4469 vestibulum
2556 4421 2639 4468 est
2687 4412 2841 4467 locus
2886 4409 3136 4466 secundae
3181 4411 3508 4479 paenitentia:

1937 4504 2030 4575 qui
2063 4503 2264 4559 dicitur
2295 4502 2629 4558 audientium
2660 4510 2752 4557 :et
2783 4501 2839 4556 in
2876 4501 2996 4570 ipso
3037 4515 3105 4554 ue
3127 4499 3258 4554 viris
3286 4499 3503 4569 quidem

1938 4604 2083 4651 stare
2122 4595 2477 4666 permittitur,
2516 4593 2716 4663 quibus
2753 4593 3007 4662 imposita
3040 4598 3124 4646 est
3153 4605 3310 4659 paena
3347 4603 3413 4643 ne
3448 4589 3502 4643 in

273 4698 402 4760 τοὺς
422 4695 693 4758 τοιούτους
713 4693 977 4765 προνάους
997 4696 1077 4758 εἰς
1101 4693 1194 4757 οὒς
1235 4695 1292 4747 αἱ
1320 4693 1560 4748 τοιαῦται
1599 4696 1838 4769 ἀκάθαρ-

1956 4689 2164 4744 ecclesia
2195 4695 2498 4752 versentur,
2523 4685 2614 4740 sed
2639 4695 2789 4739 extra
2819 4685 2996 4754 ipsum
3040 4681 3256 4738 deﬂere.
3281 4681 3505 4753 Oportet

274 4808 356 4844 τοι
379 4791 632 4858 γυναῖκες
662 4786 882 4859 ἔμελλον
930 4785 1200 4852 ἵστασθαι,
1262 4785 1336 4858 μὴ
1376 4787 1718 4861 ἀναπληροῦν
1747 4789 1836 4844 τό⁴

274 4899 375 4936 πον
400 4877 700 4952 ἐκκλησιῶν
733 4877 792 4942 ἐξ
819 4876 999 4949 ὀρθοῦ,
1033 4875 1174 4930 ὥστε
1216 4877 1312 4931 καὶ
1347 4878 1510 4950 ἱερεῖς
1557 4879 1694 4950 μετά
1723 4879 1834 4933 τῶν

272 4973 432 5028 θείων
487 4971 838 5043 άγιασμάτων
889 4968 1194 5041 διέρχεσθαι
1233 4969 1373 5023 κατά
1398 4970 1488 5023 τὸν
1516 4970 1834 5042 χερουϐικδν

271 5065 461 5136 ὕμνον,
491 5065 584 5118 καὶ
607 5063 803 5134 θυμιᾷν
827 5062 952 5126 τοὺς
980 5064 1038 5115 ἐν
1062 5061 1236 5134 τούτῳ
1289 5061 1419 5126 ἴσως
1439 5061 1598 5125 ὄντας
1629 5063 1832 5132 τάφους

269 5159 366 5211 καὶ
397 5157 600 5227 ἁγίους,
639 5157 731 5209 καὶ
761 5153 1015 5218 τελευτὰς
1041 5153 1212 5224 ἀγιῶν
1249 5154 1419 5225 εὐχῶν
1448 5156 1638 5208 ποιεῖν·
1668 5155 1702 5226 ἢ
1730 5155 1831 5211 κᾶν

345 5294 389 5326 ³⁸
427 5291 616 5348 Matth.
644 5307 720 5360 ιι,
741 5291 848 5358 20;
874 5289 1009 5347 Luc.
1043 5305 1166 5358 vm,
1193 5290 1283 5346 45.

342 5427 453 5499 (65)
490 5425 635 5499 περι
659 5424 727 5478 δὲ
752 5410 870 5478 τῶν
899 5423 972 5494 ιη
997 5422 1248 5499 ἁφέδρῳ.
1277 5423 1665 5499 Constantinus
1681 5420 1825 5499 pay.

269 5494 595 5566 mennpulus
625 5497 769 5549 hunc
794 5510 1055 5550 canonem
1085 5495 1165 5550 sic
1186 5494 1603 5564 compendil'acit
1625 5512 1639 5548 :
1665 5495 1728 5547 Ai
1760 5495 1819 5546 ἐν

269 5569 482 5632 ἁφέδρῳ
518 5570 611 5620 καὶ
643 5565 799 5618 θείων
822 5565 963 5618 ναῶν
996 5563 1090 5618 καὶ
1116 5565 1274 5632 ἱερῶν
1307 5570 1615 5632 μυστηρίων
1640 5563 1819 5632 εἰργέ-

265 5565 482 5640 ἀφέδρὶρ
518 5570 611 5620 καὶ
643 5565 799 5618 θείων
822 5565 963 5618 ναῶν
996 5565 1090 5618 καὶ
1116 5565 1274 5636 ἱερῶν
1307 5570 1615 5643 μυστηρίων
1640 5565 1815 5634 εἰργέ-

267 5641 496 5694 σθωσαν.
527 5635 656 5716 Quae
685 5637 738 5688 in
760 5651 964 5716 secessu
996 5643 1139 5716 sunt,
1177 5645 1284 5716 tam
1318 5651 1350 5688 a
1385 5636 1576 5688 divinis
1614 5635 1815 5716 templis

265 5726 420 5779 quam
443 5708 618 5779 sacris
637 5706 893 5774 mysteriis
915 5714 1215 5779 arceantur.
1235 5705 1318 5779 _jn
1346 5721 1509 5779 quam
1543 5705 1815 5779 epitomen

268 5773 581 5840 scholiastes
606 5773 718 5831 haec
743 5784 894 5830 notat
922 5792 936 5830 :
963 5776 1028 5829 Ai
1055 5777 1114 5829 ἐν
1145 5773 1545 5849 ἀφέδρῳίήγουν
1567 5773 1626 5831 ἐν
1657 5791 1817 5829 κατα-

1936 4790 2064 4844 ergo
2110 4774 2378 4845 ejusmodi
2428 4773 2691 4828 vestibula
2741 4773 2796 4827 in
2844 4772 3044 4842 quibus
3086 4773 3307 4828 stabunt
3355 4773 3503 4843 ejus-

1935 4867 2083 4921 modi
2119 4865 2413 4920 immunda:
2441 4855 2718 4928 mulieres,
2753 4861 3108 4918 ecclesiarum
3146 4863 3323 4918 locum
3358 4864 3502 4918 dire-

1933 4968 2022 5015 cto
2055 4974 2165 5013 non
2202 4959 2449 5028 implere,
2490 4965 2550 5012 ut
2588 4955 2751 5011 etiam
2795 4957 3104 5009 sacerdotes
3142 4970 3263 5009 cum
3298 4953 3499 5008 divinis

1935 5050 2292 5106 sacramentis
2329 5049 2386 5104 in
2421 5047 2714 5104 cberubico
2746 5045 2949 5118 hymno
2997 5055 3294 5112 transeant,
3325 5053 3378 5100 et
3411 5061 3497 5100 se.

1934 5140 2122 5212 pulcra
2166 5156 2288 5212 quae
2330 5140 2440 5198 illic
2483 5140 2620 5195 forte
2649 5147 2808 5205 sunt,
2839 5138 3056 5194 sumant
3088 5147 3141 5194 et
3176 5147 3411 5202 sanctos,
3442 5145 3495 5192 et

1936 5418 2143 5490 μηνίοις
2160 5436 2173 5450 ·
2194 5419 2281 5473 διὰ
2301 5417 2363 5490 sb
2388 5416 2806 5490 κεχωρισμένως
2826 5385 3040 5490 ταύταὲ
3053 5412 3201 5484 παρά
3226 5411 3492 5465 Ἰουδαίων

1931 5487 2270 5553 καθέζεσθαι.
2317 5487 2524 5554 Quivit:
2538 5487 2752 5542 secessu
2787 5498 2908 5564 sunt
2922 5529 2948 5564 ,_
2964 5487 3059 5538 hoc
3079 5495 3178 5547 est,
3203 5499 3318 5564 quit
3348 5498 3490 5564 men:

1921 5577 2000 5614 ses
2035 5575 2157 5614 suos
2196 5553 2382 5613 habent
2408 5573 2428 5611 :
2449 5568 2723 5628 propterea
2757 5557 3008 5628 quod_hae
3039 5553 3319 5620 separatim
3347 5553 3487 5628 apud

1919 5628 2137 5702 {uda’os
2193 5623 2464 5702 degebant.
2512 5623 2844 5698 Harmenop.
2889 5625 3036 5695 Epit.
3075 5639 3224 5692 eam,
3258 5631 3390 5680 sect.
3429 5623 3482 5677 6.

1920 5699 2088 5757 αλιι..
