3972 6318
572 301 711 359 1283

1557 306 1616 361 S.
1654 304 1948 364 DlONYSIl
1985 307 2291 366 EPISCOPI
2328 310 2797 372 ALEXANDRINI

3592 327 3696 383 ηει

569 430 847 473 sacrarum
871 429 1091 485 precum
1111 425 1687 490 mysteria'peragant;
1716 424 1798 477 vel
1830 422 1992 479 etiam
2013 439 2128 480 cum

2243 426 2381 498 μετά
2411 430 2772 503 ἐπισκοπικῆς
2798 432 3097 504 ἐπιτροπῆς
3137 433 3256 498 τοὺς
3298 435 3526 502 τοιούτους
3549 443 3699 508 simu;

568 508 863 578 episc0pali
893 508 1256 578 permissione
1287 509 1553 578 ejusmodi
1598 513 1714 566 loca
1753 528 2039 583 separare,
2080 525 2140 570 ut

568 601 862 656 immunda:
891 602 1146 656 mulieres
1173 602 1226 656 in
1253 603 1331 656 eis
1363 603 1483 657 sine
1504 605 1815 673 prejudicio
1838 616 1982 662 stare
2013 623 2140 678 pos-

569 694 698 748 sint.
745 692 854 762 Ego
886 701 1066 747 autem
1103 693 1216 747 vidi
1244 693 1406 747 etiam
1449 694 1717 762 ejusmodi
1761 697 2040 752 mulierem
2082 699 2136 754 in

566 785 835 839 vestibulo
876 793 1106 840 stantem
1127 825 1142 849 ,
1169 793 1223 838 et
1259 784 1436 838 arrhze
1463 785 1766 839 orationem
1796 787 1865 840 ab
1894 788 2139 844 antistite

566 877 920 946 accipientem
966 877 1151 946 :quod
1205 877 1421 945 quidem
1465 892 1583 932 sum
1628 878 1949 934 admiratus.
1995 879 2136 936 Olim

564 977 768 1034 autem,
802 977 862 1022 ut
914 976 996 1022 est
1039 968 1351 1032 verisimile,
1381 969 1637 1024 mulieres
1676 971 1744 1024 ad
1776 972 1943 1026 altare
1979 987 2137 1027 acce-

565 1063 797 1127 debant,
842 1071 895 1116 et
935 1062 1000 1116 de
1047 1069 1234 1116 sancta
1286 1076 1473 1115 mensa
1532 1062 1948 1132 participabant.
2004 1063 2138 1118 Pro-

564 1165 746 1223 pterea
780 1154 923 1207 enin:
970 1153 1158 1206 altaris
1183 1167 1400 1222 quoque
1447 1167 1624 1206 canon
1677 1154 1945 1208 meminit.
1999 1153 2138 1226 Lege

564 1245 634 1298 M
663 1259 926 1298 canonem
982 1244 1174 1314 synodi
1235 1242 1583 1308 Laodicenze,
1617 1257 1671 1298 et
1715 1244 1784 1300 69
1824 1261 1877 1299 vi
1921 1245 2134 1316 synodi.

567 1336 828 1391 Similiter
876 1336 994 1404 lege
1037 1344 1092 1389 et
1118 1336 1183 1389 l7
1212 1336 1478 1390 novellam
1529 1336 1675 1407 regis
1708 1337 1913 1390 domini
1940 1335 2136 1390 Leonis

567 1428 838 1500 Sapientis
882 1430 998 1484 haec
1038 1429 1091 1482 in
1128 1437 1279 1498 parte
1329 1436 1648 1484 tractantem
1681 1445 1694 1480 :
1732 1427 2031 1484 Statuimus
2069 1429 2136 1483 de

563 1521 884 1576 mulieribus
923 1537 1045 1591 qua:
1073 1529 1418 1590 pepererunt,
1447 1531 1500 1574 et
1539 1521 1606 1574 de
1641 1520 1710 1575 iis
1741 1535 1862 1590 qua:
1901 1519 2133 1574 naturali

563 1612 884 1684 purgatione
909 1613 1238 1678 detinentur,
1266 1612 1534 1681 siquidem
1564 1626 1752 1666 earum
1779 1613 1887 1666 vita
1922 1627 1953 1665 a
1983 1611 2133 1665 nulla

2239 519 2611 591 ἀφορίζεσθαι,
2640 522 2780 576 ὥστε
2821 525 3288 596 ἀποκριματίστως
3311 528 3524 584 ἵστασθαι
3545 533 3590 585 ὲν
3627 537 3700 588 αὐο-

2238 613 2348 674 τοτς
2375 610 2472 675 τάς
2503 613 2842 686 ἀκαθάρτους
2895 620 3176 685 γυναῖκας.
3231 617 3358 686 Ἐγὼ
3406 619 3456 673 δὲ
3499 618 3608 677 εἶδον
3631 629 3701 684 καὶ

2237 701 2491 774 τοιαύτην
2517 707 2751 772 γυναῖκα
2803 707 2896 760 ἐπὶ
2940 707 3183 778 προνάου
3219 708 3456 775 ἑστῶσαν,
3483 713 3561 765 καὶ
3580 715 3704 785 εὐχὴν

2238 791 2553 863 ἀρῤαὸῶνος
2598 796 2749 867 παρὰ
2795 798 3094 870 ἀρχιερέως
3157 799 3444 872 δεξαμένην*
3485 803 3595 875 ὅπερ
3635 808 3704 860 καὶ

2239 884 2542 955 ἐθαύμασα.
2614 886 2702 952 Ὡς
2729 888 2872 942 ἔοικε
2897 889 2977 955 δὲ,
3009 889 3070 942 τὺ
3108 890 3325 944 παλαιὸν
3351 894 3614 964 εἰσήρχοντο
3637 915 3705 965 γυ-

2237 978 2419 1040 ναῖκες
2446 978 2526 1039 είς
2544 977 2605 1030 τὸ
2652 978 3053 1052 θυσιαστήριον,
3105 983 3200 1036 καὶ
3229 983 3328 1036 ἀπὸ
3353 985 3436 1054 τῆς
3459 986 3588 1054 ἁγίας
3610 1006 3708 1058 τρα-

2238 1064 2408 1135 πέζης
2442 1067 2862 1137 μετελάμϐανον.
2895 1069 2993 1123 Διά
3039 1070 3196 1124 τοῦτο
3221 1071 3319 1143 γάρ
3348 1071 3429 1127 καὶ
3468 1074 3544 1127 τοῦ
3567 1076 3707 1132 θυσια-

2240 1150 2458 1221 στηρίου
2490 1152 2758 1225 μέμνηται
2789 1157 2817 1208 ό
2861 1155 3060 1239 κανεὶιν.
3115 1160 3226 1212 Καὶ
3279 1161 3515 1228 ἀνάγνωθι
3541 1165 3611 1216 τὸν
3647 1166 3707 1236 μδ¹

2237 1241 2434 1294 κανόνα
2458 1242 2557 1312 τῆς
2609 1245 2664 1297 ἐν
2693 1245 2976 1317 Λαοδικείᾳ
3012 1249 3248 1313 συνόδου,
3289 1251 3375 1304 καὶ
3419 1252 3496 1305 τὸν
3537 1251 3596 1316 ξθ¹
3636 1255 3710 1324 τῆς

2239 1337 2291 1394 ς’
2342 1332 2578 1387 συνόδου.
2626 1336 2899 1402 Ὡσαύτως
2932 1338 3202 1408 ἀνάγνωθι
3230 1341 3316 1393 καὶ
3361 1341 3520 1412 τὴνιξ
3559 1347 3710 1416 νεαρὰν

2237 1421 2330 1474 τοῦ
2348 1421 2614 1492 βασιλέως
2642 1426 2832 1497 κυρίου
2861 1427 3088 1492 Λέοντος
3104 1429 3197 1482 τοῦ
3225 1430 3504 1500 Φιλοσόφου,
3531 1436 3578 1488 ἐν
3596 1436 3711 1506 μέρει

2234 1512 2404 1566 ταῦτα
2435 1515 2917 1588 διαλαμϐάνουσαν·
2936 1521 3221 1594 Ὀρίζομεν
3245 1525 3362 1596 περὶ
3390 1527 3618 1581 τεκουσῶν
3637 1546 3709 1598 γυ-

2233 1606 2433 1659 ναικῶν
2455 1610 2548 1662 καὶ
2575 1612 2703 1682 περὶ
2733 1611 2841 1665 τῶν
2887 1613 3006 1667 ὅσαι
3033 1617 3100 1685 τῇ
3155 1619 3352 1687 φυσικῇ
3401 1616 3620 1690 καθάρσει
3642 1637 3714 1672 κα-

563 1706 668 1760 alia
709 1705 962 1760 morbosa
1012 1703 1298 1758 aﬂ‘ectione
1344 1703 1713 1772 perturbatur,
1750 1712 1810 1757 ut
1853 1717 1975 1772 quae
2020 1717 2127 1757 non

2232 1696 2682 1769 ταλαμϐάνονται,
2729 1703 3076 1777 ἀνενοχλήτου
3116 1705 3214 1777 μὲν
3246 1706 3302 1771 ἐξ
3324 1706 3472 1778 ἄλλης
3501 1709 3616 1772 τινὸς
3631 1709 3714 1762 δια-

563 1809 691 1853 sunt
714 1799 931 1870 quidem
966 1797 1209 1860 initiatze,
1242 1811 1351 1850 non
1382 1794 1491 1850 sint
1515 1794 1928 1859 illuminationis
1956 1795 2128 1864 parti-

2235 1765 2435 1853 θέσεως
2467 1794 2694 1864 νοσερᾶς
2721 1795 2818 1864 τῆς
2848 1765 2995 1865 ςῶἧξ
3027 1765 3205 1849 αὐτῶν
3243 1765 3576 1869 συντελούσης,
3595 1765 3715 1869 ἀμετ-

559 1892 740 1960 cipes;
782 1905 904 1960 quae
947 1898 1126 1944 autem
1167 1897 1298 1942 sunt
1331 1887 1386 1941 in
1427 1887 1626 1942 divinis
1663 1887 1982 1941 ministeriis
2022 1886 2129 1940 ini-

563 1984 727 2047 tiatae,
771 1982 1049 2052 impolluta
1100 1981 1354 2052 mysteria
1399 1995 1509 2034 non
1557 1979 1913 2049 participent,
1960 1991 2132 2047 usque

560 2073 627 2128 ad
655 2073 1013 2144 quadraginta
1044 2072 1254 2128 dierum
1285 2069 1600 2126 terminum.
1645 2067 1802 2135 Quod
1833 2067 1878 2123 si
1906 2067 2130 2121 morbus

559 2165 840 2229 invaserit,
872 2175 926 2220 et
955 2181 1013 2220 se
1044 2165 1210 2219 vitam
1241 2165 1600 2232 abrupturum
1631 2161 1894 2222 minetur,
1926 2169 1987 2214 ut
2017 2160 2128 2214 sint

559 2258 786 2312 omnino
839 2255 1162 2312 sacramenti
1219 2255 1530 2325 participes.
1590 2249 1656 2304 Et
1697 2259 1819 2320 post
1847 2250 2128 2316 nonnulla,

559 2347 677 2416 ipsa
708 2363 900 2401 rursus
939 2347 1093 2415 jubet
1131 2347 1197 2401 de
1229 2345 1528 2400 infantibus
1568 2343 1801 2408 novella,
1849 2351 1908 2396 ut
1939 2343 2130 2398 morbo

556 2439 778 2511 quidem
822 2455 930 2493 non
965 2446 1190 2508 urgente
1237 2439 1274 2491 ii
1312 2445 1438 2508 post
1471 2446 1719 2491 octavum
1762 2435 1908 2489 diem
1954 2435 2131 2504 bapti-

559 2541 751 2590 zentur
798 2549 812 2586 :
857 2533 1004 2603 quod
1052 2532 1099 2587 si
1150 2546 1296 2586 mors
1344 2511 1662 2593 iinmineat,
1715 2526 1752 2580 ii
1794 2527 1953 2581 etiam
2006 2535 2130 2581 ante

555 2635 806 2681 octavum
854 2625 1215 2696 baptizentur.
1275 2620 1378 2676 Sed
1431 2620 1558 2689 quia
1604 2606 1787 2673 audivi
1837 2617 2128 2687 quemdam

556 2719 824 2774 dicentem
855 2731 964 2770 non
1009 2715 1205 2770 debere
1235 2720 1544 2782 segregatos
1589 2709 1760 2764 laieos
1787 2716 1940 2764 extra
1966 2707 2131 2762 vesti-

557 2806 744 2862 bulum
771 2816 978 2862 stantes
1003 2805 1214 2859 divinas
1239 2801 1571 2873 psalmodias
1593 2801 1801 2864 audire,
1833 2800 1926 2855 sed
1953 2815 2130 2869 neque

555 2900 816 2970 psallere;
845 2899 894 2952 ei
932 2895 1254 2966 respondeo,
1280 2893 1424 2963 quod
1459 2911 1472 2946 :
1502 2890 1634 2956 Quae
1664 2892 1718 2945 in
1755 2890 2008 2960 praesenti
2037 2905 2129 2946 ca-

556 3007 699 3046 none
741 2991 942 3060 scripta
981 2997 1126 3052 sunt,
1157 2986 1276 3050 tibi,
1314 3000 1347 3038 o
1379 2986 1540 3038 homo
1601 2983 1696 3052 qui
1725 2983 1839 3037 haec
1865 2980 2027 3049 dicis,
2062 2996 2126 3038 os

2229 1878 2386 1946 όχους
2431 1877 2565 1937 εἶναι
2591 1900 2604 1913 ·
2636 1884 2734 1947 τάς
2762 1885 2860 1956 μὲν
2889 1885 3224 1952 ἀτελέστους,
3257 1887 3346 1941 τοῦ
3373 1889 3625 1959 φωτισμοῦ·
3644 1891 3712 1955 τὰς

2228 1975 2284 2028 δέ
2319 1975 2920 2046 μεμυσταγωγημένας,
2975 1976 3083 2030 τῶν
3141 1979 3416 2050 ἀχράντων
3472 1980 3716 2052 μυστηρίων

2228 2066 2329 2136 τῆς
2363 2065 2736 2137 μεταλήψεως,
2793 2067 2954 2140 μέχρι
2986 2068 3087 2138 τῆς
3137 2070 3249 2123 τῶν
3300 2078 3349 2142 μ’
3395 2071 3586 2143 ἡμερῶν
3625 2087 3717 2143 προ·

2230 2155 2490 2228 θεσμίας·
2535 2159 2838 2228 νοσήματος
2886 2159 2943 2211 δέ
2992 2177 3138 2224 τινος
3193 2162 3529 2232 κατασχόντος
3555 2163 3716 2233 iul-sip

2227 2247 2491 2320 διακοπὴν
2520 2249 2620 2319 τῆς
2653 2247 2796 2320 ζωῆς
2820 2249 3189 2316 ἀπειλοῦντος,
3241 2255 3395 2307 παντὶ
3415 2255 3574 2326 τρόπῳ
3597 2269 3715 2324 μετα-

2228 2337 2524 2408 λαμϐάνειν
2549 2339 2718 2402 αὐτάς
2737 2339 2831 2393 τοῦ
2867 2340 3223 2412 ἀγιάσματος.
3255 2345 3360 2397 Καὶ
3385 2344 3507 2415 μετά
3524 2361 3621 2397 τινα
3639 2345 3716 2396 πά-

2228 2430 2310 2483 λιν
2340 2430 2768 2505 παρακελεύεται
2800 2434 2834 2504 ἡ
2854 2432 2992 2504 αὐτὴ
3014 2435 3183 2505 νεαρὰ
3214 2437 3340 2507 περὶ
3366 2435 3574 2508 βρεφῶν,
3599 2437 3716 2504 νοσή-

2232 2537 2399 2591 ματος
2432 2521 2531 2591 ’μέν
2557 2521 2630 2592 μὴ
2666 2521 3102 2589 κατεπείγοντος,
3131 2522 3274 2593 μετά
3296 2523 3391 2594 τὴν
3435 2522 3598 2594 ὀγδόην
3615 2521 3717 2592 ἠμέ-

2233 2628 2331 2682 ραν
2361 2611 2534 2666 ταῦτα
2564 2610 2937 2682 βαπτίζεσθαι·
2976 2612 3204 2668 θανάτου
3233 2614 3290 2667 δὲ
3306 2613 3719 2685 ἐφισταμένου,καὶ

2227 2703 2327 2773 τῆς
2357 2703 2548 2773 ὀγδόης
2579 2703 2795 2775 ἡμέρας
2835 2704 2984 2768 ἐντὸς
3032 2704 3170 2758 αύτά
3221 2705 3564 2776 βαπτίζεσθαι.
3610 2703 3719 2755 Ἐπὶ

2225 2794 2284 2848 δὲ
2322 2795 2530 2864 ἤκουσά
2561 2812 2703 2857 τινος
2729 2795 2976 2863 λέγοντος
3006 2795 3082 2859 ὡς
3125 2797 3228 2851 οὐκ
3259 2798 3538 2867 ὀφείλουσιν
3555 2797 3596 2850 οἱ
3614 2797 3719 2862 ἀφω-

2231 2885 2473 2959 ρισμένοι
2499 2885 2675 2939 λαῖκοὶ
2707 2886 2739 2957 ἢ
2769 2887 3076 2957 ἀκροᾶσθαι
3131 2887 3293 2941 θείων
3323 2886 3716 2958 ψαλμωδημάτων.

2228 2977 2425 3044 ἔξωθεν
2469 2977 2564 3030 τοῦ
2593 2977 2826 3049 προνάου
2877 2978 3187 3048 ἱστάμενοι,
3239 2979 3350 3032 ἀλλ’
3392 2978 3502 3031 οὐδὲ
3535 2977 3717 3046 ψάλλειν

553 3083 868 3138 occludunt.
917 3076 1390 3146 Quemadmodum
1437 3075 1582 3128 enim
1625 3087 1749 3144 qua:
1797 3073 1850 3127 in
1893 3071 2122 3127 ecclesia

2227 3069 2598 3142 ἀπολογοῦμαι
2631 3071 2768 3142 πρὸς
2808 3070 2970 3124 αὐτὸν
2998 3071 3100 3123 ὅτι·
3133 3071 3220 3124 Τά
3250 3075 3308 3126 ἐν
3343 3071 3417 3142 τῷ
3441 3071 3632 3142 παρόντι
3651 3084 3720 3120 κσ-

553 3174 760 3230 versari
795 3187 902 3226 non
932 3172 1185 3226 sinuntur
1217 3167 1490 3231 mulieres,
1515 3180 1673 3220 orare
1698 3180 1809 3220 non
1839 3173 2119 3229 vetantur;

553 3266 633 3322 ita
671 3279 770 3319 nec
806 3263 900 3332 qui
941 3269 1072 3315 sunt
1117 3259 1400 3329 segregati,
1436 3273 1534 3327 per
1573 3271 1632 3312 se
1677 3271 1834 3310 orare
1867 3255 2120 3326 prohibe-

555 3357 791 3420 buntur;
851 3352 944 3407 sed
987 3360 1042 3404 et
1083 3359 1234 3405 extra
1279 3348 1524 3404 ecclesiae
1572 3345 1902 3404 vestibulum
1953 3354 2120 3408 stare,

550 3454 606 3500 et
644 3444 856 3499 divinas
903 3440 1229 3509 psalmodias
1283 3439 1504 3503 audire;
1544 3447 1600 3494 et
1640 3438 1746 3493 hoc
1784 3436 1928 3492 enim
1969 3437 2029 3490 lit
2054 3435 2122 3490 ad

552 3536 817 3606 majorem
846 3549 1033 3589 eorum
1059 3531 1525 3588 exercitationem.

2225 3162 2336 3216 νόνι
2361 3162 2719 3240 γεγραμμένα
2768 3162 3177 3234 ἐπιστομίζουσί
3225 3182 3305 3228 σε,
3352 3164 3599 3236 ἄνθρωπε,
3641 3177 3720 3212 τοις

2224 3251 2368 3306 αὖτα
2415 3252 2662 3321 λέγοντα.
2695 3255 2905 3326 ’Ὠσπερ
2936 3253 3045 3326 γὰρ
3076 3255 3133 3307 αἱ
3164 3255 3243 3327 μὴ
3305 3250 3720 3326 παραχωρούμενει

2224 3343 2603 3415 ἐκκλησιάζειν
2631 3347 2884 3413 γυναῖκες
2917 3345 3315 3417 προσεύχεσθαι
3365 3346 3424 3400 οὑ
3474 3343 3721 3404 κωλύονται,

2223 3433 2396 3498 οὕτως
2424 3433 2544 3486 οὐδὲ
2582 3435 2634 3486 οἱ
2659 3435 3032 3507 ἀφωρισμένοι
3080 3435 3480 3508 κωλυθήσονται
3513 3433 3613 3487 καθ’
3633 3433 3721 3484 ἐαυ-

2222 3524 2350 3588 τοὺς
2383 3523 2660 3594 εὔχεσθαι·
2696 3526 2945 3579 ἵστασθαι
2973 3527 3029 3581 δέ
3067 3528 3160 3580 καὶ
3210 3527 3405 3592 ἔξωθεν
3431 3525 3516 3580 τοῦ
3546 3523 3720 3597 προνάου

549 3631 649 3702 τῆς
689 3625 1001 3700 ἐκκλησίας,
1051 3621 1147 3682 καὶ
1179 3625 1480 3699 ἀκροᾶσθαι
1524 3625 1632 3678 τῶν
1685 3624 1846 3678 θείων
1895 3621 2364 3694 ψαλμωδημάτων.
2429 3620 2573 3673 Διότι
2620 3621 2778 3675 τοῦτο
2821 3623 2959 3694 πρὸς
3002 3623 3226 3677 πλείονα
3282 3621 3554 3694 συντριόὴν
3589 3616 3719 3672 αὐτῶν

555 3725 724 3778 ἐστίν.

623 3845 824 3900 Zona.
897 3843 1249 3900 Hebraeorum
1327 3845 1582 3901 mulieres
1645 3860 1769 3901 cum
1839 3841 2122 3915 sanguinis

551 3933 812 3987 menstrui
838 3931 1016 3988 ﬂuxus
1048 3931 1181 4002 ipsis
1203 3934 1488 4004 contingit,
1518 3933 1571 3989 in
1603 3934 1848 3991 solitario
1875 3935 2121 3988 sedentes

551 4024 697 4088 loco,
734 4025 1005 4079 neminem
1047 4025 1153 4079 nisi
1193 4034 1314 4095 post
1348 4033 1555 4095 septem
1595 4025 1809 4095 elapsos
1841 4027 1958 4081 dies
1987 4025 2124 4080 allo-

549 4125 794 4185 quuntur
831 4134 844 4169 :
885 4115 1027 4170 unde
1061 4115 1282 4169 verbum
1325 4115 1479 4180 illud,
1520 4117 1576 4168 in
1605 4116 1869 4181 abscessu,
1900 4116 2119 4171 desum-

549 4215 699 4275 ptum
740 4215 843 4270 est,
875 4205 1122 4260 indicans
1150 4221 1243 4260 eas
1275 4207 1344 4260 ab
1375 4207 1606 4259 aliarum
1649 4219 1935 4271 consessu,
1969 4207 2116 4260 velut

550 4300 793 4370 impuras
827 4298 995 4354 fuisse
1026 4308 1352 4368 segregatas.
1388 4297 1630 4368 Rogatus
1655 4314 1816 4368 porro
1843 4299 1930 4352 hic
1955 4298 2115 4355 Pater

549 4391 618 4447 de
652 4391 898 4447 lidelibus
941 4391 1298 4458 mulieribus,
1333 4407 1462 4444 num
1501 4405 1597 4445 eas
1634 4405 1757 4445 eum
1800 4401 2112 4444 menstruo-

2291 3838 2536 3893 ΖΩΝΑΡ.
2597 3838 2876 3912 Ἐὄραῖδες
2908 3843 3162 3910 γυναῖκες
3211 3843 3302 3896 ὅτε
3353 3842 3560 3913 γένηται
3583 3835 3723 3893 αὑταῖς

2218 3932 2252 4002 ἡ
2285 3929 2391 3983 τῶν
2421 3930 2682 4001 ἐμμήνων
2715 3930 2889 4002 ρῦσις,
2939 3934 2997 3986 ἐν
3043 3932 3194 4003 τόπῳ
3231 3932 3578 4005 μεμονωμένῳ
3600 3925 3725 3994 “of?

2220 4039 2399 4093 μεναι,
2426 4022 2811 4093 ἡσυχάζουσιν,
2841 4023 2945 4087 ἕως
2977 4023 3041 4076 ἂν
3089 4024 3232 4078 ἐπτά
3260 4024 3458 4095 ἡμέραι
3501 4016 3722 4092 παρέλθω-

2218 4131 2321 4168 σιν*
2357 4113 2476 4167 ὅθεν
2503 4112 2753 4184 εἴληπται
2785 4114 2848 4167 τὸ
2873 4116 2942 4168 ἐν
2974 4114 3232 4184 ἁφέδρῳ,
3292 4115 3478 4188 δηλοῦν
3508 4113 3562 4166 τὸ
3595 4127 3726 4178 κεχω-

2223 4205 2402 4278 ρίσθαι
2435 4205 2605 4268 αὐτὰς
2647 4207 2755 4260 ἀπὸ
2813 4207 2913 4278 τῆς
2963 4209 3070 4261 τῶν
3117 4207 3322 4261 λοιπῶν
3349 4207 3500 4278 ἕδρας
3527 4205 3594 4267 ὡς
3622 4203 3723 4254 m-

2220 4297 2465 4368 θάρτους.
2511 4296 2836 4368 Ἐρωτηθεὶς
2884 4299 2942 4351 δὲ
2975 4301 3003 4351 ό
3053 4299 3248 4371 Πατὴρ
3301 4293 3452 4362 οὗτος
3500 4297 3610 4367 περὶ
3646 4289 3724 4345 τῶν

2218 4388 2423 4442 πιστῶν
2451 4389 2741 4457 γυναικῶν,
2777 4391 2824 4442 εἰ
2848 4389 2950 4461 χρὴ
2983 4392 3182 4456 ταύτας
3213 4394 3302 4446 ὅτε
3331 4395 3362 4464 η
3389 4391 3490 4444 τῶν
3518 4387 3723 4460 ἐμμήνων

547 4495 669 4534 rum
701 4480 845 4535 ﬂuxu
877 4481 1221 4560 divexantur,
1266 4481 1322 4535 in
1363 4481 1648 4536 ecclesiam
1697 4481 1904 4550 ingredi
1949 4495 2112 4550 opor-

2222 4479 2368 4550 ρὓις
2401 4482 2591 4544 αὑταῖς
2623 4481 2845 4551 ἐνοχλεῖ,
2898 4483 3120 4536 εἰσιέναι
3175 4486 3258 4548 εἰς
3301 4461 3599 4556 ἐκκλησίαν,
3626 4481 3724 4532 ἀπε-

549 4579 679 4634 teat,
720 4572 862 4627 haud
899 4581 1150 4642 oportere
1185 4572 1481 4642 respondit,
1525 4571 1834 4642 profertque
1881 4570 2111 4640 exempli

2222 4569 2374 4642 κρίθη
2431 4569 2504 4642 μὴ
2531 4571 2660 4635 δεῖν,
2685 4575 2779 4626 καὶ
2800 4573 2896 4644 τὴν
2926 4575 2984 4626 ἐν
3011 4573 3090 4644 τῷ
3121 4575 3440 4645 Εὐάγγελίῳ
3467 4565 3723 4644 αἱμορροοῦ-

546 4661 669 4716 loco
716 4663 861 4717 illam
909 4679 974 4718 ex
1015 4663 1305 4735 Evangelia
1355 4664 1640 4720 mulierem
1671 4678 1792 4733 qua:
1830 4663 2111 4732 sanguinis

2222 4677 2313 4713 σαν
2344 4663 2662 4733 παρήγαγεν
2683 4665 2762 4726 είς
2782 4663 3153 4736 παράδειγμα,
3177 4665 3253 4736 μὴ
3275 4665 3602 4736 τολμήσασαν
3618 4657 3722 4720 θίξαι

545 4754 751 4809 ﬂuxum
795 4756 1118 4824 patiebatur,
1177 4772 1298 4826 qua:
1333 4755 1622 4811 Dominum
1680 4755 1857 4824 ipsum
1908 4768 2111 4822 nequa-

2222 4750 2304 4804 τοῦ
2340 4752 2564 4824 Κυρίου,
2597 4752 2710 4806 ἀλλ’
2745 4753 2778 4823 ἢ
2809 4755 2975 4824 μόνου
2997 4755 3090 4809 τοῦ
3117 4756 3425 4828 κρασπέδου
3453 4751 3617 4807 αὐτοῦ.
3645 4743 3720 4800 Εὕα

543 4861 708 4916 quam
750 4862 881 4900 ausa
914 4857 996 4902 est
1027 4849 1356 4919 contingere,
1395 4848 1489 4903 sed
1514 4847 1682 4904 vestis
1718 4847 1834 4917 ejus
1869 4855 2108 4900 tantum-

2222 4843 2402 4912 [εσθαι
2430 4843 2527 4914 μὲν
2557 4844 2666 4917 γὰρ
2717 4847 2926 4900 καὶτοῦ
2968 4848 3171 4919 Κυρίου
3222 4847 3543 4920 μεμνῆσθαι,
3581 4840 3721 4913 φησὶν,

545 4943 708 4997 modo
754 4943 1000 4997 limbum.
1065 4943 1282 4999 Preeari
1331 4958 1494 5014 porro
1544 4958 1610 4998 ac
1649 4941 1865 4996 Domini
1913 4937 2109 4993 memi-

2222 4938 2316 4991 ὧδ’
2343 4940 2401 4990 ἐν
2425 4938 2504 5009 τῷ
2535 4940 2773 5011 τοιούτῳ·
2793 4939 2970 5011 καιρῷ
2991 4939 3421 5011 κωλυθήσονται·
3455 4940 3530 5000 είς
3558 4935 3662 4987 ναὸν
3680 4928 3721 4982 δὲ

544 5033 711 5098 nisse,
740 5033 936 5104 inquit,
967 5049 1307 5104 nequaquam
1337 5051 1404 5089 eo
1433 5045 1673 5103 tempore
1716 5031 2105 5102 prohibentur;

2222 5029 2342 5082 Βεοῦ
2376 5030 2620 5098 εἰσιέναι,
2646 5031 2680 5102 ἢ
2713 5031 3142 5109 μεταλαμϐάνειν
3173 5032 3346 5096 αὐτὰς
3377 5030 3482 5085 τῶν
3504 5021 3723 5098 ἀγιασμά·

543 5139 731 5179 verum
784 5125 836 5177 in
887 5126 1143 5192 templum
1192 5125 1286 5180 Dei
1320 5125 1469 5194 ipsas
1518 5123 1748 5194 ingredi,
1797 5131 1894 5178 aut
1935 5120 2108 5177 sacris
2205 5140 2314 5175 των
2345 5123 2404 5176 οὐ
2429 5122 2527 5177 δεῖ.

543 5216 816 5289 mysteriis
843 5215 1271 5282 communicare,
1305 5215 1449 5270 haud
1485 5215 1627 5270 licet.

1164 5347 1393 5404 CANON
1435 5347 1522 5402 ill.
1672 5381 1674 5383 ›

2819 5353 3054 5407 ΚΑΝΩΝ
3086 5354 3156 5407 Γ’.

612 5479 780 5534 Porro
819 5481 909 5550 qui
945 5480 1077 5533 satis
1120 5479 1188 5532 ad
1226 5477 1281 5533 id
1313 5479 1561 5533 instructi
1588 5489 1707 5534 sunt
1745 5488 1795 5533 et
1824 5494 2104 5533 consenue-

2275 5486 2597 5555 Αὐτάρκεις
2627 5487 2696 5541 δὲ
2723 5487 2824 5542 καί
2854 5493 2909 5544 οἱ
2933 5491 3345 5560 γεγηρακότες,
3367 5488 3580 5544 ἑαυτῶν
3601 5483 3720 5554 ὀφεί-

543 5580 688 5634 ηιηῑ,
719 5570 902 5624 debent
934 5587 1044 5624 esse
1074 5571 1156 5623 sui
1183 5568 1415 5639 judices.
1451 5570 1604 5634 Quod
1642 5571 1780 5625 enim
1818 5589 1850 5624 a
1883 5588 1936 5625 se
1965 5571 2100 5624 inui-

2222 5580 2420 5631 ἱουσιν
2437 5575 2587 5634 εἶναι
2616 5582 2809 5648 κριταί
2813 5623 2826 5636 .
2861 5582 2977 5636 ’Ότι
3010 5583 3117 5651 γὰρ
3135 5583 3458 5652 ἀπέχεσθαι
3477 5576 3720 5644 ἀλλήλων

541 5679 648 5717 cem
685 5679 750 5719 es
786 5681 1037 5738 consensu
1073 5666 1334 5720 abstinere
1367 5666 1660 5724 conveniat.
1697 5675 1756 5720 ut
1795 5665 1864 5719 ad
1899 5675 2100 5734 tempus

2222 5669 2516 5739 τροσῆκον
2545 5673 2613 5726 ἐκ
2643 5676 3011 5743 συμφωνίας,
3047 5676 3145 5729 ἵνα
3175 5674 3328 5743 πρὸς
3371 5671 3564 5746 καιρὸν
3599 5683 3717 5736 σκο-
