3972 6318
239 304 377 360 £935

1013 311 1353 371 EPISTOLA
1391 312 1741 370 CANONICA
1779 313 1870 368 AD
1907 312 2277 371 BASILIDEM
2317 311 2732 372 EPISCOPUM.

3343 312 3489 373 1296

233 422 470 476 ,ιὰσωσι
523 423 600 496 τῇ
654 424 985 497 προσευχῇ,
1019 430 1118 484 καὶ
1172 429 1360 486 πάλιν
1402 430 1501 484 ἐπὶ
1551 431 1618 485 τὸ
1670 429 1814 487 αὐτὸ

1927 439 2100 484 vacent
2131 429 2383 493 orationi,
2410 441 2460 484 et
2487 446 2672 484 rursus
2701 428 3034 499 conveniant,
3061 429 3294 487 Paulum
3315 433 3491 490 dicen-

229 513 405 580 ὧσιν,
444 519 740 587 ἀκηκόασι
766 521 1011 575 Παύλου
1039 522 1386 593 ῃοὰφοντος.

306 612 504 666 ΒΑΛΣ.
547 612 633 676 Ὠς
676 611 870 678 ἔοικεν,
901 614 1159 687 ἠρωτήθη
1192 617 1221 668 6
1255 615 1408 685 ἀγιος
1453 615 1548 670 έάν
1595 616 1811 690 ἐνδέχη-

233 722 328 760 ται
351 706 478 769 τοὺς
533 704 797 774 συζύγους
847 707 1250 778 γεγηρακότας,
1293 709 1412 763 καθ’
1439 709 1533 774 οὓς
1587 713 1813 782 καιροὺς

236 797 516 869 ὀφείλουσι
549 797 970 870 προσεύχεσθαι,
1019 801 1118 870 τῆς
1166 801 1444 872 ἐπιμιξίας
1490 803 1808 873 ἀπέχεσθαι’

234 891 335 946 καί
364 909 530 963 φησιν
557 891 634 954 ώς
689 893 738 945 οἱ
770 891 1024 959 τοιοῦτοι,
1071 893 1278 948 ἑαυτῶν
1329 896 1513 966 κριταὶ
1561 897 1815 965 γινέσθω-

237 1002 359 1040 dav
391 984 486 1039 καί
519 1002 647 1038 ποτε
678 984 922 1057 ἀλλήλων
944 987 1008 1040 ὲκ
1038 987 1326 1058 συμφώνου
1355 989 1521 1060 ἤγουν
1549 992 1612 1044 ἐκ
1633 989 1812 1044 κοινοῦ

237 1077 561 1149 θελήματος,
611 1076 985 1148 ἀπεχέτωσαν,
1009 1078 1178 1147 ἤγουν
1222 1079 1362 1133 κατά
1420 1080 1547 1143 τοὺς
1589 1081 1814 1152 καιροὺς

239 1170 360 1225 καθ’
417 1170 512 1234 οὓς
566 1169 931 1241 ὲνετάλθησαν
989 1171 1421 1242 προσεύχεσθαι,
1480 1173 1814 1241 διαγέτωσαν

241 1262 382 1333 μετά
415 1263 597 1334 πάσης
655 1262 1025 1336 σωφροσύνης,
1073 1265 1168 1318 καὶ
1219 1264 1380 1318 πάλιν
1437 1265 1528 1318 ὲπί
1571 1265 1632 1317 τὸ
1685 1265 1816 1318 αὐτὸ

235 1355 504 1413 εστωσαν.
544 1357 664 1410 Ὅτι
695 1358 788 1410 καὶ
834 1359 862 1410 6
893 1356 1062 1427 μέγας
1092 1356 1300 1421 Παῦλος
1328 1356 1486 1411 τοῦτο
1515 1357 1812 1424 διετάξατο.

236 1447 352 1501 Καὶ
380 1449 408 1501 ὁ
443 1447 540 1518 μὲν
573 1447 751 1502 κανὼν
775 1447 902 1520 περὶ
935 1449 1320 1520 γεγηρακότων
1343 1449 1524 1521 φησιν’
1564 1449 1817 1514 Ἐξακου-

240 1537 397 1591 στέον
426 1538 481 1592 δὲ
515 1538 586 1592 τά
603 1540 660 1592 έν
685 1539 832 1610 αὐτῷ
855 1539 948 1594 καὶ
979 1541 1057 1604 εἰς
1102 1541 1308 1606 πάντας
1338 1544 1463 1606 τοὺς
1493 1543 1814 1614 ὁμοζύγους.

238 1631 438 1696 Καλῶς
463 1632 520 1685 δὲ
545 1628 666 1685 εἷπε
701 1633 762 1686 τὸ
789 1633 857 1687 ἐκ
881 1635 1228 1704 συμφώνου.
1285 1636 1432 1689 Οὔτε
1461 1636 1569 1705 γὰρ
1601 1638 1634 1689 ὀ
1664 1635 1818 1704 ἀνὴρ

237 1721 572 1789 ἐξουσιάζει
599 1725 706 1779 τοῦ
749 1725 902 1781 ἰδίου
933 1726 1224 1796 σώματος·
1253 1728 1390 1782 οὔτε
1417 1729 1457 1796 ἠ
1483 1727 1660 1797 γυνὴ,
1678 1729 1819 1783 κατά

237 1817 331 1870 τὸν
361 1817 535 1889 μέγαν
570 1818 908 1876 Ἀπόστολον.
963 1819 1061 1873 Διά
1104 1820 1263 1874 τοῦτο
1315 1816 1406 1874 οῦν
1449 1820 1708 1892 ἀλλήλους
1739 1822 1820 1875 δεῖ

242 1913 556 1981 συμφωνεῖν
589 1911 717 1982 περὶ
744 1911 975 1982 ἀποχῆς,
999 1913 1086 1966 ἵνα
1123 1912 1422 1983 σχολάσωσι
1449 1917 1516 1986 τῇ
1542 1919 1816 1988 προσευχῇ

240 2003 339 2057 καὶ
372 2007 436 2076 τῇ
472 2003 712 2076 νηστείᾳ.
745 2005 808 2058 Εἰ
852 2005 960 2077 γάρ
988 2005 1061 2077 μὴ
1093 2007 1158 2060 ὲκ
1203 2008 1518 2078 συμφωνίας
1560 2009 1817 2081 γίνοιτοή

241 2097 754 2168 ἀποχη,ἀποστερεῖ
779 2096 995 2161 πάντως
1017 2097 1076 2150 τὸ
1119 2099 1193 2168 μὴ
1224 2097 1543 2170 βουλόμενον
1574 2101 1673 2172 τὴν
1705 2118 1822 2154 συν-

241 2189 432 2243 ουσίαν
491 2188 674 2260 μέρος,
731 2189 791 2242 τδ
831 2188 1035 2260 ταύτην
1087 2189 1401 2261 ὲπιζητοῦν.
1449 2193 1560 2246 Καὶ
1609 2193 1726 2255 πῶς
1755 2192 1820 2247 ἀν

241 2279 446 2346 δόξειεν
476 2279 809 2346 ὲξουσιάζειν
831 2281 925 2334 τοῦ
974 2279 1223 2353 σώματος
1245 2281 1337 2336 τοῦ
1369 2283 1442 2354 μὴ
1476 2283 1820 2356 συγχωροῦν-

242 2389 334 2438 τος
387 2373 586 2450 μέρους
615 2374 676 2426 τὸ
699 2375 797 2446 τὴν
833 2375 1125 2444 συνάφειαν
1151 2371 1346 2444 ζητοῦν
1379 2376 1474 2430 καὶ
1506 2377 1579 2448 μὴ
1598 2393 1820 2454 ,συγχω-

247 2464 541 2536 ρούμενον;
580 2465 872 2537 Συμϐαίνει
897 2466 954 2519 δὲ
999 2467 1092 2520 καί¹
1115 2465 1213 2537 τὴν
1245 2467 1338 2520 τοῦ
1371 2467 1600 2537 θατέρου
1627 2468 1823 2540 ἐγκρά-

244 2573 396 2611 τειαν
421 2559 500 2621 εἰς
528 2558 733 2630 βλάϐην
776 2560 907 2622 ἴσως
951 2558 1267 2615 ἀποϐαίνειν
1313 2559 1561 2629 θατέρου.
1606 2560 1670 2613 Εἰ
1713 2560 1821 2632 γὰρ

246 2652 464 2706 νικᾶται
489 2650 593 2703 ὑπὸ
615 2639 716 2722 τῆς
737 2649 1032 2722 ἐπιθυμίας
1053 2653 1148 2705 καὶ
1171 2652 1230 2705 ού
1255 2653 1686 2723 παραχωρεῖται,
1733 2669 1824 2705 πε-

250 2746 557 2816 ριπεσεῖται
583 2741 726 2814 μίξει
753 2742 996 2815 ἀθέσμῳ.
1049 2745 1195 2817 Ἐρεῖ
1218 2744 1272 2798 δέ
1299 2763 1402 2812 τις,
1425 2744 1500 2808 ὡς
1529 2745 1649 2798 ἐπεὶ
1669 2747 1698 2799 6
1724 2763 1823 2800 κα-

246 2835 355 2888 νών
386 2853 549 2907 φησιν
572 2835 982 2889 ἀποδιῒστασθαι
1007 2838 1132 2899 τοὺς
1174 2836 1474 2908 ὁμοζύγους
1513 2838 1600 2890 ῖνα
1626 2837 1821 2909 σχολά-

249 2945 386 2982 σωσι
407 2930 474 2998 τῇ
502 2931 800 2999 προσευχῇ,
828 2929 856 2980 6
923 2927 1240 2992 Ἀπόστολος
1271 2928 1327 2982 δὲ
1352 2928 1644 3000 διορίζεται
1674 2929 1824 2984 ἀδια-

247 3020 482 3084 λείπτως
503 3021 653 3091 ἡμᾶς
679 3019 1095 3091 προσεύχεσθαι,
1121 3021 1208 3075 ἀεὶ
1229 3020 1334 3093 χρὴ
1361 3022 1453 3075 καὶ
1497 3023 1622 3086 τοὺς
1649 3040 1824 3077 συνοι-

248 3111 480 3175 κοῦντας
524 3112 769 3182 ἀλλήλων
813 3111 1148 3182 ἀπέχεσθαι;
1213 3112 1350 3165 Ἀλλ’
1377 3114 1439 3166 ού
1493 3114 1620 3188 περὶ
1640 3115 1822 3187 πάσης

247 3203 567 3276 προσευχῆς
588 3206 617 3256 6
639 3203 795 3272 λόγος
827 3204 965 3257 ἐστί·
1017 3205 1144 3277 περὶ
1180 3202 1236 3258 δὲ
1278 3206 1378 3276 τῆς
1405 3207 1827 3279 σπουδαιοτέρας

247 3295 419 3365 ῆγουν
441 3295 539 3365 τῆς
565 3293 673 3346 τῶν
705 3295 874 3362 ἁγίων
922 3295 1204 3366 νηστειῶν,
1233 3296 1314 3349 ὅτι
1350 3296 1444 3350 καὶ⁸
1467 3297 1554 3351 διά
1584 3297 1677 3350 τοῦ
1701 3299 1828 3375 Mm:

252 3387 391 3451 σέως
409 3389 438 3440 6
477 3386 610 3450 Θεὸς
633 3387 1063 3458 παρηγγυήσατο
1083 3390 1196 3452 τοῖς
1233 3388 1506 3453 Ἰουδαίοις
1547 3389 1826 3460 μέλλουσιν

246 3478 480 3532 ἀκοῦσαι
504 3477 612 3532 τῶν
636 3479 694 3532 ἐν
717 3479 796 3549 τῷ
818 3478 933 3550 ὄρει
956 3477 1116 3531 θείων
1137 3479 1350 3547 φωνῶν,
1381 3480 1681 3552 ἀπέχεσθαι
1717 3481 1826 3537 τῶν

248 3571 466 3626 οἰκείων
494 3570 769 3643 γαμετῶν.
795 3570 906 3624 Καὶ
930 3572 958 3623 6
982 3572 1264 3644 προφήτης
1288 3572 1463 3644 Ἰωήλ·
1503 3571 1823 3642 Ἀγιὰσατε,

251 3663 406 3733 φησὶ,
459 3661 766 3728 νηστείαν,
823 3660 921 3714 καί
976 3659 1264 3725 ἐξελθέτω
1320 3664 1579 3732 νυμφίος
1622 3664 1691 3718 ἐκ
1721 3665 1828 3719 τοῦ

251 3754 537 3820 κοιτῶνος
561 3754 770 3818 αὐτοῦ,
798 3753 898 3808 καὶ
929 3755 1132 3824 νύμφη
1183 3754 1252 3808 ἐκ
1300 3755 1408 3810 τοῦ
1431 3757 1666 3812 παστοῦ
1723 3759 1829 3812 αὺ-

251 3845 380 3915 τῆς.
412 3846 630 3900 Τούτων
676 3846 733 3899 δὲ
785 3846 956 3910 οὕτως
1003 3848 1256 3918 ἐχόντων,
1305 3849 1366 3901 ού
1413 3849 1620 3921 συνορῶ
1655 3852 1829 3915 ποίοις

253 3939 548 4010 ἐπιτιμίοις
573 3939 1148 4009 καθυποῦληθήσονται
1196 3941 1244 3993 οἱ
1282 3939 1454 3994 ταῦτα
1505 3940 1583 4012 μὴ
1629 3941 1830 4011 φυλάτ-

251 4049 456 4094 τοντες.
486 4031 710 4103 Νομίζω
751 4031 807 4085 δὲ
850 4031 932 4084 ὃτι
973 4029 1116 4084 κατά
1156 4032 1253 4103 τὴν
1296 4031 1567 4104 διάκρισιν
1593 4033 1684 4086 τοῦ
1732 4033 1829 4105 τὴν

253 4125 571 4198 έξαγορείαν
595 4125 888 4196 δεχομένου
913 4126 946 4195 ἡ
972 4123 1236 4195 θεραπεία
1277 4126 1566 4196 γενήσεται
1590 4126 1725 4198 πρὸς
1761 4125 1832 4180 τά

252 4218 520 4290 πρόσωπα
542 4217 636 4271 καὶ
659 4217 757 4287 τὴν
779 4217 1022 4288 ἀνάγκην
1043 4217 1140 4287 τῆς
1162 4215 1395 4286 φύσεως.
1426 4217 1534 4270 Καὶ
1558 4217 1828 4286 ἀνάγνωθι

250 4309 343 4363 τὸν
374 4311 449 4382 ρβ¹
506 4307 705 4362 κανόνα
725 4308 826 4379 τῆς
848 4309 906 4362 έν
926 4307 1003 4379 τῷ
1025 4307 1279 4379 Τρούλλῳ
1311 4307 1545 4362 συνόδου.

321 4402 567 4455 ΖΩΝΑΡ.
610 4402 746 4472 Περὶ
770 4399 876 4455 τῶν
901 4402 958 4453 ὲν
983 4400 1146 4472 γάμῳ
1165 4400 1382 4472 νομίμῳ
1413 4400 1668 4471 βιούντων
1693 4402 1830 4473 ἐρω-

1916 533 2018 578 tem
2047 523 2358 577 audiverunt
2382 523 2447 578 '°.

1984 615 2140 670 BALS.
2180 612 2250 669 Ut
2289 625 2372 670 est
2405 615 2724 682 verisimile,
2758 614 2939 672 fuerat
2987 626 3210 674 Sanctus
3257 618 3491 674 interre-

1913 716 2104 775 gatus,
2149 723 2217 762 an
2270 708 2540 773 admittat,
2598 709 2860 778 conjuges
2913 710 3006 780 qui
3061 721 3485 769 consenuerunt.

1913 815 2024 869 quo
2062 808 2306 870 tempore
2345 801 2543 855 debent
2591 816 2772 864 orare,
2823 817 2853 855 a
2891 803 3274 872 conjunctione
3318 804 3490 859 absti-

1914 906 2084 946 nere:
2125 901 2180 946 et
2219 893 2371 957 dicit,
2415 892 2561 962 quod
2607 892 2700 962 qui
2749 893 2886 948 tales
2933 904 3079 961 sunt,
3124 896 3322 951 debent
3367 911 3491 951 esse

1914 983 1998 1037 sui
2021 983 2264 1053 judices,
2293 993 2347 1038 et
2372 984 2664 1054 aliquando
2693 1000 2724 1038 a
2755 1000 2813 1040 se
2843 985 3073 1041 invicem
3098 1003 3164 1042 ex
3191 1004 3492 1057 consensu,

1915 1091 2012 1131 seu
2053 1091 2120 1131 ex
2169 1078 2446 1131 communi
2488 1077 2788 1142 voluntate,
2825 1078 3141 1147 abstinere;
3181 1081 3255 1136 ita
3290 1091 3350 1136 ut
3379 1096 3493 1153 quo

1917 1175 2159 1236 tempore
2205 1183 2365 1223 orare
2417 1177 2748 1235 statuerunt,
2795 1185 2918 1225 cum
2957 1173 3105 1226 omni
3153 1175 3493 1230 continentia

1915 1269 2198 1314 versentur
2227 1303 2240 1325 ,
2301 1270 2356 1314 et
2403 1277 2596 1317 rursus
2642 1263 2806 1316 simul
2854 1265 3202 1318 conveniant.
3256 1264 3390 1321 Nam
3438 1275 3494 1322 et

1916 1369 2148 1424 magnus
2183 1353 2385 1409 Paulus
2419 1355 2524 1410 hoc
2559 1355 2769 1410 statuit.
2801 1355 2867 1410 Et
2900 1371 3074 1412 canon
3103 1357 3322 1427 quidem
3360 1360 3494 1414 dicit

1916 1441 1985 1498 de
2021 1445 2089 1498 iis
2116 1444 2210 1513 qui
2256 1446 2643 1501 consenuerint
2677 1462 2691 1499 :
2737 1456 2820 1501 est
2861 1456 3044 1501 autem
3083 1448 3248 1503 etiam
3294 1451 3494 1504 intelli-

1922 1536 2130 1605 gendus
2155 1536 2220 1591 de
2251 1538 2507 1592 omnibus
2554 1539 2902 1610 conjugibus.
2934 1539 3100 1596 Recte
3145 1551 3327 1598 autem
3357 1544 3496 1599 dixit

1919 1627 2081 1692 illud,
2123 1644 2188 1683 ea:
2217 1645 2470 1685 consensu
2505 1647 2524 1686 :
2564 1630 2745 1702 Neque
2765 1632 2904 1685 enim
2945 1634 3024 1686 vir
3054 1633 3208 1689 habet
3253 1637 3338 1690 sui
3376 1654 3495 1690 cor-

1921 1722 2068 1790 poris
2090 1730 2400 1790 potestatem
2422 1766 2436 1789 ,
2473 1739 2563 1776 nec
2591 1724 2779 1778 mulier
2802 1725 2869 1791 ³⁷,
2897 1727 3199 1781 secundum
3235 1743 3494 1800 magnum

1919 1815 2260 1884 Apostolum.
2304 1815 2594 1884 Propterea
2627 1831 2757 1886 ergo
2788 1832 2882 1872 eos
2911 1827 3126 1888 oportet
3165 1821 3305 1876 inter
3336 1838 3394 1877 se
3426 1823 3496 1878 de

1918 1906 2248 1960 continendo
2289 1907 2628 1974 consentire,
2668 1917 2728 1962 ut
2762 1918 2954 1965 vacent
3001 1911 3236 1966 orationi
3268 1922 3322 1968 et
3353 1914 3498 1984 jeju—

1919 1994 2032 2050 nio.
2085 1993 2202 2051 Nisi
2246 1996 2388 2050 enim
2433 2011 2500 2050 ex
2543 2012 2814 2053 consensu
2850 1999 3188 2065 abstineant,
3218 2018 3344 2072 pars
3371 2019 3496 2074 qua:

1918 2101 2026 2140 non
2063 2087 2181 2140 vult
2232 2088 2458 2142 omnino
2504 2089 2983 2160 conjunctionem,
3033 2092 3332 2150 frustratur
3371 2111 3495 2152 eam

1919 2193 2042 2248 qua:
2069 2180 2305 2248 postulat
2335 2198 2349 2234 :
2379 2188 2433 2234 et
2463 2183 2741 2250 quomodo
2773 2199 2836 2239 ea
2865 2200 2990 2254 pars
3017 2201 3138 2256 quae
3159 2187 3496 2256 conjunctio-

1921 2284 2043 2324 nem
2077 2271 2271 2340 quaerit
2310 2281 2362 2325 et
2389 2286 2498 2326 non
2527 2274 2875 2342 permittitur,
2915 2277 3035 2346 ejus
3073 2294 3197 2348 quae
3234 2295 3342 2336 non
3371 2297 3496 2351 pcr-

1921 2361 2085 2414 mtttit
2130 2369 2448 2430 potestatem
2483 2363 2685 2420 habere
2728 2367 3012 2422 videatur?
3052 2369 3263 2425 Accidit
3310 2381 3495 2428 autem

1920 2460 1982 2505 ut
2006 2452 2169 2505 etiam
2211 2452 2435 2508 alterius
2461 2447 2813 2510 continentia
2850 2457 3076 2514 alterius
3099 2463 3268 2530 partis
3293 2464 3494 2520 damno

1921 2543 2097 2598 cedat.
2151 2541 2208 2598 Si
2256 2547 2401 2599 cnim
2458 2561 2489 2601 a
2537 2547 2835 2618 cupiditate
2881 2550 3138 2620 vincitur,
3192 2562 3246 2610 et
3292 2571 3400 2611 non
3437 2559 3496 2614 tit

1919 2635 1971 2690 ei
2017 2646 2276 2707 potestas,
2328 2638 2383 2692 in
2429 2641 2632 2694 coitum
2686 2641 3025 2712 illegitimum
3087 2645 3310 2703 incidet.
3355 2648 3496 2705 Dicit

1922 2738 2102 2782 autem
2157 2729 2424 2800 quispiam
2475 2750 2489 2785 :
2541 2731 2677 2786 Cum
2721 2747 2898 2788 canon
2959 2735 3105 2790 dicat
3159 2741 3496 2807 separandos

1921 2831 2042 2874 esse
2088 2820 2350 2891 conjuges
2404 2830 2466 2878 ut
2521 2824 2755 2878 orationi
2807 2836 3020 2893 vacent,
3071 2827 3260 2884 deﬁnit
3311 2839 3492 2887 autem

1921 2909 2216 2980 Apostolus
2265 2928 2367 2968 nos
2403 2913 2600 2970 debere
2639 2917 2758 2970 sine
2790 2917 3200 2976 intermissione
3237 2937 3396 2978 orare
3419 2925 3494 2992 "';

1924 3017 2208 3073 semperne
2273 3015 2486 3075 oportet
2510 3021 2606 3064 eos
2632 3009 2724 3078 qui
2755 3010 3088 3078 cobabitant,
3123 3029 3152 3067 a
3182 3029 3240 3068 se
3266 3015 3496 3078 invicem

1925 3093 2236 3150 abstinere?
2273 3097 2368 3152 sed
2408 3115 2515 3154 non
2547 3100 2613 3156 de
2639 3102 2834 3171 quavis
2875 3105 3122 3159 oratione
3165 3107 3363 3175 agitur,
3403 3111 3495 3166 sed

1925 3185 1992 3240 de
2036 3189 2456 3255 praestantiore,
2506 3201 2820 3247 sanctorum
2879 3195 3092 3250 scilicet
3139 3196 3497 3267 jejuniorum.

1925 3275 2062 3331 Nam
2091 3287 2147 3334 et
2175 3295 2271 3349 per
2297 3279 2537 3353 Moysem
2572 3283 2717 3340 Deus
2747 3284 2950 3344 Judzeis
2971 3288 3187 3345 divinas
3227 3307 3392 3350 voces
3440 3293 3499 3349 in

1927 3380 2112 3426 monte
2169 3373 2441 3429 audituris
2488 3379 2746 3447 praecepit
2787 3388 2846 3434 ut
2895 3397 2926 3435 a
2966 3385 3204 3454 propriis
3234 3387 3499 3444 uxoribus

1928 3465 2264 3521 abstinerent
2296 3467 2363 3519 δ’.
2409 3465 2476 3521 Ει
2507 3471 2768 3540 propheta
2804 3471 2922 3528 Joel
2954 3493 2966 3528 :
3001 3474 3366 3548 Sanctiﬁcate,
3411 3482 3498 3537 in-

1927 3561 2076 3630 quit,
2109 3560 2400 3630 jeium'um,
2435 3571 2484 3616 et
2523 3574 2673 3617 exeat
2712 3582 2934 3634 sponsus
2971 3585 3036 3623 ex
3079 3572 3243 3624 cubili
3277 3590 3406 3642 suo,
3446 3587 3498 3630 et

1928 3672 2120 3725 sponsa
2153 3672 2218 3710 ea:
2249 3673 2344 3710 suo
2381 3657 2615 3712 thalamo
2647 3659 2712 3714 ⁸ο.
2763 3660 2900 3716 Cum
2945 3662 3060 3718 haec
3103 3674 3284 3720 autem
3325 3669 3398 3723 ita
3440 3684 3502 3724 se

1930 3749 2185 3813 habeant,
2214 3765 2323 3806 non
2366 3750 2528 3806 video
2558 3752 2884 3819 quibusnam
2919 3756 3098 3824 paenis
3139 3758 3501 3828 subjicientur

1929 3840 2023 3910 qui
2073 3839 2188 3894 haec
2234 3855 2343 3895 non
2397 3851 2637 3896 servant.
2697 3842 2962 3897 Existimo
2999 3854 3177 3899 autem
3223 3849 3364 3916 quod
3402 3865 3502 3918 pro

1927 3932 2136 4002 judicio
2169 3932 2289 4001 ejus
2317 3933 2410 4003 qui
2452 3935 2604 3988 audit
2639 3933 3064 4001 confessionem,
3093 3938 3365 3994 medicina
3403 3941 3498 3994 ad-

1931 4024 2147 4080 hibetur
2180 4026 2450 4095 personis,
2497 4033 2552 4081 et
2599 4027 2907 4082 necessitati
2954 4039 3182 4084 naturae.
3235 4030 3375 4102 Lege
3402 4033 3502 4086 102

1931 4131 2056 4172 can.
2079 4132 2198 4189 syn.
2232 4118 2286 4171 in
2314 4116 2521 4175 Trullo.

2003 4391 2203 4448 Zomn.
2243 4391 2318 4449 De
2360 4393 2429 4450 iis
2464 4395 2559 4466 qui
2603 4395 2842 4467 legitimo
2881 4397 3022 4452 inter
3054 4411 3115 4454 se
3149 4399 3501 4456 matrimonio

251 4494 437 4567 τηθεὶς
470 4495 518 4548 εἰ
551 4494 655 4566 χρὴ
687 4470 985 4566 ἀπέχεσθαι
1012 4470 1275 4566 ἀλλήλων,
1300 4470 1510 4565 Ἵέφησεν
1560 4493 1636 4558 ώς
1677 4470 1823 4564 ὀφεί-

1935 4485 2172 4554 copulati
2204 4495 2352 4550 sunt,
2395 4495 2620 4558 rogatus
2658 4503 2790 4542 num
2833 4489 3106 4544 abstinere
3145 4489 3374 4545 invicem
3403 4491 3501 4548 de-

249 4587 434 4641 λουσιν
482 4588 532 4640 οἱ
584 4587 812 4641 τοιοῦτοι
855 4586 1008 4640 αὐτοὶ
1055 4586 1260 4641 ἑαυτῶν
1313 4583 1451 4641 εἶναι
1481 4587 1686 4658 κριταὶ,
1735 4587 1828 4641 καί

249 4693 384 4730 ποτε
437 4676 680 4748 ἀλλήλων
727 4675 1024 4746 ἀπέχεσθαι
1078 4678 1142 4729 ὲκ
1193 4674 1504 4746 συμφώνου,
1543 4676 1709 4747 ἧγουν
1763 4677 1828 4729 ὲκ

249 4766 434 4819 κοινοῦ
466 4765 786 4837 θελήματος.
824 4764 958 4819 Ούτε
991 4766 1097 4839 γὰρ
1129 4768 1158 4820 6
1201 4765 1339 4838 ἀνὴρ
1389 4767 1688 4834 ἐξουσιάζει
1731 4765 1826 4819 τοῦ

255 4853 386 4908 ἰδίου
418 4853 686 4924 σώματος,
718 4852 843 4908 οῦτε
885 4857 918 4926 ἡ
969 4854 1124 4927 γυνὴ,
1159 4855 1300 4910 κατά
1325 4856 1416 4910 τὸν
1454 4857 1624 4927 μέγαν
1668 4856 1828 4910 Ἀπό-

251 4946 461 5000 στσλον.
490 4946 588 4999 Διά
619 4945 778 5000 τοῦτο
828 4942 921 5000 οὖν
972 4949 1281 5018 συμφωνεῖν
1311 4945 1568 5018 ἀλλήλους
1595 4947 1675 5000 δεῖ
1705 4947 1833 5019 περὶ

251 5039 469 5110 ἀποχῆς
499 5039 586 5092 ἵνα
614 5038 915 5109 σχολάσωσι
947 5041 1013 5110 τῇ
1048 5041 1344 5110 προσευχῇ,
1367 5040 1460 5092 καὶ
1492 5042 1558 5111 τῇ
1586 5040 1828 5111 νηστείᾳ.

253 5131 320 5183 El
357 5131 431 5202 μὴ
464 5130 572 5202 γὰρ
603 5132 667 5184 ὲκ
699 5129 986 5202 συμφώνου
1018 5131 1219 5200 γίνοιτο
1246 5135 1279 5204 ὴ
1309 5133 1507 5210 ἀποχὴ,
1542 5135 1833 5207 ἀποστερεῖ

253 5223 476 5286 πάντως
513 5223 573 5276 τὸ
620 5223 694 5296 μὴ
730 5223 1050 5294 βουλόμενον
1085 5224 1185 5295 τὴν
1219 5225 1503 5279 συνουσίαν
1551 5225 1734 5298 μέρος,
1768 5225 1830 5280 τὸ

252 5314 462 5386 ταύτην
495 5314 806 5387 ὲπιζητοῦν.
837 5317 947 5371 Καὶ
973 5316 1092 5380 πῶς
1130 5316 1195 5372 ἂν
1228 5317 1354 5392 δόξῃ
1382 5317 1712 5384 ἑξουσιάζειν
1739 5317 1831 5372 τοῦ

259 5406 512 5480 σώματος
541 5407 634 5461 τοῦ
669 5408 742 5479 μὴ
776 5409 1184 5481 συγχωροῦντος
1213 5410 1430 5482 μέρους,
1457 5411 1520 5465 τὸ
1543 5413 1642 5482 τὴν
1676 5413 1836 5466 συνά-

257 5516 420 5571 φειαν
452 5499 648 5570 ζητοῦν
678 5502 771 5554 καὶ
815 5501 888 5572 μὴ
931 5501 1408 5573 συγχωρούμενον;
1455 5504 1749 5574 Συμὸαίνει
1779 5503 1835 5558 δὲ

257 5578 360 5647 καὶ
400 5589 500 5664 τὴν
547 5591 773 5665 θατέρου
816 5592 1161 5666 ἐγκράτειαν,
1196 5594 1277 5658 εἰς
1306 5593 1511 5667 βλάϐην
1542 5596 1674 5660 ῐσως
1699 5596 1834 5650 ἁπο-

1932 4575 2116 4640 beant,
2134 4575 2436 4645 respondit,
2450 4586 2700 4646 oportere
2719 4579 2985 4648 ipsosmet
3013 4580 3099 4634 sui
3124 4595 3244 4636 esse
3265 4582 3500 4651 judices,

1932 4676 1987 4722 et
2025 4667 2318 4738 aliquando
2359 4668 2634 4724 abstinere
2674 4670 2940 4735 invicem,
2978 4687 3044 4726 ex
3073 4688 3365 4741 consensu,
3398 4675 3504 4731 hoc

1933 4768 2016 4815 est
2043 4760 2319 4816 communi
2362 4761 2651 4830 utriusque
2676 4762 2980 4818 voluntate.
3027 4764 3212 4836 Neque
3243 4769 3387 4822 enim
3420 4769 3504 4824 vir

1936 4860 2255 4923 potestatem
2302 4852 2465 4908 habet
2516 4853 2601 4908 sui
2655 4856 2921 4924 corporis,
2971 4873 3148 4930 neque
3195 4861 3410 4927 mulier,
3443 4869 3504 4918 ut

1936 4959 2168 5016 magnus
2197 4944 2492 5014 Apostolus
2527 4944 2620 5000 ait.
2659 4943 2892 5002 Proinde
2930 4964 3060 5020 ergo
3093 4953 3384 5009 convenire
3421 4954 3505 5008 in-

1939 5046 2019 5092 ter
2045 5053 2104 5093 se
2135 5037 2362 5092 invicem
2390 5047 2603 5107 oportet
2631 5039 2696 5093 de
2722 5040 3068 5106 abstinentia,
3101 5051 3163 5098 ut
3204 5046 3501 5114 precationi

1939 5147 2003 5186 ac
2038 5130 2246 5202 jejunio
2268 5141 2475 5186 vacent.
2510 5130 2719 5186 Etenim
2761 5133 2805 5188 si
2840 5149 2945 5188 non
2982 5150 3044 5189 ex
3077 5151 3347 5192 consensu
3376 5137 3504 5193 abs-

1936 5223 2164 5289 tineant,
2217 5221 2490 5278 fraudabit
2551 5223 2710 5294 plane
2743 5240 2809 5280 ea
2843 5243 2968 5296 pars
2997 5245 3120 5298 quae
3151 5244 3504 5299 congressum

1935 5315 2135 5382 renuit,
2170 5316 2393 5370 alteram
2433 5332 2557 5386 quae
2594 5319 2738 5374 hunc
2775 5321 3036 5390 deposcit.
3071 5321 3234 5392 Atqui
3264 5337 3502 5391 quonam

1938 5412 2098 5466 modo
2158 5410 2310 5465 dicas
2366 5418 2686 5480 potestatem
2749 5411 2946 5468 habere
3011 5413 3064 5468 in
3125 5429 3324 5484 corpus
3384 5413 3504 5483 ejus

1935 5505 2106 5573 partis
2131 5518 2254 5573 qua:
2287 5518 2638 5575 congressum
2689 5504 2899 5572 abnuit,
2936 5506 3160 5560 alteram
3213 5505 3300 5560 cui
3339 5505 3506 5575 depo-

1939 5595 2112 5650 scenti
2169 5595 2258 5648 ille
2306 5595 2729 5668 haudquaquam
2795 5597 3166 5667 permittitur?
3225 5595 3505 5670 Contingit

337 5781 384 5815 ³⁸
409 5780 429 5836 ι
458 5780 584 5838 Cor.
622 5797 718 5853 vn,
754 5782 807 5839 5.
885 5783 927 5816 ⁸⁷
964 5781 1095 5868 Ibid.
1127 5783 1181 5840 4.
1261 5783 1305 5817 ³³
1340 5782 1364 5841 l
1394 5782 1588 5843 Thess.
1617 5801 1668 5854 v,
1702 5785 1788 5842 l7.

1948 5782 2118 5841 Exod.
2157 5801 2269 5852 nx,
2299 5785 2382 5842 l5.
2460 5783 2505 5816 “
2537 5785 2672 5842 Joel.
2702 5801 2759 5854 ιι,
2795 5786 2882 5855 l5,
2919 5785 3002 5842 l6.
