3972 6318
291 307 427 365 1289

1019 292 1400 354 EPISTTOLA
1437 291 1786 351 CANONICA
1825 294 1916 350 AD
1953 288 2316 348 BASILIDEM
2358 292 2767 351 EPISCOPUM.

3377 289 3507 345 ιεοι

285 424 431 477 κεῖον
461 419 695 484 συνειδὸς
722 418 910 492 κριτὴν
937 416 1206 490 ἐχέτωσαν
1230 435 1242 447 ’
1278 417 1418 470 ὥστε
1450 416 1500 470 εί
1537 414 1636 486 μὲν
1665 416 1738 487 μή
1771 431 1843 467 τι-

1947 411 2183 482 judicem
2232 411 2468 467 habeant
2527 412 2802 484 propriam
2857 409 3288 470 conscientiam;
3353 418 3414 464 ut
3466 404 3516 467 si

283 529 371 577 νος
403 509 704 582 ὲμπαθείας
734 509 1220 581 προϋποκειμένης,
1243 507 1438 578 συνέϐη
1461 507 1643 570 αὐτοῖς
1664 506 1838 574 τοῦτο,

281 604 598 676 αὐτομάτως
648 603 744 674 τῆς
785 601 996 671 φύσεως
1044 600 1368 672 ὲκκρινάσης
1407 599 1482 664 ὡς
1528 599 1842 670 περίττωμα

280 695 376 767 τὴν
427 694 642 766 ὲκροὴν,
676 695 774 746 οὐκ
823 692 1299 764 έμποδισθήσονται
1342 690 1450 744 τῶν
1489 691 1842 759 ἁγιασμάτων

286 785 622 859 μεταλαϐεῖν.
659 785 721 837 Ei
753 784 808 837 δέ
838 802 948 837 τισι
980 783 1324 855 προϋπῆρξεν
1365 783 1423 850 ἐξ
1450 782 1724 854 έμπαθοῦς
1757 783 1843 837 λο-

280 875 476 946 γισμοῦ
509 874 791 946 ἐπιθυμία,
817 874 1105 947 καὶταύτῃ
1137 874 1566 946 ἐπηκολούθησεν
1597 875 1781 947 ὲκροὴ,
1807 875 1840 946 ἢ

284 967 339 1034 ἐξ
367 969 632 1040 ἀκρασίας
655 967 952 1040 βρωμάτων
989 969 1083 1022 καὶ⁵
1117 971 1324 1033 πόσεως
1359 970 1550 1041 συνέϐη
1595 969 1770 1036 τοῦτο,
1795 971 1841 1024 οἱ

242 1093 243 1104 ι
285 1058 506 1114 τοιοῦτοι
527 1061 626 1112 οὐκ
649 1060 753 1112 εἰσὶ
771 1060 996 1132 καθαροί
1018 1076 1031 1090 ·
1061 1060 1121 1114 οὐ
1150 1061 1236 1113 διά
1257 1059 1354 1131 τὴν
1381 1059 1533 1132 ρὖιν
1556 1059 1648 1114 τοῦ
1676 1063 1842 1136 σπέρ-

238 1143 244 1231 ξ
284 1170 448 1224 ματος
482 1150 578 1223 (οὐ
612 1151 719 1223 γὰρ
747 1150 1050 1223 ἀκάθαρτον
1094 1151 1270 1218 τοῦτο,
1304 1151 1425 1204 ἐπεὶ
1470 1152 1602 1223 μηδὲ
1635 1152 1666 1223 ἡ
1708 1151 1843 1225 σὰρξ

281 1243 340 1310 ἐξ
359 1237 427 1315 ἦς
455 1244 625 1296 έκεῖνο
650 1243 1028 1315 περίττωμα),
1064 1243 1197 1298 ἀλλὰ
1226 1243 1312 1297 διά
1339 1243 1401 1297 τὸ
1431 1244 1661 1316 πονηρὸν
1690 1243 1842 1296 ἐνθύ-

282 1353 402 1406 μιον
431 1337 566 1408 ὅπερ
594 1335 815 1406 ὲμόλυνε
838 1338 934 1408 τὴν
959 1336 1210 1391 διάνοιαν.
1229 1337 1286 1390 ’0
1314 1336 1442 1406 γοῦν
1472 1336 1726 1400 τοιοῦτος,
1743 1337 1842 1390 οὐκ

276 1428 665 1499 εὐσυνείδητος,
703 1427 990 1483 κάντεῦθεν
1020 1430 1124 1483 οὐδ’
1157 1430 1622 1502 εὐπαρρησίαστος
1660 1432 1739 1493 είς
1781 1429 1842 1483 τὸ

277 1518 594 1591 προσελθεῖν
615 1519 692 1590 τῷ
711 1519 847 1592 Θεῷ.
866 1521 1085 1591 Ἐπάγει
1109 1521 1162 1575 δὲ
1187 1522 1280 1575 καὶ
1307 1523 1418 1592 τὴν
1435 1522 1628 1595 χρῆσιν
1657 1524 1722 1575 ὲκ
1746 1523 1839 1577 τοῦ

281 1611 519 1681 μεγάλου
553 1612 763 1665 Παύλου
798 1613 1102 1686 γράψαντος
1144 1615 1269 1686 περὶ
1310 1614 1416 1666 τῶν
1456 1615 1838 1679 εἰδωλοθύτων,

273 1702 358 1758 ὅτι
391 1708 424 1758 ὸ
456 1704 916 1775 διακρινόμενος,
946 1706 1054 1760 ἐὰν
1074 1705 1252 1776 φάγῃ,
1285 1705 1708 1775 κατακέκριται.
1736 1708 1842 1760 Πε-

1948 505 2095 559 nulla
2121 505 2460 575 praecedente
2493 506 2662 560 animi
2694 505 3099 576 perturbatione
3126 504 3230 560 hoc
3252 502 3334 560 eis
3365 504 3514 558 acci-

1947 595 2118 662 derit,
2153 607 2347 650 natura
2380 611 2480 652 sua
2513 606 2702 667 sponte
2739 597 2879 651 hanc
2913 595 3206 650 ﬂuxionem
3248 603 3509 664 tanquam

1947 698 2349 745 excrementum
2405 699 2766 748 excernente.
2826 703 2935 743 non
2982 687 3341 758 impedientur
3389 701 3512 742 esse

1947 791 2409 837 sacramentorum
2464 781 2777 853 participes.
2832 778 2888 834 Si
2944 779 3143 849 quibus
3207 790 3386 834 autem
3441 792 3507 832 ex

1949 874 2179 930 rationis
2227 875 2631 944 perturbatione
2671 873 2988 942 praeexstitit
3030 873 3317 943 cupiditas,
3366 887 3507 928 eam-

1947 981 2053 1036 que
2087 966 2304 1023 eﬂluxio
2333 975 2626 1023 consecuta
2656 965 2748 1031 sit,
2776 965 2858 1019 vel
2883 981 2947 1020 ex
2977 965 3220 1021 ciborum
3243 977 3510 1037 potusque

1948 1059 2362 1128 intemperantia
2394 1061 2496 1115 hoc
2533 1057 2794 1123 evenerit,
2846 1057 2882 1112 ii
2912 1058 3030 1126 puri
3062 1073 3172 1112 non
3203 1067 3366 1126 sunt;
3398 1073 3510 1114 non

1950 1161 2170 1220 propter
2200 1152 2404 1206 ﬂuxum
2438 1152 2662 1208 seminis
2693 1151 2822 1222 (nou
2853 1158 2935 1206 est
2965 1150 3108 1204 enim
3139 1150 3242 1206 hoc
3272 1151 3510 1205 immun-

1947 1241 2098 1308 dum,
2128 1245 2266 1298 sicut
2304 1260 2404 1299 nec
2430 1259 2589 1310 caro,
2622 1244 2779 1314 cujus
2821 1251 2905 1298 est
2931 1244 3380 1310 excrementum),
3413 1241 3508 1298 sed

1947 1344 2164 1403 propter
2193 1335 2388 1390 malam
2432 1337 2835 1407 cogitationem,
2861 1351 2984 1406 qua:
3017 1343 3250 1390 tuentem
3293 1336 3504 1405 polluit.

1946 1425 2048 1490 Qui
2098 1426 2262 1496 igitur
2310 1436 2392 1483 est
2430 1428 2720 1498 ejusmodi,
2766 1443 2875 1482 non
2916 1428 3078 1482 habet
3126 1427 3324 1481 bonam
3371 1442 3508 1481 cou-

1946 1516 2254 1582 scientiam,
2306 1526 2359 1571 ct
2397 1533 2502 1572 non
2542 1517 2705 1571 habet
2748 1516 2870 1572 ideo
2895 1523 3213 1586 potestatem
3245 1514 3311 1568 ad
3336 1513 3505 1568 Deum

1946 1609 2256 1664 accedendi.
2312 1609 2602 1681 Subjungit
2649 1619 2828 1664 autem
2881 1617 2936 1663 et
2983 1624 3048 1663 ex
3098 1621 3296 1678 magno
3337 1605 3508 1661 Paulo

1948 1703 2292 1770 sententiam,
2336 1703 2430 1774 qui
2482 1703 2698 1774 scripsit
2743 1703 2810 1758 de
2853 1702 3184 1771 idolothytis,
3230 1701 3375 1771 quod
3419 1701 3512 1771 qui

281 1795 334 1865 pl.
359 1793 415 1847 δὲ
448 1795 546 1866 τῆς
569 1794 661 1848 τοῦ
695 1795 1004 1868 σπέρματος
1031 1796 1286 1869 ρεύσεως,
1320 1796 1471 1867 ζήτει
1500 1798 1591 1850 καὶ
1622 1797 1716 1850 τοῦ
1755 1815 1843 1868 με-

1947 1793 2185 1858 dubitat,
2231 1794 2276 1848 si
2321 1794 2639 1861 comederit,
2680 1794 3055 1847 condemnatus
3099 1802 3196 1847 est.
3241 1791 3317 1846 De
3359 1791 3508 1847 ﬂuxu

274 1887 442 1955 γάλου
487 1886 801 1942 Ἀθανασίου
854 1888 1136 1959 ἐπιστολὴν
1189 1889 1324 1960 πρὸς
1377 1889 1613 1960 Ἀμμοῦν
1673 1889 1839 1961 μονά-

277 1977 459 2041 ζοντα.

345 2070 586 2123 ΖΩΝΑΡ.
623 2069 737 2124 Καὶ
761 2070 932 2125 ταῦτα
968 2072 1104 2143 πρὸς
1136 2069 1400 2142 ἐρώτησιν
1427 2072 1456 2123 ὁ
1488 2072 1674 2144 Πατὴρ
1707 2073 1842 2126 ἀπο-

252 2155 881 2234 ’κρίνεται.Ἐρωτηθεὶς
910 2161 1017 2234 γὰρ
1043 2164 1091 2216 εἱ
1115 2162 1194 2216 δεῖ
1220 2164 1346 2226 τοὺς
1386 2163 1442 2215 ὲν
1485 2163 1634 2234 ῥύσει
1678 2164 1842 2235 σπέρ-

280 2270 448 2323 ματος
473 2253 794 2323 γενομένους
807 2255 1199 2327 ἀπροαιρέτως,
1217 2255 1322 2309 τῶν
1335 2255 1685 2326 ἀγιασμάτων
1712 2273 1839 2326 μετ-

266 2346 440 2416 έχειν,
473 2346 576 2418 ἔφη
607 2346 709 2410 ὅτι,
740 2348 801 2401 Ol.
831 2347 988 2401 τοῦτο
1020 2347 1321 2418 παθόντες,
1356 2347 1641 2419 τῷοίκείῳ
1671 2365 1842 2402 συνει-

275 2438 384 2492 δότι
417 2437 977 2494 κατακολουθείτωσαν
1005 2457 1018 2470 ⁸
1052 2441 1216 2511 ἤγουν
1258 2441 1320 2494 τὸ
1362 2439 1594 2504 συνειδὸς
1646 2441 1842 2512 ἐχέτω-

278 2548 378 2585 σαν
426 2529 518 2585 τοῦ
575 2533 890 2604 πράγματος
923 2532 1201 2605 δικαστὴν,
1229 2534 1328 2606 τὴν
1359 2533 1562 2588 οἰκείαν
1602 2535 1840 2607 δηλονότι

273 2624 697 2679 ὃιάνοιαν.⁹Ὠστε
729 2626 777 2677 εί
811 2626 884 2696 μή
919 2642 1061 2689 τινος
1103 2625 1402 2697 ὲμπαθείας
1442 2629 1841 2699 προϋποκειμέ-

275 2735 375 2789 νης
404 2717 742 2788 συμϐέϐηκεν
773 2717 1089 2788 αὐτομάτως
1130 2720 1162 2789 ή
1205 2719 1303 2790 τῆς
1334 2719 1497 2790 γονῆς
1525 2719 1710 2792 ἐκροὴ,
1743 2719 1840 2791 τῆς

277 2803 488 2871 φύσεως
507 2803 674 2874 αὐτὴν
706 2805 780 2868 ὡς
813 2805 1130 2876 περίττωμα
1161 2807 1488 2880 ἐκκρινάσης
1509 2825 1522 2838 ·
1545 2807 1577 2881 ἢ
1601 2812 1648 2862 εί
1674 2809 1747 2880 μὴ
1776 2809 1841 2862 ὲκ

275 2892 558 2966 παροινίας
581 2895 675 2948 καὶ
703 2893 762 2959 ἐξ
788 2896 1122 2966 ἀδδηφαγίας
1142 2899 1375 2968 ἐγένετο,
1397 2900 1494 2953 οὐκ
1516 2901 1842 2974 έμποδισθήο

277 2999 425 3037 σεται
465 2987 494 3038 ὁ
525 2984 679 3066 τοῦτο
710 2985 895 3039 παθὼν
924 2987 1000 3058 τῷ
1025 2988 1163 3058 ἀγίῳ
1196 2990 1513 3062 προσελθεῖν
1545 2991 1840 3066 θυσιαστη-

276 3074 376 3148 ρίῳ
397 3092 412 3106 ο
465 3077 512 3129 εἰ
556 3050 620 3131 δέ
667 3094 750 3141 τις
781 3050 1406 3154 προῦπῆρξενέμπαθὴς
1437 3081 1710 3154 λογισμὸς,
1744 3050 1842 3138 καὶ

274 3159 431 3231 οὗτος
481 3167 928 3241 ὲμφιλοχωρήσας
969 3173 1035 3242 τῇ
1076 3171 1281 3245 διανοίᾳ
1325 3172 1510 3238 αὐτοῦ,
1547 3176 1846 3243 φαντασίαν

274 3259 546 3331 ἐπήνεγκε
567 3263 904 3334 νυκτερινὴν,
922 3264 1014 3317 καὶ
1043 3263 1210 3336 ταύτῃ
1234 3265 1668 3340 ἐπηκολούθησεν
1688 3269 1720 3340 ἡ
1747 3271 1846 3342 τῆς

273 3352 440 3422 γονῆς
471 3351 656 3424 ὲκροὴ,
693 3353 784 3406 καὶ
808 3353 868 3418 ἐξ
899 3355 1165 3425 ἀκρασίας
1197 3355 1496 3428 βρωμάτων
1524 3358 1618 3412 καὶ
1639 3359 1867 3424 πόσεως,

276 3442 475 3514 συνέϐη
495 3459 507 3471 ·
544 3443 572 3494 ὁ
603 3443 839 3506 τοιοῦτος
869 3443 927 3496 οὐ
961 3444 1198 3513 καθαρός
1231 3447 1398 3510 ἐστιν,
1432 3447 1491 3500 οὑ
1524 3447 1610 3500 διὰ
1636 3448 1732 3520 τὴν
1761 3449 1848 3521 ῥῦ-

279 3551 365 3588 σιν
414 3534 508 3588 τοῦ
560 3535 870 3606 σπέρματος
917 3537 1014 3608 (οὐ
1049 3537 1155 3609 γὰρ
1185 3539 1488 3611 ἀκάθαρτον
1516 3539 1691 3606 τοῦτο,
1723 3540 1847 3593 ἐπεὶ

282 3631 382 3702 μὲν
415 3630 535 3683 οὐδὲ
566 3633 598 3702 ή
626 3629 760 3704 σάρξ
789 3628 856 3706 ἧς
888 3632 1062 3685 έκεῖνο
1095 3633 1472 3705 περίττωμα),
1507 3634 1641 3688 άλλά
1668 3634 1753 3689 διὰ
1785 3637 1848 3690 τὸ

275 3723 516 3794 πονηρὸν
547 3723 815 3795 ἐνθύμιον,
842 3725 976 3797 ὅπερ
1009 3724 1231 3796 έμόλυνε
1248 3726 1345 3796 τὴν
1359 3726 1614 3780 διάνοιαν.
1632 3728 1688 3781 '0
1718 3727 1846 3796 γοῦν

274 3814 518 3879 τοιοῦτος
547 3816 645 3870 οὐκ
681 3819 1067 3890 εὐσυνείδητος,
1103 3818 1393 3873 κάντεῦθεν
1428 3819 1534 3874 οὐδ’
1567 3821 1846 3893 εὐπαρρη-

279 3909 497 3972 σίαστος
527 3909 615 3963 διὰ
645 3909 705 3962 τὸ
739 3909 867 3963 ἴδιον
895 3909 1160 3982 ἐνθύμιον.
1195 3910 1320 3974 Πῶς
1357 3907 1449 3964 οὖν
1491 3913 1846 3983 προσελεύσε-

276 4018 370 4055 ται
393 3999 471 4070 τῷ
498 3999 616 4070 Θεῴ
646 4000 1076 4073 διακρινόμενος;
1114 4001 1336 4068 Ἐπάγει
1359 4002 1416 4056 δὲ
1445 4003 1538 4057 καὶ
1567 4005 1759 4076 χρῆσιν
1784 4007 1848 4060 ὲκ

277 4091 376 4145 τοῦ
423 4091 656 4163 μεγάλου
688 4092 900 4147 Παύλου
938 4093 1243 4163 γράψαντος
1274 4096 1400 4165 περὶ
1429 4093 1537 4149 τῶν
1572 4096 1849 4152 εἰδωλοθύ-

277 4202 412 4247 των,
439 4183 520 4236 ὅτι
567 4174 1008 4254 διακρινόμενος
1052 4186 1159 4240 ἐὰν
1198 4184 1380 4257 φάγῃ,
1415 4187 1845 4258 κατακέκριται.

278 4276 419 4347 Περὶ
465 4275 524 4330 δὲ
571 4276 670 4348 τῆς
711 4277 804 4331 τοῦ
855 4278 1159 4351 σπέρματος
1190 4279 1424 4350 ῥεύσεως
1461 4281 1554 4334 καὶ
1596 4283 1625 4335 ὁ
1675 4282 1849 4353 μέγας

291 4368 608 4433 Ἀθανάσιος
659 4368 906 4436 πλατέως
945 4370 1178 4443 ἔγραψεν
1226 4372 1363 4444 πρὸς
1407 4371 1648 4445 Ἀμμοῢν
1687 4375 1849 4446 μονά-

276 4459 458 4528 ζοντα.

565 5833 815 5892 Pyrum.
870 5831 985 5892 Gtt.
1017 5829 1094 5891 Χ.

1946 1893 2128 1937 autem
2177 1883 2442 1949 seminis,
2495 1897 2677 1953 quaare
2729 1882 2910 1953 magni
2961 1897 3180 1954 quoque
3223 1883 3510 1939 Athanasii

1944 1973 2230 2044 epistolam
2267 1975 2332 2028 ad
2362 1975 2617 2028 Animum
2648 1976 3000 2029 monachum.

2021 2067 2222 2122 Zonsn.
2264 2066 2362 2123 llic
2395 2082 2615 2138 quoque
2641 2066 2940 2138 praeposita
2984 2065 3393 2137 interrogationi
3425 2085 3512 2124 re-

1948 2159 2177 2229 spondet
2205 2157 2383 2214 Patcr.
2433 2158 2673 2229 Rogatus
2705 2172 2942 2227 namque
2974 2173 3040 2212 an
3077 2158 3236 2214 liceat
3281 2160 3349 2216 iis
3388 2162 3514 2232 qui-

1948 2251 2052 2306 bus
2096 2251 2318 2306 semiuis
2371 2251 2550 2306 ﬂuxus
2599 2267 2706 2305 non
2754 2249 2949 2320 sponte
2991 2253 3290 2323 contingit,
3340 2257 3511 2312 sacris

1946 2343 2350 2398 communicare
2377 2342 2684 2413 mysteriis,
2731 2342 3010 2411 respondit
3054 2359 3068 2396 :
3112 2343 3215 2410 Qui
3264 2345 3368 2401 hoc
3416 2362 3512 2416 pa-

1947 2435 2187 2501 tiuntur,
2244 2434 2521 2504 pr0priam
2570 2442 2870 2504 sequantur
2921 2436 3338 2504 conscientiam,
3406 2438 3512 2494 hoc

1946 2536 2050 2592 est,
2097 2525 2225 2581 facti
2274 2527 2513 2597 judicem
2565 2534 2806 2582 statuant
2858 2528 3287 2594 conscientiam,
3347 2547 3508 2585 suum

1945 2619 2194 2674 videlicet
2245 2619 2487 2673 animum
2548 2633 2612 2674 ac
2670 2627 2944 2685 mentem;
2999 2623 3073 2676 ita
3111 2631 3172 2676 ut
3215 2623 3259 2678 si
3294 2624 3510 2693 quidem

1946 2711 2096 2768 nulla
2141 2709 2426 2765 aﬂ'ectione
2465 2711 2873 2781 prmgrediente,
2906 2714 3049 2767 ultro
3082 2713 3305 2768 seminis
3332 2715 3510 2771 ﬂuxus

1946 2804 2149 2868 evenit,
2196 2802 2363 2858 veluti
2413 2802 2746 2872 superﬂuum
2794 2805 2923 2874 quid
2974 2805 3150 2874 ipsum
3189 2819 3515 2864 execrneute

1946 2904 2143 2951 natura
2171 2936 2185 2959 ,
2244 2909 2421 2966 neque
2456 2895 2530 2949 illi
2567 2912 2784 2951 causam
2813 2898 3106 2953 vinolentia
3141 2899 3221 2954 vel
3251 2901 3515 2971 gulositas

1946 2986 2198 3060 praebuit,
2227 2988 2294 3042 ad
2322 2995 2571 3042 sanctum
2609 2988 2779 3042 altare
2827 2975 3083 3044 accedere
3108 2990 3200 3061 qui
3233 2991 3282 3046 id
3314 3007 3514 3061 passus

1947 3088 2049 3145 est,
2084 3078 2508 3149 haudquaquam
2549 3077 2855 3144 vetabitur;
2908 3078 2954 3133 si
2998 3093 3126 3134 vero
3161 3079 3376 3134 mollior
3410 3079 3525 3144 alia

1872 3145 1914 3203 (ἶ
1949 3184 2056 3240 qua
2096 3145 2708 3242 cogitatio—praeessit,
2749 3183 2922 3240 eaque
2965 3169 3130 3223 menti
3166 3169 3370 3226 diutius
3417 3170 3516 3226 ob-

1947 3271 2162 3318 versata
2213 3271 2535 3317 nocturnam
2585 3262 2819 3332 speciem
2868 3263 3100 3330 induxit,
3134 3280 3297 3335 quam
3327 3275 3516 3335 postea

1947 3359 2174 3416 seminis
2214 3358 2393 3413 ﬂuxus
2435 3366 2521 3413 est
2553 3367 2901 3424 consecutus,
2951 3369 3113 3429 atque
3164 3375 3231 3415 ex
3282 3359 3519 3416 inconti-

1946 3453 2131 3509 nentia
2181 3451 2426 3507 ciborum
2469 3461 2522 3507 et
2553 3453 2786 3522 potionis
2835 3454 3032 3520 evenit,
3075 3455 3217 3509 haud
3261 3457 3516 3527 este-jus-

1947 3545 2091 3600 modi
2126 3545 2288 3599 homo
2327 3560 2497 3615 purus
2522 3586 2537 3610 ,
2576 3560 2683 3599 non
2731 3546 2802 3600 ob
2831 3545 3103 3600 deﬂuxum
3144 3548 3366 3604 seminis
3402 3549 3518 3622 (ne-

1947 3650 2052 3706 que
2077 3635 2221 3689 enim
2251 3635 2355 3690 hoc
2384 3635 2678 3706 impurum,
2706 3635 3142 3706 quandoquidem
3171 3653 3272 3692 nec
3303 3639 3515 3709 impura

1947 3743 2096 3793 caro,
2130 3729 2287 3797 cujus
2315 3727 2418 3783 hoc
2439 3727 2889 3796 excrementum),
2919 3727 3011 3782 sed
3034 3728 3104 3783 ob
3129 3727 3515 3799 cogitationem

1946 3834 2193 3890 pravam,
2234 3834 2355 3888 quae
2397 3819 2640 3872 animum
2691 3818 3014 3888 inquinavit.
3070 3816 3191 3873 Non
3222 3827 3306 3875 est
3333 3821 3518 3890 itaque

1949 3911 2039 3966 hic
2086 3909 2448 3966 nulliussibi
2495 3909 2751 3964 conscius
2799 3908 2974 3974 labis,
3017 3908 3363 3980 'proin‘deque
3416 3926 3518 3967 nec

1946 4003 2104 4073 plena
2161 4001 2240 4056 illi
2287 4002 2502 4068 ﬁducia,
2554 4001 2626 4057 ob
2657 4017 2809 4057 suam
2856 4003 3228 4073 cupiditatem.
3273 4002 3390 4070 Qua
3426 4020 3518 4058 ra-

1949 4095 2096 4150 tione
2135 4094 2298 4166 igitur
2326 4092 2436 4149 Dco
2469 4093 2925 4165 appropinquabit
2957 4094 3252 4149 dubitans?
3283 4093 3518 4165 Subjicit

1951 4203 2170 4260 quoque
2224 4187 2406 4259 magni
2461 4187 2616 4242 Pauli
2667 4188 3032 4255 sententiam,
3079 4186 3147 4243 de
3203 4188 3515 4262 idolothytis

1949 4281 2258 4345 scribentis,
2295 4280 2438 4350 quod
2475 4281 2522 4334 si
2551 4281 2798 4335 dubitans
2837 4279 3094 4347 comedat,
3139 4284 3513 4335 condemnatus

1948 4383 2046 4428 est.
2095 4372 2264 4428 Porro
2309 4373 2376 4428 de
2419 4374 2642 4428 seminis
2694 4371 2961 4439 ﬂuxione,
3015 4387 3246 4444 magnus
3297 4385 3516 4441 quoque

1948 4464 2280 4520 Athanasius
2326 4465 2512 4520 multis
2559 4464 2739 4520 verbis
2778 4464 2844 4519 ad
2876 4465 3134 4518 Ammum
3183 4460 3512 4520 monachum

1947 4559 2184 4628 scripsit.

3216 5798 3289 5860 ιιι
