3972 6318
267 383 288 435 l
302 380 406 439 295

1244 389 1461 448 EPIST.
1504 391 1596 447 AD
1629 392 1967 451 DOMITIUM
2006 384 2095 448 ET
2134 388 2470 447 DIDYMUM.

3364 383 3504 439 19.95

264 504 361 553 σὺν
398 499 582 567 αὐτοῖς
617 504 969 575 στρατιωτῶν.
1010 508 1104 561 καὶ
1154 509 1460 582 ὑπηρετῶν,
1503 511 1601 582 ἐμὲ
1637 528 1696 564 τε
1742 529 1809 565 κα

1938 509 2265 564 duceremur
2289 523 2319 561 a
2347 504 2663 563 centurione
2685 514 2738 559 et
2761 500 3505 576 magistratibus,'militibus-

261 594 442 658 ι’άῖον,
469 595 728 662 ⁴Ιιαῦιττον,
763 600 856 653 καὶ
884 600 1088 673 Πέτρον
1114 604 1209 656 καὶ
1248 603 1479 668 Παῦλον,
1517 603 1832 669 ἐπελθόντες

259 687 403 750 τινὲς
431 686 539 741 τῶν
565 689 877 761 Μαρεωτῶν
904 690 1037 762 (67),
1079 691 1311 757 ἄκοντας
1337 693 1431 747 καὶ
1462 694 1598 766 μηδὲ
1631 694 1833 767 ἑπομέ-

255 796 403 841 νους,
440 777 530 850 βίᾳ
556 796 615 832 τε
656 778 910 851 σύροντες
940 782 1051 854 (68)
1086 769 1449 856 ἀφήρπασαν·
1492 786 1603 858 ἐγὼ
1641 787 1699 841 δὲ
1739 787 1832 842 νῦν

258 874 353 927 καὶ
397 873 557 937 Γάϊος
597 876 690 928 xa‘t
737 876 960 949 Πέτρος,
1013 879 1163 948 μόνοι
1206 877 1313 932 τῶν
1366 880 1539 951 ᾇλλων
1587 881 1829 951 ἀδελφῶν

256 965 769 1038 ἀπορφανισθέντες,
800 970 858 1022 ἐν
878 970 1069 1042 ἐρήμῳ
1092 972 1184 1025 καί
1208 972 1475 1045 αὐχμηρῷ
1502 973 1601 1044 τῆς
1625 974 1833 1047 Λιϐύης

260 1056 407 1128 τόπῳ
439 1057 963 1131 κατακεκλείσμεθα,
996 1060 1162 1133 τριῶν
1196 1063 1418 1134 ἡμερῶν
1450 1063 1567 1118 ὁδὸν
1591 1064 1683 1118 τοῦ
1718 1066 1830 1119 Πα-

258 1149 526 1219 ραιτονίου
555 1149 917 1220 διεστηκότες.

231 1311 239 1318 .
325 1241 400 1294 Γ¹.
438 1240 547 1295 Kal
576 1243 992 1312 ὑποκαταϐὰς,
1019 1246 1240 1313 φησίν·
1258 1246 1345 1300 Ἐν
1370 1247 1427 1300 δὲ
1449 1248 1514 1318 τῇ
1547 1246 1699 1302 πόλει
1732 1265 1830 1302 κα-

254 1333 607 1389 ταδεδύκασιν
636 1334 858 1405 ἀφανῶς
889 1337 1340 1410 ἐπισκεπτόμενον.
1370 1341 1496 1405 τοὺς
1528 1341 1787 1412 ἀδελφούς
1810 1361 1823 1373 ·

255 1423 616 1498 πρεσϐύτεροι
659 1427 779 1497 μὲν,
829 1426 1098 1499 Μάξιμος,
1151 1430 1459 1503 Διόσκορος,
1520 1435 1828 1507 Δημήτριος

252 1516 351 1570 καὶ
396 1515 655 1581 Λούκιος’
697 1518 747 1570 οἱ
790 1518 899 1591 γὰρ
943 1521 1001 1573 ἐν
1043 1519 1121 1591 τῷ
1166 1520 1354 1593 κόσμῳ
1400 1525 1826 1598 προφανέστεροι

156 1668 161 1672 _
249 1609 549 1674 Φαυστῖνος
581 1611 674 1663 καὶ
714 1611 958 1676 Ἀκύλας,
983 1612 1041 1665 ὲν
1070 1612 1329 1686 Αἰγύπτῳ
1355 1615 1691 1672 πλανῶνται·
1721 1618 1828 1673 διά-

250 1719 401 1756 κονοι
431 1701 490 1756 δὲ
519 1704 567 1755 οἱ
606 1703 744 1774 μετὰ
783 1706 908 1768 τοὺς
940 1705 998 1757 ὲν
1031 1708 1096 1777 τῇ
1139 1706 1280 1778 νόσῳ
1325 1706 1436 1781 (69)
1473 1709 1828 1781 τελευτήσαν-

250 1809 352 1857 τας
384 1793 820 1864 ὑπολειφθέντες,
861 1796 1122 1862 Φαῦστος,
1166 1798 1443 1864 Εὑσέῦιος,
1484 1802 1818 1875 Χαιρήμων·

250 1882 514 1950 Εὖσέόιος
544 1883 603 1941 ὂν
636 1887 693 1955 ἐξ
723 1886 894 1959 ἀρχῆς
917 1890 945 1941 ὁ
977 1887 1109 1953 Θεὸς
1137 1889 1531 1962 ὲνεδυνάμωσε,
1566 1893 1660 1945 καὶ
1684 1908 1824 1964 παρ-

249 1977 517 2032 εσκεύασε
547 1978 646 2044 τὰς
678 1980 980 2052 ὑπηρεσίας
1002 1981 1110 2035 τῶν
1139 1982 1197 2036 ὲν
1221 1985 1340 2048 ταῖς
1371 1983 1637 2053 φυλακαῖς
1672 2001 1824 2054 γενο-

252 2071 432 2142 μένων
464 2072 808 2144 ὁμολογητῶν
841 2073 1148 2141 ἐναγωνίως
1183 2072 1553 2147 ἀποπληροῦν,
1593 2077 1687 2130 καὶ
1726 2077 1825 2142 τὰς

246 2163 362 2216 ¹τῶν
400 2164 665 2236 σωμάτων
698 2164 1021 2237 περιστολὰς
1055 2165 1167 2236 (70)
1211 2166 1319 2220 τῶν
1350 2167 1567 2222 τελείων
1595 2171 1689 2222 καὶ⁹
1718 2186 1823 2241 μα-

248 2256 459 2328 καρίων
497 2256 786 2329 μαρτύρων
816 2257 915 2310 οὑκ
947 2257 1244 2323 ἀκινδύνως
1287 2259 1543 2314 ἐκτελεῖν.
1580 2262 1689 2315 Καὶ
1713 2263 1822 2336 γὰρ

251 2347 415 2420 μέχρι
447 2346 543 2401 νῦν
577 2348 678 2402 οὑκ
709 2348 920 2421 ἀνίησιν
959 2348 988 2401 ὁ
1017 2350 1337 2422 ⁴ίλγούμενος,
1371 2353 1497 2416 τοὺς
1534 2353 1633 2424 μὲν
1660 2355 1818 2408 ἀναι-

252 2440 386 2513 ρῶν,
420 2441 497 2505 ὡς
539 2443 818 2514 προεῖπον,
861 2442 1028 2514 ὠμῶς
1066 2442 1173 2497 τῶν
1215 2445 1668 2517 προσαγομένων*
1695 2448 1821 2512 τοὺς

245 2531 305 2587 δὲ
339 2534 594 2604 βασάνοις
629 2535 965 2601 καταξαίνων
986 2553 1001 2566 ·
1044 2538 1171 2601 τοὺς
1199 2536 1256 2591 δὲ
1295 2538 1561 2608 φυλακαῖς
1597 2540 1691 2595 καὶ
1734 2538 1820 2595 δε-

248 2629 407 2696 σμοῖς
431 2628 697 2699 ὲκτήκων,
728 2629 1080 2700 προστάσσων
1109 2648 1167 2684 τε
1197 2631 1399 2704 μηδένα
1421 2633 1626 2700 τούτοις
1650 2653 1818 2708 προσ-

250 2716 424 2769 ιέναι·
462 2718 555 2770 καὶ
600 2718 900 2790 ἀνερευνῶν
953 2722 1024 2791 μή
1069 2738 1151 2786 τις
1193 2723 1404 2796 φανείη.
1456 2726 1564 2783 Καὶ
1598 2727 1746 2798 ὅμως
1786 2728 1817 2780 ό

248 2808 381 2872 Θεὸς
404 2812 470 2881 τῇ
502 2809 775 2883 προθυμίᾳ
802 2814 894 2865 καὶ
927 2813 1187 2889 λιπαρείᾳ
1222 2815 1333 2877 τῶν
1354 2817 1599 2888 ἀδελφῶν
1635 2819 1817 2873 διανα-

248 2904 416 2959 παύει
445 2906 572 2969 τοὺς
604 2906 1016 2979 πεπιεσμένους.

250 3038 566 3116 referuntur
625 3041 691 3095 ad
749 3040 1120 3116 centurionem
1148 3043 1488 3116 ;__ur:1;pérat
1549 3059 1680 3101 vero
1747 3045 1815 3101 ad

246 3111 571 3167 duumviros
601 3127 697 3167 seu
728 3113 1076 3184 magistratus
1100 3112 1300 3182 quibus
1320 3111 1614 3184 parebant.
1638 3116 1812 3171 Atha-

248 3184 441 3237 nasius
466 3197 705 3258 quoque,
736 3182 789 3236 in
817 3184 1043 3253 epistola
1082 3184 1149 3258 ad
1181 3182 1811 3258 εοΙίιοί-ἱοε,στρατηγόν

244 3261 406 3308 vocat
452 3253 797 3308 duumvirum
845 3270 940 3310 seu
1004 3254 1381 3313 magistratum
1432 3253 1810 3313 Alexandrinas

246 3322 506 3397 civitatis.
533 3322 788 3397 Loquens
815 3325 957 3397 enim
993 3324 1060 3379 de
1087 3295 1305 3397 ,ξιξ-θυῖε
1339 3327 1433 3396 qui
1462 3295 1807 3397 presbytle'rou;

247 3408 330 3480 ac.
356 3395 617 3480 diaconos
640 3394 980 3477 Alexandriae
1007 3398 1065 3480 in
1091 3393 1374 3480 judicium
1390 3393 1689 3480 pertractus
1714 3412 1809 3480 ex:

245 3465 372 3520 silio
406 3466 796 3523 multaverant.
830 3466 902 3519 ita
942 3466 1165 3520 scribit:
1192 3468 1302 3520 Kal.
1341 3465 1458 3532 πῶς
1482 3467 1677 3531 αὐτοὺς
1715 3469 1808 3522 ἐπὶ

241 3535 340 3591 τοῦ
380 3536 566 3600 δουκὸς
590 3536 684 3607 καὶ
718 3534 825 3589 τῶν
847 3534 1112 3589 δικαστῶν
1141 3537 1514 3607 ἐφυγάδευσαν
1530 3577 1545 3603 ,
1568 3538 1807 3606 καταφέ-

246 3623 434 3676 ροντες
483 3609 547 3661 ἐκ
580 3606 687 3660 τῶν
726 3607 888 3661 οἴκων
915 3608 1041 3670 τοὺς
1083 3607 1316 3672 οἰκείους
1355 3607 1531 3662 αὐτῶν
1570 3607 1657 3662 διὰ
1696 3608 1805 3663 τῶν

245 3677 595 3762 στρατιωτῶν
624 3679 717 3731 καὶ
754 3678 845 3731 τοῦ
875 3677 1179 3762 στρατηγοῦ
1221 3679 1260 3730 Γ
1261 3679 1516 3762 οργονίου.
1545 3678 1638 3732 καὶ
1669 3678 1806 3762 stin-

242 3752 370 3816 γαῖς
394 3751 827 3812 κατακόπτοντες
847 3788 861 3813 ,
895 3749 1075 3813 idest,
1100 3749 1357 3819 quomodo
1391 3750 1541 3804 ducis
1569 3766 1631 3803 ac
1651 3749 1805 3818 judi-

242 3834 364 3872 cum
391 3835 548 3887 apem
574 3838 659 3875 eos
684 3821 741 3873 in
768 3820 1012 3872 exsilium
1036 3836 1215 3889 egere;
1245 3822 1561 3874 necessarios
1589 3819 1804 3874 illorum

241 3904 310 3961 ea:
330 3891 570 3944 domibus
600 3889 925 3946 extrahentes
948 3890 1177 3961 militari
1217 3907 1395 3957 manu,
1425 3900 1474 3944 et
1500 3891 1803 3961 adjugnenlo

248 3958 500 4032 Gargonii
539 3963 901 4032 magistratus.
942 3960 1077 4032 Male
1115 3960 1259 4015 enim
1301 3958 1576 4032 interpres
1605 3959 1803 4032 Gorgo-

241 4029 392 4086 niuin
427 4033 608 4089 ducem
628 4029 812 4086 vertit.
846 4032 1007 4100 Atqui
1046 4031 1154 4101 dux
1185 4032 1297 4101 ipse
1331 4029 1684 4087 Sebastianus
1709 4029 1805 4086 vo-

241 4104 493 4167 cabatur,
514 4113 648 4158 teste
675 4102 1005 4164 Athanasio;
1032 4100 1335 4170 Gorgonius
1360 4117 1489 4157 vero
1514 4101 1802 4171 magistra-

241 4182 335 4227 tus
375 4183 493 4227 crat
532 4189 627 4228 seu
669 4174 925 4228 duumvir
967 4172 1338 4239 Alexandriae;
1385 4173 1543 4241 cujus
1575 4171 1627 4226 id
1674 4186 1802 4242 pro-

243 4244 420 4313 prium
441 4259 639 4299 munus
657 4251 795 4306 erat,
809 4251 868 4297 ut
893 4257 1014 4298 reos
1039 4244 1522 4312 comprehenderet
1540 4249 1594 4313 et
1614 4256 1801 4297 ceram

242 4312 547 4383 majoribus
587 4314 863 4383 judicibus
901 4313 1134 4367 sisteret.
1185 4313 1438 4369 Testatur
1484 4314 1551 4383 id,
1582 4312 1800 4368 libellus

241 4382 647 4453 pratestation’is
672 4385 855 4454 populi
885 4382 1254 4448 Alexandrini,
1283 4399 1445 4454 quem
1467 4382 1800 4454 Athanasius

240 4450 488 4524 epistolae
531 4470 643 4510 sua:
675 4450 941 4524 subjecit,
974 4453 1058 4508 bis
1093 4455 1270 4509 verbis
1301 4450 1317 4507 Ξ
1345 4450 1466 4507 Οἷδε
1498 4452 1669 4506 ταῦτα
1705 4454 1799 4507 καὶ

239 4523 608 4598 adsentire:
634 4525 732 4597 τῆς
774 4523 979 4598 πόλεως
1017 4524 1299 4598 Γρργόνιος
1332 4541 1345 4598 _=
1375 4534 1429 4598 et
1454 4524 1614 4594 paulo
1653 4536 1795 4598 post.

1938 617 2045 673 que
2069 610 2124 657 et
2151 600 2583 671 apparitoribus,
2629 597 2722 668 qui
2749 612 2859 652 una
2888 613 3012 653 cum
3038 597 3173 667 ipsis
3199 604 3382 663 erant,
3409 608 3508 651 su-

1937 695 2315 765 pervenientes
2355 691 2577 763 quidam
2611 708 2676 746 ex
2704 690 2960 747 Mareotis
2980 731 2997 759 ,
3049 690 3248 746 invitos
3278 704 3379 745 nos
3408 704 3509 745 nec

1936 796 2130 858 sponte
2175 796 2465 857 sequentes
2513 798 2608 854 per
2639 783 2751 838 vim
2787 782 3170 839 abstraxerint.
3228 780 3340 852 Ego
3380 782 3504 852 qui-

1935 879 2058 933 dem
2091 892 2238 932 nunc
2268 886 2322 931 et
2363 874 2559 929 Petrus
2591 882 2643 929 et
2670 872 2834 929 Caius
2865 873 3006 941 soli,
3061 874 3286 943 reliquis
3319 872 3506 927 fratri-

1936 972 2039 1027 bus
2086 969 2285 1035 orbati,
2345 971 2397 1022 in
2430 969 2644 1022 deserto
2685 975 2739 1021 et
2782 966 3031 1038 squalido
3061 966 3294 1036 quodam
3326 966 3506 1038 Libyae

1935 1064 2056 1119 loco
2088 1061 2335 1118 conclusi
2362 1076 2587 1128 sumus,
2632 1058 2797 1114 tridui
2827 1060 3020 1115 itinere
3048 1060 3312 1116 distantes
3342 1076 3373 1115 a
3400 1059 3506 1115 Pa-

1932 1154 2181 1208 raatonio.

2012 1238 2101 1300 lll.
2146 1242 2215 1298 Et
2248 1243 2522 1315 aliquanto
2549 1252 2667 1313 post
2693 1259 2711 1297 :
2738 1241 2794 1297 In
2822 1242 3009 1297 urbem
3032 1284 3046 1307 ,
3089 1224 3285 1312 inquit,
3319 1241 3502 1297 occul—

1930 1345 2117 1392 tarum
2148 1352 2206 1393 se
2231 1378 2247 1403 ,
2296 1346 2356 1391 ut
2389 1335 2585 1391 fratres
2610 1335 2857 1391 clanculo
2888 1334 3129 1389 invisant
3157 1352 3172 1388 :
3204 1333 3505 1406 presbyteri

1931 1428 2172 1500 quidem,
2198 1427 2487 1493 Maximus,
2515 1427 2829 1492 Dioscorus,
2860 1426 3164 1482 Demetrius
3185 1435 3239 1481 et
3265 1425 3500 1491 Lucius;

1928 1516 2226 1575 Faustinus
2258 1520 2402 1574 enim
2434 1526 2489 1573 et
2512 1516 2738 1589 Aquila,
2771 1526 2955 1588 utpote
2995 1518 3048 1571 in
3089 1517 3296 1587 majore
3325 1518 3503 1572 homi-

1930 1630 2061 1669 num
2088 1613 2211 1668 luce
2243 1612 2426 1682 positi,
2479 1626 2575 1681 per
2604 1609 2896 1681 Egyptum
2936 1619 3231 1681 vagantur;
3284 1610 3501 1687 diaconi

1930 1720 2061 1761 vero
2086 1713 2209 1775 post
2233 1704 2356 1760 illos
2378 1704 2472 1774 qui
2502 1704 2693 1759 morbo
2717 1704 3026 1773 consumpti
3064 1711 3211 1766 sunt,
3240 1705 3504 1773 supersti-

1892 1844 1895 1845 ν
1929 1815 2033 1872 tes,
2061 1792 2320 1868 Faustus.
2354 1800 2642 1869 Eusebius,
2669 1802 3025 1870 Chaeremon;
3081 1802 3380 1871 Eusebius,
3416 1806 3501 1860 in-

1853 1874 1897 1929 Β

1926 1911 2112 1968 quam,
2141 1911 2302 1966 quem
2328 1894 2472 1950 Deus
2492 1894 2605 1964 jam
2641 1894 2769 1949 inde
2791 1894 2860 1948 ab
2888 1894 3044 1948 initio
3072 1894 3366 1960 roboravit,
3397 1895 3502 1949 ini-

1927 1988 2174 2058 pulitque
2212 1994 2273 2041 ut
2301 1984 2710 2041 confessoribus
2740 1984 2795 2038 in
2820 1984 3064 2039 custodia
3099 1985 3292 2054 positis
3332 1985 3500 2040 mini-

1926 2080 2094 2136 steria
2119 2089 2338 2137 strenue
2358 2076 2665 2141 exhiberet;
2702 2083 2870 2144 utque
2906 2084 3409 2141 consummatorum
3432 2092 3499 2133 ac

1923 2171 2210 2227 beatorum
2245 2179 2544 2240 martyrum
2593 2167 2857 2223 cadavera
2904 2180 3012 2221 non
3044 2166 3161 2221 sine
3191 2167 3383 2237 capitis
3410 2167 3497 2223 sui

1922 2265 2168 2336 periculo
2221 2265 2493 2335 sepeliret.
2550 2259 2687 2315 Nam
2732 2259 2786 2314 in
2836 2258 2984 2314 hunc
3012 2274 3185 2330 usque
3211 2260 3352 2316 diem
3384 2277 3493 2317 non

1922 2366 2101 2412 cessat
2128 2353 2416 2425 praefectus
2446 2361 2664 2407 nostros
2692 2349 2785 2420 qui
2808 2350 3109 2419 praesentiae
3139 2350 3310 2421 ipsius
3336 2352 3496 2407 exhi-

1920 2446 2139 2510 bentur,
2170 2445 2366 2515 partim
2391 2442 2695 2497 interﬁcere
2722 2438 3125 2505 crudelissime,
3153 2441 3350 2511 partim
3382 2451 3494 2497 tor-

1920 2537 2123 2594 mentis
2166 2536 2465 2601 dilaniare,
2506 2535 2703 2605 partim
2748 2534 3004 2605 squalore
3035 2532 3274 2590 carceris
3302 2545 3357 2590 et
3382 2536 3495 2591 vin-

1910 2629 2059 2686 culis
2086 2643 2394 2696 macerare;
2425 2626 2758 2683 interdicens
2785 2625 2996 2696 ne-quis
3021 2626 3091 2681 ad
3122 2641 3218 2682 eos
3243 2628 3489 2693 accedat,

1919 2735 1974 2780 et
2018 2732 2365 2795 perscrutans
2406 2737 2537 2776 num
2579 2718 2704 2791 quis
2752 2718 2894 2775 forte
2932 2718 3179 2774 videatur
3210 2721 3488 2778 accedere.

1919 2814 2305 2871 Verumtamen
2337 2812 2480 2866 Dcus
2503 2827 2566 2867 cx
2596 2809 2878 2869 alacritate
2917 2825 2981 2863 ac
3014 2809 3349 2882 benignitate
3372 2809 3513 2868 ira...

1918 2916 2086 2973 trum,
2119 2904 2372 2961 solatium
2406 2901 2625 2958 assidue
2652 2908 2873 2972 prazstat
2895 2898 3125 2956 alllictis.

1917 3038 2249 3094 abstractum
2281 3036 2336 3089 in
2362 3035 2669 3089 libertatem
2711 3033 3105 3099 restituerunt;
3157 3048 3257 3089 nec
3292 3032 3486 3093 Caium

1916 3120 1971 3165 et
2015 3108 2275 3163 Faustum
2311 3114 2366 3161 et
2406 3105 2627 3161 Petrum
2658 3119 2725 3175 ac
2752 3103 2981 3175 Paulum
3014 3104 3359 3175 presbyteros
3401 3121 3488 3162 se-

1915 3195 2041 3236 cum
2089 3187 2219 3234 tunc
2247 3176 2553 3248 Dionysius
2584 3174 2792 3230 habuit.
2815 3174 2960 3248 _Qute
2987 3174 3189 3248 omnia
3213 3175 3269 3229 in
3297 3191 3487 3245 perse-

1913 3251 2134 3307 cutione
2169 3248 2258 3302 illa
2285 3244 2406 3317 quae
2434 3246 2595 3317 paulo
2646 3254 2772 3301 ante
2811 3244 2960 3317 Decii
2991 3244 3276 3314 imperium
3296 3244 3486 3317 fctepta

1912 3331 2026 3385 est,
2060 3315 2318 3389 Dionysio
2350 3315 2727 3389 contigerunt,
2763 3326 2822 3389 ut
2868 3315 2981 3389 ipse
3014 3323 3246 3389 testatur
3289 3316 3343 3371 in
3375 3315 3487 3387 epi-

1912 3392 2048 3447 stola
2078 3387 2338 3445 adversus
2368 3388 2722 3442 Germanum.
2771 3388 2841 3440 At
2873 3388 2925 3442 in
2969 3387 3345 3454 persecutione
3381 3389 3487 3444 sub

1912 3462 2223 3524 Valeriano,
2253 3456 2840 3529 Dionysiumcomitati
2868 3465 2996 3511 sunt
3023 3456 3077 3511 in
3094 3456 3486 3529 egsilioMaxi-

1910 3549 2034 3588 mus
2083 3525 2407 3601 presbyter;
2434 3537 2503 3601 et
2538 3527 2753 3601 diaconi
2802 3525 3066 3601 Faustus,
3109 3525 3379 3583 Eusebius
3428 3538 3486 3584 et

1909 3596 2265 3663 Chaeremon,
2291 3611 2344 3653 et
2377 3597 2596 3667 quidam
2623 3596 2853 3653 clericus
2874 3596 3194 3668 Romanus,
3219 3601 3485 3668 quemad-

1907 3673 2129 3727 modum
2158 3670 2349 3726 scribit
2375 3669 2519 3723 idem
2555 3667 2848 3737 Dionysius
2880 3667 2934 3720 in
2961 3667 3190 3736 epistola
3216 3667 3482 3726 adversus

1908 3742 2258 3799 Germanum.
2284 3739 2360 3793 In.
2794 3804 2799 3805 ί
2851 3800 2867 3805 _

1981 3812 2089 3894 (68)
2114 3813 2222 3894 ρζᾳ
2248 3826 2312 3863 τε
2330 3810 2427 3894 καὶ
2457 3804 3230 3894 σύροντεςτῖιῃηοοόίῗοοιᾈίθᾱ,
3258 3817 3317 3889 ει.
3339 3808 3477 3894 Maz.

1905 3877 2100 3953 legitur
2131 3877 2222 3952 βία
2247 3881 2588 3953 τε-σὺροντες
2631 3880 2833 3953 rectius
2860 3892 2876 3927 :
2908 3891 3009 3932 nec
3034 3877 3189 3932 aliter
3214 3880 3476 3949 scriptum

1906 3947 2067 4010 habet
2094 3947 2263 4008 codex
2297 3947 2647 4005 Fuketianus.
2681 3947 2758 4003 In.

1976 4023 2086 4099 (6A9)
2131 4020 2332 4099 Ern}
2358 4022 2539 4099 νόσῳ.
2575 4018 2812 4099 ⁸Ιὶιιίὶηιιιξ
2841 4018 2969 4099 legit
2995 4020 3160 4099 vﬁatp.
3209 4018 3300 4075 Sic
3328 4020 3476 4077 enim

1903 4091 2110 4151 vertit:
2149 4092 2252 4148 Sed
2282 4110 2348 4149 ea:
2377 4093 2613 4145 diaconis
2640 4091 2898 4161 quosdam
2928 4092 2984 4161 in
3015 4091 3334 4161 insula_post
3365 4107 3474 4159 pa:-

1904 4183 1999 4220 nas
2041 4164 2380 4235 confessionis
2433 4178 2544 4217 esse
2587 4159 3140 4235 Adelfunctosaverutn
3187 4159 3475 4235 Dionysius

1904 4240 2047 4291 luem
2084 4229 2335 4306 intelligit
2357 4275 2372 4298 ,
2406 4248 2527 4302 quae
2558 4233 2703 4306 Galli
2741 4242 2794 4286 et
2823 4229 3106 4306 \[olusiani
3138 4229 3473 4306 tempojibus

1903 4316 2146 4376 grassata
2175 4301 2381 4376 est'per
2410 4301 2583 4376 totum
2627 4305 2814 4357 orbem
2850 4302 3179 4376 Romanum,
3203 4311 3272 4376 put
3300 4301 3472 4376 Eusc-

1903 4371 2026 4433 bius
2073 4379 2126 4432 in
2162 4371 2419 4431 Cltr6nico
2457 4374 2658 4444 aliique
2684 4382 2978 4444 testantur.
3016 4371 3148 4444 Vide
3186 4373 3470 4427 Aurelium

1908 4446 2196 4504 Victorem.
2254 4446 2511 4515 Ejusdem
2561 4442 2735 4499 morbi
2785 4443 3034 4497 meminit
3079 4442 3367 4511 Dionysius
3414 4446 3470 4496 in

1901 4520 2128 4589 epistola
2172 4517 2412 4589 paschali
2454 4516 2520 4569 ad
2566 4514 3001 4589 Alexandrinos,
3053 4515 3141 4566 ubi
3185 4523 3346 4589 etiam
3402 4515 3470 4569 de

237 4581 645 4667 ἀπέστειλέτδν
660 4581 758 4667 τῆς
778 4581 982 4667 τάξεως
1015 4594 1077 4665 δή
1086 4581 1225 4667 μίον,
1259 4581 1354 4667 καὶ
1378 4581 1470 4667 τὸν
1497 4581 1798 4667 στρατηγὸν

1917 4581 2148 4667 ﬂagitiis
2173 4581 2416 4667 loquitur
2431 4600 2585 4667 'quos
2615 4585 2784 4653 pestis
2814 4584 2903 4637 illa
2939 4585 3300 4667 cotisumpsit.
3332 4584 3405 4638 In.

244 4666 415 4721 θέλων
438 4667 573 4721 αὑτὰ
615 4663 744 4738 ἆραι
768 4706 782 4732 ,
818 4666 871 4720 id
916 4674 1027 4731 est,
1067 4663 1619 4738 ntisit‘spiculator‘ent
1648 4663 1800 4738 oﬂicii

236 4741 360 4804 sui,
401 4749 450 4792 et
480 4734 882 4808 magistratum,
914 4745 971 4790 ut
1003 4752 1153 4791 arma
1194 4736 1296 4791 illa
1332 4751 1397 4791 ea:
1438 4734 1657 4790 ecclesia
1680 4734 1799 4789 tol-

228 4808 388 4862 leret.
421 4808 617 4863 VALEs.

313 4878 425 4951 (67)
477 4880 863 4945 Ἐπελθόντες
885 4879 1044 4946 τινὲς
1073 4878 1192 4934 τῶν
1210 4877 1555 4951 Μαρεωτῶν.
1586 4873 1711 4930 Haec
1743 4877 1799 4931 in

234 4950 414 5022 prima
464 4952 838 5022 persecutione
877 4951 980 5005 sub
1028 4951 1192 5006 Decio
1234 4950 1604 5022 contigeru_nt,
1671 4955 1799 5022 tunc

233 5018 367 5077 cum
394 5018 683 5093 Dionysius
714 5021 899 5093 Sabini
932 5021 1173 5093 praefecti
1194 5018 1794 5093 sententia_’l‘aposiri_m

232 5093 504 5149 deductus
536 5089 621 5163 est
640 5134 654 5157 ,
690 5104 747 5147 ut
776 5089 966 5163 scribit
1005 5092 1119 5163 ipse
1150 5090 1439 5163 Dionysius
1469 5091 1521 5144 in
1552 5089 1784 5163 epistola

234 5165 505 5219 adversus
547 5162 916 5225 Germanum,
951 5161 1091 5216 infra
1134 5159 1323 5219 relata.
1368 5161 1527 5216 Certe
1556 5162 1648 5231 qui
1678 5159 1796 5230 epi-

232 5236 436 5290 stolam
467 5235 610 5289 illam
642 5233 880 5304 Dionysii
901 5234 1163 5288 adversus
1182 5232 1510 5304 Germanum
1544 5247 1666 5286 cum
1695 5231 1795 5304 bac

233 5321 364 5376 qua:
392 5304 459 5359 ad
490 5301 797 5360 Domitium
816 5305 1014 5374 scripta
1040 5312 1123 5359 est
1146 5301 1464 5376 contulerit,
1497 5316 1603 5376 non
1637 5302 1798 5355 dubi-

235 5373 375 5431 tabit
404 5376 534 5445 quin
556 5376 622 5430 de
652 5392 758 5429 una
781 5373 1076 5445 eademque
1112 5390 1169 5429 re
1208 5374 1496 5445 utrobique
1536 5373 1795 5445 loquatur

232 5440 551 5518 Dionysius.
579 5444 757 5518 Quare
785 5440 1304 5518 falliturfEusebius,
1333 5440 1425 5518 qui
1446 5443 1500 5497 in
1535 5440 1639 5518 hac
1670 5440 1794 5495 Dio-

230 5513 471 5589 nysii'ad
502 5517 791 5589 Domitium
819 5517 1043 5587 epiStola
1069 5532 1133 5571 ca
1175 5513 1384 5589 narrari
1425 5513 1630 5583 putavit
1671 5527 1794 5589 quae

229 5585 300 5643 ad
336 5585 609 5643 Valeriani
661 5585 1088 5657 persecutionem
1137 5587 1525 5657 pertinebant;
1550 5585 1695 5655 quod
1725 5598 1791 5637 ex

233 5661 356 5729 ipso
385 5656 833 5731 Dionysio’l‘acile
862 5669 946 5714 est
976 5656 1238 5731 refellere.
1278 5656 1488 5711 Etenim
1516 5656 1571 5731 in
1605 5669 1789 5731 perse-

229 5727 583 5807 cutionestib
614 5728 921 5794 Valeriano,
954 5728 1246 5807 Dionysius
1276 5742 1384 5807 non
1411 5735 1495 5781 est
1525 5727 1790 5782 deductus

230 5806 288 5857 in
329 5802 581 5857 exsilium
626 5816 750 5854 cum
784 5799 1029 5856 custodia
1075 5799 1333 5863 militari,
1384 5812 1485 5851 nec
1529 5810 1791 5865 superve~

230 5876 446 5931 uientes
473 5871 755 5938 Mareotae,
809 5869 1008 5942 iugatis
1039 5871 1330 5936 militibus,
1378 5883 1503 5924 eum
1545 5882 1640 5937 per
1679 5869 1788 5919 vim

1972 4659 2084 4732 (70)
2116 4653 2500 4732 Περίστολάς.
2535 4653 2703 4732 Hane
2721 4669 2909 4708 mecm
2930 4653 3473 4732 _Christopborsonns

1901 4725 2076 4801 longo'
2093 4730 2383 4801 verborum
2411 4726 2643 4801 circuitu
2690 4725 2764 4779 ita
2804 4734 2886 4779 est
2928 4725 3311 4801 interpretatus
3341 4743 3354 4779 :
3386 4728 3467 4801 Ad

1900 4795 2086 4865 Ιὶηιέα,
2115 4799 2309 4870 quibus?
2333 4811 2553 4870 corpora
2584 4795 2851 4870 beatorum
2882 4807 3188 4870 martyrunt‘
3204 4796 3323 4870 jam
3362 4798 3468 4870 vita

1899 4864 2264 4937 defunctorum
2293 4867 2695 4937 inrolverentur,
2716 4866 3056 4935 conﬁcienda.
3091 4864 3336 4920 Habebat
3362 4868 3471 4923 sci-

1899 4942 2024 4997 licet
2050 4956 2160 5011 pra:
2189 4938 2363 4994 oculis
2394 4936 2929 5011 Christophorsonus
2982 4937 3327 5011 morenrasri
3369 4952 3469 4990 no-

1901 5013 1998 5067 stri
2020 5007 2192 5082 [quo
2227 5017 2479 5082 mortuos
2502 5008 2669 5082 linteo
2697 5008 2910 5077 operire
2933 5046 2950 5070 ,
2993 5016 3155 5082 atque
3199 5007 3271 5082 ita
3303 5008 3470 5082 liumo

1894 5076 2132 5138 condere
2159 5081 2417 5136 solemus.
2453 5077 2607 5146 Apud
2636 5088 2891 5148 antiquos
2923 5092 3058 5148 vero
3083 5077 3173 5147 (de
3201 5076 3470 5130 Christia-

1895 5157 1985 5209 nis
2014 5156 2179 5209 etiam
2223 5148 2451 5220 loquor)
2503 5149 2642 5203 alius
2686 5146 2805 5203 mos
2834 5157 2969 5202 erat.
3017 5146 3285 5220 YeStibus
3318 5149 3466 5199 enim

1897 5226 2156 5281 cadavera
2189 5217 2514 5277 amiciebaut
2537 5259 2553 5285 ,
2576 5230 2631 5273 et
2660 5220 2876 5289 quidem
2910 5217 3356 5289 pretiosissimis,
3407 5227 3466 5289 ut

1897 5297 2058 5353 docet
2083 5294 2348 5349 Eusebius
2379 5292 2473 5345 lib.
2492 5283 2592 5351 vit.
2626 5283 2746 5360 cap.
2773 5292 2862 5355 16,
2892 5283 3311 5360 ἑθιΑειυτὶοεὸῆ
3336 5288 3464 5360 quis

1897 5378 2078 5423 tamen
2123 5361 2601 5432 Christopborsoni
2643 5356 2948 5418 versionem
2995 5360 3120 5432 velit
3155 5356 3463 5432 defendere,

1896 5438 2197 5506 habet,un
2220 5426 2367 5506 illam
2404 5433 3049 5506 tyueatur,ytestimonium_
3080 5428 3385 5506 Athanasii.
3412 5426 3467 5506 is

1894 5510 2038 5562 enim
2064 5496 2122 5560 id
2159 5504 2279 5559 Vita
2308 5504 2368 5557 Β.
2405 5503 2623 5556 Antonii
2652 5502 2944 5557 ita-scribit
2969 5518 2982 5554 :
3012 5498 3188 5552 Solent
3220 5496 3466 5568 Afguptii

1891 5578 1975 5647 pie
2001 5577 2367 5648 defunctorum
2394 5612 2410 5637 ,
2449 5581 2603 5641 atque
2630 5575 2702 5648 in
2712 5574 2899 5642 primis
2929 5578 3228 5648 sanctorum
3262 5579 3464 5648 marty-

1894 5639 2012 5702 rum
2049 5639 2267 5718 corpora
2310 5639 2554 5713 funerare
2578 5639 2824 5718 quidem,
2845 5653 2915 5718 _et
2946 5640 3143 5718 tin_teis_
3163 5639 3461 5718 involvere;

1893 5737 1996 5773 non
2023 5709 2195 5773 autent
2232 5709 2483 5769 mandare
2507 5709 2657 5768 terra:
2673 5729 2694 5779 ;
2722 5715 2811 5767 sed
2838 5712 3085 5781 imposita
3125 5709 3354 5778 lectulis,
3380 5715 3463 5769 in-

1894 5802 1976 5845 tra
2002 5785 2231 5861 privatos
2261 5788 2486 5857 parietes
2523 5787 2762 5839 retinere.
2794 5783 2870 5838 In.
