3972 6318
1448 375 1668 433 EPIST.
1709 378 1800 432 AD
1838 375 2095 433 FABIUM
2134 363 2452 431 ANTIOCH.
3431 377 3570 434 ισοξ

337 385 466 438 130!

330 504 626 574 Θρασύτητι
662 501 723 556 τὸ
778 501 911 575 μηδὲ
952 498 1215 572 πρότερον
1242 500 1557 570 Χριστιανοὶ
1586 498 1862 567 γεγονέναι

2000 495 2198 566 pusillo
2231 494 2415 548 animo
2439 510 2577 550 esse.
2605 496 2708 550 Alii
2741 508 2867 550 vero
2890 494 3192 567 promptius
3219 495 3285 550 ad
3316 509 3440 550 aras
3475 498 3570 551 ad-

330 591 459 665 περὶ
498 585 573 646 ὧν
617 593 649 662 ἡ
688 590 781 644 τοῦ
826 592 1030 662 Κυρίου
1079 590 1380 662 πρόρρησις
1421 589 1779 662 ἀληθεστάτη,
1813 591 1872 643 ὅτ

1996 587 2318 650 currebant,
2369 587 2626 642 audacter
2664 588 2989 644 afﬁrmantes
3017 603 3295 658 nunquam
3327 603 3386 643 se
3407 596 3566 641 antea

325 683 596 746 δυσκόλως
621 680 970 753 σωθήσονται.
1000 680 1120 736 Τῶν
1151 681 1208 734 δὲ
1235 678 1452 744 λοιπῶν,
1481 682 1528 733 οἱ
1564 681 1660 750 μὲν
1683 680 1894 734 εἵποντο

326 772 534 836 τούτοις
578 772 888 845 ἑκατέροις·
935 773 983 825 οἱ
1023 771 1079 825 δὲ
1117 771 1375 839 ἔφευγον·
1415 771 1464 823 οἱ
1502 770 1556 823 δὲ
1591 771 1888 841 ἡλίσκοντο.

325 865 434 919 Καὶ
457 865 659 919 τούτων
680 867 726 917 οί
775 864 872 935 μὲν
905 864 1030 936 ἄχρι
1056 862 1270 933 δεσμῶν
1306 863 1398 916 καὶ
1427 861 1668 932 φυλακῆς
1709 864 1891 934 χωρή-

325 975 513 1022 σαντες
544 974 557 989 ·
613 957 705 1011 καί
753 973 924 1022 τινες,
975 954 1069 1010 καὶ
1114 953 1361 1018 πλείονας
1413 954 1623 1026 ¹ἡμέρας
1669 954 1889 1027 καθειρ-

323 1047 557 1119 χθέντες,
592 1045 709 1103 εἶτα
733 1048 826 1102 καὶ
848 1048 975 1120 πρὶν
999 1048 1077 1110 είς
1101 1046 1440 1118 δικαστήριον
1464 1044 1740 1110 εἰσελθεῖν,
1767 1044 1890 1111 ἐξω-

326 1143 584 1211 μόσαντοο
620 1143 667 1196 οἱ
701 1141 756 1195 δὲ
790 1142 883 1195 καὶ
917 1140 1166 1211 βασάνοις
1214 1139 1309 1192 ἐπὶ
1343 1139 1505 1192 ποσὸν
1555 1140 1887 1211 ἐγκαρτερή-

323 1249 535 1296 σαντες,
561 1232 696 1304 πρὸς
723 1232 782 1285 τὸ
810 1232 934 1303 ἑξῆς
967 1233 1214 1286 ἀπεῖπον.

1994 678 2333 734 Christianos
2387 677 2558 734 fuisse
2598 679 2703 734 :de
2754 682 2951 750 quibus
3002 681 3283 736 verissime
3320 679 3567 748 prmdixit

1992 771 2121 825 olim
2147 770 2433 834 Dominus,
2460 771 2729 842 ejusmodi
2754 772 2999 828 homines
3023 788 3161 842 ωεξτο
3189 773 3415 827 saiutem
3441 787 3568 825 con-

1993 872 2299 920 secuturos.
2353 863 2542 919 Cazteri
2590 873 2771 918 autem
2810 864 3006 934 partim
3048 865 3338 919 alterutros
3374 878 3563 917 eorum

1995 971 2133 1026 quos
2162 955 2398 1012 diximus
2426 997 2440 1020 ,
2499 956 2896 1025 sequebantur;
2948 955 3140 1024 partim
3188 971 3246 1010 se
3293 955 3347 1008 in
3380 952 3563 1023 fugam

1994 1047 2232 1114 dabant;
2285 1049 2484 1119 partim
2541 1047 3154 1118 comprehendebantur.
3219 1046 3297 1100 Ex
3363 1047 3562 1116 quibus

1993 1141 2269 1206 nonnulli,
2303 1157 2426 1195 cum
2460 1155 2632 1208 usque
2665 1140 2731 1194 ad
2765 1139 2977 1194 vincula
3017 1149 3071 1193 et
3099 1139 3398 1194 custodiam
3437 1153 3564 1208 pro-

1991 1235 2163 1302 gressi
2205 1242 2419 1298 essent,
2447 1234 2666 1304 quidam
2703 1234 2863 1287 etiam
2890 1233 3163 1302 plusculos
3198 1233 3312 1287 dies
3353 1233 3406 1285 in
3441 1246 3564 1285 car-

317 1339 441 1380 cere
469 1325 862 1394 perstitissent,
911 1324 1061 1393 prius
1099 1331 1276 1376 tamen
1326 1336 1488 1393 quam
1531 1321 1584 1375 in
1621 1321 1884 1392 judicium
1937 1323 2341 1391 inducerentur,
2401 1327 2564 1381 fidem
2619 1325 2922 1395 ejurarunt.
2979 1322 3230 1377 Nonnulli
3257 1338 3383 1376 vero
3435 1337 3561 1377 cum

319 1417 634 1487 aliquandiu
669 1423 932 1470 tormenta
971 1414 1180 1468 fortiter
1207 1415 1612 1478 sustinuissent,
1642 1415 1709 1469 ad
1747 1415 1953 1484 reliqua
1989 1417 2569 1486 quaajintentabantur,
2599 1415 2859 1487 supplicia
2896 1415 3106 1469 animos
3133 1413 3557 1482 desponderunt.

387 1513 463 1564 E'.
495 1511 560 1564 Οἱ
585 1510 640 1562 δὲ
665 1511 882 1580 στερροὶ
911 1509 1006 1562 καὶ
1041 1511 1296 1580 μακάριοι
1323 1508 1502 1562 στῦλοι
1530 1508 1622 1562 τοῦ
1658 1509 1882 1582 Κυρίου,

316 1601 748 1674 κραταιωθέντες
783 1601 874 1653 ὑπ’
922 1600 1110 1664 αὑτοῦ,
1147 1602 1239 1654 καὶ
1287 1602 1384 1672 τῆς
1416 1603 1640 1674 ἰσχυρᾶς
1673 1603 1729 1654 ὲν
1763 1603 1886 1656 ἑαυ-

315 1672 427 1759 τοῖς
442 1672 685 1757 ⁸πίστεως
713 1692 867 1760 ἀξίαν
893 1693 986 1746 καὶ¹
1009 1693 1268 1762 ἀνάλογον
1298 1694 1525 1766 δύναμιν
1546 1672 1658 1748 καὶ
1688 1712 1878 1766 καρτε-

317 1787 437 1858 ρίαν
464 1787 739 1852 λαϐόντες,
769 1785 1072 1856 θαυμαστοὶ
1126 1785 1409 1855 γεγόνασιν
1454 1786 1615 1840 αὑτοῦ
1648 1788 1748 1857 τῆς
1784 1787 1877 1857 βα-

2058 1510 2123 1566 V.
2166 1511 2365 1567 Verum
2401 1512 2544 1568 beati
2578 1513 2653 1568 illi
2677 1527 2741 1567 ac
2787 1511 3006 1566 stabiles
3037 1510 3300 1565 columna:
3324 1507 3558 1579 Domini,

1985 1603 2052 1658 ab
2080 1606 2197 1672 ipso
2224 1605 2551 1673 confirmati,
2577 1615 2631 1660 et
2658 1603 2778 1658 fidei
2813 1619 2925 1659 suae
2957 1603 3140 1658 robori
3171 1610 3558 1673 congruentem

1983 1705 2035 1750 et
2080 1713 2146 1752 ex
2186 1713 2341 1768 aequo
2389 1697 2804 1767 respondentem
2854 1695 2960 1749 vim
2991 1705 3154 1766 atque
3195 1693 3557 1749 constantiam

1982 1787 2160 1854 nacti,
2213 1784 2560 1844 admirabiles
2600 1789 2747 1860 regni
2791 1787 2936 1840 illius
2985 1793 3150 1840 testes
3187 1784 3362 1840 effecti
3407 1791 3557 1840 sunt.

314 1877 514 1941 σιλείας
543 1879 833 1950 μάρτυρες.
869 1871 968 1930 Ὧν
997 1877 1211 1948 πρῶτος
1270 1878 1570 1944 Ἰουλιανὸς,
1603 1879 1876 1950 ἄνθρωπος

1984 1878 2225 1946 Quorum
2261 1881 2471 1950 primus
2517 1879 2766 1936 Julianus
2793 1921 2808 1946 ,
2858 1879 2940 1932 vir
2980 1877 3230 1947 podagrae
3274 1875 3556 1930 doloribus

315 1972 605 2044 ποδαγρὸς,
645 1971 718 2044 μὴ
753 1974 963 2044 στῆναι,
1021 1972 1095 2044 μὴ
1152 1971 1360 2042 βαδίσαι
1419 1971 1730 2043 δυνάμενος,
1785 1973 1880 2026 σὺν

311 2062 522 2132 ἑτέροις
555 2062 648 2116 δύο
679 2065 791 2127 τοῖς
843 2063 1097 2136 φέρουσιν
1147 2061 1328 2126 αὐτὸν,
1389 2061 1670 2133 προσήχθη
1693 2078 1705 2092 ·
1747 2054 1820 2114 ὧν
1852 2063 1881 2115 ὁ

313 2153 413 2224 μὲν
441 2153 647 2226 ἕτερος,
696 2154 857 2217 εὐθὺς
913 2153 1204 2224 ἠρνήσατοο
1247 2154 1275 2206 ὁ
1323 2153 1368 2206 δ’
1420 2153 1604 2223 ἕτερος
1635 2153 1878 2223 Κρονίων

308 2244 558 2316 ὀνόματι,
589 2244 814 2316 ἐπίκλην
846 2244 903 2298 δὲ
933 2243 1155 2310 Εὔνους,
1190 2245 1284 2297 καὶ
1316 2244 1475 2308 αὐτὸς
1517 2246 1545 2296 ὁ
1571 2243 1879 2315 πρεσϐύτης

321 2337 625 2402 Ἰουλιανὸς,
672 2338 1100 2411 ὁμολογήσαντες
1145 2339 1236 2393 τὸν
1287 2337 1519 2410 Κύριον,
1569 2339 1655 2392 διὰ
1700 2339 1879 2410 πάσης

304 2428 408 2499 τῆς
442 2427 646 2491 πόλεως
677 2429 938 2500 μεγίστης
960 2427 1148 2499 οῦσης,
1177 2429 1252 2492 ὡς
1293 2427 1426 2493 ἴστε,
1460 2427 1726 2498 καμήλοις
1754 2430 1878 2481 επο-

303 2519 559 2591 χούμενοι
588 2520 680 2574 καὶ⁸
705 2521 966 2592 μετέωροι
1001 2519 1445 2592 μαστιγούμενοι,
1461 2521 1610 2583 τέλος
1631 2519 1876 2590 ἀσϐέστῳ

307 2613 442 2685 πυρὶ
494 2613 605 2684 (89)
663 2613 1088 2684 περικεχυμένου
1147 2613 1237 2666 τοῦ
1285 2612 1453 2684 δήμου
1487 2613 1685 2676 παντὸς
1714 2629 1875 2666 κατε-

303 2708 540 2778 κάησαν.
568 2705 914 2778 Στρατιώτης
960 2722 1020 2758 τε
1076 2705 1256 2768 αὐτοῖς
1295 2705 1659 2775 ἀπαγομένοις
1698 2721 1875 2774 παρα-

304 2797 462 2863 στὰς,
495 2798 588 2852 καὶ
618 2800 730 2862 τοῖς
762 2797 1142 2870 ἐφυϐρίζουσιν
1188 2797 1544 2861 ἐναντιωθεὶς,
1577 2795 1873 2869 ἐκϐοησάν-

283 2896 414 2940 ’των
444 2888 667 2943 ἐκείνων
697 2887 1025 2965 προσαχθεὶς
1075 2890 1103 2940 ὁ
1151 2887 1526 2959 ἀνδρειότατος
1568 2887 1874 2959 ὁπλομάχος

301 2979 400 3032 τοῦ
429 2980 562 3034 Θεοῦ
588 2981 789 3051 Βησᾶς,
815 2981 917 3034 κάν
951 2978 1027 3050 τῷ
1079 2980 1296 3052 μεγάλῳ
1349 2979 1574 3052 πολέμῳ
1623 2981 1702 3052 τῷ
1748 2982 1874 3053 περὶ

302 3072 408 3143 τῆς
430 3073 708 3136 εὐσεϐείας
765 3072 1111 3145 ἀριστεύσας,
1171 3073 1459 3145 ἀπετμήθη
1485 3073 1584 3144 τὴν
1608 3073 1870 3146 κεφαλήν.

308 3165 419 3218 Καί
463 3183 545 3228 τις
568 3165 756 3238 ἕτερος
781 3165 843 3218 τὺ
890 3165 986 3236 μὲν
1026 3165 1178 3234 γένος
1205 3164 1392 3229 Λίϐυς,
1440 3165 1536 3236 τὴν
1578 3166 1635 3218 δὲ
1667 3183 1873 3237 προση-

300 3258 493 3329 γορίαν
543 3258 659 3328 ἅμα
705 3258 800 3313 καὶ
849 3256 947 3328 τὴν
975 3255 1222 3325 εὐλογίαν
1275 3255 1478 3328 ἀληθὴς
1507 3257 1706 3328 Μάκαρ
1735 3258 1866 3330 (90),

300 3349 620 3422 προτροπῆς
653 3348 801 3420 αὐτῷ
829 3348 1027 3419 πολλῆς
1061 3347 1164 3401 ὑπὸ
1213 3346 1306 3400 τοῦ
1331 3347 1581 3401 δικαστοῦ
1606 3349 1741 3420 πρὸς
1768 3350 1867 3421 ἄρ-

301 3458 458 3513 νησιν
486 3442 804 3513 γενομένης,
835 3441 932 3512 οὐχ
962 3439 1243 3511 ὑπαχθεὶς,
1269 3438 1376 3502 ζῶν
1408 3440 1864 3510 καταπέφλεκται·
1895 3429 1922 3456 ⁸

315 3533 614 3604 Ἐπίμαχὸς
653 3551 712 3586 τε
773 3534 887 3603 μετ’
921 3532 1117 3595 αὐτοὺς
1171 3533 1263 3585 καὶ
1309 3529 1669 3603 Ἀλέξανδρος,
1733 3533 1870 3603 μετά

301 3625 472 3679 πολὺν
511 3624 621 3697 (91)
667 3625 725 3678 ὃν
770 3623 992 3696 ἔμειναν
1025 3623 1296 3694 δεσμῶται
1330 3623 1539 3694 χρόνον,
1572 3623 1766 3695 μυρίας
1790 3625 1868 3679 διμ-

301 3718 616 3786 ενεγκόντες
671 3716 1002 3787 ἀλγηδόνας,
1063 3715 1354 3788 ξυστῆρας,
1415 3716 1700 3786 μάστιγας,
1735 3717 1867 3788 ’πυρὶ⁴

299 3809 552 3882 ἀσϐέστῳ
581 3811 675 3864 καὶ¹
703 3804 848 3866 οὗτοι
877 3808 1215 3880 διεχύθησαν.
1423 3813 1430 3820 ’

374 4087 463 4154 ς’.
505 4084 615 4140 Καὶ
650 4086 745 4140 σὺν
772 4084 952 4151 αὐτοῖς
989 4087 1242 4155 γυναῖκες
1267 4086 1546 4158 τέσσαρες·
1589 4086 1866 4157 Ἄμμωνά-

303 4195 418 4234 οιον
449 4195 510 4231 τε
537 4179 669 4248 ἀγία
711 4178 994 4250 παρθένος,
1022 4180 1160 4233 πάνυ
1210 4178 1524 4248 φιλονείκως
1549 4177 1716 4250 αὐτὴν
1745 4180 1865 4232 ἐπι-

303 4272 549 4326 πλεῖστον
604 4271 700 4325 τοῦ
733 4272 986 4326 δικαστοῦ
1042 4272 1446 4344 βασανίσαντος,
1497 4271 1591 4326 ac:
1624 4289 1865 4342 προαπο-

301 4363 617 4436 φηναμένην
648 4362 724 4428 ὼς
756 4364 919 4436 μηδὲν
948 4357 1023 4417 ὧν
1052 4367 1254 4427 ἐκεῖνος
1305 4362 1515 4417 κελεύοι
1558 4362 1863 4432 φθέγξαιτο,

299 4454 643 4524 ἀληθεύσασα
672 4455 769 4526 τὴν
823 4455 1172 4524 ἐπαγγελίαν,
1225 4455 1463 4527 ἀπήχθη·
1492 4458 1547 4509 αἱ
1577 4455 1634 4509 δὲ
1657 4455 1864 4519 λοιπαὶ,

300 4547 336 4617 ἡ
373 4547 886 4621 σεμνοπρεπεστάτη
947 4547 1242 4621 πρεσϐῦτις
1299 4547 1644 4635 Μερικουρία,
1704 4549 1798 4601 καὶ
1831 4551 1863 4619 ἡ
1902 4583 1944 4635 D

303 4638 572 4704 πολύπαις
610 4640 728 4710 μὲν,
761 4639 858 4710 ούχ
887 4640 1026 4710 ὑπὲρ
1056 4640 1147 4693 τὸν
1182 4639 1386 4711 Κύριον
1419 4633 1484 4692 ’δὲ
1537 4641 1868 4711 ἀγαπήσασα

302 4731 504 4803 ἑαυτῆς
546 4732 615 4786 τὰ
669 4732 837 4787 τέκνα
867 4731 1117 4786 Διονυσία
1149 4731 1281 4803 (92),
1318 4731 1757 4796 καταιδεσθέντος
1791 4733 1867 4796 είς

375 4930 485 5001 (89)
524 4930 813 5001 Ἇσόἐστῳ
835 4931 999 5001 πυρί.
1024 4930 1205 4985 Potest
1225 4932 1366 4986 enim
1394 4932 1528 4985 verti
1563 4931 1687 4984 vivo?
1708 4932 1866 4986 calcis

303 5000 564 5054 incendio.
592 5000 682 5055 Sic
708 5002 849 5055 infra
877 5002 941 5054 de
968 5000 1258 5068 Epimacho
1289 5011 1342 5055 et
1375 5002 1682 5054 Alexandro
1710 5001 1866 5064 dixit,

305 5073 438 5144 πυρὶ
467 5071 713 5144 ἀσϐέστῳ
747 5069 1219 5144 διεχύθησανκρνο
1253 5086 1385 5144 quo_
1401 5070 1739 5144 Nicephorus
1768 5072 1867 5144 lia-_

306 5139 397 5194 bet
428 5142 645 5212 τιτάνῳ.
684 5139 751 5196 ’1η
798 5139 1000 5195 Μουτιίο
1049 5141 1116 5194 ad
1169 5141 1313 5212 diem
1357 5141 1424 5212 50
1473 5139 1866 5212 Octobrisgubi

303 5212 510 5308 nienltio
667 5212 859 5308 borum
939 5220 1236 5308 magtjrum
1268 5209 1506 5308 rJluliani,
1576 5211 1868 5301 (Ironi’onjs

301 5289 359 5335 et
411 5280 912 5352 MacariiLlegilur
956 5279 1218 5336 ἀσϐέστου
1265 5280 1474 5345 ζέοντος
1523 5281 1642 5334 κατ’
1693 5281 1868 5335 αὐτῶν

301 5351 640 5420 ἐκχυθέντος.
676 5350 753 5404 VA
762 5350 881 5406 III-:5.

377 5421 488 5490 (90)
521 5422 632 5475 Καὶ
671 5422 784 5490 τὴν
828 5421 1111 5490 εὐλογίαν
1149 5421 1382 5489 ἀληθὴς
1409 5421 1632 5490 Μάκαρ.
1668 5420 1870 5474 Alludit

304 5489 597 5560 Dionysius
630 5494 696 5546 ad
727 5492 889 5546 verba
913 5489 1000 5545 illa
1035 5492 1237 5547 Christi
1263 5494 1318 5546 in
1352 5489 1680 5562 Evangelio:
1715 5491 1868 5545 Beati
1910 5530 1915 5535 μ

303 5561 452 5624 estis,
486 5577 602 5614 cum
634 5564 888 5630 persecuti
919 5578 1005 5615 vos
1045 5563 1238 5630 fuerint
1270 5561 1523 5625 homines,
1555 5572 1684 5626 etc.,
1724 5562 1868 5631 quod

304 5641 487 5684 tamen
526 5647 633 5684 non
669 5633 801 5686 vidit
824 5632 1367 5700 Christophorsonus.
1393 5633 1495 5698 Qui
1526 5634 1683 5686 etiam
1720 5632 1772 5684 in
1805 5645 1870 5685 eo

306 5701 670 5772 hallucinatus
691 5711 804 5772 est,
837 5704 980 5772 quod
1018 5702 1313 5772 Macariumr
1347 5702 1491 5756 hunc
1524 5703 1654 5772 facit
1677 5701 1865 5754 Afrum

306 5785 406 5851 pro
432 5770 652 5851 Libyco.
689 5770 1190 5851 Elegaiiter_autern_
1208 5771 1608 5851 Bufinushunc
1629 5771 1865 5851 Dionysii

306 5841 488 5897 locum
538 5843 607 5896 ita
663 5841 864 5898 vertit:
904 5841 1056 5897 Ali‘us
1101 5841 1314 5912 quidam
1366 5845 1442 5896 vir
1501 5843 1723 5896 nominis
1764 5841 1872 5896 ’δαί

1981 1975 2329 2039 constrictus,
2365 1973 2458 2044 qui
2487 1987 2586 2027 nec
2611 1981 2754 2027 stare
2781 1977 2990 2041 poterat
3017 1984 3116 2024 nec
3142 1968 3411 2034 incedere,
3444 1981 3554 2021 una

1980 2081 2103 2121 cum
2133 2067 2347 2121 duobus
2373 2065 2493 2121 aliis
2517 2064 2610 2135 qui
2640 2064 2818 2133 ipsum
2847 2061 3136 2132 portabant
3162 2058 3425 2114 adductus
3449 2067 3554 2113 est.

1979 2159 2183 2216 Horum
2224 2161 2359 2216 alter
2387 2160 2567 2216 statim
2595 2157 2828 2227 negavit.
2863 2154 3012 2210 Alter
3039 2154 3259 2209 nomine
3288 2152 3552 2214 Cronion,

1979 2253 2071 2323 qui
2113 2251 2302 2307 Eunus
2339 2251 2844 2321 cognominabatur,
2880 2262 3091 2302 necnon
3137 2253 3191 2299 et
3238 2259 3404 2301 senex
3437 2242 3554 2313 ipse

1976 2347 2246 2415 Julianus,
2293 2364 2417 2404 cum
2459 2347 2737 2402 Christum
2780 2341 3018 2400 confessi
3056 2349 3256 2405 essent,
3290 2354 3388 2410 per
3427 2335 3552 2392 uni-

1977 2455 2190 2494 versam
2222 2439 2432 2503 urbem,
2461 2453 2581 2508 qua:
2608 2436 2848 2507 quidem,
2877 2443 2936 2488 ut
2961 2433 3157 2499 nostis,
3184 2431 3420 2486 maxima
3444 2439 3548 2495 est,

1976 2533 2200 2588 camelis
2239 2531 2555 2594 insidentes,
2585 2528 2766 2599 flagris
2809 2525 3069 2582 sublimes
3095 2522 3393 2589 verberati,
3429 2531 3550 2597 tan-

1976 2625 2098 2680 dem
2155 2623 2550 2691 ardentissimo
2589 2623 2712 2691 igne
2762 2603 3092 2674 circumfusa
3153 2618 3320 2680 totius
3362 2615 3547 2688 populi

1976 2713 2319 2768 multitudine
2361 2711 2671 2781 consumpti
2711 2717 2857 2770 sunt.
2909 2706 3070 2790 Miles
3103 2721 3231 2765 vero
3272 2708 3366 2778 qui
3413 2707 3548 2778 ipsis

1975 2807 2103 2860 dum
2141 2806 2209 2862 ad
2247 2805 2574 2876 supplicium
2614 2803 2940 2859 ducerentur
2970 2802 3217 2865 astabat,
3259 2809 3314 2856 ct
3353 2808 3545 2855 contu-

1974 2897 2194 2952 meliam
2230 2896 2523 2951 inferentes
2553 2894 2884 2965 propulerat,
2919 2892 3114 2949 Bersas
3143 2894 3384 2956 nomine,
3413 2904 3545 2946 con-

1975 2987 2243 3042 clamante
2275 2986 2535 3042 adversus
2563 2999 2684 3041 eum
2725 2984 2924 3054 populo
2951 2984 3005 3040 in
3029 2984 3118 3054 ius
3141 2982 3410 3038 adductus
3436 2989 3540 3036 est.

1975 3077 2076 3135 Ubi
2122 3078 2456 3135 fortissimus
2495 3077 2589 3132 Dei
2625 3086 2892 3147 pugnator
2915 3117 2930 3142 ,
2969 3090 3092 3132 cum
3127 3076 3181 3129 in
3228 3088 3424 3146 magno
3451 3072 3546 3128 illo

1973 3188 2072 3243 pro
2104 3173 2301 3242 pietate
2348 3172 2642 3228 certamine
2667 3181 2886 3226 strenue
2930 3184 2988 3224 se
3036 3169 3328 3240 gessisset,
3365 3165 3543 3223 securi

1974 3278 2266 3332 percussus
2297 3273 2402 3317 est.
2437 3262 2590 3318 Alius
2621 3262 2748 3316 item
2781 3259 3046 3316 oriundus
3065 3275 3130 3314 ex
3160 3258 3346 3330 Libya,
3375 3266 3428 3312 et
3447 3271 3544 3312 νου

1975 3354 2170 3408 cabulo
2201 3362 2255 3408 et
2276 3354 2456 3408 divina
2481 3352 2856 3408 benedictione
2885 3367 3009 3406 vere
3032 3350 3230 3417 Macar,
3261 3365 3384 3405 cum
3412 3365 3442 3404 a
3461 3349 3544 3420 ju-

1973 3444 2093 3499 dice
2123 3443 2376 3499 omnibus
2411 3444 2588 3498 modis
2613 3445 2957 3508 sollicitatus,
2993 3452 3051 3497 ut
3079 3443 3354 3498 Christum
3384 3456 3546 3510 nega-

1974 3543 2090 3599 ret,
2135 3534 2276 3589 flecti
2322 3550 2598 3604 nunquam
2646 3535 2946 3606 potuisset,
2993 3533 3150 3587 vivus
3180 3531 3540 3588 comburitur.

1972 3627 2100 3682 Post
2121 3626 2220 3680 hos
2247 3624 2574 3694 Epimachus
2603 3637 2656 3680 et
2680 3626 3004 3690 Alexander,
3035 3639 3158 3679 cum
3191 3631 3312 3693 post
3337 3623 3542 3677 diutur-

1973 3737 2102 3775 num
2127 3720 2361 3775 carceris
2382 3720 2660 3775 horrorem
2694 3720 2748 3773 in
2776 3734 2885 3789 quo
2909 3717 3073 3772 vincti
3106 3721 3539 3786 permanserant,

1976 3811 2180 3867 ferreos
2206 3825 2434 3880 ungues,
2459 3809 2624 3881 flagra
2644 3826 2708 3865 ac
2742 3811 2889 3866 mille
2917 3810 3170 3865 dolorum
3204 3825 3399 3879 genera
3424 3823 3540 3879 per-

1974 3904 2244 3971 tulissent,
2267 3902 2404 3958 vivae
2427 3902 2592 3958 calcis
2632 3902 2882 3958 inccndio
2909 3901 3071 3958 etiam
3098 3901 3199 3972 ipsi
3223 3899 3541 3971 colliquefa-

1973 3996 2045 4052 cti
2070 3995 2366 4066 perierunt.

2043 4087 2130 4142 Vl.
2170 4087 2432 4143 Eumdem
2453 4101 2576 4142 cum
2606 4085 2738 4156 ipsis
2762 4085 2987 4141 exitium
3016 4085 3220 4141 sortitae
3252 4092 3379 4141 sunt
3401 4098 3540 4155 qua-

1974 4191 2098 4238 tuor
2123 4182 2397 4237 mulieres.
2423 4177 2830 4234 Ammonarium
2857 4178 3073 4248 quidem
3117 4178 3267 4247 virgo
3304 4176 3536 4233 sanctis-

1973 4273 2146 4339 sima,
2174 4287 2296 4326 cum
2329 4286 2360 4324 a
2392 4269 2572 4340 judice
2601 4267 2907 4324 diutissime
2931 4275 3070 4322 torta
3106 4265 3296 4322 fuisset
3333 4267 3534 4336 ingenti

1972 4381 2096 4421 cum
2121 4364 2414 4435 pertinacia
2436 4402 2451 4429 ,
2488 4370 2771 4433 propterea
2803 4360 2948 4432 quod
2975 4361 3153 4431 palam
3215 4353 3534 4429 praedixerat

1974 4458 2108 4512 nihil
2154 4472 2343 4512 eorum
2405 4471 2525 4525 qua:
2570 4454 2737 4525 judex
2796 4455 3034 4524 iusserat
3080 4449 3410 4521 prolaturam
3477 4462 3542 4504 se

1971 4566 2123 4618 esse;
2154 4549 2597 4620 pollicitationem
2619 4563 2770 4602 suam
2797 4546 3129 4602 exsecutioni
3154 4541 3436 4608 mandans,
3465 4541 3534 4594 ad

1973 4641 2296 4711 supplicium
2339 4639 2571 4694 abducta
2617 4650 2720 4694 est.
2769 4637 3020 4693 Residua:
3061 4650 3225 4701 vero,
3269 4633 3532 4688 Mercuria

1970 4731 2175 4787 scilicet
2223 4745 2360 4785 anus
2414 4729 2470 4785 in
2512 4728 2706 4800 primis
2749 4727 3052 4784 veneranda
3079 4765 3094 4792 ,
3143 4738 3196 4780 et
3236 4723 3532 4796 Dionysia,

1978 4934 2268 4995 Macarius,
2299 4940 2443 5000 gente
2467 4930 2715 5002 Libycus.
2744 4931 2833 4985 Sic
2853 4930 2995 5002 enim
3019 4927 3196 5002 Latini
3221 4927 3529 5002 loquuntur,

1976 5017 2035 5058 nt
2070 4997 2370 5057 Trebellius
2403 4997 2586 5058 Pollio
2613 5004 2667 5056 in
2720 5001 2966 5066 Aureolo,
3013 5008 3067 5054 et
3103 4997 3444 5067 Lampridius
3473 4997 3551 5054 in.

1976 5074 2284 5128 Commodo.
2322 5071 2395 5126 In.

2068 5143 2317 5216 91)M§t’
2345 5145 2421 5216 of)
2473 5143 2688 5216 πολύν.
2735 5141 2793 5216 lit
2840 5140 3024 5216 codice
3070 5138 3209 5216 Med.
3244 5153 3322 5216 ‘ac
3367 5135 3530 5216 M_az.,

1972 5207 2110 5269 Fuk.
2139 5207 2423 5285 'et_Savil.,
2457 5224 2510 5267 et
2552 5213 2692 5285 apud
2727 5207 3532 5285 Δ(ἓιιογςςίιιιῐι-ξγηίιεειιιιιῃιιιξξζὶτ

1974 5294 2060 5339 tur
2094 5283 2229 5355 μετὰ
2255 5274 2438 5349 πολύν,
2467 5274 2790 5355 (ιυαίίεειίο-
2823 5274 2995 5355 magis
3039 5274 3245 5355 placet,
3264 5286 3318 5348 et
3337 5274 3544 5355 _Iiufin't

1974 5345 2295 5409 auctoritate
2344 5345 2716 5409 conﬁrmatur.
2771 5349 2828 5405 In
2881 5345 3065 5406 codice
3120 5345 3286 5419 Regio
3337 5345 3532 5416 legitur

1973 5426 2134 5480 etiam
2177 5425 2235 5477 ὃν
2272 5424 2582 5494 ἐνέμειναν,
2623 5432 2726 5476 etc.
2779 5423 2910 5488 Qua:
2949 5420 3200 5494 lcctio___si
3242 5430 3368 5471 vera
3396 5424 3528 5494 Jest,

1972 5497 2198 5617 pmnirlio
2252 5489 2441 5550 abesse
2481 5502 2690 5564 oportet
2738 5494 3041 5562 negativam
3094 5489 3238 5543 illam
3288 5489 3528 5556 particu-

1993 5581 2099 5617 am.
2155 5583 2209 5617 ι).

1971 5566 2099 5621 iam.
2133 5566 2209 5621 lo.

2045 5635 2156 5708 (92)
2187 5635 2486 5689 Διονυσία.
2519 5633 2644 5708 Post
2678 5634 2790 5708 haec
2836 5634 2991 5685 verba
3033 5628 3210 5708 addidi
3234 5642 3302 5708 ex
3337 5623 3532 5708 Rufino

1977 5696 2070 5779 καὶ
2108 5696 2482 5779 ’Ᾰμμωνάριον
2506 5706 2682 5779 ἑτέρα.
2711 5705 2952 5779 Quatuor
2971 5703 3112 5757 enim
3139 5699 3390 5756 mulieres
3413 5696 3545 5758 illas.

1981 5777 2148 5834 fuisse
2174 5773 2341 5848 supra
2371 5773 2504 5832 dixit
2535 5773 2836 5844 Dionysius.
2872 5773 2938 5826 lo.
