3972 6318
211 375 352 432 I305

1323 372 1541 430 EPIST.
1581 374 1673 428 AD
1694 373 1960 431 ‘FABIUM
1991 373 2315 432 ANTIOCH.

3302 370 3456 437 1506'

208 496 302 553 καὶ
329 493 723 567 ἡγαλλιάσαντο
757 498 822 569 τῇ
875 494 1166 569 μαρτυρίᾳ,
1227 494 1648 569 θριαμϐεύοντος
1674 496 1771 576 αὐτ

1873 496 2069 552 bantur
2109 513 2124 552 :
2170 496 2383 567 judiccs
2431 502 2610 551 autem
2654 495 2757 566 ipsi
2800 495 3309 564 contremiscebant.
3347 495 3439 553 lsti

207 590 337 654 τοὺς
359 588 474 662 (97)
502 578 724 653 ἐνδόξως
748 588 841 643 τοῦ
867 587 1019 643 Θεοῦ.

1876 586 2040 658 igitur
2069 602 2136 643 ex
2162 586 2415 657 praetorio
2439 596 2663 643 ovantes
2681 595 3080 658 processerunt,
3107 588 3443 644 exsultantes

206 681 281 738 ob
307 680 433 737 ﬁdei
459 678 881 744 confessionem,
919 696 1044 735 eum
1077 680 1218 738 Deus
1248 698 1342 752 per
1367 684 1512 753 ipsos
1539 682 1772 755 gloriose
1809 679 2183 749 triumpharet.

277 775 357 830 8'.
392 775 573 829 ΙἈλλοι
624 775 681 829 δέ
715 776 954 831 πλεῖστοι
1013 777 1155 831 κατὰ
1212 778 1397 843 πόλεις
1432 780 1526 833 καὶ
1581 778 1773 851 κώμας

205 864 315 921 ὑπὸ
335 864 442 919 τῶν
461 865 632 920 ἐθνῶν
654 864 1075 937 διεσπάσθησαν·
1102 859 1317 933 ὦνοένὸς
1344 868 1776 940 παραδείγματος

206 952 393 1011 ἕνεκεν
423 956 917 1028 ἐπιμνησθήσομαι.
962 958 1242 1029 Ἰσχυρίων
1290 960 1616 1032 ἐπετρόπευὲ
1667 958 1787 1014 τινιλ

205 1048 316 1103 τῶν
340 1048 616 1119 ἀρχόντων
645 1051 738 1103 ἐπὶ
773 1050 967 1122 μισθῷ.
1008 1050 1208 1106 Τοῦτον
1242 1052 1271 1105 ὁ
1301 1053 1619 1125 μισθοδότης
1646 1053 1772 1107 ἐκέ-

206 1139 330 1193 λευε
384 1138 573 1195 θῦσαι·
632 1142 707 1215 μὴ
760 1143 1107 1214 πειθόμενον,
1170 1143 1417 1216 ὕϐριζεν·
1475 1146 1776 1217 ἐμμένοντα

207 1231 664 1304 προεπηλάκιζεν·
726 1235 1114 1306 ὑφισταμένου,
1174 1236 1475 1309 βακτηρίαν
1510 1237 1769 1308 μεγίστην

205 1323 409 1390 λαϐὼν,
437 1326 523 1380 διὰ
559 1328 667 1381 τῶν
715 1329 947 1402 ἐντέρων
979 1331 1075 1384 καὶ
1126 1330 1235 1384 τῶν
1281 1328 1601 1400 σπλάγχνων
1648 1328 1771 1384 διώ-

208 1433 329 1482 σας,
380 1404 686 1476 άπέκτεινε.
735 1421 800 1474 Τί
854 1421 935 1476 δεῖ
964 1420 1142 1488 λέγειν
1194 1421 1255 1475 τὸ
1307 1421 1508 1492 πλῆθος
1552 1421 1659 1476 τῶν
1712 1422 1769 1475 ἐν

1941 774 2031 831 lX.
2077 774 2181 831 Sed
2223 783 2278 830 et
2322 773 2414 829 alii
2460 774 2767 844 complures
2801 789 2896 844 per
2925 761 3123 844 oppida
3149 782 3204 829 et
3227 772 3379 830 vicos
3409 786 3441 826 a

1875 867 2166 940 gentilibus
2194 866 2449 937 discerpti
2479 875 2606 922 sunt
2637 886 2650 921 :
2681 881 2745 921 ex
2779 867 2977 936 quibus
3016 882 3182 926 unum
3212 864 3445 935 exempli

1874 961 2045 1033 gratia
2078 959 2537 1015 commemorabo.
2562 945 2840 1031 lschyrion
2878 960 3125 1015 mercede
3145 959 3446 1014 conductus

1873 1059 2195 1123 procurator
2249 1059 2366 1106 erat
2421 1050 2702 1122 cujusdam
2758 1052 3133 1121 magistratum
3184 1050 3443 1121 gerentis.

1872 1144 1974 1199 Hic
2001 1144 2070 1198 ah
2100 1158 2166 1200 eo
2198 1143 2354 1213 cujus
2395 1158 2508 1211 rem
2538 1143 2887 1214 procurabat,
2931 1142 3120 1213 jussus
3148 1142 3308 1195 idolis
3336 1141 3441 1195 im-

1873 1222 2103 1301 molare,
2129 1251 2254 1290 cum
2286 1235 2508 1290 minime
2541 1234 3215 1304 obtemperaret,,primnm
3247 1231 3444 1301 injuria

1875 1325 2099 1381 affectus
2123 1335 2236 1392 est;
2273 1340 2458 1395 postea
2486 1342 2609 1382 cum
2642 1326 2697 1380 in
2731 1326 2916 1381 eadem
2949 1324 3211 1380 sententia
3240 1332 3447 1393 persta-

1874 1426 1975 1481 ret,
2007 1418 2174 1472 variis
2193 1418 2269 1472 -ab
2291 1416 2482 1473 eodem
2510 1427 2734 1474 vexatus
2776 1426 2862 1474 est
2903 1417 3283 1481 contumeliis;
3325 1430 3446 1483 qua:

208 1512 468 1584 ἐρημίαις
501 1515 595 1568 καὶ
622 1514 772 1586 ὄρεσι
821 1515 1216 1588 πλανηθέντων,
1252 1515 1360 1569 ὑπὸ
1384 1514 1540 1587 λιμοῦ
1573 1516 1666 1570 καὶ
1693 1515 1771 1570 δίι-

1876 1510 2058 1565 omnia
2093 1525 2217 1566 cum
2242 1511 2506 1581 patienter
2534 1512 2844 1576 sustineret,
2870 1511 2957 1565 ille
2981 1509 3282 1583 prtegrandi
3312 1506 3447 1562 sude

203 1603 315 1676 ψης
343 1605 439 1659 καὶ
463 1606 685 1678 κρύους,
722 1607 814 1662 καὶ
844 1608 1014 1663 νόσων
1051 1608 1146 1662 καὶ
1176 1605 1388 1680 λῃστῶν
1443 1607 1537 1661 καὶ
1569 1606 1771 1678 θηρίων

1875 1612 2122 1673 correpta
2169 1604 2491 1658 transﬁxum
2535 1619 2629 1673 per
2667 1604 2843 1660 media
2894 1604 3105 1658 viscera
3154 1598 3443 1656 interfecit.

203 1696 650 1768 διεφθαρμένων;
682 1694 782 1753 Ὧν
832 1701 882 1753 οἱ
934 1699 1377 1771 ὑπεργενόμενοι,
1407 1699 1509 1770 τῆς
1551 1699 1771 1754 ἐκείνων

1873 1689 1992 1746 Jam
2019 1693 2148 1763 quid
2166 1709 2314 1765 ,opus
2344 1705 2430 1750 est
2460 1711 2890 1751 commemorare
2920 1693 3321 1749 multitudinem
3351 1705 3445 1745 eo-

204 1790 346 1844 είοὶν
379 1790 613 1862 ἐκλογῆς
639 1792 733 1847 καὶ
761 1793 917 1866 νίκης
971 1794 1266 1866 μάρτυρες.
1305 1794 1407 1849 Ἓν.
1431 1793 1489 1847 δὲ
1542 1792 1636 1847 καὶ
1661 1791 1771 1847 τού·

1873 1800 2029 1851 rnm,
2069 1787 2162 1857 qui
2194 1788 2249 1841 in
2286 1788 2562 1844 montibus
2588 1804 2651 1843 ac
2678 1804 2774 1858 per
2804 1788 3150 1843 solitudinem
3187 1787 3447 1841 oberran-

204 1900 314 1937 των
344 1885 425 1948 είς
455 1884 690 1957 δήλωσιν
717 1886 878 1958 ἔργον
918 1887 1328 1961 παραθήσομαι.
1359 1888 1661 1958 Χαιρήμων
1705 1880 1771 1958 ἦν

1873 1887 1974 1943 tes,
2004 1877 2145 1934 fame
2171 1889 2228 1935 et
2252 1879 2363 1946 siti,
2396 1879 2598 1951 frigore
2622 1890 2677 1935 et
2709 1881 2937 1947 morbis,
2966 1889 3021 1936 et
3050 1880 3324 1934 latronum
3353 1887 3447 1933 aut

204 1976 533 2049 ὑπέργηρως
569 1977 670 2049 τῆς
718 1980 910 2034 Νείλου
960 1980 1301 2053 καλουμένης
1350 1980 1643 2042 ἐπίσκοπος
1675 1976 1771 2031 πό-

1873 1970 2168 2027 bestiarum
2194 1972 2416 2029 incursu
2443 1973 2690 2043 oppressi
2729 1973 3022 2029 interiere?
3060 1970 3137 2026 Ex
3165 1971 3365 2041 quibus
3391 1970 3446 2024 hi

203 2066 342 2132 λεως
370 2068 502 2141 (98).
539 2060 710 2135 Οὗτος
739 2072 819 2136 είς
860 2072 921 2126 τὸ
963 2073 1213 2146 Ἀράϐιον
1239 2072 1364 2145 ὅρος
1398 2072 1509 2144 (99)
1546 2072 1663 2143 ἃμα
1703 2074 1770 2145 τῇ

1873 2064 1961 2135 qui
1997 2063 2379 2133 superfuerunt
2412 2065 2730 2131 incolumes,
2786 2074 2949 2120 testes
2995 2073 3123 2120 sunt
3166 2063 3447 2118 electionis

205 2160 420 2232 συμϐίῳ
445 2162 638 2216 ἑαυτοῦ
666 2162 874 2233 φυγὼν,
903 2165 1004 2219 οὐκ
1045 2165 1459 2238 ἐπανελήλυθεν·
1494 2163 1613 2217 οὐδὲ
1644 2164 1773 2235 ἡδυ-

202 2248 442 2322 νήθησαν
478 2252 604 2307 ίδείν
644 2255 847 2321 οὐκέτι,
868 2256 1051 2313 καίτοι
1081 2256 1248 2311 πολλὰ
1273 2255 1767 2329 διερευνησάμενοι,

200 2344 252 2395 ot
276 2344 515 2413 ἀδελφοί·
545 2345 666 2400 οὔτε
701 2347 918 2412 αὐτοὺς,
951 2347 1074 2402 οὔτε
1121 2348 1190 2403 τὰ
1216 2348 1441 2420 σώματα
1480 2340 1636 2419 εὖρον
1668 2345 1765 2419 (1).

201 2431 394 2486 Πολλοὶ
424 2435 481 2488 δὲ
526 2438 576 2490 οἱ
625 2439 743 2490 κατ’
765 2439 899 2492 αὐτὸ
930 2440 992 2492 τὸ
1048 2439 1330 2513 Ἀραϐικὸν
1359 2440 1483 2511 ὅρος
1511 2439 1769 2511 ἐξανδρα-

199 2522 546 2590 ποδισθέντες
578 2527 683 2581 ὑπὸ
726 2527 1016 2604 βαρϐάρων
1054 2531 1385 2605 Σαρακηνῶν
1419 2530 1515 2604 (2)·
1568 2533 1617 2585 οἱ
1668 2530 1766 2602 μὲν

202 2613 355 2685 μόλις
381 2616 474 2670 ἐπὶ
502 2619 715 2683 πολλοῖς
739 2622 1019 2694 χρήμασιν
1064 2623 1465 2697 ἐλυτρώθησαν·
1491 2624 1543 2677 οἱ
1583 2623 1639 2678 δὲ
1667 2622 1766 2694 μέ-

199 2723 292 2777 χρι
349 2705 446 2762 νῦν
484 2710 713 2766 οὐδέπω.
775 2714 886 2767 Καὶ
927 2714 1104 2770 ταῦτα
1132 2715 1406 2787 διεξῆλθον
1452 2716 1513 2769 οὐ
1568 2715 1763 2787 μάτην,

198 2798 414 2868 ἀδελφὴ
444 2801 559 2855 ἀλλ’
580 2803 667 2858 ἵνα
685 2804 852 2877 εἰδῇς,
877 2808 976 2861 ὃσα
996 2808 1093 2862 καὶ
1118 2807 1283 2880 ἡλίκα
1306 2807 1456 2863 δεινά
1489 2808 1617 2877 παρ’
1633 2809 1764 2879 ἡμῖν

138 2918 143 2927 ο
201 2888 417 3034 ἓνὲϐη·
444 2884 519 2948 ὧν
536 2893 587 2948 οι
636 2894 835 2968 μᾶλλον
890 2898 1304 2971 πεπειραμένοι,
1340 2897 1559 2953 πλείονα
1590 2897 1656 2952 ἂν
1689 2898 1765 2951 εί-

260 2982 360 3034 ἰεν.
756 3022 766 3032 .

260 2982 360 3037 ἴεν.

1870 2158 2088 2214 illorum
2115 2168 2279 2230 atque
2308 2160 2567 2215 victorize.
2595 2158 2828 2215 Unicum
2853 2161 3119 2214 duntaxat
3144 2158 3353 2214 facinus
3379 2156 3447 2210 ad

1869 2249 2253 2306 declarandam
2286 2252 2365 2306 rei
2396 2252 2676 2307 veritatem
2708 2253 2798 2307 hic
2825 2250 3103 2320 adjiciam.
3129 2249 3446 2306 Chanemon

1868 2353 1985 2397 erat
2010 2342 2232 2412 quidam
2277 2344 2618 2415 grandaevus,
2658 2341 2764 2398 Nili
2807 2347 2960 2400 urbis
2988 2350 3296 2414 episcopus.
3347 2339 3448 2395 llic

1867 2450 1976 2490 una
2005 2450 2129 2490 cum
2162 2435 2390 2506 conjuge
2425 2436 2479 2490 in
2521 2436 2815 2491 Arabicum
2857 2449 3096 2490 montem
3141 2434 3267 2504 fuga
3299 2424 3450 2487 dein:-

1866 2534 1976 2592 tus,
2009 2542 2118 2582 non
2149 2527 2378 2581 ulterius
2409 2542 2664 2583 reversus
2699 2536 2801 2583 est.
2850 2526 2917 2581 Et
2951 2527 3167 2585 fratres,
3195 2524 3448 2594 quamvis

1866 2628 2120 2674 accurate
2147 2619 2330 2673 omnia
2363 2619 2710 2689 perscrutati,
2747 2633 2848 2673 nec
2872 2621 3019 2688 ipsos
3046 2618 3297 2688 posthac,
3347 2630 3448 2669 nec

1864 2713 2110 2783 ipsorum
2143 2714 2403 2768 cadavera
2441 2716 2679 2784 reperire
2708 2722 3021 2784 potuerunt.
3069 2712 3243 2766 Porro
3290 2707 3446 2764 multi

1865 2806 1919 2861 in
1963 2806 2197 2861 Arabico
2224 2805 2316 2859 illo
2347 2814 2531 2859 monte
2574 2820 2605 2859 a
2646 2801 2892 2861 barbaris
2936 2803 3226 2860 Saracenis
3272 2800 3448 2875 capti,

1862 2899 1993 2955 etin
2018 2899 2331 2953 servitutem
2362 2896 2567 2952 redacti
2608 2906 2756 2951 sunt.
2798 2897 2875 2951 Ex
2900 2898 3101 2968 quibus
3137 2896 3231 2950 alii
3270 2894 3450 2949 soluto

1869 2990 2079 3062 ingenti
2113 2990 2288 3062 pretio
2327 2990 2416 3045 vix
2464 2990 2682 3044 tandem
2715 2990 3019 3060 redempti;
3068 2990 3161 3044 alii
3207 2986 3448 3042 nondum

197 3076 458 3137 hactenus
478 3084 671 3142 redimi
707 3098 1017 3158 potuerunt.
1045 3091 1223 3163 Atque
1248 3091 1365 3147 haec
1388 3107 1495 3148 non
1534 3090 1759 3157 frustra,
1810 3087 1981 3149 frater
2006 3088 2350 3153 cbarissime,
2387 3103 2416 3143 a
2466 3102 2553 3142 me
2600 3096 3023 3143 commemorata
3049 3095 3207 3151 sunt;
3248 3081 3340 3142 sed
3391 3089 3453 3136 ut

201 3172 370 3239 ﬁdas.
407 3192 529 3248 quae
562 3188 616 3235 et
642 3198 805 3255 quam
843 3184 1027 3256 gravia
1056 3185 1216 3241 nobis
1248 3185 1391 3240 mala
1425 3184 1771 3256 contigerint.
1800 3181 1932 3249 Quae
1953 3180 2197 3253 profecto
2220 3180 2415 3236 melius
2453 3178 2759 3252 intelligunt
2804 3178 2863 3246 ii,
2890 3180 2982 3249 qui
3033 3178 3205 3248 magis
3243 3170 3453 3245 experti

198 3278 346 3325 sunt.

250 3363 323 3446 pl":
353 3364 518 3420 Αὐτοὶ
553 3369 729 3449 τοίνυν
754 3372 804 3425 οἱ
843 3371 976 3428 θεῖοι
1016 3374 1293 3449 μάρτυρες
1329 3376 1461 3447 παρ’
1499 3375 1632 3447 ἡμῖν
1662 3414 1678 3440 ,
1725 3374 1771 3427 οἶ

1946 3367 2017 3427 X.
2057 3369 2323 3425 Caeterum
2354 3369 2408 3423 hi
2435 3369 2602 3424 divini
2626 3378 2894 3439 martyres
2914 3367 3006 3436 qui
3038 3360 3182 3421 nunc
3207 3380 3452 3422 assesso-

196 3452 293 3507 νῦν
323 3455 417 3510 τοῦ
440 3446 960 3538 Χριστοῐῗπάρεδροι
978 3446 1051 3540 (3)
1079 3446 1290 3539 καὶτῆς
1309 3446 1584 3539 βασιλείας
1604 3465 1768 3520 αὑτοῦ

199 3546 462 3615 κοινωνοὶ,
513 3550 607 3605 καὶ
653 3552 871 3626 μέτοχοι
918 3555 993 3629 (4)
1020 3556 1118 3631 τῆς
1162 3558 1395 3632 κρίσεως
1433 3556 1597 3613 αὐτοῦ
1623 3597 1639 3623 ,
1675 3555 1770 3611 καὶ

205 3860 240 3872 ,Α
418 3791 880 3872 Θριαμϐεύοντος
906 3797 1145 3864 αὐτούς.
1182 3795 1411 3872 Rufinus
1437 3800 1617 3872 vertit.
1657 3801 1766 3857 Deo

197 3865 659 3940 itatriumphunte
681 3880 773 3940 per
792 3877 998 3940 sanctos
1021 3885 1163 3940 sua}.
1196 3870 1431 3940 Apparet
1453 3871 1618 3940 igitur
1638 3888 1761 3927 eum

199 3929 535 4001 legisseOpt.
578 3933 645 3986 δι’
681 3929 903 4000 αὐτοὺς,
947 3947 1051 3991 etc.
1102 3929 1356 3993 Rufinnm
1413 3929 1583 3995 secuti
1637 3952 1766 3997 sunt

199 3999 477 4074 Masculus
509 4011 583 4074 iet
627 4003 1171 4074 Chrismphorsonus.
1235 4007 1534 4063 Videndum
1582 4022 1761 4067 tamen

199 4085 271 4126 ne
302 4069 1038 4146 Dionysiuseptapﬁstiows;
1061 4077 1256 4142 αὐτοὺς
1279 4078 1372 4133 τοῦ
1400 4079 1533 4134 Θεοῦ
1572 4083 1769 4137 dixerit

198 4155 299 4224 pro
345 4139 695 4224 θριαμϐεύεζν
734 4139 1053 4224 ποιοῦντος,
1101 4139 1250 4224 ψῳᾶ
1307 4151 1528 4224 omnino
1581 4168 1769 4207 verum

197 4210 834 4334 Βεζανῗὶβὲςβασιλεύειν
878 4210 1444 4290 usurpat'Gregorius
1472 4219 1772 4305 Nazianze-

199 4296 325 4337 nus.
362 4296 552 4339 VALBS.
1668 4300 1671 4305 ’

271 4351 383 4422 (98)
405 4355 626 4431 Νείλου
749 4358 999 4431 πόλεως.
1020 4357 1305 4431 νΝἰΙοροΙίε.
1335 4359 1605 4417 Eusebius
1630 4362 1770 4431 ejus-

200 4420 501 4548 ﬂimnsfgis
549 4427 772 4482 antistes
819 4420 1165 4500 δυὺεὶιτίρείί
1188 4431 1421 4486 concilio
1470 4420 1766 4503 hphesino.

284 4510 312 4546 Α
374 4537 387 4546 .
446 4533 461 4547 .

284 4510 461 4547 ADING.

408 4544 516 4632 έῖξ
540 4565 620 4639 ,τῤ
659 4566 1117 4639 ᾎΑράόιονξόρος.
1142 4568 1299 4627 Mons
1331 4582 1414 4628 est
1446 4573 1520 4628 ita
1568 4573 1766 4639 dictus,
1799 4544 1844 4599 Β

199 4634 358 4715 εειῇιιε
392 4637 638 4690 meminit
682 4634 1006 4715 Herodotus,
1038 4634 1196 4715 quem
1234 4641 1559 4715 Ptolemaeus
1599 4655 1653 4698 et
1680 4634 1769 4700 alii

201 4702 468 4783 Troicum
487 4719 708 4783 vorant.
735 4708 873 4783 Male
904 4702 1033 4783 ergo
1056 4702 1601 4783 'ChrisIOphorsonus
1624 4731 1773 4769 mon-

200 4783 305 4857 tcnt
338 4776 549 4857 {trahite
578 4776 755 4857 vertit.
802 4776 1117 4857 Paulo'post
1147 4776 1411 4857 Arabicus
1453 4786 1671 4850 dicitur,
1700 4786 1771 4841 ob

197 4847 532 4900 vicinitatem
567 4848 804 4903 Arabum
831 4852 901 4905 ita
937 4847 1265 4906 nominatus.
1293 4852 1489 4909 Vsuas.

270 4915 349 5000 (ll)
392 4917 640 5000 02t8fd
667 4919 909 4990 σώματα
930 4917 1128 5000 εὗρονζ.
1166 4921 1367 4979 Ultima
1397 4941 1500 4979 vox
1528 4925 1680 5000 deest
1711 4925 1769 4980 in

200 4985 640 5066 codicenﬂegio,
671 4985 1011 5062 prorsusque
1044 4993 1217 5048 otiosa
1258 5004 1341 5066 est
1372 5010 1436 5050 ac
1477 4998 1764 5066 superﬂua.

197 5054 493 5140 _Syncel_lus_
518 5054 748 5131 'quoq'ue
778 5077 897 5140 eam
920 5054 1114 5140 'vocem
1147 5079 1257 5119 non
1310 5065 1491 5131 habet,
1526 5054 1621 5123 s'ed
1653 5067 1773 5137 ejus

196 5126 327 5183 loco
352 5126 567 5196 αὐτῶνξ
603 5126 709 5185 non
742 5134 901 5189 male.
926 5135 1003 5189 in.

271 5196 355 5270 (2)
391 5200 774 5270 Σαρακηνῶν.
820 5202 918 5257 Hic
964 5205 1116 5259 locus
1148 5204 1233 5259 vel
1272 5205 1343 5260 ob
1380 5206 1432 5261 id
1471 5223 1641 5262 unum
1672 5222 1773 5262 no—

198 5269 409 5350 tandus
435 5269 539 5350 est,
571 5273 714 5342 quod
746 5275 950 5329 mentio
986 5276 1047 5329 ﬁt
1082 5272 1501 5350 Saracenorum.
1539 5276 1675 5333 Nam
1703 5292 1769 5332 ex

197 5341 568 5418 scriptoribus
590 5341 848 5418 quorum
895 5360 1058 5418 opera
1111 5344 1178 5418 ad
1224 5361 1326 5401 nos
1368 5356 1767 5418 pervenerunt,

199 5409 425 5488 nullus,
478 5425 537 5469 ut
578 5409 741 5488 puto.
788 5409 1049 5488 Dion:v_sio
1094 5409 1462 5488 Alexandrino
1496 5409 1771 5488 antiquior

200 5478 511 5556 Saracenos
558 5478 879 5556 nominavit.
930 5478 1111 5541 21mm.
1161 5486 1378 5556 quidem
1426 5478 1771 5543 Marcellinus

198 5550 257 5605 in
291 5550 436 5606 libro
463 5570 553 5609 xiv
579 5555 772 5610 scribit
799 5571 859 5611 se
887 5550 1216 5612 mentionem
1246 5555 1441 5614 fecisse
1472 5559 1772 5614 Saraceno-

198 5622 409 5701 rumnin
440 5625 668 5701 Actibus
696 5624 956 5696 principis
980 5626 1168 5701 Marci.
1206 5625 1528 5701 Spartianus
1557 5644 1770 5701 quoque

198 5693 260 5767 i_n
305 5691 476 5764 Nigro
516 5691 909 5767 sairace'norum
942 5691 1271 5752 mentionem
1319 5699 1479 5766 facit,
1521 5691 1772 5767 et'ab'iis

200 5762 484 5843 [inmanes
500 5766 704 5843 milites
732 5766 902 5843 victos
932 5783 1054 5843 esse
1077 5769 1242 5838 dicit;
1270 5771 1416 5841 quod
1440 5762 1493 5828 in
1527 5762 1769 5843 tempora

197 5834 317 5891 divi
350 5834 514 5891 Marci
549 5835 781 5893 conferri
805 5849 1000 5910 potest.
1039 5840 1116 5896 in.

1874 3478 1965 3519 res
1995 3474 2124 3519 sunt
2150 3463 2378 3529 Christi,
2404 3474 2459 3517 et
2484 3464 2633 3532 regni
2660 3463 2805 3516 illius
2828 3450 3130 3523 consortes,
3167 3476 3231 3514 ac
3255 3459 3447 3530 judicii

1873 3554 2168 3627 participes
2200 3568 2309 3609 una
2340 3569 2464 3609 cum
2506 3554 2625 3623 ipso
2656 3552 2985 3625 judicaturi;
3017 3553 3142 3607 dum
3182 3552 3270 3609 hic
3298 3554 3450 3624 apud

1932 3798 2010 3872 (5)
2054 3801 2119 3854 Οί
2152 3799 2270 3853 νῦν
2301 3799 2406 3854 τοῦ
2446 3799 2706 3872 Χριστοῦ
2734 3799 3050 3872 πάρεςίῖροι.Δ
3072 3798 3338 3870 Martyres
3368 3801 3445 3855 si-

1861 3869 1998 3926 mul'
2025 3880 2187 3939 atque
2224 3885 2289 3924 ex
2326 3871 2575 3940 corporis
2610 3871 2843 3924 vinculis
2889 3869 3052 3925 sulttli
3102 3878 3323 3932 essent,
3372 3872 3441 3926 ad

1866 3941 2154 3995 Dominum
2186 3940 2454 4009 migrare,
2484 3949 2537 3994 et
2573 3956 2699 4011 cum
2733 3942 2826 3994 illo
2862 3940 2914 4011 in
2943 3941 3197 4009 paradiso
3225 3941 3437 4011 degere,

1870 4011 2168 4065 Christiani
2209 4025 2421 4079 semper
2461 4010 2826 4065 crediderunt.
2863 4009 3232 4065 'l‘ertnilianus
3259 4009 3317 4063 in
3347 4011 3443 4068 lib.

1873 4080 1952 4135 De
1982 4082 2354 4135 resurrectione
2381 4082 2558 4135 carnis
2579 4123 2594 4143 ,
2621 4096 2740 4150 cap.
2778 4082 2847 4135 «i5
2875 4097 2888 4133 :
2922 4080 3092 4135 Nemo
3124 4083 3263 4135 enim
3306 4097 3454 4149 pere-

1873 4152 2115 4221 grinatus
2146 4168 2177 4204 α
2206 4168 2453 4221 corpore,
2484 4153 2669 4206 statim
2720 4152 3036 4206 immoratur
3064 4168 3216 4220 penes
3261 4150 3449 4205 Domi-

1872 4238 1998 4275 num
2020 4263 2036 4289 ,
2070 4222 2175 4275 nisi
2207 4238 2271 4275 ea:
2313 4224 2560 4290 martyrii
2590 4223 2941 4292 prwrogativa
2965 4264 2980 4282 ,
3014 4222 3266 4291 paradiso
3296 4221 3441 4275 scili-

1872 4301 1987 4356 cet,
2019 4308 2122 4415 1L?
2144 4291 2341 4413 linferis
2370 4292 2699 4348 deversurus.
2730 4294 2798 4349 Et
2837 4294 2892 4347 in
2926 4293 3021 4348 lib.
3053 4309 3085 4347 v
3111 4292 3186 4346 De
3222 4292 3439 4355 anima,

1872 4377 1991 4415 can.
2027 4386 2061 4415 ι)
2103 4403 2115 4415 .
2169 4379 2220 4415 1).

1871 4377 1991 4431 cap.
2027 4377 2115 4417 an.
2145 4377 2220 4417 ID.

1830 4461 1838 4473 ο
1869 4448 1902 4477 γε·
1945 4432 2021 4503 (4)
2061 4433 2171 4503 Καί
2201 4431 2312 4501 τῆς
2337 4433 2591 4501 κρίσεως
2621 4432 2881 4502 μέτοχοι.
2929 4432 3057 4488 Fuit
3102 4433 3215 4487 hare
3253 4431 3439 4500 opinio

1870 4502 2125 4575 veterum
2151 4502 2402 4575 Patrum,
2435 4515 2702 4575 martyres
2726 4502 3273 4575 t3hristi_asscssore_s
3302 4503 3439 4567 fore,

1873 4583 1927 4628 et
1957 4582 2095 4644 eum,
2116 4573 2209 4627 illo
2239 4574 2499 4627 mundum
2528 4571 2888 4643 ju'dicnturos.
2939 4571 3016 4628 Ita
3063 4584 3186 4644 post
3234 4572 3438 4644 Diony-

1872 4645 2014 4699 sium
2058 4643 2318 4713 Eulogius
2365 4643 2765 4698 Alexandrinus
2811 4644 3097 4713 episcopus
3162 4643 3215 4697 in
3267 4643 3439 4698 lib.'v

1872 4716 2122 4768 adversus
2173 4715 2518 4768 Novatianos.
2554 4715 2723 4781 Cujus
2749 4723 2925 4767 tamen
2976 4715 3297 4768 sententiam
3353 4728 3439 4767 re-

1871 4785 2159 4855 prehendit
2186 4783 2410 4855 Photins
2443 4792 2495 4838 in
2523 4784 2869 4838 Bibliotheca.
2904 4784 2993 4837 Ait
3020 4784 3163 4855 enim
3187 4783 3435 4855 Photius.

1870 4852 2036 4910 verba
2091 4854 2179 4908 illa
2228 4852 2379 4907 Pauli
2414 4855 2645 4921 apostoli
2692 4870 2758 4908 ex
2792 4855 2963 4922 prima
3011 4856 3077 4908 ad
3121 4854 3438 4909 Corinthius

1871 4924 2152 4994 Epistola:
2188 4922 2416 4979 Nescitis
2440 4926 2564 4993 quia
2599 4928 2769 4978 sancti
2801 4925 3053 4978 mundum
3077 4925 3442 4993 judicabant?

1872 5012 1981 5049 non
2035 4996 2108 5047 ita
2153 5010 2272 5049 esse
2315 4996 2662 5064 accipienda,
2702 4995 2858 5065 quasi
2894 4997 3066 5051 sancti
3116 4996 3285 5051 l‘uturi
3330 4996 3440 5049 sint

1876 5065 2081 5121 iudices
2123 5080 2247 5120 eum
2301 5065 2538 5120 Christo.
2607 5065 2710 5121 Sed
2764 5067 2866 5121 hoc
2911 5076 3124 5121 tantum
3176 5067 3278 5121 sibi
3324 5065 3441 5119 vult

1917 5135 2107 5200 aulus,
2146 5151 2210 5190 ex
2256 5137 2667 5206 comparatione
2705 5144 3022 5193 sanctorum
3063 5136 3303 5207 reliquos
3335 5137 3439 5190 ho-

1870 5207 2049 5261 mines
2075 5208 2167 5276 qui
2205 5220 2313 5260 non
2361 5202 2581 5276 perinde
2628 5223 2692 5262 ac
2741 5207 2815 5260 illi
2866 5202 3258 5277 piegvixerint,
3307 5221 3438 5277 con-

1872 5273 2209 5332 demnandos
2236 5273 2388 5343 esse;
2419 5287 2479 5332 ut
2502 5292 2625 5331 cum
2655 5273 2938 5332 dicitur—in
2967 5275 3290 5342 Evangelia.
3320 5273 3438 5329 fore

1870 5356 1932 5401 ut
1966 5345 2288 5418 Ninivitzeet
2315 5348 2497 5418 regina
2532 5348 2716 5402 Austri
2752 5348 2924 5402 malos
2948 5347 3191 5416 judicent
3227 5353 3281 5399 et
3305 5359 3439 5418 con-

1869 5418 2146 5473 demnem.
2204 5415 2286 5487 Et
2325 5414 2464 5473 hanc
2504 5419 2721 5487 quidem
2775 5414 3166 5487 expositionem
3207 5414 3440 5487 snnipsit

1868 5488 2102 5560 Photius
2143 5503 2208 5542 ex
2262 5485 2471 5560 Joanne
2504 5484 2925 5560 (Chrysostomo.
2984 5486 3176 5560 verum
3226 5484 3436 5554 Eulogii

1870 5559 2140 5613 sententia
2168 5558 2349 5612 verior
2384 5559 2513 5612 mihi
2542 5556 2771 5614 videtur.
2802 5556 2936 5612 Nam
2980 5557 3028 5613 si
3063 5565 3328 5626 martyres
3359 5571 3440 5608 re-

1871 5628 2332 5714 S“§,Q!‘Ti5li_,iafn
2376 5644 2518 5710 nunc
2553 5639 2841 5714 coi‘tsrir‘t‘e's
2865 5636 3021 5714 sunt,
3048 5627 3236 5714 quidni
3271 5627 3435 5714 etiam

1866 5697 2390 5770 judicii‘participes
2425 5700 2536 5754 sint
2565 5699 2775 5754 futuri?
2803 5697 3005 5770 Deinde
3047 5697 3299 5770 Christus
3346 5699 3432 5747 di-

1870 5767 2014 5825 serte
2043 5767 2298 5840 promisit
2323 5771 2614 5840 apostolis,
2642 5783 2891 5827 sessui-os
2914 5768 3119 5840 illos_in
3146 5767 3433 5825 duodecim

1871 5836 2165 5911 cathedris,
2188 5836 2398 5911 judices
2431 5839 2714 5899 duodecim
2742 5840 3004 5896 tribuum.
3039 5836 3117 5897 lo.
