  <div class='ocr_page' id='page_1' title='image "/cluster/home/n/w/nwhite01/storage/ocr_20150623/10/hvd.32044073501348/677.png"; bbox 0 0 3972 6318; ppageno 0'>
   <div class='ocr_carea' id='block_1_1' title="bbox 429 331 567 389">
    <p class='ocr_par' dir='ltr' id='par_1_1' title="bbox 429 331 567 389">
     <span class='ocr_line' id='line_1_1' title="bbox 429 331 567 389; baseline 0.014 -1"><span class='ocrx_word' id='word_1_1' title='bbox 429 331 567 389; x_wconf 72' lang='grc'><strong>1523</strong></span> 
     </span>
    </p>
   </div>
   <div class='ocr_carea' id='block_1_2' title="bbox 1418 321 2667 386">
    <p class='ocr_par' dir='ltr' id='par_1_2' title="bbox 1418 321 2667 386">
     <span class='ocr_line' id='line_1_2' title="bbox 1418 321 2667 386; baseline 0.002 -4"><span class='ocrx_word' id='word_1_2' title='bbox 1418 327 1476 382; x_wconf 91' lang='lat' dir='ltr'><strong>S.</strong></span> <span class='ocrx_word' id='word_1_3' title='bbox 1520 324 1813 383; x_wconf 75' lang='lat' dir='ltr'><strong>DIONYSII</strong></span> <span class='ocrx_word' id='word_1_4' title='bbox 1850 326 2159 384; x_wconf 79' lang='lat' dir='ltr'><strong>EPISCOPI</strong></span> <span class='ocrx_word' id='word_1_5' title='bbox 2197 321 2667 386; x_wconf 70' lang='grc' dir='ltr'>ΑιεΧΑΝυιιιΝι</span> 
     </span>
    </p>
   </div>
   <div class='ocr_carea' id='block_1_3' title="bbox 3544 329 3696 385">
    <p class='ocr_par' dir='ltr' id='par_1_3' title="bbox 3544 329 3696 385">
     <span class='ocr_line' id='line_1_3' title="bbox 3544 329 3696 385; baseline 0.007 -1"><span class='ocrx_word' id='word_1_6' title='bbox 3544 329 3696 385; x_wconf 67' lang='grc'><strong>1524</strong></span> 
     </span>
    </p>
   </div>
   <div class='ocr_carea' id='block_1_4' title="bbox 423 442 1999 521">
    <p class='ocr_par' dir='ltr' id='par_1_4' title="bbox 423 445 1999 521">
     <span class='ocr_line' id='line_1_4' title="bbox 423 445 1999 521; baseline -0.004 -14"><span class='ocrx_word' id='word_1_7' title='bbox 423 467 458 506; x_wconf 75' lang='grc' dir='ltr'>ι</span> <span class='ocrx_word' id='word_1_8' title='bbox 488 448 755 521; x_wconf 80' lang='lat' dir='ltr'><strong>corporali</strong></span> <span class='ocrx_word' id='word_1_9' title='bbox 804 455 1097 511; x_wconf 83' lang='lat' dir='ltr'><strong>conventu,</strong></span> <span class='ocrx_word' id='word_1_10' title='bbox 1149 446 1376 501; x_wconf 86' lang='lat' dir='ltr'><strong>Domino</strong></span> <span class='ocrx_word' id='word_1_11' title='bbox 1410 446 1654 515; x_wconf 85' lang='lat' dir='ltr'><strong>juvante,</strong></span> <span class='ocrx_word' id='word_1_12' title='bbox 1707 445 1999 503; x_wconf 87' lang='lat' dir='ltr'><strong>abfuitnus.</strong></span> 
     </span>
    </p>
   </div>
   <div class='ocr_carea' id='block_1_5' title="bbox 2105 442 3696 521">
    <p class='ocr_par' dir='ltr' id='par_1_5' title="bbox 2105 442 3696 521">
     <span class='ocr_line' id='line_1_5' title="bbox 2105 442 3696 521; baseline 0 -21"><span class='ocrx_word' id='word_1_13' title='bbox 2105 448 2204 519; x_wconf 81' lang='grc' dir='ltr'>τῆς</span> <span class='ocrx_word' id='word_1_14' title='bbox 2236 449 2395 520; x_wconf 78' lang='grc' dir='ltr'>ἡμεῖς</span> <span class='ocrx_word' id='word_1_15' title='bbox 2443 448 2582 520; x_wconf 86' lang='grc' dir='ltr'><strong>μετά</strong></span> <span class='ocrx_word' id='word_1_16' title='bbox 2610 446 2704 502; x_wconf 83' lang='grc' dir='ltr'><strong>τοῦ</strong></span> <span class='ocrx_word' id='word_1_17' title='bbox 2743 442 2949 521; x_wconf 78' lang='grc' dir='ltr'><strong>Κυρίου</strong></span> <span class='ocrx_word' id='word_1_18' title='bbox 2981 444 3303 519; x_wconf 78' lang='grc' dir='ltr'><strong>συναγωγῆς</strong></span> <span class='ocrx_word' id='word_1_19' title='bbox 3328 445 3656 519; x_wconf 75' lang='grc' dir='ltr'><strong>ἀπέστημεν</strong></span> <span class='ocrx_word' id='word_1_20' title='bbox 3679 460 3696 475; x_wconf 76' lang='grc'><strong>⁸</strong></span> 
     </span>
    </p>
   </div>
   <div class='ocr_carea' id='block_1_6' title="bbox 425 539 2002 612">
    <p class='ocr_par' dir='ltr' id='par_1_6' title="bbox 425 539 2002 612">
     <span class='ocr_line' id='line_1_6' title="bbox 425 539 2002 612; baseline -0.003 -13"><span class='ocrx_word' id='word_1_21' title='bbox 425 542 629 599; x_wconf 75' lang='lat' dir='ltr'><strong>Verum</strong></span> <span class='ocrx_word' id='word_1_22' title='bbox 655 557 749 597; x_wconf 92' lang='lat' dir='ltr'><strong>eos</strong></span> <span class='ocrx_word' id='word_1_23' title='bbox 775 542 866 612; x_wconf 88' lang='lat' dir='ltr'><strong>qui</strong></span> <span class='ocrx_word' id='word_1_24' title='bbox 894 540 950 595; x_wconf 92' lang='lat' dir='ltr'><strong>in</strong></span> <span class='ocrx_word' id='word_1_25' title='bbox 977 541 1128 596; x_wconf 81' lang='lat' dir='ltr'><strong>urbe.</strong></span> <span class='ocrx_word' id='word_1_26' title='bbox 1153 548 1341 604; x_wconf 79' lang='lat' dir='ltr'><strong>erant,</strong></span> <span class='ocrx_word' id='word_1_27' title='bbox 1386 539 1608 609; x_wconf 80' lang='lat' dir='ltr'><strong>perinde</strong></span> <span class='ocrx_word' id='word_1_28' title='bbox 1639 554 1703 594; x_wconf 89' lang='lat' dir='ltr'><strong>ae</strong></span> <span class='ocrx_word' id='word_1_29' title='bbox 1750 540 1797 595; x_wconf 92' lang='lat' dir='ltr'><strong>si</strong></span> <span class='ocrx_word' id='word_1_30' title='bbox 1845 539 2002 594; x_wconf 90' lang='lat' dir='ltr'><strong>ades—</strong></span> 
     </span>
    </p>
   </div>
   <div class='ocr_carea' id='block_1_7' title="bbox 423 631 2001 705">
    <p class='ocr_par' dir='ltr' id='par_1_7' title="bbox 423 631 2001 705">
     <span class='ocr_line' id='line_1_7' title="bbox 423 631 2001 705; baseline -0.004 -13"><span class='ocrx_word' id='word_1_31' title='bbox 423 652 565 699; x_wconf 87' lang='lat' dir='ltr'><strong>sem,</strong></span> <span class='ocrx_word' id='word_1_32' title='bbox 597 635 806 705; x_wconf 78' lang='lat' dir='ltr'><strong>majore</strong></span> <span class='ocrx_word' id='word_1_33' title='bbox 852 635 1035 690; x_wconf 87' lang='lat' dir='ltr'><strong>studio</strong></span> <span class='ocrx_word' id='word_1_34' title='bbox 1068 632 1389 703; x_wconf 73' lang='lat' dir='ltr'><strong>congregavi</strong></span> <span class='ocrx_word' id='word_1_35' title='bbox 1424 633 1476 686; x_wconf 88' lang='lat' dir='ltr'><strong>in</strong></span> <span class='ocrx_word' id='word_1_36' title='bbox 1527 632 1846 698; x_wconf 80' lang='lat' dir='ltr'><strong>ecclesiam;</strong></span> <span class='ocrx_word' id='word_1_37' title='bbox 1905 631 2001 686; x_wconf 83' lang='lat' dir='ltr'><strong>ab-</strong></span> 
     </span>
    </p>
   </div>
   <div class='ocr_carea' id='block_1_8' title="bbox 423 722 1999 798">
    <p class='ocr_par' dir='ltr' id='par_1_8' title="bbox 423 722 1999 798">
     <span class='ocr_line' id='line_1_8' title="bbox 423 722 1999 798; baseline -0.004 -14"><span class='ocrx_word' id='word_1_38' title='bbox 423 743 552 784; x_wconf 85' lang='lat' dir='ltr'><strong>sens</strong></span> <span class='ocrx_word' id='word_1_39' title='bbox 599 727 820 798; x_wconf 82' lang='lat' dir='ltr'><strong>quidem</strong></span> <span class='ocrx_word' id='word_1_40' title='bbox 866 741 1112 796; x_wconf 91' lang='lat' dir='ltr'><strong>corpore,</strong></span> <span class='ocrx_word' id='word_1_41' title='bbox 1166 735 1225 779; x_wconf 91' lang='lat' dir='ltr'><strong>ut</strong></span> <span class='ocrx_word' id='word_1_42' title='bbox 1249 724 1362 794; x_wconf 87' lang='lat' dir='ltr'><strong>jam</strong></span> <span class='ocrx_word' id='word_1_43' title='bbox 1407 722 1557 787; x_wconf 71' lang='lat' dir='ltr'><strong>diri,</strong></span> <span class='ocrx_word' id='word_1_44' title='bbox 1591 723 1774 777; x_wconf 88' lang='lat' dir='ltr'><strong>animo</strong></span> <span class='ocrx_word' id='word_1_45' title='bbox 1818 730 1999 777; x_wconf 90' lang='lat' dir='ltr'><strong>autem</strong></span> 
     </span>
    </p>
   </div>
   <div class='ocr_carea' id='block_1_9' title="bbox 419 814 2001 892">
    <p class='ocr_par' dir='ltr' id='par_1_9' title="bbox 419 814 2001 892">
     <span class='ocr_line' id='line_1_9' title="bbox 419 814 2001 892; baseline -0.003 -18"><span class='ocrx_word' id='word_1_46' title='bbox 419 836 683 892; x_wconf 59' lang='lat' dir='ltr'><strong>praesens.</strong></span> <span class='ocrx_word' id='word_1_47' title='bbox 734 819 887 890; x_wconf 81' lang='lat' dir='ltr'><strong>Apud</strong></span> <span class='ocrx_word' id='word_1_48' title='bbox 915 816 1128 887; x_wconf 81' lang='lat' dir='ltr'><strong>Cephro</strong></span> <span class='ocrx_word' id='word_1_49' title='bbox 1151 832 1280 871; x_wconf 81' lang='lat' dir='ltr'><strong>vero</strong></span> <span class='ocrx_word' id='word_1_50' title='bbox 1315 816 1598 871; x_wconf 89' lang='lat' dir='ltr'><strong>nobiscum</strong></span> <span class='ocrx_word' id='word_1_51' title='bbox 1628 831 1824 886; x_wconf 83' lang='lat' dir='ltr'><strong>magna</strong></span> <span class='ocrx_word' id='word_1_52' title='bbox 1869 814 2001 869; x_wconf 83' lang='lat' dir='ltr'><strong>lide-</strong></span> 
     </span>
    </p>
   </div>
   <div class='ocr_carea' id='block_1_10' title="bbox 420 910 2000 983">
    <p class='ocr_par' dir='ltr' id='par_1_10' title="bbox 420 910 2000 983">
     <span class='ocr_line' id='line_1_10' title="bbox 420 910 2000 983; baseline -0.004 -11"><span class='ocrx_word' id='word_1_53' title='bbox 420 918 554 972; x_wconf 84' lang='lat' dir='ltr'><strong>lium</strong></span> <span class='ocrx_word' id='word_1_54' title='bbox 585 917 759 972; x_wconf 84' lang='lat' dir='ltr'><strong>adfuit</strong></span> <span class='ocrx_word' id='word_1_55' title='bbox 791 914 1115 978; x_wconf 86' lang='lat' dir='ltr'><strong>multitudo;</strong></span> <span class='ocrx_word' id='word_1_56' title='bbox 1166 913 1361 983; x_wconf 89' lang='lat' dir='ltr'><strong>partim</strong></span> <span class='ocrx_word' id='word_1_57' title='bbox 1408 927 1597 966; x_wconf 88' lang='lat' dir='ltr'><strong>eorum</strong></span> <span class='ocrx_word' id='word_1_58' title='bbox 1631 911 1721 981; x_wconf 87' lang='lat' dir='ltr'><strong>qui</strong></span> <span class='ocrx_word' id='word_1_59' title='bbox 1763 912 1832 966; x_wconf 88' lang='lat' dir='ltr'><strong>ab</strong></span> <span class='ocrx_word' id='word_1_60' title='bbox 1865 910 2000 966; x_wconf 84' lang='lat' dir='ltr'><strong>urbe</strong></span> 
     </span>
    </p>
   </div>
   <div class='ocr_carea' id='block_1_11' title="bbox 421 1004 1995 1078">
    <p class='ocr_par' dir='ltr' id='par_1_11' title="bbox 421 1004 1995 1078">
     <span class='ocr_line' id='line_1_11' title="bbox 421 1004 1995 1078; baseline -0.005 -13"><span class='ocrx_word' id='word_1_61' title='bbox 421 1026 524 1067; x_wconf 85' lang='lat' dir='ltr'><strong>nos</strong></span> <span class='ocrx_word' id='word_1_62' title='bbox 550 1010 720 1066; x_wconf 88' lang='lat' dir='ltr'><strong>secuti</strong></span> <span class='ocrx_word' id='word_1_63' title='bbox 752 1008 986 1074; x_wconf 86' lang='lat' dir='ltr'><strong>fuerant,</strong></span> <span class='ocrx_word' id='word_1_64' title='bbox 1028 1007 1222 1078; x_wconf 92' lang='lat' dir='ltr'><strong>partim</strong></span> <span class='ocrx_word' id='word_1_65' title='bbox 1265 1006 1499 1060; x_wconf 87' lang='lat' dir='ltr'><strong>aliorum</strong></span> <span class='ocrx_word' id='word_1_66' title='bbox 1537 1005 1630 1074; x_wconf 93' lang='lat' dir='ltr'><strong>qui</strong></span> <span class='ocrx_word' id='word_1_67' title='bbox 1679 1021 1745 1060; x_wconf 78' lang='lat' dir='ltr'><strong>ex</strong></span> <span class='ocrx_word' id='word_1_68' title='bbox 1790 1004 1995 1074; x_wconf 88' lang='lat' dir='ltr'><strong>reliqua</strong></span> 
     </span>
    </p>
   </div>
   <div class='ocr_carea' id='block_1_12' title="bbox 419 1097 2001 1177">
    <p class='ocr_par' dir='ltr' id='par_1_12' title="bbox 419 1097 2001 1177">
     <span class='ocr_line' id='line_1_12' title="bbox 419 1097 2001 1177; baseline -0.006 -17"><span class='ocrx_word' id='word_1_69' title='bbox 419 1105 654 1177; x_wconf 71' lang='lat' dir='ltr'><strong>Aigypto</strong></span> <span class='ocrx_word' id='word_1_70' title='bbox 701 1103 1061 1159; x_wconf 81' lang='lat' dir='ltr'><strong>conﬂuebant.</strong></span> <span class='ocrx_word' id='word_1_71' title='bbox 1094 1100 1168 1155; x_wconf 88' lang='lat' dir='ltr'><strong>lbi</strong></span> <span class='ocrx_word' id='word_1_72' title='bbox 1196 1114 1413 1169; x_wconf 91' lang='lat' dir='ltr'><strong>quoque</strong></span> <span class='ocrx_word' id='word_1_73' title='bbox 1450 1098 1674 1169; x_wconf 88' lang='lat' dir='ltr'><strong>januam</strong></span> <span class='ocrx_word' id='word_1_74' title='bbox 1726 1097 1885 1152; x_wconf 88' lang='lat' dir='ltr'><strong>nobis</strong></span> <span class='ocrx_word' id='word_1_75' title='bbox 1912 1113 2001 1167; x_wconf 91' lang='lat' dir='ltr'><strong>pa-</strong></span> 
     </span>
    </p>
   </div>
   <div class='ocr_carea' id='block_1_13' title="bbox 420 1186 1998 1260">
    <p class='ocr_par' dir='ltr' id='par_1_13' title="bbox 420 1186 1998 1260">
     <span class='ocr_line' id='line_1_13' title="bbox 420 1186 1998 1260; baseline -0.006 -9"><span class='ocrx_word' id='word_1_76' title='bbox 420 1195 606 1251; x_wconf 81' lang='lat' dir='ltr'><strong>tefecit</strong></span> <span class='ocrx_word' id='word_1_77' title='bbox 647 1194 792 1249; x_wconf 85' lang='lat' dir='ltr'><strong>Deus</strong></span> <span class='ocrx_word' id='word_1_78' title='bbox 829 1193 895 1248; x_wconf 90' lang='lat' dir='ltr'><strong>ad</strong></span> <span class='ocrx_word' id='word_1_79' title='bbox 931 1191 1368 1260; x_wconf 63' lang='lat' dir='ltr'><strong>praedicationem</strong></span> <span class='ocrx_word' id='word_1_80' title='bbox 1410 1189 1555 1244; x_wconf 84' lang='lat' dir='ltr'><strong>verbi</strong></span> <span class='ocrx_word' id='word_1_81' title='bbox 1593 1188 1699 1243; x_wconf 91' lang='lat' dir='ltr'><strong>sui.</strong></span> <span class='ocrx_word' id='word_1_82' title='bbox 1745 1186 1811 1243; x_wconf 85' lang='lat' dir='ltr'><strong>Et</strong></span> <span class='ocrx_word' id='word_1_83' title='bbox 1844 1188 1998 1242; x_wconf 91' lang='lat' dir='ltr'><strong>initio</strong></span> 
     </span>
    </p>
   </div>
   <div class='ocr_carea' id='block_1_14' title="bbox 420 1277 1997 1358">
    <p class='ocr_par' dir='ltr' id='par_1_14' title="bbox 420 1277 1997 1358">
     <span class='ocr_line' id='line_1_14' title="bbox 420 1277 1997 1358; baseline -0.004 -20"><span class='ocrx_word' id='word_1_84' title='bbox 420 1285 639 1358; x_wconf 87' lang='lat' dir='ltr'><strong>quidem</strong></span> <span class='ocrx_word' id='word_1_85' title='bbox 676 1284 1108 1354; x_wconf 81' lang='lat' dir='ltr'><strong>persecutiOnem</strong></span> <span class='ocrx_word' id='word_1_86' title='bbox 1151 1279 1318 1350; x_wconf 81' lang='lat' dir='ltr'><strong>passi,</strong></span> <span class='ocrx_word' id='word_1_87' title='bbox 1369 1288 1422 1334; x_wconf 90' lang='lat' dir='ltr'><strong>et</strong></span> <span class='ocrx_word' id='word_1_88' title='bbox 1455 1279 1723 1349; x_wconf 84' lang='lat' dir='ltr'><strong>lapidibus</strong></span> <span class='ocrx_word' id='word_1_89' title='bbox 1769 1277 1997 1347; x_wconf 89' lang='lat' dir='ltr'><strong>itnpetiti</strong></span> 
     </span>
    </p>
   </div>
   <div class='ocr_carea' id='block_1_15' title="bbox 420 1368 1994 1439">
    <p class='ocr_par' dir='ltr' id='par_1_15' title="bbox 420 1368 1994 1439">
     <span class='ocr_line' id='line_1_15' title="bbox 420 1368 1994 1439; baseline -0.005 -6"><span class='ocrx_word' id='word_1_90' title='bbox 420 1392 633 1433; x_wconf 84' lang='lat' dir='ltr'><strong>sumus.</strong></span> <span class='ocrx_word' id='word_1_91' title='bbox 672 1373 1027 1430; x_wconf 84' lang='lat' dir='ltr'><strong>Postmodum</strong></span> <span class='ocrx_word' id='word_1_92' title='bbox 1057 1385 1188 1425; x_wconf 87' lang='lat' dir='ltr'><strong>vero</strong></span> <span class='ocrx_word' id='word_1_93' title='bbox 1227 1385 1335 1424; x_wconf 89' lang='lat' dir='ltr'><strong>non</strong></span> <span class='ocrx_word' id='word_1_94' title='bbox 1386 1370 1544 1439; x_wconf 85' lang='lat' dir='ltr'><strong>pauci</strong></span> <span class='ocrx_word' id='word_1_95' title='bbox 1573 1386 1638 1425; x_wconf 75' lang='lat' dir='ltr'><strong>ex</strong></span> <span class='ocrx_word' id='word_1_96' title='bbox 1672 1368 1994 1438; x_wconf 77' lang='lat' dir='ltr'><strong>gentilibus,</strong></span> 
     </span>
    </p>
   </div>
   <div class='ocr_carea' id='block_1_16' title="bbox 419 1460 1998 1530">
    <p class='ocr_par' dir='ltr' id='par_1_16' title="bbox 419 1460 1998 1530">
     <span class='ocr_line' id='line_1_16' title="bbox 419 1460 1998 1530; baseline -0.006 -3"><span class='ocrx_word' id='word_1_97' title='bbox 419 1469 626 1527; x_wconf 78' lang='lat' dir='ltr'><strong>relictis</strong></span> <span class='ocrx_word' id='word_1_98' title='bbox 673 1465 1004 1530; x_wconf 81' lang='lat' dir='ltr'><strong>simulacris,</strong></span> <span class='ocrx_word' id='word_1_99' title='bbox 1048 1465 1115 1520; x_wconf 89' lang='lat' dir='ltr'><strong>ad</strong></span> <span class='ocrx_word' id='word_1_100' title='bbox 1161 1464 1329 1519; x_wconf 87' lang='lat' dir='ltr'><strong>Deum</strong></span> <span class='ocrx_word' id='word_1_101' title='bbox 1382 1463 1628 1518; x_wconf 82' lang='lat' dir='ltr'><strong>conversi</strong></span> <span class='ocrx_word' id='word_1_102' title='bbox 1661 1471 1808 1517; x_wconf 87' lang='lat' dir='ltr'><strong>sunt.</strong></span> <span class='ocrx_word' id='word_1_103' title='bbox 1844 1460 1998 1517; x_wconf 89' lang='lat' dir='ltr'><strong>Tune</strong></span> 
     </span>
    </p>
   </div>
   <div class='ocr_carea' id='block_1_17' title="bbox 418 1552 1996 1630">
    <p class='ocr_par' dir='ltr' id='par_1_17' title="bbox 418 1552 1996 1630">
     <span class='ocr_line' id='line_1_17' title="bbox 418 1552 1996 1630; baseline -0.006 -14"><span class='ocrx_word' id='word_1_104' title='bbox 418 1560 564 1616; x_wconf 81' lang='lat' dir='ltr'><strong>enim</strong></span> <span class='ocrx_word' id='word_1_105' title='bbox 604 1559 845 1630; x_wconf 92' lang='lat' dir='ltr'><strong>primum</strong></span> <span class='ocrx_word' id='word_1_106' title='bbox 870 1555 1011 1626; x_wconf 87' lang='lat' dir='ltr'><strong>apud</strong></span> <span class='ocrx_word' id='word_1_107' title='bbox 1035 1554 1158 1609; x_wconf 88' lang='lat' dir='ltr'><strong>illos</strong></span> <span class='ocrx_word' id='word_1_108' title='bbox 1184 1553 1333 1608; x_wconf 82' lang='lat' dir='ltr'><strong>verbi</strong></span> <span class='ocrx_word' id='word_1_109' title='bbox 1362 1552 1531 1607; x_wconf 80' lang='lat' dir='ltr'><strong>divini</strong></span> <span class='ocrx_word' id='word_1_110' title='bbox 1561 1568 1656 1623; x_wconf 92' lang='lat' dir='ltr'><strong>per</strong></span> <span class='ocrx_word' id='word_1_111' title='bbox 1678 1566 1779 1606; x_wconf 90' lang='lat' dir='ltr'><strong>nos</strong></span> <span class='ocrx_word' id='word_1_112' title='bbox 1806 1566 1996 1620; x_wconf 88' lang='lat' dir='ltr'><strong>sparsa</strong></span> 
     </span>
    </p>
   </div>
   <div class='ocr_carea' id='block_1_18' title="bbox 419 1644 1994 1715">
    <p class='ocr_par' dir='ltr' id='par_1_18' title="bbox 419 1644 1994 1715">
     <span class='ocr_line' id='line_1_18' title="bbox 419 1644 1994 1715; baseline -0.006 -7"><span class='ocrx_word' id='word_1_113' title='bbox 419 1661 550 1709; x_wconf 87' lang='lat' dir='ltr'><strong>sunt</strong></span> <span class='ocrx_word' id='word_1_114' title='bbox 594 1650 839 1715; x_wconf 86' lang='lat' dir='ltr'><strong>semina,</strong></span> <span class='ocrx_word' id='word_1_115' title='bbox 890 1664 1014 1703; x_wconf 85' lang='lat' dir='ltr'><strong>cum</strong></span> <span class='ocrx_word' id='word_1_116' title='bbox 1061 1646 1191 1701; x_wconf 90' lang='lat' dir='ltr'><strong>illud</strong></span> <span class='ocrx_word' id='word_1_117' title='bbox 1243 1658 1400 1701; x_wconf 85' lang='lat' dir='ltr'><strong>antea</strong></span> <span class='ocrx_word' id='word_1_118' title='bbox 1457 1660 1567 1699; x_wconf 90' lang='lat' dir='ltr'><strong>non</strong></span> <span class='ocrx_word' id='word_1_119' title='bbox 1606 1644 1994 1714; x_wconf 81' lang='lat' dir='ltr'><strong>suscepissent.</strong></span> 
     </span>
    </p>
   </div>
   <div class='ocr_carea' id='block_1_19' title="bbox 417 1733 1996 1814">
    <p class='ocr_par' dir='ltr' id='par_1_19' title="bbox 417 1733 1996 1814">
     <span class='ocr_line' id='line_1_19' title="bbox 417 1733 1996 1814; baseline -0.006 -14"><span class='ocrx_word' id='word_1_120' title='bbox 417 1746 499 1800; x_wconf 81' lang='lat' dir='ltr'><strong>Ae</strong></span> <span class='ocrx_word' id='word_1_121' title='bbox 525 1759 754 1814; x_wconf 86' lang='lat' dir='ltr'><strong>prorsus</strong></span> <span class='ocrx_word' id='word_1_122' title='bbox 784 1741 942 1813; x_wconf 89' lang='lat' dir='ltr'><strong>quasi</strong></span> <span class='ocrx_word' id='word_1_123' title='bbox 971 1740 1115 1797; x_wconf 90' lang='lat' dir='ltr'><strong>Deus</strong></span> <span class='ocrx_word' id='word_1_124' title='bbox 1144 1739 1264 1810; x_wconf 86' lang='lat' dir='ltr'><strong>ejus</strong></span> <span class='ocrx_word' id='word_1_125' title='bbox 1315 1738 1392 1793; x_wconf 91' lang='lat' dir='ltr'><strong>rei</strong></span> <span class='ocrx_word' id='word_1_126' title='bbox 1434 1753 1600 1793; x_wconf 90' lang='lat' dir='ltr'><strong>causa</strong></span> <span class='ocrx_word' id='word_1_127' title='bbox 1637 1753 1737 1793; x_wconf 90' lang='lat' dir='ltr'><strong>nos</strong></span> <span class='ocrx_word' id='word_1_128' title='bbox 1775 1736 1841 1792; x_wconf 90' lang='lat' dir='ltr'><strong>ad</strong></span> <span class='ocrx_word' id='word_1_129' title='bbox 1875 1733 1996 1792; x_wconf 92' lang='lat' dir='ltr'><strong>illos</strong></span> 
     </span>
    </p>
   </div>
   <div class='ocr_carea' id='block_1_20' title="bbox 2108 536 3702 610">
    <p class='ocr_par' dir='ltr' id='par_1_20' title="bbox 2108 536 3702 610">
     <span class='ocr_line' id='line_1_20' title="bbox 2108 536 3702 610; baseline 0.001 -20"><span class='ocrx_word' id='word_1_130' title='bbox 2108 536 2243 591; x_wconf 81' lang='grc' dir='ltr'><strong>ἀλλά</strong></span> <span class='ocrx_word' id='word_1_131' title='bbox 2288 538 2412 602; x_wconf 79' lang='grc' dir='ltr'>τοὺς</span> <span class='ocrx_word' id='word_1_132' title='bbox 2454 538 2553 609; x_wconf 84' lang='grc' dir='ltr'>μὲν</span> <span class='ocrx_word' id='word_1_133' title='bbox 2584 540 2642 591; x_wconf 81' lang='grc' dir='ltr'><strong>ἐν</strong></span> <span class='ocrx_word' id='word_1_134' title='bbox 2680 541 2745 609; x_wconf 85' lang='grc' dir='ltr'>τῇ</span> <span class='ocrx_word' id='word_1_135' title='bbox 2792 538 2961 600; x_wconf 79' lang='grc' dir='ltr'>πόλει,</span> <span class='ocrx_word' id='word_1_136' title='bbox 2980 538 3394 609; x_wconf 84' lang='grc' dir='ltr'>σπουδαιότερον</span> <span class='ocrx_word' id='word_1_137' title='bbox 3429 538 3702 610; x_wconf 74' lang='grc' dir='ltr'>συνηκρὸ-</span> 
     </span>
    </p>
   </div>
   <div class='ocr_carea' id='block_1_21' title="bbox 2106 625 3696 702">
    <p class='ocr_par' dir='ltr' id='par_1_21' title="bbox 2106 625 3696 702">
     <span class='ocr_line' id='line_1_21' title="bbox 2106 625 3696 702; baseline 0.001 -21"><span class='ocrx_word' id='word_1_138' title='bbox 2106 646 2231 682; x_wconf 89' lang='grc' dir='ltr'>τουν</span> <span class='ocrx_word' id='word_1_139' title='bbox 2264 629 2340 693; x_wconf 84' lang='grc' dir='ltr'>ὡς</span> <span class='ocrx_word' id='word_1_140' title='bbox 2374 629 2578 683; x_wconf 74' lang='grc' dir='ltr'>συνώψ</span> <span class='ocrx_word' id='word_1_141' title='bbox 2609 629 2766 684; x_wconf 82' lang='grc' dir='ltr'>ἀπὼν</span> <span class='ocrx_word' id='word_1_142' title='bbox 2797 630 2895 701; x_wconf 82' lang='grc' dir='ltr'>μὲν</span> <span class='ocrx_word' id='word_1_143' title='bbox 2925 630 3005 701; x_wconf 81' lang='grc' dir='ltr'>τῷ</span> <span class='ocrx_word' id='word_1_144' title='bbox 3034 630 3242 702; x_wconf 87' lang='grc' dir='ltr'>σώματι</span> <span class='ocrx_word' id='word_1_145' title='bbox 3266 631 3355 695; x_wconf 84' lang='grc' dir='ltr'>ὡς’</span> <span class='ocrx_word' id='word_1_146' title='bbox 3378 625 3532 683; x_wconf 83' lang='grc' dir='ltr'>εἷπον</span> <span class='ocrx_word' id='word_1_147' title='bbox 3558 630 3696 702; x_wconf 69' lang='grc'><strong>(41),</strong></span> 
     </span>
    </p>
   </div>
   <div class='ocr_carea' id='block_1_22' title="bbox 2108 722 3699 795">
    <p class='ocr_par' dir='ltr' id='par_1_22' title="bbox 2108 722 3699 795">
     <span class='ocr_line' id='line_1_22' title="bbox 2108 722 3699 795; baseline 0.001 -21"><span class='ocrx_word' id='word_1_148' title='bbox 2108 722 2297 793; x_wconf 88' lang='grc' dir='ltr'>παρὼν</span> <span class='ocrx_word' id='word_1_149' title='bbox 2327 722 2383 775; x_wconf 83' lang='grc' dir='ltr'><strong>δὲ</strong></span> <span class='ocrx_word' id='word_1_150' title='bbox 2412 722 2492 793; x_wconf 81' lang='grc' dir='ltr'>τῷ</span> <span class='ocrx_word' id='word_1_151' title='bbox 2530 723 2822 793; x_wconf 88' lang='grc' dir='ltr'>πνεύματι.</span> <span class='ocrx_word' id='word_1_152' title='bbox 2867 724 2955 776; x_wconf 83' lang='grc' dir='ltr'>Ἐν</span> <span class='ocrx_word' id='word_1_153' title='bbox 2975 723 3031 776; x_wconf 85' lang='grc' dir='ltr'>δὲ</span> <span class='ocrx_word' id='word_1_154' title='bbox 3063 726 3128 794; x_wconf 81' lang='grc' dir='ltr'>τῇ</span> <span class='ocrx_word' id='word_1_155' title='bbox 3162 725 3392 795; x_wconf 83' lang='grc' dir='ltr'>Κεφροί,</span> <span class='ocrx_word' id='word_1_156' title='bbox 3437 724 3533 776; x_wconf 73' lang='grc' dir='ltr'>καὶ</span> <span class='ocrx_word' id='word_1_157' title='bbox 3566 723 3699 776; x_wconf 77' lang='grc' dir='ltr'>πολ-</span> 
     </span>
    </p>
   </div>
   <div class='ocr_carea' id='block_1_23' title="bbox 2106 812 3701 888">
    <p class='ocr_par' dir='ltr' id='par_1_23' title="bbox 2106 812 3701 888">
     <span class='ocr_line' id='line_1_23' title="bbox 2106 812 3701 888; baseline 0.002 -22"><span class='ocrx_word' id='word_1_158' title='bbox 2106 812 2171 884; x_wconf 82' lang='grc' dir='ltr'>λὴ</span> <span class='ocrx_word' id='word_1_159' title='bbox 2216 815 2655 887; x_wconf 80' lang='grc' dir='ltr'>συνεπεδήμησεν</span> <span class='ocrx_word' id='word_1_160' title='bbox 2697 818 2826 886; x_wconf 75' lang='grc' dir='ltr'>ἡμῖν</span> <span class='ocrx_word' id='word_1_161' title='bbox 2852 815 3149 886; x_wconf 67' lang='grc' dir='ltr'>ἐκκλησία*</span> <span class='ocrx_word' id='word_1_162' title='bbox 3182 816 3289 869; x_wconf 82' lang='grc' dir='ltr'><strong>τῶν</strong></span> <span class='ocrx_word' id='word_1_163' title='bbox 3329 817 3429 888; x_wconf 79' lang='grc' dir='ltr'>μὲν</span> <span class='ocrx_word' id='word_1_164' title='bbox 3462 816 3574 870; x_wconf 70' lang='grc' dir='ltr'>ἀπὸ</span> <span class='ocrx_word' id='word_1_165' title='bbox 3599 816 3701 886; x_wconf 76' lang='grc' dir='ltr'>τῆς</span> 
     </span>
    </p>
   </div>
   <div class='ocr_carea' id='block_1_24' title="bbox 2106 904 3700 979">
    <p class='ocr_par' dir='ltr' id='par_1_24' title="bbox 2106 904 3700 979">
     <span class='ocr_line' id='line_1_24' title="bbox 2106 904 3700 979; baseline 0.002 -21"><span class='ocrx_word' id='word_1_166' title='bbox 2106 904 2313 970; x_wconf 83' lang='grc' dir='ltr'>πόλεως</span> <span class='ocrx_word' id='word_1_167' title='bbox 2361 907 2603 976; x_wconf 75' lang='grc' dir='ltr'>ἀδελφῶν</span> <span class='ocrx_word' id='word_1_168' title='bbox 2644 908 2956 979; x_wconf 79' lang='grc' dir='ltr'>ἑπομένων,</span> <span class='ocrx_word' id='word_1_169' title='bbox 2999 908 3107 961; x_wconf 89' lang='grc' dir='ltr'><strong>τῶν</strong></span> <span class='ocrx_word' id='word_1_170' title='bbox 3156 909 3211 962; x_wconf 79' lang='grc' dir='ltr'><strong>δὲ</strong></span> <span class='ocrx_word' id='word_1_171' title='bbox 3259 909 3549 962; x_wconf 77' lang='grc' dir='ltr'><strong>συνιόντων</strong></span> <span class='ocrx_word' id='word_1_172' title='bbox 3603 910 3700 961; x_wconf 78' lang='grc' dir='ltr'>ἀπ’</span> 
     </span>
    </p>
   </div>
   <div class='ocr_carea' id='block_1_25' title="bbox 2105 991 3700 1069">
    <p class='ocr_par' dir='ltr' id='par_1_25' title="bbox 2105 991 3700 1069">
     <span class='ocr_line' id='line_1_25' title="bbox 2105 991 3700 1069; baseline 0.001 -19"><span class='ocrx_word' id='word_1_173' title='bbox 2105 994 2405 1064; x_wconf 74' lang='grc' dir='ltr'>Αἰγύπτου.</span> <span class='ocrx_word' id='word_1_174' title='bbox 2441 996 2620 1049; x_wconf 81' lang='grc' dir='ltr'>Κάκεῖ</span> <span class='ocrx_word' id='word_1_175' title='bbox 2668 996 2836 1069; x_wconf 87' lang='grc' dir='ltr'>θύραν</span> <span class='ocrx_word' id='word_1_176' title='bbox 2877 999 3009 1068; x_wconf 73' lang='grc' dir='ltr'>ἡμῖν</span> <span class='ocrx_word' id='word_1_177' title='bbox 3061 998 3091 1049; x_wconf 91' lang='grc' dir='ltr'><strong>ό</strong></span> <span class='ocrx_word' id='word_1_178' title='bbox 3147 998 3280 1061; x_wconf 74' lang='grc' dir='ltr'>Θεὸς</span> <span class='ocrx_word' id='word_1_179' title='bbox 3338 998 3546 1069; x_wconf 77' lang='grc' dir='ltr'>ἀνέῳξε</span> <span class='ocrx_word' id='word_1_180' title='bbox 3604 991 3700 1052; x_wconf 73' lang='grc' dir='ltr'>τοῦ</span> 
     </span>
    </p>
   </div>
   <div class='ocr_carea' id='block_1_26' title="bbox 2105 1087 3703 1161">
    <p class='ocr_par' dir='ltr' id='par_1_26' title="bbox 2105 1087 3703 1161">
     <span class='ocr_line' id='line_1_26' title="bbox 2105 1087 3703 1161; baseline 0.001 -20"><span class='ocrx_word' id='word_1_181' title='bbox 2105 1087 2284 1157; x_wconf 90' lang='grc' dir='ltr'>λόγου.</span> <span class='ocrx_word' id='word_1_182' title='bbox 2333 1088 2444 1141; x_wconf 74' lang='grc' dir='ltr'><strong>Καὶ</strong></span> <span class='ocrx_word' id='word_1_183' title='bbox 2474 1088 2536 1141; x_wconf 83' lang='grc' dir='ltr'><strong>τὸ</strong></span> <span class='ocrx_word' id='word_1_184' title='bbox 2574 1087 2673 1159; x_wconf 85' lang='grc' dir='ltr'><strong>μὲν</strong></span> <span class='ocrx_word' id='word_1_185' title='bbox 2718 1087 2933 1159; x_wconf 88' lang='grc' dir='ltr'>πρῶτον</span> <span class='ocrx_word' id='word_1_186' title='bbox 2976 1088 3343 1161; x_wconf 84' lang='grc' dir='ltr'>ὲδιώχθημεν,</span> <span class='ocrx_word' id='word_1_187' title='bbox 3384 1089 3703 1161; x_wconf 75' lang='grc' dir='ltr'>ὲλιθοϐολή-</span> 
     </span>
    </p>
   </div>
   <div class='ocr_carea' id='block_1_27' title="bbox 2106 1179 3702 1253">
    <p class='ocr_par' dir='ltr' id='par_1_27' title="bbox 2106 1179 3702 1253">
     <span class='ocr_line' id='line_1_27' title="bbox 2106 1179 3702 1253; baseline 0.002 -19"><span class='ocrx_word' id='word_1_188' title='bbox 2106 1179 2312 1253; x_wconf 84' lang='grc' dir='ltr'>θημεν·</span> <span class='ocrx_word' id='word_1_189' title='bbox 2353 1179 2577 1252; x_wconf 73' lang='grc' dir='ltr'>ὕστερον</span> <span class='ocrx_word' id='word_1_190' title='bbox 2610 1180 2669 1234; x_wconf 76' lang='grc' dir='ltr'>δέ</span> <span class='ocrx_word' id='word_1_191' title='bbox 2707 1197 2853 1244; x_wconf 86' lang='grc' dir='ltr'>τινες</span> <span class='ocrx_word' id='word_1_192' title='bbox 2885 1180 3056 1250; x_wconf 85' lang='grc' dir='ltr'>ὀλίγοι</span> <span class='ocrx_word' id='word_1_193' title='bbox 3074 1182 3183 1235; x_wconf 87' lang='grc' dir='ltr'><strong>τῶν</strong></span> <span class='ocrx_word' id='word_1_194' title='bbox 3209 1183 3376 1237; x_wconf 80' lang='grc' dir='ltr'>ἐθνῶν</span> <span class='ocrx_word' id='word_1_195' title='bbox 3399 1182 3471 1236; x_wconf 80' lang='grc' dir='ltr'>τὰ</span> <span class='ocrx_word' id='word_1_196' title='bbox 3501 1182 3702 1237; x_wconf 72' lang='grc' dir='ltr'>εἴδωλα</span> 
     </span>
    </p>
   </div>
   <div class='ocr_carea' id='block_1_28' title="bbox 2105 1271 3698 1346">
    <p class='ocr_par' dir='ltr' id='par_1_28' title="bbox 2105 1271 3698 1346">
     <span class='ocr_line' id='line_1_28' title="bbox 2105 1271 3698 1346; baseline 0.001 -20"><span class='ocrx_word' id='word_1_197' title='bbox 2105 1271 2513 1337; x_wconf 76' lang='grc' dir='ltr'><strong>καταλιπόντες,</strong></span> <span class='ocrx_word' id='word_1_198' title='bbox 2559 1272 2899 1344; x_wconf 50' lang='grc' dir='ltr'>ἐπέστρεψαν</span> <span class='ocrx_word' id='word_1_199' title='bbox 2939 1275 3034 1327; x_wconf 63' lang='grc' dir='ltr'>ἐπὶ</span> <span class='ocrx_word' id='word_1_200' title='bbox 3060 1275 3154 1328; x_wconf 83' lang='grc' dir='ltr'><strong>τὸν</strong></span> <span class='ocrx_word' id='word_1_201' title='bbox 3185 1275 3336 1329; x_wconf 87' lang='grc' dir='ltr'>Θεόν.</span> <span class='ocrx_word' id='word_1_202' title='bbox 3385 1276 3461 1329; x_wconf 84' lang='grc' dir='ltr'><strong>Οὐ</strong></span> <span class='ocrx_word' id='word_1_203' title='bbox 3492 1276 3698 1346; x_wconf 83' lang='grc' dir='ltr'>πρότε-</span> 
     </span>
    </p>
   </div>
   <div class='ocr_carea' id='block_1_29' title="bbox 2108 1364 3701 1441">
    <p class='ocr_par' dir='ltr' id='par_1_29' title="bbox 2108 1364 3701 1441">
     <span class='ocr_line' id='line_1_29' title="bbox 2108 1364 3701 1441; baseline 0.003 -24"><span class='ocrx_word' id='word_1_204' title='bbox 2108 1382 2199 1437; x_wconf 92' lang='grc' dir='ltr'><strong>ρον</strong></span> <span class='ocrx_word' id='word_1_205' title='bbox 2244 1364 2354 1436; x_wconf 79' lang='grc' dir='ltr'>γὰρ</span> <span class='ocrx_word' id='word_1_206' title='bbox 2417 1365 2882 1437; x_wconf 79' lang='grc' dir='ltr'>παραδεξαμένοις</span> <span class='ocrx_word' id='word_1_207' title='bbox 2927 1368 3146 1434; x_wconf 77' lang='grc' dir='ltr'>αὐτοῖς,</span> <span class='ocrx_word' id='word_1_208' title='bbox 3186 1369 3307 1422; x_wconf 87' lang='grc' dir='ltr'>τότε</span> <span class='ocrx_word' id='word_1_209' title='bbox 3354 1369 3578 1441; x_wconf 83' lang='grc' dir='ltr'>πρῶτον</span> <span class='ocrx_word' id='word_1_210' title='bbox 3631 1368 3701 1422; x_wconf 82' lang='grc' dir='ltr'>δι’</span> 
     </span>
    </p>
   </div>
   <div class='ocr_carea' id='block_1_30' title="bbox 2102 1456 3701 1531">
    <p class='ocr_par' dir='ltr' id='par_1_30' title="bbox 2102 1456 3701 1531">
     <span class='ocr_line' id='line_1_30' title="bbox 2102 1456 3701 1531; baseline 0.001 -21"><span class='ocrx_word' id='word_1_211' title='bbox 2102 1456 2261 1530; x_wconf 77' lang='grc' dir='ltr'>ἡμῶν</span> <span class='ocrx_word' id='word_1_212' title='bbox 2293 1459 2322 1511; x_wconf 89' lang='grc' dir='ltr'><strong>ό</strong></span> <span class='ocrx_word' id='word_1_213' title='bbox 2354 1456 2511 1525; x_wconf 83' lang='grc' dir='ltr'>λόγος</span> <span class='ocrx_word' id='word_1_214' title='bbox 2542 1460 2852 1531; x_wconf 82' lang='grc' dir='ltr'>ὲπεσπάρη.</span> <span class='ocrx_word' id='word_1_215' title='bbox 2900 1461 3011 1514; x_wconf 76' lang='grc' dir='ltr'><strong>Καὶ</strong></span> <span class='ocrx_word' id='word_1_216' title='bbox 3052 1460 3243 1531; x_wconf 78' lang='grc' dir='ltr'>ὥσπερ</span> <span class='ocrx_word' id='word_1_217' title='bbox 3277 1460 3470 1513; x_wconf 83' lang='grc' dir='ltr'>τούτου</span> <span class='ocrx_word' id='word_1_218' title='bbox 3507 1460 3701 1513; x_wconf 72' lang='grc' dir='ltr'>ἕνεκεν</span> 
     </span>
    </p>
   </div>
   <div class='ocr_carea' id='block_1_31' title="bbox 2101 1551 3701 1626">
    <p class='ocr_par' dir='ltr' id='par_1_31' title="bbox 2101 1551 3701 1626">
     <span class='ocr_line' id='line_1_31' title="bbox 2101 1551 3701 1626; baseline 0.002 -21"><span class='ocrx_word' id='word_1_219' title='bbox 2101 1551 2407 1623; x_wconf 82' lang='grc' dir='ltr'>ἀπαγαγὼν</span> <span class='ocrx_word' id='word_1_220' title='bbox 2450 1554 2597 1625; x_wconf 83' lang='grc' dir='ltr'>ἡμᾶς</span> <span class='ocrx_word' id='word_1_221' title='bbox 2629 1555 2767 1626; x_wconf 71' lang='grc' dir='ltr'>πρὸς</span> <span class='ocrx_word' id='word_1_222' title='bbox 2799 1555 2997 1620; x_wconf 77' lang='grc' dir='ltr'>αὐτοὺς</span> <span class='ocrx_word' id='word_1_223' title='bbox 3034 1558 3063 1609; x_wconf 90' lang='grc' dir='ltr'><strong>ό</strong></span> <span class='ocrx_word' id='word_1_224' title='bbox 3086 1555 3254 1620; x_wconf 78' lang='grc' dir='ltr'>θεὸς,</span> <span class='ocrx_word' id='word_1_225' title='bbox 3288 1555 3410 1609; x_wconf 77' lang='grc' dir='ltr'>ἐπεὶ</span> <span class='ocrx_word' id='word_1_226' title='bbox 3447 1555 3547 1626; x_wconf 78' lang='grc' dir='ltr'>τὴν</span> <span class='ocrx_word' id='word_1_227' title='bbox 3580 1555 3701 1608; x_wconf 86' lang='grc' dir='ltr'>δια-</span> 
     </span>
    </p>
   </div>
   <div class='ocr_carea' id='block_1_32' title="bbox 2102 1646 3701 1721">
    <p class='ocr_par' dir='ltr' id='par_1_32' title="bbox 2102 1646 3701 1721">
     <span class='ocr_line' id='line_1_32' title="bbox 2102 1646 3701 1721; baseline 0.002 -23"><span class='ocrx_word' id='word_1_228' title='bbox 2102 1646 2288 1700; x_wconf 89' lang='grc' dir='ltr'>κονίαν</span> <span class='ocrx_word' id='word_1_229' title='bbox 2336 1646 2542 1718; x_wconf 87' lang='grc' dir='ltr'>ταύτην</span> <span class='ocrx_word' id='word_1_230' title='bbox 2590 1647 2984 1720; x_wconf 80' lang='grc' dir='ltr'>ἐπληρώσαμεν</span> <span class='ocrx_word' id='word_1_231' title='bbox 3007 1688 3023 1714; x_wconf 94' lang='grc'><strong>,</strong></span> <span class='ocrx_word' id='word_1_232' title='bbox 3058 1650 3219 1704; x_wconf 78' lang='grc' dir='ltr'>πάλιν</span> <span class='ocrx_word' id='word_1_233' title='bbox 3256 1650 3600 1721; x_wconf 79' lang='grc' dir='ltr'>ἀπαγήοχεν.</span> <span class='ocrx_word' id='word_1_234' title='bbox 3641 1649 3701 1702; x_wconf 86' lang='grc' dir='ltr'><strong>Ὃ</strong></span> 
     </span>
    </p>
   </div>
   <div class='ocr_carea' id='block_1_33' title="bbox 2100 1735 3700 1812">
    <p class='ocr_par' dir='ltr' id='par_1_33' title="bbox 2100 1735 3700 1812">
     <span class='ocr_line' id='line_1_33' title="bbox 2100 1735 3700 1812; baseline 0.002 -22"><span class='ocrx_word' id='word_1_235' title='bbox 2100 1735 2210 1808; x_wconf 82' lang='grc' dir='ltr'><strong>γὰρ</strong></span> <span class='ocrx_word' id='word_1_236' title='bbox 2249 1737 2565 1808; x_wconf 71' lang='grc' dir='ltr'>Αἰμιλιανὸς</span> <span class='ocrx_word' id='word_1_237' title='bbox 2595 1740 2676 1802; x_wconf 76' lang='grc' dir='ltr'><strong>εἰς</strong></span> <span class='ocrx_word' id='word_1_238' title='bbox 2704 1741 3077 1811; x_wconf 82' lang='grc' dir='ltr'>τραχυτέρους</span> <span class='ocrx_word' id='word_1_239' title='bbox 3102 1741 3223 1812; x_wconf 83' lang='grc' dir='ltr'>μὲν,</span> <span class='ocrx_word' id='word_1_240' title='bbox 3254 1739 3332 1803; x_wconf 84' lang='grc' dir='ltr'>ὡς</span> <span class='ocrx_word' id='word_1_241' title='bbox 3370 1739 3572 1800; x_wconf 78' lang='grc' dir='ltr'>ἐδόκει,</span> <span class='ocrx_word' id='word_1_242' title='bbox 3604 1741 3700 1794; x_wconf 77' lang='grc' dir='ltr'><strong>καὶ</strong></span> 
     </span>
    </p>
   </div>
   <div class='ocr_carea' id='block_1_34' title="bbox 417 1827 1999 1908">
    <p class='ocr_par' dir='ltr' id='par_1_34' title="bbox 417 1827 1999 1908">
     <span class='ocr_line' id='line_1_34' title="bbox 417 1827 1999 1908; baseline -0.006 -16"><span class='ocrx_word' id='word_1_243' title='bbox 417 1836 783 1908; x_wconf 73' lang='lat' dir='ltr'><strong>perduxisset,</strong></span> <span class='ocrx_word' id='word_1_244' title='bbox 834 1846 1124 1906; x_wconf 82' lang='lat' dir='ltr'><strong>postquam</strong></span> <span class='ocrx_word' id='word_1_245' title='bbox 1164 1830 1296 1886; x_wconf 84' lang='lat' dir='ltr'><strong>illud</strong></span> <span class='ocrx_word' id='word_1_246' title='bbox 1347 1830 1712 1885; x_wconf 90' lang='lat' dir='ltr'><strong>ministerium</strong></span> <span class='ocrx_word' id='word_1_247' title='bbox 1759 1827 1999 1899; x_wconf 83' lang='lat' dir='ltr'><strong>implevi-</strong></span> 
     </span>
    </p>
   </div>
   <div class='ocr_carea' id='block_1_35' title="bbox 2105 1827 3695 1908">
    <p class='ocr_par' dir='ltr' id='par_1_35' title="bbox 2105 1828 3695 1905">
     <span class='ocr_line' id='line_1_35' title="bbox 2105 1828 3695 1905; baseline 0.003 -24"><span class='ocrx_word' id='word_1_248' title='bbox 2105 1828 2512 1903; x_wconf 75' lang='grc' dir='ltr'>Λιϐυκωτέρους</span> <span class='ocrx_word' id='word_1_249' title='bbox 2549 1832 2697 1902; x_wconf 82' lang='grc' dir='ltr'>ἡμᾶς</span> <span class='ocrx_word' id='word_1_250' title='bbox 2748 1832 3087 1904; x_wconf 81' lang='grc' dir='ltr'>μεταστῆσαι</span> <span class='ocrx_word' id='word_1_251' title='bbox 3135 1834 3335 1897; x_wconf 79' lang='grc' dir='ltr'><strong>τόπους</strong></span> <span class='ocrx_word' id='word_1_252' title='bbox 3380 1832 3695 1905; x_wconf 65' lang='grc' dir='ltr'>ἐϐουλήθηδ</span> 
     </span>
    </p>
   </div>
   <div class='ocr_carea' id='block_1_36' title="bbox 418 1920 1995 1993">
    <p class='ocr_par' dir='ltr' id='par_1_36' title="bbox 418 1920 1995 1993">
     <span class='ocr_line' id='line_1_36' title="bbox 418 1920 1995 1993; baseline -0.004 -11"><span class='ocrx_word' id='word_1_253' title='bbox 418 1942 544 1982; x_wconf 89' lang='lat' dir='ltr'><strong>mus</strong></span> <span class='ocrx_word' id='word_1_254' title='bbox 570 1968 585 1993; x_wconf 91' lang='lat'><strong>,</strong></span> <span class='ocrx_word' id='word_1_255' title='bbox 635 1926 829 1981; x_wconf 85' lang='lat' dir='ltr'><strong>iterum</strong></span> <span class='ocrx_word' id='word_1_256' title='bbox 864 1939 965 1979; x_wconf 90' lang='lat' dir='ltr'><strong>nos</strong></span> <span class='ocrx_word' id='word_1_257' title='bbox 996 1924 1106 1978; x_wconf 90' lang='lat' dir='ltr'><strong>alio</strong></span> <span class='ocrx_word' id='word_1_258' title='bbox 1151 1922 1444 1978; x_wconf 86' lang='lat' dir='ltr'><strong>transtulit.</strong></span> <span class='ocrx_word' id='word_1_259' title='bbox 1495 1920 1708 1976; x_wconf 82' lang='lat' dir='ltr'><strong>Etenim</strong></span> <span class='ocrx_word' id='word_1_260' title='bbox 1751 1920 1995 1976; x_wconf 66' lang='lat' dir='ltr'><strong>Emilia—</strong></span> 
     </span>
    </p>
   </div>
   <div class='ocr_carea' id='block_1_37' title="bbox 417 2014 2000 2088">
    <p class='ocr_par' dir='ltr' id='par_1_37' title="bbox 417 2014 2000 2088">
     <span class='ocr_line' id='line_1_37' title="bbox 417 2014 2000 2088; baseline -0.004 -15"><span class='ocrx_word' id='word_1_261' title='bbox 417 2033 523 2075; x_wconf 90' lang='lat' dir='ltr'><strong>nus</strong></span> <span class='ocrx_word' id='word_1_262' title='bbox 550 2018 605 2073; x_wconf 92' lang='lat' dir='ltr'><strong>in</strong></span> <span class='ocrx_word' id='word_1_263' title='bbox 634 2017 912 2088; x_wconf 85' lang='lat' dir='ltr'><strong>asperiora</strong></span> <span class='ocrx_word' id='word_1_264' title='bbox 943 2017 1189 2087; x_wconf 73' lang='lat' dir='ltr'><strong>quaedam</strong></span> <span class='ocrx_word' id='word_1_265' title='bbox 1221 2015 1361 2078; x_wconf 80' lang='lat' dir='ltr'><strong>loca.</strong></span> <span class='ocrx_word' id='word_1_266' title='bbox 1406 2024 1460 2069; x_wconf 91' lang='lat' dir='ltr'><strong>et</strong></span> <span class='ocrx_word' id='word_1_267' title='bbox 1508 2024 1568 2069; x_wconf 95' lang='lat' dir='ltr'><strong>ut</strong></span> <span class='ocrx_word' id='word_1_268' title='bbox 1607 2014 1863 2070; x_wconf 89' lang='lat' dir='ltr'><strong>credebat</strong></span> <span class='ocrx_word' id='word_1_269' title='bbox 1888 2029 2000 2067; x_wconf 83' lang='lat' dir='ltr'><strong>ma—</strong></span> 
     </span>
    </p>
   </div>
   <div class='ocr_carea' id='block_1_38' title="bbox 417 2104 2002 2183">
    <p class='ocr_par' dir='ltr' id='par_1_38' title="bbox 417 2104 2002 2183">
     <span class='ocr_line' id='line_1_38' title="bbox 417 2104 2002 2183; baseline -0.002 -17"><span class='ocrx_word' id='word_1_270' title='bbox 417 2112 502 2183; x_wconf 84' lang='lat' dir='ltr'><strong>gis</strong></span> <span class='ocrx_word' id='word_1_271' title='bbox 533 2110 755 2183; x_wconf 81' lang='lat' dir='ltr'><strong>Libyca,</strong></span> <span class='ocrx_word' id='word_1_272' title='bbox 784 2124 886 2165; x_wconf 89' lang='lat' dir='ltr'><strong>nos</strong></span> <span class='ocrx_word' id='word_1_273' title='bbox 912 2116 1284 2179; x_wconf 88' lang='lat' dir='ltr'><strong>transportare</strong></span> <span class='ocrx_word' id='word_1_274' title='bbox 1316 2107 1620 2163; x_wconf 88' lang='lat' dir='ltr'><strong>constituit.</strong></span> <span class='ocrx_word' id='word_1_275' title='bbox 1674 2104 1743 2161; x_wconf 88' lang='lat' dir='ltr'><strong>Et</strong></span> <span class='ocrx_word' id='word_1_276' title='bbox 1789 2107 2002 2163; x_wconf 90' lang='lat' dir='ltr'><strong>cunctis</strong></span> 
     </span>
    </p>
   </div>
   <div class='ocr_carea' id='block_1_39' title="bbox 415 2196 2001 2271">
    <p class='ocr_par' dir='ltr' id='par_1_39' title="bbox 415 2196 2001 2271">
     <span class='ocr_line' id='line_1_39' title="bbox 415 2196 2001 2271; baseline -0.004 -13"><span class='ocrx_word' id='word_1_277' title='bbox 415 2202 782 2271; x_wconf 87' lang='lat' dir='ltr'><strong>undecunque</strong></span> <span class='ocrx_word' id='word_1_278' title='bbox 821 2199 889 2254; x_wconf 86' lang='lat' dir='ltr'><strong>ad</strong></span> <span class='ocrx_word' id='word_1_279' title='bbox 918 2198 1267 2254; x_wconf 86' lang='lat' dir='ltr'><strong>Mareoticam</strong></span> <span class='ocrx_word' id='word_1_280' title='bbox 1303 2196 1679 2269; x_wconf 75' lang='lat' dir='ltr'><strong>praefecturam</strong></span> <span class='ocrx_word' id='word_1_281' title='bbox 1727 2196 2001 2252; x_wconf 80' lang='lat' dir='ltr'><strong>conﬂuere</strong></span> 
     </span>
    </p>
   </div>
   <div class='ocr_carea' id='block_1_40' title="bbox 415 2286 2001 2358">
    <p class='ocr_par' dir='ltr' id='par_1_40' title="bbox 415 2286 2001 2358">
     <span class='ocr_line' id='line_1_40' title="bbox 415 2286 2001 2358; baseline 0 -16"><span class='ocrx_word' id='word_1_282' title='bbox 415 2288 608 2358; x_wconf 85' lang='lat' dir='ltr'><strong>jussis,</strong></span> <span class='ocrx_word' id='word_1_283' title='bbox 641 2290 793 2343; x_wconf 80' lang='lat' dir='ltr'><strong>vicos</strong></span> <span class='ocrx_word' id='word_1_284' title='bbox 821 2302 916 2357; x_wconf 89' lang='lat' dir='ltr'><strong>per</strong></span> <span class='ocrx_word' id='word_1_285' title='bbox 942 2287 1219 2358; x_wconf 84' lang='lat' dir='ltr'><strong>regionem</strong></span> <span class='ocrx_word' id='word_1_286' title='bbox 1254 2288 1399 2341; x_wconf 84' lang='lat' dir='ltr'><strong>illam</strong></span> <span class='ocrx_word' id='word_1_287' title='bbox 1450 2287 1728 2357; x_wconf 87' lang='lat' dir='ltr'><strong>dispersos</strong></span> <span class='ocrx_word' id='word_1_288' title='bbox 1772 2286 2001 2355; x_wconf 78' lang='lat' dir='ltr'><strong>singulis</strong></span> 
     </span>
    </p>
   </div>
   <div class='ocr_carea' id='block_1_41' title="bbox 417 2378 2002 2452">
    <p class='ocr_par' dir='ltr' id='par_1_41' title="bbox 417 2378 2002 2452">
     <span class='ocr_line' id='line_1_41' title="bbox 417 2378 2002 2452; baseline -0.001 -18"><span class='ocrx_word' id='word_1_289' title='bbox 417 2380 721 2452; x_wconf 76' lang='lat' dir='ltr'><strong>assignavit</strong></span> <span class='ocrx_word' id='word_1_290' title='bbox 752 2399 767 2435; x_wconf 88' lang='lat'><strong>:</strong></span> <span class='ocrx_word' id='word_1_291' title='bbox 796 2395 897 2436; x_wconf 87' lang='lat' dir='ltr'><strong>nos</strong></span> <span class='ocrx_word' id='word_1_292' title='bbox 929 2395 1059 2434; x_wconf 87' lang='lat' dir='ltr'><strong>vero</strong></span> <span class='ocrx_word' id='word_1_293' title='bbox 1099 2380 1273 2449; x_wconf 82' lang='lat' dir='ltr'><strong>magis</strong></span> <span class='ocrx_word' id='word_1_294' title='bbox 1319 2380 1385 2433; x_wconf 79' lang='lat' dir='ltr'><strong>ad</strong></span> <span class='ocrx_word' id='word_1_295' title='bbox 1424 2379 1565 2433; x_wconf 89' lang='lat' dir='ltr'><strong>viam</strong></span> <span class='ocrx_word' id='word_1_296' title='bbox 1601 2378 1896 2449; x_wconf 88' lang='lat' dir='ltr'><strong>publicam,</strong></span> <span class='ocrx_word' id='word_1_297' title='bbox 1942 2387 2002 2433; x_wconf 87' lang='lat' dir='ltr'><strong>ut</strong></span> 
     </span>
    </p>
   </div>
   <div class='ocr_carea' id='block_1_42' title="bbox 2104 1920 3701 1998">
    <p class='ocr_par' dir='ltr' id='par_1_42' title="bbox 2104 1920 3701 1998">
     <span class='ocr_line' id='line_1_42' title="bbox 2104 1920 3701 1998; baseline 0.004 -25"><span class='ocrx_word' id='word_1_298' title='bbox 2104 1920 2202 1974; x_wconf 73' lang='grc' dir='ltr'>καὶ</span> <span class='ocrx_word' id='word_1_299' title='bbox 2233 1921 2360 1985; x_wconf 80' lang='grc' dir='ltr'>τοὺς</span> <span class='ocrx_word' id='word_1_300' title='bbox 2385 1923 2690 1994; x_wconf 73' lang='grc' dir='ltr'><strong>πανταχόσε</strong></span> <span class='ocrx_word' id='word_1_301' title='bbox 2725 1926 2804 1989; x_wconf 83' lang='grc' dir='ltr'>εἰς</span> <span class='ocrx_word' id='word_1_302' title='bbox 2835 1924 2927 1979; x_wconf 72' lang='grc' dir='ltr'><strong>τόν</strong></span> <span class='ocrx_word' id='word_1_303' title='bbox 2955 1924 3264 1998; x_wconf 90' lang='grc' dir='ltr'>Μαρεώτην</span> <span class='ocrx_word' id='word_1_304' title='bbox 3285 1925 3548 1979; x_wconf 76' lang='grc' dir='ltr'>ἐκέλευσε</span> <span class='ocrx_word' id='word_1_305' title='bbox 3580 1927 3701 1997; x_wconf 77' lang='grc' dir='ltr'>συῤ-</span> 
     </span>
    </p>
   </div>
   <div class='ocr_carea' id='block_1_43' title="bbox 2108 2013 3697 2090">
    <p class='ocr_par' dir='ltr' id='par_1_43' title="bbox 2108 2013 3697 2090">
     <span class='ocr_line' id='line_1_43' title="bbox 2108 2013 3697 2090; baseline 0.006 -27"><span class='ocrx_word' id='word_1_306' title='bbox 2108 2014 2242 2082; x_wconf 79' lang='grc' dir='ltr'>ῥεῖν,</span> <span class='ocrx_word' id='word_1_307' title='bbox 2289 2013 2482 2084; x_wconf 84' lang='grc' dir='ltr'>κώμας</span> <span class='ocrx_word' id='word_1_308' title='bbox 2528 2014 2778 2080; x_wconf 83' lang='grc' dir='ltr'><strong>ἑκάστοις</strong></span> <span class='ocrx_word' id='word_1_309' title='bbox 2815 2018 2923 2070; x_wconf 87' lang='grc' dir='ltr'><strong>τῶν</strong></span> <span class='ocrx_word' id='word_1_310' title='bbox 2972 2017 3113 2071; x_wconf 87' lang='grc' dir='ltr'><strong>κατά</strong></span> <span class='ocrx_word' id='word_1_311' title='bbox 3154 2017 3338 2090; x_wconf 87' lang='grc' dir='ltr'>χώραν</span> <span class='ocrx_word' id='word_1_312' title='bbox 3378 2018 3656 2090; x_wconf 64' lang='grc' dir='ltr'>ἀφορίσας</span> <span class='ocrx_word' id='word_1_313' title='bbox 3682 2036 3697 2049; x_wconf 75' lang='grc' dir='ltr'><strong><em>ο</em></strong></span> 
     </span>
    </p>
   </div>
   <div class='ocr_carea' id='block_1_44' title="bbox 2105 2106 3702 2183">
    <p class='ocr_par' dir='ltr' id='par_1_44' title="bbox 2105 2106 3702 2183">
     <span class='ocr_line' id='line_1_44' title="bbox 2105 2106 3702 2183; baseline 0.004 -25"><span class='ocrx_word' id='word_1_314' title='bbox 2105 2107 2254 2176; x_wconf 77' lang='grc' dir='ltr'>ἡμᾶς</span> <span class='ocrx_word' id='word_1_315' title='bbox 2294 2106 2351 2159; x_wconf 80' lang='grc' dir='ltr'>δὲ</span> <span class='ocrx_word' id='word_1_316' title='bbox 2379 2106 2577 2178; x_wconf 81' lang='grc' dir='ltr'>μᾶλλον</span> <span class='ocrx_word' id='word_1_317' title='bbox 2606 2108 2664 2161; x_wconf 84' lang='grc' dir='ltr'>ὲν</span> <span class='ocrx_word' id='word_1_318' title='bbox 2695 2108 2821 2179; x_wconf 83' lang='grc' dir='ltr'>ὁδῷ,</span> <span class='ocrx_word' id='word_1_319' title='bbox 2862 2110 2957 2163; x_wconf 77' lang='grc' dir='ltr'>καὶ</span> <span class='ocrx_word' id='word_1_320' title='bbox 3003 2108 3251 2181; x_wconf 81' lang='grc' dir='ltr'><strong>πρώτους</strong></span> <span class='ocrx_word' id='word_1_321' title='bbox 3273 2110 3702 2183; x_wconf 74' lang='grc' dir='ltr'>καταληφθησο-</span> 
     </span>
    </p>
   </div>
   <div class='ocr_carea' id='block_1_45' title="bbox 2109 2194 3703 2275">
    <p class='ocr_par' dir='ltr' id='par_1_45' title="bbox 2109 2194 3703 2275">
     <span class='ocr_line' id='line_1_45' title="bbox 2109 2194 3703 2275; baseline 0.006 -28"><span class='ocrx_word' id='word_1_322' title='bbox 2109 2194 2304 2266; x_wconf 80' lang='grc' dir='ltr'>μὲνους</span> <span class='ocrx_word' id='word_1_323' title='bbox 2347 2196 2556 2264; x_wconf 74' lang='grc' dir='ltr'>ἕταξεψ</span> <span class='ocrx_word' id='word_1_324' title='bbox 2605 2198 2873 2270; x_wconf 81' lang='grc' dir='ltr'><strong>ᾠκονόμει</strong></span> <span class='ocrx_word' id='word_1_325' title='bbox 2927 2200 3035 2272; x_wconf 83' lang='grc' dir='ltr'>γὰρ</span> <span class='ocrx_word' id='word_1_326' title='bbox 3079 2200 3341 2273; x_wconf 80' lang='grc' dir='ltr'>δηλονότι,</span> <span class='ocrx_word' id='word_1_327' title='bbox 3392 2203 3492 2256; x_wconf 77' lang='grc' dir='ltr'><strong>καὶ</strong></span> <span class='ocrx_word' id='word_1_328' title='bbox 3521 2220 3703 2275; x_wconf 79' lang='grc' dir='ltr'>παρε-</span> 
     </span>
    </p>
   </div>
   <div class='ocr_carea' id='block_1_46' title="bbox 2109 2287 3705 2366">
    <p class='ocr_par' dir='ltr' id='par_1_46' title="bbox 2109 2287 3705 2366">
     <span class='ocr_line' id='line_1_46' title="bbox 2109 2287 3705 2366; baseline 0.006 -25"><span class='ocrx_word' id='word_1_329' title='bbox 2109 2287 2393 2356; x_wconf 81' lang='grc' dir='ltr'>σκεύαζεν,</span> <span class='ocrx_word' id='word_1_330' title='bbox 2429 2292 2517 2345; x_wconf 85' lang='grc' dir='ltr'><strong>ῖνα</strong></span> <span class='ocrx_word' id='word_1_331' title='bbox 2560 2293 2759 2347; x_wconf 81' lang='grc' dir='ltr'>ὁπόταν</span> <span class='ocrx_word' id='word_1_332' title='bbox 2794 2292 3083 2366; x_wconf 79' lang='grc' dir='ltr'>βουληθείη</span> <span class='ocrx_word' id='word_1_333' title='bbox 3125 2294 3436 2361; x_wconf 78' lang='grc' dir='ltr'>συλλαϐεῖν,</span> <span class='ocrx_word' id='word_1_334' title='bbox 3486 2296 3705 2360; x_wconf 78' lang='grc' dir='ltr'>πάντας</span> 
     </span>
    </p>
   </div>
   <div class='ocr_carea' id='block_1_47' title="bbox 2106 2380 2574 2455">
    <p class='ocr_par' dir='ltr' id='par_1_47' title="bbox 2106 2380 2574 2455">
     <span class='ocr_line' id='line_1_47' title="bbox 2106 2380 2574 2455; baseline 0.009 -21"><span class='ocrx_word' id='word_1_335' title='bbox 2106 2380 2410 2446; x_wconf 77' lang='grc' dir='ltr'><strong>εὐαλώτους</strong></span> <span class='ocrx_word' id='word_1_336' title='bbox 2438 2384 2574 2455; x_wconf 78' lang='grc' dir='ltr'>ἔχοι.</span> 
     </span>
    </p>
   </div>
   <div class='ocr_carea' id='block_1_48' title="bbox 415 2472 3702 2554">
    <p class='ocr_par' dir='ltr' id='par_1_48' title="bbox 415 2472 3702 2554">
     <span class='ocr_line' id='line_1_48' title="bbox 415 2472 3702 2554; baseline 0.003 -26"><span class='ocrx_word' id='word_1_337' title='bbox 415 2473 580 2547; x_wconf 87' lang='lat' dir='ltr'><strong>primi</strong></span> <span class='ocrx_word' id='word_1_338' title='bbox 619 2474 1226 2544; x_wconf 87' lang='lat' dir='ltr'><strong>comprehenderemur,</strong></span> <span class='ocrx_word' id='word_1_339' title='bbox 1254 2475 1558 2529; x_wconf 69' lang='lat' dir='ltr'><strong>collocavit.</strong></span> <span class='ocrx_word' id='word_1_340' title='bbox 1593 2472 1649 2528; x_wconf 90' lang='lat' dir='ltr'><strong>ld</strong></span> <span class='ocrx_word' id='word_1_341' title='bbox 1681 2474 1825 2529; x_wconf 89' lang='lat' dir='ltr'><strong>enim</strong></span> <span class='ocrx_word' id='word_1_342' title='bbox 1856 2475 2125 2546; x_wconf 63' lang='lat' dir='ltr'><strong>praecipue</strong></span> <span class='ocrx_word' id='word_1_343' title='bbox 2163 2479 2357 2549; x_wconf 79' lang='lat' dir='ltr'><strong>agebat</strong></span> <span class='ocrx_word' id='word_1_344' title='bbox 2400 2495 2465 2535; x_wconf 88' lang='lat' dir='ltr'><strong>ac</strong></span> <span class='ocrx_word' id='word_1_345' title='bbox 2506 2479 2866 2550; x_wconf 86' lang='lat' dir='ltr'><strong>moliebatur,</strong></span> <span class='ocrx_word' id='word_1_346' title='bbox 2914 2494 2971 2538; x_wconf 90' lang='lat' dir='ltr'><strong>ut</strong></span> <span class='ocrx_word' id='word_1_347' title='bbox 3003 2483 3440 2554; x_wconf 81' lang='lat' dir='ltr'><strong>quandoeunque</strong></span> <span class='ocrx_word' id='word_1_348' title='bbox 3483 2485 3702 2539; x_wconf 74' lang='lat' dir='ltr'><strong>Voluis-</strong></span> 
     </span>
    </p>
   </div>
   <div class='ocr_carea' id='block_1_49' title="bbox 417 2558 1650 2637">
    <p class='ocr_par' dir='ltr' id='par_1_49' title="bbox 417 2558 1650 2637">
     <span class='ocr_line' id='line_1_49' title="bbox 417 2558 1650 2637; baseline -0.002 -14"><span class='ocrx_word' id='word_1_349' title='bbox 417 2574 521 2630; x_wconf 86' lang='lat' dir='ltr'><strong>set,</strong></span> <span class='ocrx_word' id='word_1_350' title='bbox 551 2558 742 2621; x_wconf 87' lang='lat' dir='ltr'><strong>omnes</strong></span> <span class='ocrx_word' id='word_1_351' title='bbox 769 2566 920 2621; x_wconf 92' lang='lat' dir='ltr'><strong>nullo</strong></span> <span class='ocrx_word' id='word_1_352' title='bbox 949 2568 1166 2637; x_wconf 82' lang='lat' dir='ltr'><strong>negotio</strong></span> <span class='ocrx_word' id='word_1_353' title='bbox 1194 2566 1314 2637; x_wconf 88' lang='lat' dir='ltr'><strong>capi</strong></span> <span class='ocrx_word' id='word_1_354' title='bbox 1342 2581 1650 2637; x_wconf 81' lang='lat' dir='ltr'><strong>possemus.</strong></span> 
     </span>
    </p>
   </div>
   <div class='ocr_carea' id='block_1_50' title="bbox 410 2660 1998 2733">
    <p class='ocr_par' dir='ltr' id='par_1_50' title="bbox 410 2660 1998 2733">
     <span class='ocr_line' id='line_1_50' title="bbox 410 2660 1998 2733; baseline 0.002 -17"><span class='ocrx_word' id='word_1_355' title='bbox 410 2694 411 2703; x_wconf 59' lang='grc' dir='ltr'><strong>η</strong></span> <span class='ocrx_word' id='word_1_356' title='bbox 490 2660 603 2716; x_wconf 78' lang='lat' dir='ltr'><strong>Vll.</strong></span> <span class='ocrx_word' id='word_1_357' title='bbox 643 2660 756 2733; x_wconf 77' lang='lat' dir='ltr'><strong>Ego</strong></span> <span class='ocrx_word' id='word_1_358' title='bbox 787 2677 917 2717; x_wconf 87' lang='lat' dir='ltr'><strong>vero</strong></span> <span class='ocrx_word' id='word_1_359' title='bbox 954 2678 1077 2719; x_wconf 89' lang='lat' dir='ltr'><strong>cum</strong></span> <span class='ocrx_word' id='word_1_360' title='bbox 1104 2662 1321 2733; x_wconf 86' lang='lat' dir='ltr'><strong>Cephro</strong></span> <span class='ocrx_word' id='word_1_361' title='bbox 1355 2664 1590 2733; x_wconf 89' lang='lat' dir='ltr'><strong>primum</strong></span> <span class='ocrx_word' id='word_1_362' title='bbox 1620 2663 1772 2718; x_wconf 88' lang='lat' dir='ltr'><strong>abire</strong></span> <span class='ocrx_word' id='word_1_363' title='bbox 1806 2663 1998 2733; x_wconf 87' lang='lat' dir='ltr'><strong>jussus</strong></span> 
     </span>
    </p>
   </div>
   <div class='ocr_carea' id='block_1_51' title="bbox 418 2753 2001 2824">
    <p class='ocr_par' dir='ltr' id='par_1_51' title="bbox 418 2753 2001 2824">
     <span class='ocr_line' id='line_1_51' title="bbox 418 2753 2001 2824; baseline -0.003 -12"><span class='ocrx_word' id='word_1_364' title='bbox 418 2769 565 2819; x_wconf 87' lang='lat' dir='ltr'><strong>sum,</strong></span> <span class='ocrx_word' id='word_1_365' title='bbox 593 2753 807 2808; x_wconf 86' lang='lat' dir='ltr'><strong>tametsi</strong></span> <span class='ocrx_word' id='word_1_366' title='bbox 841 2753 1061 2808; x_wconf 85' lang='lat' dir='ltr'><strong>ubinam</strong></span> <span class='ocrx_word' id='word_1_367' title='bbox 1093 2754 1246 2810; x_wconf 90' lang='lat' dir='ltr'><strong>locus</strong></span> <span class='ocrx_word' id='word_1_368' title='bbox 1282 2753 1373 2808; x_wconf 90' lang='lat' dir='ltr'><strong>ille</strong></span> <span class='ocrx_word' id='word_1_369' title='bbox 1417 2755 1554 2808; x_wconf 87' lang='lat' dir='ltr'><strong>situs</strong></span> <span class='ocrx_word' id='word_1_370' title='bbox 1581 2763 1745 2818; x_wconf 82' lang='lat' dir='ltr'><strong>esset,</strong></span> <span class='ocrx_word' id='word_1_371' title='bbox 1782 2753 2001 2824; x_wconf 73' lang='lat' dir='ltr'><strong>ignora-</strong></span> 
     </span>
    </p>
   </div>
   <div class='ocr_carea' id='block_1_52' title="bbox 418 2844 2003 2917">
    <p class='ocr_par' dir='ltr' id='par_1_52' title="bbox 418 2844 2003 2917">
     <span class='ocr_line' id='line_1_52' title="bbox 418 2844 2003 2917; baseline -0.003 -13"><span class='ocrx_word' id='word_1_372' title='bbox 418 2850 568 2912; x_wconf 89' lang='lat' dir='ltr'><strong>bam,</strong></span> <span class='ocrx_word' id='word_1_373' title='bbox 615 2844 818 2915; x_wconf 82' lang='lat' dir='ltr'><strong>quippe</strong></span> <span class='ocrx_word' id='word_1_374' title='bbox 862 2845 957 2917; x_wconf 91' lang='lat' dir='ltr'><strong>qui</strong></span> <span class='ocrx_word' id='word_1_375' title='bbox 997 2846 1087 2900; x_wconf 81' lang='lat' dir='ltr'><strong>vix</strong></span> <span class='ocrx_word' id='word_1_376' title='bbox 1131 2845 1523 2913; x_wconf 87' lang='lat' dir='ltr'><strong>nomen,illius</strong></span> <span class='ocrx_word' id='word_1_377' title='bbox 1570 2853 1724 2899; x_wconf 86' lang='lat' dir='ltr'><strong>antea</strong></span> <span class='ocrx_word' id='word_1_378' title='bbox 1765 2844 2003 2900; x_wconf 83' lang='lat' dir='ltr'><strong>audivis-</strong></span> 
     </span>
    </p>
   </div>
   <div class='ocr_carea' id='block_1_53' title="bbox 419 2937 2001 3009">
    <p class='ocr_par' dir='ltr' id='par_1_53' title="bbox 419 2937 2001 3009">
     <span class='ocr_line' id='line_1_53' title="bbox 419 2937 2001 3009; baseline -0.001 -14"><span class='ocrx_word' id='word_1_379' title='bbox 419 2954 567 3007; x_wconf 83' lang='lat' dir='ltr'><strong>sem;</strong></span> <span class='ocrx_word' id='word_1_380' title='bbox 606 2937 961 2994; x_wconf 84' lang='lat' dir='ltr'><strong>nihilominus</strong></span> <span class='ocrx_word' id='word_1_381' title='bbox 1012 2937 1178 2993; x_wconf 89' lang='lat' dir='ltr'><strong>alacri</strong></span> <span class='ocrx_word' id='word_1_382' title='bbox 1221 2937 1610 3008; x_wconf 87' lang='lat' dir='ltr'><strong>constantique</strong></span> <span class='ocrx_word' id='word_1_383' title='bbox 1658 2938 1842 2992; x_wconf 86' lang='lat' dir='ltr'><strong>animo</strong></span> <span class='ocrx_word' id='word_1_384' title='bbox 1876 2953 2001 3009; x_wconf 84' lang='lat' dir='ltr'><strong>per-</strong></span> 
     </span>
    </p>
   </div>
   <div class='ocr_carea' id='block_1_54' title="bbox 342 3030 2000 3101">
    <p class='ocr_par' dir='ltr' id='par_1_54' title="bbox 342 3030 2000 3101">
     <span class='ocr_line' id='line_1_54' title="bbox 342 3030 2000 3101; baseline 0.001 -16"><span class='ocrx_word' id='word_1_385' title='bbox 342 3034 360 3049; x_wconf 84' lang='lat'>‘</span> <span class='ocrx_word' id='word_1_386' title='bbox 419 3031 555 3088; x_wconf 78' lang='lat' dir='ltr'><strong>rexi.</strong></span> <span class='ocrx_word' id='word_1_387' title='bbox 597 3031 957 3101; x_wconf 86' lang='lat' dir='ltr'><strong>Posteaquam</strong></span> <span class='ocrx_word' id='word_1_388' title='bbox 999 3046 1128 3085; x_wconf 88' lang='lat' dir='ltr'><strong>vero</strong></span> <span class='ocrx_word' id='word_1_389' title='bbox 1161 3030 1294 3083; x_wconf 89' lang='lat' dir='ltr'><strong>mihi</strong></span> <span class='ocrx_word' id='word_1_390' title='bbox 1335 3030 1702 3084; x_wconf 87' lang='lat' dir='ltr'><strong>renuntiatum</strong></span> <span class='ocrx_word' id='word_1_391' title='bbox 1730 3039 1814 3086; x_wconf 91' lang='lat' dir='ltr'><strong>est</strong></span> <span class='ocrx_word' id='word_1_392' title='bbox 1847 3037 1907 3086; x_wconf 92' lang='lat' dir='ltr'><strong>ut</strong></span> <span class='ocrx_word' id='word_1_393' title='bbox 1930 3033 2000 3087; x_wconf 89' lang='lat' dir='ltr'><strong>ad</strong></span> 
     </span>
    </p>
   </div>
   <div class='ocr_carea' id='block_1_55' title="bbox 417 3120 1998 3193">
    <p class='ocr_par' dir='ltr' id='par_1_55' title="bbox 417 3120 1998 3193">
     <span class='ocr_line' id='line_1_55' title="bbox 417 3120 1998 3193; baseline -0.001 -15"><span class='ocrx_word' id='word_1_394' title='bbox 417 3122 783 3178; x_wconf 80' lang='lat' dir='ltr'><strong>Collutbionis</strong></span> <span class='ocrx_word' id='word_1_395' title='bbox 807 3122 1089 3193; x_wconf 84' lang='lat' dir='ltr'><strong>regionem</strong></span> <span class='ocrx_word' id='word_1_396' title='bbox 1120 3121 1431 3191; x_wconf 80' lang='lat' dir='ltr'><strong>migrarem,</strong></span> <span class='ocrx_word' id='word_1_397' title='bbox 1461 3129 1664 3176; x_wconf 90' lang='lat' dir='ltr'><strong>norunt</strong></span> <span class='ocrx_word' id='word_1_398' title='bbox 1693 3121 1728 3175; x_wconf 91' lang='lat' dir='ltr'><strong>ii</strong></span> <span class='ocrx_word' id='word_1_399' title='bbox 1754 3120 1848 3192; x_wconf 91' lang='lat' dir='ltr'><strong>qui</strong></span> <span class='ocrx_word' id='word_1_400' title='bbox 1883 3131 1998 3177; x_wconf 89' lang='lat' dir='ltr'><strong>tum</strong></span> 
     </span>
    </p>
   </div>
   <div class='ocr_carea' id='block_1_56' title="bbox 418 3210 1993 3286">
    <p class='ocr_par' dir='ltr' id='par_1_56' title="bbox 418 3210 1993 3286">
     <span class='ocr_line' id='line_1_56' title="bbox 418 3210 1993 3286; baseline -0.001 -18"><span class='ocrx_word' id='word_1_401' title='bbox 418 3221 713 3283; x_wconf 62' lang='lat' dir='ltr'><strong>praesentes</strong></span> <span class='ocrx_word' id='word_1_402' title='bbox 742 3210 987 3278; x_wconf 87' lang='lat' dir='ltr'><strong>aderant,</strong></span> <span class='ocrx_word' id='word_1_403' title='bbox 1013 3210 1288 3286; x_wconf 60' lang='lat' dir='ltr'><strong>qqomodo</strong></span> <span class='ocrx_word' id='word_1_404' title='bbox 1310 3210 1535 3265; x_wconf 77' lang='lat' dir='ltr'><strong>affectus</strong></span> <span class='ocrx_word' id='word_1_405' title='bbox 1563 3212 1748 3265; x_wconf 87' lang='lat' dir='ltr'><strong>animo</strong></span> <span class='ocrx_word' id='word_1_406' title='bbox 1777 3212 1993 3267; x_wconf 90' lang='lat' dir='ltr'><strong>fuerim.</strong></span> 
     </span>
    </p>
   </div>
   <div class='ocr_carea' id='block_1_57' title="bbox 415 3301 1997 3373">
    <p class='ocr_par' dir='ltr' id='par_1_57' title="bbox 415 3301 1997 3373">
     <span class='ocr_line' id='line_1_57' title="bbox 415 3301 1997 3373; baseline -0.002 -12"><span class='ocrx_word' id='word_1_407' title='bbox 415 3307 519 3361; x_wconf 81' lang='lat' dir='ltr'><strong>llic</strong></span> <span class='ocrx_word' id='word_1_408' title='bbox 553 3303 701 3358; x_wconf 87' lang='lat' dir='ltr'><strong>enim</strong></span> <span class='ocrx_word' id='word_1_409' title='bbox 740 3301 1055 3371; x_wconf 73' lang='lat' dir='ltr'><strong>metuetipse</strong></span> <span class='ocrx_word' id='word_1_410' title='bbox 1094 3303 1364 3357; x_wconf 86' lang='lat' dir='ltr'><strong>accusabo</strong></span> <span class='ocrx_word' id='word_1_411' title='bbox 1410 3321 1424 3357; x_wconf 90' lang='lat'><strong>:</strong></span> <span class='ocrx_word' id='word_1_412' title='bbox 1462 3301 1728 3371; x_wconf 86' lang='lat' dir='ltr'><strong>principio</strong></span> <span class='ocrx_word' id='word_1_413' title='bbox 1775 3302 1997 3373; x_wconf 90' lang='lat' dir='ltr'><strong>quidem</strong></span> 
     </span>
    </p>
   </div>
   <div class='ocr_carea' id='block_1_58' title="bbox 417 3394 2000 3468">
    <p class='ocr_par' dir='ltr' id='par_1_58' title="bbox 417 3394 2000 3468">
     <span class='ocr_line' id='line_1_58' title="bbox 417 3394 2000 3468; baseline -0.001 -15"><span class='ocrx_word' id='word_1_414' title='bbox 417 3411 560 3468; x_wconf 78' lang='lat' dir='ltr'><strong>aegre</strong></span> <span class='ocrx_word' id='word_1_415' title='bbox 606 3395 901 3451; x_wconf 90' lang='lat' dir='ltr'><strong>admodum</strong></span> <span class='ocrx_word' id='word_1_416' title='bbox 951 3410 1016 3450; x_wconf 91' lang='lat' dir='ltr'><strong>ac</strong></span> <span class='ocrx_word' id='word_1_417' title='bbox 1066 3394 1293 3451; x_wconf 88' lang='lat' dir='ltr'><strong>moleste</strong></span> <span class='ocrx_word' id='word_1_418' title='bbox 1333 3396 1453 3450; x_wconf 87' lang='lat' dir='ltr'><strong>tuli.</strong></span> <span class='ocrx_word' id='word_1_419' title='bbox 1504 3394 1619 3451; x_wconf 86' lang='lat' dir='ltr'><strong>Etsi</strong></span> <span class='ocrx_word' id='word_1_420' title='bbox 1659 3396 1804 3450; x_wconf 90' lang='lat' dir='ltr'><strong>enim</strong></span> <span class='ocrx_word' id='word_1_421' title='bbox 1847 3398 2000 3467; x_wconf 82' lang='lat' dir='ltr'><strong>regio</strong></span> 
     </span>
    </p>
   </div>
   <div class='ocr_carea' id='block_1_59' title="bbox 418 3485 2001 3564">
    <p class='ocr_par' dir='ltr' id='par_1_59' title="bbox 418 3485 2001 3564">
     <span class='ocr_line' id='line_1_59' title="bbox 418 3485 2001 3564; baseline 0.001 -23"><span class='ocrx_word' id='word_1_422' title='bbox 418 3488 511 3543; x_wconf 86' lang='lat' dir='ltr'><strong>illa</strong></span> <span class='ocrx_word' id='word_1_423' title='bbox 539 3486 720 3543; x_wconf 91' lang='lat' dir='ltr'><strong>notior</strong></span> <span class='ocrx_word' id='word_1_424' title='bbox 745 3486 905 3541; x_wconf 90' lang='lat' dir='ltr'><strong>nobis</strong></span> <span class='ocrx_word' id='word_1_425' title='bbox 935 3486 1215 3557; x_wconf 84' lang='lat' dir='ltr'><strong>magisque</strong></span> <span class='ocrx_word' id='word_1_426' title='bbox 1239 3485 1525 3564; x_wconf 72' lang='lat' dir='ltr'><strong>familiaris</strong></span> <span class='ocrx_word' id='word_1_427' title='bbox 1560 3496 1679 3541; x_wconf 89' lang='lat' dir='ltr'><strong>erat</strong></span> <span class='ocrx_word' id='word_1_428' title='bbox 1706 3502 1869 3557; x_wconf 90' lang='lat' dir='ltr'><strong>quam</strong></span> <span class='ocrx_word' id='word_1_429' title='bbox 1905 3488 2001 3543; x_wconf 63' lang='lat' dir='ltr'><strong>Ceo</strong></span> 
     </span>
    </p>
   </div>
   <div class='ocr_carea' id='block_1_60' title="bbox 417 3577 1999 3652">
    <p class='ocr_par' dir='ltr' id='par_1_60' title="bbox 417 3577 1999 3652">
     <span class='ocr_line' id='line_1_60' title="bbox 417 3577 1999 3652; baseline 0.001 -18"><span class='ocrx_word' id='word_1_430' title='bbox 417 3580 589 3652; x_wconf 80' lang='lat' dir='ltr'><strong>pltro,</strong></span> <span class='ocrx_word' id='word_1_431' title='bbox 620 3588 801 3634; x_wconf 88' lang='lat' dir='ltr'><strong>tamen</strong></span> <span class='ocrx_word' id='word_1_432' title='bbox 834 3578 1097 3634; x_wconf 81' lang='lat' dir='ltr'><strong>fratribus</strong></span> <span class='ocrx_word' id='word_1_433' title='bbox 1128 3595 1193 3634; x_wconf 87' lang='lat' dir='ltr'><strong>ac</strong></span> <span class='ocrx_word' id='word_1_434' title='bbox 1239 3578 1421 3649; x_wconf 89' lang='lat' dir='ltr'><strong>probis</strong></span> <span class='ocrx_word' id='word_1_435' title='bbox 1452 3577 1585 3633; x_wconf 86' lang='lat' dir='ltr'><strong>viris</strong></span> <span class='ocrx_word' id='word_1_436' title='bbox 1626 3580 1832 3634; x_wconf 75' lang='lat' dir='ltr'><strong>vacuus</strong></span> <span class='ocrx_word' id='word_1_437' title='bbox 1874 3594 1999 3635; x_wconf 80' lang='lat' dir='ltr'><strong>esse</strong></span> 
     </span>
    </p>
   </div>
   <div class='ocr_carea' id='block_1_61' title="bbox 416 3673 2000 3744">
    <p class='ocr_par' dir='ltr' id='par_1_61' title="bbox 416 3673 2000 3744">
     <span class='ocr_line' id='line_1_61' title="bbox 416 3673 2000 3744; baseline -0.003 -14"><span class='ocrx_word' id='word_1_438' title='bbox 416 3675 574 3731; x_wconf 87' lang='lat' dir='ltr'><strong>locus</strong></span> <span class='ocrx_word' id='word_1_439' title='bbox 596 3673 897 3736; x_wconf 86' lang='lat' dir='ltr'><strong>dicebatur,</strong></span> <span class='ocrx_word' id='word_1_440' title='bbox 931 3683 986 3727; x_wconf 91' lang='lat' dir='ltr'><strong>et</strong></span> <span class='ocrx_word' id='word_1_441' title='bbox 1012 3673 1278 3727; x_wconf 85' lang='lat' dir='ltr'><strong>viatorum</strong></span> <span class='ocrx_word' id='word_1_442' title='bbox 1308 3674 1481 3729; x_wconf 90' lang='lat' dir='ltr'><strong>turbis</strong></span> <span class='ocrx_word' id='word_1_443' title='bbox 1512 3674 1892 3744; x_wconf 89' lang='lat' dir='ltr'><strong>latronumque</strong></span> <span class='ocrx_word' id='word_1_444' title='bbox 1921 3673 2000 3727; x_wconf 39' lang='lat' dir='ltr'><strong>ins</strong></span> 
     </span>
    </p>
   </div>
   <div class='ocr_carea' id='block_1_62' title="bbox 416 3764 2000 3823">
    <p class='ocr_par' dir='ltr' id='par_1_62' title="bbox 416 3764 2000 3823">
     <span class='ocr_line' id='line_1_62' title="bbox 416 3764 2000 3823; baseline -0.001 -1"><span class='ocrx_word' id='word_1_445' title='bbox 416 3766 766 3823; x_wconf 89' lang='lat' dir='ltr'><strong>cursionibus</strong></span> <span class='ocrx_word' id='word_1_446' title='bbox 790 3764 1082 3821; x_wconf 75' lang='lat' dir='ltr'><strong>obnoxius.</strong></span> <span class='ocrx_word' id='word_1_447' title='bbox 1117 3765 1220 3819; x_wconf 84' lang='lat' dir='ltr'><strong>Sed</strong></span> <span class='ocrx_word' id='word_1_448' title='bbox 1246 3766 1477 3821; x_wconf 89' lang='lat' dir='ltr'><strong>multum</strong></span> <span class='ocrx_word' id='word_1_449' title='bbox 1507 3766 1639 3820; x_wconf 88' lang='lat' dir='ltr'><strong>mihi</strong></span> <span class='ocrx_word' id='word_1_450' title='bbox 1669 3765 2000 3821; x_wconf 86' lang='lat' dir='ltr'><strong>consolatio-</strong></span> 
     </span>
    </p>
   </div>
   <div class='ocr_carea' id='block_1_63' title="bbox 416 3862 1995 3934">
    <p class='ocr_par' dir='ltr' id='par_1_63' title="bbox 416 3862 1995 3934">
     <span class='ocr_line' id='line_1_63' title="bbox 416 3862 1995 3934; baseline 0.001 -15"><span class='ocrx_word' id='word_1_451' title='bbox 416 3866 502 3922; x_wconf 90' lang='lat' dir='ltr'><strong>uis</strong></span> <span class='ocrx_word' id='word_1_452' title='bbox 544 3865 745 3930; x_wconf 87' lang='lat' dir='ltr'><strong>attulit,</strong></span> <span class='ocrx_word' id='word_1_453' title='bbox 793 3864 937 3934; x_wconf 92' lang='lat' dir='ltr'><strong>quod</strong></span> <span class='ocrx_word' id='word_1_454' title='bbox 994 3862 1187 3919; x_wconf 88' lang='lat' dir='ltr'><strong>fratres</strong></span> <span class='ocrx_word' id='word_1_455' title='bbox 1233 3880 1321 3919; x_wconf 93' lang='lat' dir='ltr'><strong>me</strong></span> <span class='ocrx_word' id='word_1_456' title='bbox 1361 3864 1765 3920; x_wconf 89' lang='lat' dir='ltr'><strong>admonuerunt</strong></span> <span class='ocrx_word' id='word_1_457' title='bbox 1814 3864 1995 3920; x_wconf 90' lang='lat' dir='ltr'><strong>locum</strong></span> 
     </span>
    </p>
   </div>
   <div class='ocr_carea' id='block_1_64' title="bbox 415 3956 1996 4027">
    <p class='ocr_par' dir='ltr' id='par_1_64' title="bbox 415 3956 1996 4027">
     <span class='ocr_line' id='line_1_64' title="bbox 415 3956 1996 4027; baseline 0.001 -16"><span class='ocrx_word' id='word_1_458' title='bbox 415 3958 567 4013; x_wconf 88' lang='lat' dir='ltr'><strong>illum</strong></span> <span class='ocrx_word' id='word_1_459' title='bbox 612 3972 643 4012; x_wconf 91' lang='lat' dir='ltr'><strong>a</strong></span> <span class='ocrx_word' id='word_1_460' title='bbox 683 3957 903 4011; x_wconf 84' lang='lat' dir='ltr'><strong>civitate</strong></span> <span class='ocrx_word' id='word_1_461' title='bbox 949 3957 1174 4027; x_wconf 89' lang='lat' dir='ltr'><strong>propius</strong></span> <span class='ocrx_word' id='word_1_462' title='bbox 1230 3957 1439 4011; x_wconf 80' lang='lat' dir='ltr'><strong>abesse.</strong></span> <span class='ocrx_word' id='word_1_463' title='bbox 1505 3956 1691 4027; x_wconf 89' lang='lat' dir='ltr'><strong>Itaque</strong></span> <span class='ocrx_word' id='word_1_464' title='bbox 1746 3957 1996 4026; x_wconf 88' lang='lat' dir='ltr'><strong>quamvis</strong></span> 
     </span>
    </p>
   </div>
   <div class='ocr_carea' id='block_1_65' title="bbox 413 4048 1997 4123">
    <p class='ocr_par' dir='ltr' id='par_1_65' title="bbox 413 4048 1997 4123">
     <span class='ocr_line' id='line_1_65' title="bbox 413 4048 1997 4123; baseline -0.001 -17"><span class='ocrx_word' id='word_1_465' title='bbox 413 4050 629 4123; x_wconf 87' lang='lat' dir='ltr'><strong>Cepbro</strong></span> <span class='ocrx_word' id='word_1_466' title='bbox 671 4051 965 4106; x_wconf 73' lang='lat' dir='ltr'><strong>maximam</strong></span> <span class='ocrx_word' id='word_1_467' title='bbox 1021 4051 1181 4106; x_wconf 88' lang='lat' dir='ltr'><strong>nobis</strong></span> <span class='ocrx_word' id='word_1_468' title='bbox 1227 4049 1628 4104; x_wconf 85' lang='lat' dir='ltr'><strong>multitudinem</strong></span> <span class='ocrx_word' id='word_1_469' title='bbox 1665 4048 1893 4104; x_wconf 89' lang='lat' dir='ltr'><strong>fratrum</strong></span> <span class='ocrx_word' id='word_1_470' title='bbox 1929 4064 1997 4104; x_wconf 81' lang='lat' dir='ltr'><strong>ex</strong></span> 
     </span>
    </p>
   </div>
   <div class='ocr_carea' id='block_1_66' title="bbox 417 4141 1997 4215">
    <p class='ocr_par' dir='ltr' id='par_1_66' title="bbox 417 4141 1997 4215">
     <span class='ocr_line' id='line_1_66' title="bbox 417 4141 1997 4215; baseline -0.001 -16"><span class='ocrx_word' id='word_1_471' title='bbox 417 4143 654 4215; x_wconf 67' lang='lat' dir='ltr'><strong>Egypto</strong></span> <span class='ocrx_word' id='word_1_472' title='bbox 708 4142 1100 4198; x_wconf 85' lang='lat' dir='ltr'><strong>confluentium</strong></span> <span class='ocrx_word' id='word_1_473' title='bbox 1142 4141 1486 4205; x_wconf 82' lang='lat' dir='ltr'><strong>adduxisset,</strong></span> <span class='ocrx_word' id='word_1_474' title='bbox 1523 4143 1660 4198; x_wconf 91' lang='lat' dir='ltr'><strong>adeo</strong></span> <span class='ocrx_word' id='word_1_475' title='bbox 1713 4150 1773 4197; x_wconf 93' lang='lat' dir='ltr'><strong>ut</strong></span> <span class='ocrx_word' id='word_1_476' title='bbox 1820 4141 1997 4197; x_wconf 79' lang='lat' dir='ltr'><strong>laxius</strong></span> 
     </span>
    </p>
   </div>
   <div class='ocr_carea' id='block_1_67' title="bbox 410 4233 1996 4310">
    <p class='ocr_par' dir='ltr' id='par_1_67' title="bbox 410 4233 1996 4310">
     <span class='ocr_line' id='line_1_67' title="bbox 410 4233 1996 4310; baseline -0.004 -17"><span class='ocrx_word' id='word_1_477' title='bbox 410 4239 525 4310; x_wconf 89' lang='lat' dir='ltr'><strong>jam</strong></span> <span class='ocrx_word' id='word_1_478' title='bbox 560 4245 862 4292; x_wconf 85' lang='lat' dir='ltr'><strong>conventus</strong></span> <span class='ocrx_word' id='word_1_479' title='bbox 899 4249 1057 4305; x_wconf 84' lang='lat' dir='ltr'><strong>agere</strong></span> <span class='ocrx_word' id='word_1_480' title='bbox 1086 4247 1371 4303; x_wconf 86' lang='lat' dir='ltr'><strong>possemus</strong></span> <span class='ocrx_word' id='word_1_481' title='bbox 1398 4252 1413 4289; x_wconf 90' lang='lat'><strong>:</strong></span> <span class='ocrx_word' id='word_1_482' title='bbox 1443 4234 1553 4288; x_wconf 91' lang='lat' dir='ltr'><strong>illic</strong></span> <span class='ocrx_word' id='word_1_483' title='bbox 1576 4245 1779 4299; x_wconf 90' lang='lat' dir='ltr'><strong>tamen,</strong></span> <span class='ocrx_word' id='word_1_484' title='bbox 1809 4234 1880 4289; x_wconf 93' lang='lat' dir='ltr'><strong>ob</strong></span> <span class='ocrx_word' id='word_1_485' title='bbox 1912 4233 1996 4288; x_wconf 90' lang='lat' dir='ltr'><strong>vi-</strong></span> 
     </span>
    </p>
   </div>
   <div class='ocr_carea' id='block_1_68' title="bbox 416 4326 1997 4397">
    <p class='ocr_par' dir='ltr' id='par_1_68' title="bbox 416 4326 1997 4397">
     <span class='ocr_line' id='line_1_68' title="bbox 416 4326 1997 4397; baseline -0.004 -9"><span class='ocrx_word' id='word_1_486' title='bbox 416 4332 691 4388; x_wconf 87' lang='lat' dir='ltr'><strong>cinitatem</strong></span> <span class='ocrx_word' id='word_1_487' title='bbox 722 4329 907 4397; x_wconf 80' lang='lat' dir='ltr'><strong>urbis,</strong></span> <span class='ocrx_word' id='word_1_488' title='bbox 954 4328 1403 4384; x_wconf 89' lang='lat' dir='ltr'><strong>charissimorum</strong></span> <span class='ocrx_word' id='word_1_489' title='bbox 1433 4335 1489 4381; x_wconf 87' lang='lat' dir='ltr'><strong>et</strong></span> <span class='ocrx_word' id='word_1_490' title='bbox 1514 4326 1997 4397; x_wconf 82' lang='lat' dir='ltr'><strong>conjunctissimo-</strong></span> 
     </span>
    </p>
   </div>
   <div class='ocr_carea' id='block_1_69' title="bbox 414 4417 1999 4491">
    <p class='ocr_par' dir='ltr' id='par_1_69' title="bbox 414 4417 1999 4491">
     <span class='ocr_line' id='line_1_69' title="bbox 414 4417 1999 4491; baseline -0.004 -11"><span class='ocrx_word' id='word_1_491' title='bbox 414 4440 539 4481; x_wconf 87' lang='lat' dir='ltr'><strong>rum</strong></span> <span class='ocrx_word' id='word_1_492' title='bbox 588 4422 874 4478; x_wconf 82' lang='lat' dir='ltr'><strong>hominum</strong></span> <span class='ocrx_word' id='word_1_493' title='bbox 917 4428 1141 4491; x_wconf 88' lang='lat' dir='ltr'><strong>aspectu</strong></span> <span class='ocrx_word' id='word_1_494' title='bbox 1189 4419 1434 4474; x_wconf 89' lang='lat' dir='ltr'><strong>crebrius</strong></span> <span class='ocrx_word' id='word_1_495' title='bbox 1481 4434 1582 4473; x_wconf 89' lang='lat' dir='ltr'><strong>nos</strong></span> <span class='ocrx_word' id='word_1_496' title='bbox 1621 4417 1836 4473; x_wconf 87' lang='lat' dir='ltr'><strong>aiebant</strong></span> <span class='ocrx_word' id='word_1_497' title='bbox 1876 4433 1999 4474; x_wconf 90' lang='lat' dir='ltr'><strong>esse</strong></span> 
     </span>
    </p>
   </div>
   <div class='ocr_carea' id='block_1_70' title="bbox 2176 2663 3700 2742">
    <p class='ocr_par' dir='ltr' id='par_1_70' title="bbox 2176 2663 3700 2742">
     <span class='ocr_line' id='line_1_70' title="bbox 2176 2663 3700 2742; baseline 0.007 -25"><span class='ocrx_word' id='word_1_498' title='bbox 2176 2666 2244 2723; x_wconf 91' lang='lat' dir='ltr'><strong>Z&#39;.</strong></span> <span class='ocrx_word' id='word_1_499' title='bbox 2262 2663 2403 2734; x_wconf 84' lang='grc' dir='ltr'>Ἐγὼ</span> <span class='ocrx_word' id='word_1_500' title='bbox 2423 2666 2480 2719; x_wconf 78' lang='grc' dir='ltr'>δὲ</span> <span class='ocrx_word' id='word_1_501' title='bbox 2500 2667 2588 2721; x_wconf 86' lang='grc' dir='ltr'>ὅτε</span> <span class='ocrx_word' id='word_1_502' title='bbox 2608 2668 2708 2739; x_wconf 83' lang='grc' dir='ltr'>μὲν</span> <span class='ocrx_word' id='word_1_503' title='bbox 2732 2669 2813 2733; x_wconf 79' lang='grc' dir='ltr'><strong>είς</strong></span> <span class='ocrx_word' id='word_1_504' title='bbox 2834 2669 3069 2741; x_wconf 76' lang='grc' dir='ltr'>Κεφρὼν</span> <span class='ocrx_word' id='word_1_505' title='bbox 3095 2669 3503 2742; x_wconf 80' lang='grc' dir='ltr'>ὲκεκελεύσμην</span> <span class='ocrx_word' id='word_1_506' title='bbox 3527 2673 3700 2726; x_wconf 78' lang='grc' dir='ltr'>ἀπε).-</span> 
     </span>
    </p>
   </div>
   <div class='ocr_carea' id='block_1_71' title="bbox 2105 2754 3698 2832">
    <p class='ocr_par' dir='ltr' id='par_1_71' title="bbox 2105 2754 3698 2832">
     <span class='ocr_line' id='line_1_71' title="bbox 2105 2754 3698 2832; baseline 0.006 -22"><span class='ocrx_word' id='word_1_507' title='bbox 2105 2754 2219 2811; x_wconf 81' lang='grc' dir='ltr'>θεῖν</span> <span class='ocrx_word' id='word_1_508' title='bbox 2242 2796 2257 2823; x_wconf 91' lang='grc'><strong>,</strong></span> <span class='ocrx_word' id='word_1_509' title='bbox 2296 2759 2392 2813; x_wconf 72' lang='grc' dir='ltr'><strong>καὶ</strong></span> <span class='ocrx_word' id='word_1_510' title='bbox 2438 2761 2529 2813; x_wconf 80' lang='grc' dir='ltr'><strong>τὸν</strong></span> <span class='ocrx_word' id='word_1_511' title='bbox 2570 2761 2734 2814; x_wconf 86' lang='grc' dir='ltr'>τόπον</span> <span class='ocrx_word' id='word_1_512' title='bbox 2772 2763 2999 2832; x_wconf 76' lang='grc' dir='ltr'>ἠγνόουν</span> <span class='ocrx_word' id='word_1_513' title='bbox 3035 2764 3156 2817; x_wconf 85' lang='grc' dir='ltr'>ὅποι</span> <span class='ocrx_word' id='word_1_514' title='bbox 3184 2765 3315 2818; x_wconf 84' lang='grc' dir='ltr'>ποτὲ</span> <span class='ocrx_word' id='word_1_515' title='bbox 3340 2760 3499 2829; x_wconf 67' lang='grc' dir='ltr'>οὗτός</span> <span class='ocrx_word' id='word_1_516' title='bbox 3526 2768 3698 2830; x_wconf 81' lang='grc' dir='ltr'>ἐστιν,</span> 
     </span>
    </p>
   </div>
   <div class='ocr_carea' id='block_1_72' title="bbox 2105 2847 3703 2927">
    <p class='ocr_par' dir='ltr' id='par_1_72' title="bbox 2105 2847 3703 2927">
     <span class='ocr_line' id='line_1_72' title="bbox 2105 2847 3703 2927; baseline 0.006 -25"><span class='ocrx_word' id='word_1_517' title='bbox 2105 2847 2225 2903; x_wconf 77' lang='grc' dir='ltr'>οὐδὲ</span> <span class='ocrx_word' id='word_1_518' title='bbox 2260 2849 2321 2903; x_wconf 80' lang='grc' dir='ltr'><strong>τὸ</strong></span> <span class='ocrx_word' id='word_1_519' title='bbox 2358 2850 2529 2921; x_wconf 76' lang='grc' dir='ltr'>ὄνομα</span> <span class='ocrx_word' id='word_1_520' title='bbox 2568 2852 2752 2922; x_wconf 79' lang='grc' dir='ltr'>σχεδὸν</span> <span class='ocrx_word' id='word_1_521' title='bbox 2780 2853 3049 2926; x_wconf 84' lang='grc' dir='ltr'>πρότερον</span> <span class='ocrx_word' id='word_1_522' title='bbox 3077 2853 3363 2925; x_wconf 72' lang='grc' dir='ltr'>ἀκηκοώςσ</span> <span class='ocrx_word' id='word_1_523' title='bbox 3413 2858 3512 2910; x_wconf 79' lang='grc' dir='ltr'>καὶ</span> <span class='ocrx_word' id='word_1_524' title='bbox 3547 2858 3703 2927; x_wconf 82' lang='grc' dir='ltr'>ὅμως</span> 
     </span>
    </p>
   </div>
   <div class='ocr_carea' id='block_1_73' title="bbox 2105 2936 3698 3020">
    <p class='ocr_par' dir='ltr' id='par_1_73' title="bbox 2105 2936 3698 3020">
     <span class='ocr_line' id='line_1_73' title="bbox 2105 2936 3698 3020; baseline 0.008 -30"><span class='ocrx_word' id='word_1_525' title='bbox 2105 2936 2379 3008; x_wconf 78' lang='grc' dir='ltr'>εὐθύμως,</span> <span class='ocrx_word' id='word_1_526' title='bbox 2420 2941 2514 2993; x_wconf 77' lang='grc' dir='ltr'><strong>καὶ</strong></span> <span class='ocrx_word' id='word_1_527' title='bbox 2555 2941 2845 3012; x_wconf 78' lang='grc' dir='ltr'>ἀταράχως</span> <span class='ocrx_word' id='word_1_528' title='bbox 2885 2943 3103 3014; x_wconf 76' lang='grc' dir='ltr'>ἀπῄειν.</span> <span class='ocrx_word' id='word_1_529' title='bbox 3145 2946 3295 2998; x_wconf 79' lang='grc' dir='ltr'>Ἐπεὶ</span> <span class='ocrx_word' id='word_1_530' title='bbox 3329 2946 3386 3000; x_wconf 80' lang='grc' dir='ltr'>δὲ</span> <span class='ocrx_word' id='word_1_531' title='bbox 3411 2965 3698 3020; x_wconf 77' lang='grc' dir='ltr'>μετασκη-</span> 
     </span>
    </p>
   </div>
   <div class='ocr_carea' id='block_1_74' title="bbox 2107 3025 3697 3110">
    <p class='ocr_par' dir='ltr' id='par_1_74' title="bbox 2107 3025 3697 3110">
     <span class='ocr_line' id='line_1_74' title="bbox 2107 3025 3697 3110; baseline 0.009 -30"><span class='ocrx_word' id='word_1_532' title='bbox 2107 3025 2300 3082; x_wconf 86' lang='grc' dir='ltr'>νώσειν</span> <span class='ocrx_word' id='word_1_533' title='bbox 2335 3031 2415 3094; x_wconf 83' lang='grc' dir='ltr'><strong>είς</strong></span> <span class='ocrx_word' id='word_1_534' title='bbox 2447 3031 2513 3085; x_wconf 84' lang='grc' dir='ltr'><strong>τά</strong></span> <span class='ocrx_word' id='word_1_535' title='bbox 2535 3031 2935 3099; x_wconf 80' lang='grc' dir='ltr'>Κολλουθίωνος</span> <span class='ocrx_word' id='word_1_536' title='bbox 2959 3035 3071 3107; x_wconf 69' lang='grc'>(42)</span> <span class='ocrx_word' id='word_1_537' title='bbox 3096 3036 3385 3109; x_wconf 79' lang='grc' dir='ltr'><strong>ἀπηγγέλη</strong></span> <span class='ocrx_word' id='word_1_538' title='bbox 3416 3056 3533 3110; x_wconf 86' lang='grc' dir='ltr'>μοι,</span> <span class='ocrx_word' id='word_1_539' title='bbox 3575 3040 3697 3095; x_wconf 75' lang='grc' dir='ltr'>ἶσα-</span> 
     </span>
    </p>
   </div>
   <div class='ocr_carea' id='block_1_75' title="bbox 2108 3125 3695 3205">
    <p class='ocr_par' dir='ltr' id='par_1_75' title="bbox 2108 3125 3695 3205">
     <span class='ocr_line' id='line_1_75' title="bbox 2108 3125 3695 3205; baseline 0.008 -28"><span class='ocrx_word' id='word_1_540' title='bbox 2108 3139 2192 3178; x_wconf 90' lang='grc' dir='ltr'><strong>σιν</strong></span> <span class='ocrx_word' id='word_1_541' title='bbox 2216 3126 2265 3179; x_wconf 78' lang='grc' dir='ltr'><strong>οἱ</strong></span> <span class='ocrx_word' id='word_1_542' title='bbox 2290 3125 2555 3197; x_wconf 81' lang='grc' dir='ltr'>παρόντες</span> <span class='ocrx_word' id='word_1_543' title='bbox 2580 3128 2727 3193; x_wconf 82' lang='grc' dir='ltr'>ὅπως</span> <span class='ocrx_word' id='word_1_544' title='bbox 2751 3127 2993 3202; x_wconf 80' lang='grc' dir='ltr'>διετέθην</span> <span class='ocrx_word' id='word_1_545' title='bbox 3013 3147 3029 3162; x_wconf 77' lang='grc' dir='ltr'><strong>ο</strong></span> <span class='ocrx_word' id='word_1_546' title='bbox 3057 3130 3292 3187; x_wconf 82' lang='grc' dir='ltr'>ἐνταῦθα</span> <span class='ocrx_word' id='word_1_547' title='bbox 3313 3132 3425 3204; x_wconf 75' lang='grc' dir='ltr'>γὰρ</span> <span class='ocrx_word' id='word_1_548' title='bbox 3450 3134 3695 3205; x_wconf 73' lang='grc' dir='ltr'>ἐμαυτοῦ</span> 
     </span>
    </p>
   </div>
   <div class='ocr_carea' id='block_1_76' title="bbox 2101 3219 3698 3299">
    <p class='ocr_par' dir='ltr' id='par_1_76' title="bbox 2101 3219 3698 3299">
     <span class='ocr_line' id='line_1_76' title="bbox 2101 3219 3698 3299; baseline 0.009 -31"><span class='ocrx_word' id='word_1_549' title='bbox 2101 3219 2483 3290; x_wconf 87' lang='grc' dir='ltr'>κατηγορήσω.</span> <span class='ocrx_word' id='word_1_550' title='bbox 2514 3220 2587 3273; x_wconf 83' lang='grc' dir='ltr'><strong>Τὸ</strong></span> <span class='ocrx_word' id='word_1_551' title='bbox 2626 3222 2723 3292; x_wconf 82' lang='grc' dir='ltr'><strong>μὲν</strong></span> <span class='ocrx_word' id='word_1_552' title='bbox 2752 3221 2965 3295; x_wconf 86' lang='grc' dir='ltr'>πρῶτον</span> <span class='ocrx_word' id='word_1_553' title='bbox 2989 3223 3259 3296; x_wconf 75' lang='grc' dir='ltr'><strong>ἠχθέσθην</strong></span> <span class='ocrx_word' id='word_1_554' title='bbox 3283 3226 3381 3279; x_wconf 75' lang='grc' dir='ltr'><strong>καὶ</strong></span> <span class='ocrx_word' id='word_1_555' title='bbox 3412 3225 3540 3280; x_wconf 79' lang='grc' dir='ltr'>λίαν</span> <span class='ocrx_word' id='word_1_556' title='bbox 3567 3229 3698 3299; x_wconf 79' lang='grc' dir='ltr'>ἐχα-</span> 
     </span>
    </p>
   </div>
   <div class='ocr_carea' id='block_1_77' title="bbox 2099 3310 3699 3393">
    <p class='ocr_par' dir='ltr' id='par_1_77' title="bbox 2099 3310 3699 3393">
     <span class='ocr_line' id='line_1_77' title="bbox 2099 3310 3699 3393; baseline 0.008 -30"><span class='ocrx_word' id='word_1_557' title='bbox 2099 3310 2337 3383; x_wconf 83' lang='grc' dir='ltr'>λέπηνα’</span> <span class='ocrx_word' id='word_1_558' title='bbox 2380 3313 2471 3366; x_wconf 82' lang='grc' dir='ltr'>καὶ</span> <span class='ocrx_word' id='word_1_559' title='bbox 2518 3312 2627 3385; x_wconf 79' lang='grc' dir='ltr'><strong>γὰρ</strong></span> <span class='ocrx_word' id='word_1_560' title='bbox 2651 3316 2700 3368; x_wconf 88' lang='grc' dir='ltr'><strong>εί</strong></span> <span class='ocrx_word' id='word_1_561' title='bbox 2742 3316 3153 3390; x_wconf 84' lang='grc' dir='ltr'>γνωριμώτεροι</span> <span class='ocrx_word' id='word_1_562' title='bbox 3187 3319 3284 3373; x_wconf 73' lang='grc' dir='ltr'>καὶ</span> <span class='ocrx_word' id='word_1_563' title='bbox 3307 3321 3699 3393; x_wconf 78' lang='grc' dir='ltr'>συνηθέστεροι</span> 
     </span>
    </p>
   </div>
   <div class='ocr_carea' id='block_1_78' title="bbox 2099 3403 3694 3482">
    <p class='ocr_par' dir='ltr' id='par_1_78' title="bbox 2099 3403 3694 3482">
     <span class='ocr_line' id='line_1_78' title="bbox 2099 3403 3694 3482; baseline 0.008 -27"><span class='ocrx_word' id='word_1_564' title='bbox 2099 3403 2398 3475; x_wconf 78' lang='grc' dir='ltr'>ἐτύγχανον</span> <span class='ocrx_word' id='word_1_565' title='bbox 2441 3406 2571 3477; x_wconf 78' lang='grc' dir='ltr'>ἡμῖν</span> <span class='ocrx_word' id='word_1_566' title='bbox 2609 3408 2657 3459; x_wconf 75' lang='lat' dir='ltr'><strong>oi</strong></span> <span class='ocrx_word' id='word_1_567' title='bbox 2695 3406 2869 3471; x_wconf 89' lang='grc' dir='ltr'>τόποι,</span> <span class='ocrx_word' id='word_1_568' title='bbox 2907 3408 3024 3462; x_wconf 77' lang='grc' dir='ltr'>ἀλλ’</span> <span class='ocrx_word' id='word_1_569' title='bbox 3063 3408 3266 3480; x_wconf 76' lang='grc' dir='ltr'>ἔρημον</span> <span class='ocrx_word' id='word_1_570' title='bbox 3295 3412 3395 3481; x_wconf 82' lang='grc' dir='ltr'><strong>μὲν</strong></span> <span class='ocrx_word' id='word_1_571' title='bbox 3420 3413 3694 3482; x_wconf 79' lang='grc' dir='ltr'>ἀδελφῶν,</span> 
     </span>
    </p>
   </div>
   <div class='ocr_carea' id='block_1_79' title="bbox 2099 3496 3696 3577">
    <p class='ocr_par' dir='ltr' id='par_1_79' title="bbox 2099 3496 3696 3577">
     <span class='ocr_line' id='line_1_79' title="bbox 2099 3496 3696 3577; baseline 0.007 -30"><span class='ocrx_word' id='word_1_572' title='bbox 2099 3496 2193 3549; x_wconf 75' lang='grc' dir='ltr'><strong>καὶ</strong></span> <span class='ocrx_word' id='word_1_573' title='bbox 2242 3496 2543 3551; x_wconf 83' lang='grc' dir='ltr'>σπουδαίων</span> <span class='ocrx_word' id='word_1_574' title='bbox 2592 3497 2897 3570; x_wconf 85' lang='grc' dir='ltr'>ἀνθρώπων</span> <span class='ocrx_word' id='word_1_575' title='bbox 2932 3499 3170 3569; x_wconf 78' lang='grc' dir='ltr'>ἔφασκον</span> <span class='ocrx_word' id='word_1_576' title='bbox 3196 3497 3334 3555; x_wconf 84' lang='grc' dir='ltr'>εἶναι</span> <span class='ocrx_word' id='word_1_577' title='bbox 3365 3503 3427 3557; x_wconf 83' lang='grc' dir='ltr'>τὸ</span> <span class='ocrx_word' id='word_1_578' title='bbox 3452 3507 3696 3577; x_wconf 81' lang='grc' dir='ltr'>χωρίον’</span> 
     </span>
    </p>
   </div>
   <div class='ocr_carea' id='block_1_80' title="bbox 2098 3586 3696 3667">
    <p class='ocr_par' dir='ltr' id='par_1_80' title="bbox 2098 3586 3696 3667">
     <span class='ocr_line' id='line_1_80' title="bbox 2098 3586 3696 3667; baseline 0.007 -28"><span class='ocrx_word' id='word_1_579' title='bbox 2098 3590 2217 3651; x_wconf 87' lang='grc' dir='ltr'>ταῖς</span> <span class='ocrx_word' id='word_1_580' title='bbox 2241 3586 2297 3640; x_wconf 80' lang='grc' dir='ltr'>δὲ</span> <span class='ocrx_word' id='word_1_581' title='bbox 2336 3587 2444 3642; x_wconf 86' lang='grc' dir='ltr'><strong>τῶν</strong></span> <span class='ocrx_word' id='word_1_582' title='bbox 2480 3588 2902 3661; x_wconf 78' lang='grc' dir='ltr'>ὁδοιπορούντων</span> <span class='ocrx_word' id='word_1_583' title='bbox 2944 3592 3288 3663; x_wconf 81' lang='grc' dir='ltr'>ὲνοχλήσεσι,</span> <span class='ocrx_word' id='word_1_584' title='bbox 3334 3596 3431 3649; x_wconf 72' lang='grc' dir='ltr'><strong>καὶ</strong></span> <span class='ocrx_word' id='word_1_585' title='bbox 3482 3596 3696 3667; x_wconf 73' lang='grc' dir='ltr'>λῃστῶν</span> 
     </span>
    </p>
   </div>
   <div class='ocr_carea' id='block_1_81' title="bbox 2099 3681 3695 3760">
    <p class='ocr_par' dir='ltr' id='par_1_81' title="bbox 2099 3681 3695 3760">
     <span class='ocr_line' id='line_1_81' title="bbox 2099 3681 3695 3760; baseline 0.005 -26"><span class='ocrx_word' id='word_1_586' title='bbox 2099 3681 2465 3752; x_wconf 80' lang='grc' dir='ltr'>καταδρομαῖς</span> <span class='ocrx_word' id='word_1_587' title='bbox 2521 3683 2837 3754; x_wconf 78' lang='grc' dir='ltr'>ἐγκείμενον</span> <span class='ocrx_word' id='word_1_588' title='bbox 2885 3684 3017 3755; x_wconf 71' lang='grc'><strong>(45).</strong></span> <span class='ocrx_word' id='word_1_589' title='bbox 3050 3687 3281 3757; x_wconf 85' lang='grc' dir='ltr'>Ἔτυχον</span> <span class='ocrx_word' id='word_1_590' title='bbox 3325 3687 3384 3740; x_wconf 81' lang='grc' dir='ltr'>δὲ</span> <span class='ocrx_word' id='word_1_591' title='bbox 3438 3688 3695 3760; x_wconf 71' lang='grc' dir='ltr'>παραθυο</span> 
     </span>
    </p>
   </div>
   <div class='ocr_carea' id='block_1_82' title="bbox 2102 3773 3696 3851">
    <p class='ocr_par' dir='ltr' id='par_1_82' title="bbox 2102 3773 3696 3851">
     <span class='ocr_line' id='line_1_82' title="bbox 2102 3773 3696 3851; baseline 0.005 -25"><span class='ocrx_word' id='word_1_592' title='bbox 2102 3773 2249 3845; x_wconf 87' lang='grc' dir='ltr'>μίας,</span> <span class='ocrx_word' id='word_1_593' title='bbox 2306 3774 2736 3845; x_wconf 84' lang='grc' dir='ltr'>ύπομνησάντων</span> <span class='ocrx_word' id='word_1_594' title='bbox 2783 3792 2851 3846; x_wconf 90' lang='grc' dir='ltr'><strong>με</strong></span> <span class='ocrx_word' id='word_1_595' title='bbox 2895 3776 3013 3830; x_wconf 86' lang='grc' dir='ltr'><strong>τῶν</strong></span> <span class='ocrx_word' id='word_1_596' title='bbox 3051 3774 3314 3847; x_wconf 76' lang='grc' dir='ltr'>ἀδελφῶν,</span> <span class='ocrx_word' id='word_1_597' title='bbox 3358 3779 3443 3831; x_wconf 81' lang='grc' dir='ltr'>ὅτι</span> <span class='ocrx_word' id='word_1_598' title='bbox 3480 3782 3696 3851; x_wconf 67' lang='grc' dir='ltr'>γειτνιᾷ</span> 
     </span>
    </p>
   </div>
   <div class='ocr_carea' id='block_1_83' title="bbox 2101 3862 3694 3941">
    <p class='ocr_par' dir='ltr' id='par_1_83' title="bbox 2101 3862 3694 3941">
     <span class='ocr_line' id='line_1_83' title="bbox 2101 3862 3694 3941; baseline 0.004 -25"><span class='ocrx_word' id='word_1_599' title='bbox 2101 3862 2300 3934; x_wconf 80' lang='grc' dir='ltr'>μᾶλλον</span> <span class='ocrx_word' id='word_1_600' title='bbox 2339 3866 2405 3936; x_wconf 77' lang='grc' dir='ltr'>τῇ</span> <span class='ocrx_word' id='word_1_601' title='bbox 2447 3864 2621 3918; x_wconf 85' lang='grc' dir='ltr'>πόλει.</span> <span class='ocrx_word' id='word_1_602' title='bbox 2673 3864 2785 3918; x_wconf 75' lang='grc' dir='ltr'><strong>Καὶ</strong></span> <span class='ocrx_word' id='word_1_603' title='bbox 2830 3867 2865 3936; x_wconf 78' lang='grc' dir='ltr'>ἡ</span> <span class='ocrx_word' id='word_1_604' title='bbox 2909 3866 3009 3937; x_wconf 84' lang='grc' dir='ltr'>μὲν</span> <span class='ocrx_word' id='word_1_605' title='bbox 3044 3866 3277 3939; x_wconf 80' lang='grc' dir='ltr'>Κεφρὼν</span> <span class='ocrx_word' id='word_1_606' title='bbox 3317 3868 3524 3940; x_wconf 79' lang='grc' dir='ltr'>πολλὴν</span> <span class='ocrx_word' id='word_1_607' title='bbox 3559 3871 3694 3941; x_wconf 75' lang='grc' dir='ltr'>ημῖν</span> 
     </span>
    </p>
   </div>
   <div class='ocr_carea' id='block_1_84' title="bbox 2096 3952 3695 4032">
    <p class='ocr_par' dir='ltr' id='par_1_84' title="bbox 2096 3952 3695 4032">
     <span class='ocr_line' id='line_1_84' title="bbox 2096 3952 3695 4032; baseline 0.004 -24"><span class='ocrx_word' id='word_1_608' title='bbox 2096 3952 2231 4027; x_wconf 74' lang='grc' dir='ltr'>ἦγεν</span> <span class='ocrx_word' id='word_1_609' title='bbox 2266 3956 2510 4026; x_wconf 82' lang='grc' dir='ltr'>ἀδελφῶν</span> <span class='ocrx_word' id='word_1_610' title='bbox 2554 3958 2662 4012; x_wconf 89' lang='grc' dir='ltr'><strong>τῶν</strong></span> <span class='ocrx_word' id='word_1_611' title='bbox 2697 3957 2792 4012; x_wconf 81' lang='grc' dir='ltr'>ἀπ’</span> <span class='ocrx_word' id='word_1_612' title='bbox 2832 3958 3106 4026; x_wconf 69' lang='grc' dir='ltr'>Αἰγύπτου</span> <span class='ocrx_word' id='word_1_613' title='bbox 3143 3960 3242 4031; x_wconf 74' lang='grc' dir='ltr'><strong>τὴν</strong></span> <span class='ocrx_word' id='word_1_614' title='bbox 3268 3961 3584 4032; x_wconf 77' lang='grc' dir='ltr'>ἐπιμιξίαν,</span> <span class='ocrx_word' id='word_1_615' title='bbox 3616 3963 3695 4026; x_wconf 78' lang='grc' dir='ltr'>ὡς</span> 
     </span>
    </p>
   </div>
   <div class='ocr_carea' id='block_1_85' title="bbox 2098 4048 3689 4128">
    <p class='ocr_par' dir='ltr' id='par_1_85' title="bbox 2098 4048 3689 4128">
     <span class='ocr_line' id='line_1_85' title="bbox 2098 4048 3689 4128; baseline 0.003 -26"><span class='ocrx_word' id='word_1_616' title='bbox 2098 4048 2430 4122; x_wconf 86' lang='grc' dir='ltr'>πλατύτερον</span> <span class='ocrx_word' id='word_1_617' title='bbox 2456 4049 2838 4122; x_wconf 74' lang='grc' dir='ltr'>ἐκκλησιάζειν</span> <span class='ocrx_word' id='word_1_618' title='bbox 2863 4050 3162 4107; x_wconf 87' lang='grc' dir='ltr'>δύνασθαι·</span> <span class='ocrx_word' id='word_1_619' title='bbox 3202 4054 3319 4107; x_wconf 80' lang='grc' dir='ltr'>ἐκεῖ</span> <span class='ocrx_word' id='word_1_620' title='bbox 3343 4054 3402 4107; x_wconf 86' lang='grc' dir='ltr'>δὲ</span> <span class='ocrx_word' id='word_1_621' title='bbox 3428 4055 3689 4128; x_wconf 83' lang='grc' dir='ltr'>πλησιαί-</span> 
     </span>
    </p>
   </div>
   <div class='ocr_carea' id='block_1_86' title="bbox 2096 4142 3690 4218">
    <p class='ocr_par' dir='ltr' id='par_1_86' title="bbox 2096 4142 3690 4218">
     <span class='ocr_line' id='line_1_86' title="bbox 2096 4142 3690 4218; baseline 0.003 -21"><span class='ocrx_word' id='word_1_622' title='bbox 2096 4159 2249 4215; x_wconf 86' lang='grc' dir='ltr'>τερον</span> <span class='ocrx_word' id='word_1_623' title='bbox 2295 4142 2460 4215; x_wconf 78' lang='grc' dir='ltr'>ούσης</span> <span class='ocrx_word' id='word_1_624' title='bbox 2512 4144 2610 4214; x_wconf 79' lang='grc' dir='ltr'>τῆς</span> <span class='ocrx_word' id='word_1_625' title='bbox 2667 4144 2875 4208; x_wconf 87' lang='grc' dir='ltr'>πόλεως</span> <span class='ocrx_word' id='word_1_626' title='bbox 2902 4184 2917 4209; x_wconf 96' lang='grc'><strong>,</strong></span> <span class='ocrx_word' id='word_1_627' title='bbox 2982 4145 3367 4218; x_wconf 82' lang='grc' dir='ltr'>συνεχέστερον</span> <span class='ocrx_word' id='word_1_628' title='bbox 3412 4148 3521 4218; x_wconf 78' lang='grc' dir='ltr'>τῆς</span> <span class='ocrx_word' id='word_1_629' title='bbox 3582 4149 3690 4201; x_wconf 85' lang='grc' dir='ltr'><strong>τῶν</strong></span> 
     </span>
    </p>
   </div>
   <div class='ocr_carea' id='block_1_87' title="bbox 2096 4233 3687 4308">
    <p class='ocr_par' dir='ltr' id='par_1_87' title="bbox 2096 4233 3687 4308">
     <span class='ocr_line' id='line_1_87' title="bbox 2096 4233 3687 4308; baseline 0.004 -21"><span class='ocrx_word' id='word_1_630' title='bbox 2096 4233 2265 4299; x_wconf 76' lang='grc' dir='ltr'>ὅντως</span> <span class='ocrx_word' id='word_1_631' title='bbox 2316 4234 2615 4305; x_wconf 85' lang='grc' dir='ltr'>ἀγαπητῶν</span> <span class='ocrx_word' id='word_1_632' title='bbox 2686 4235 2782 4289; x_wconf 74' lang='grc' dir='ltr'><strong>καὶ</strong></span> <span class='ocrx_word' id='word_1_633' title='bbox 2828 4235 3182 4291; x_wconf 80' lang='grc' dir='ltr'>οἰκειοτάτων</span> <span class='ocrx_word' id='word_1_634' title='bbox 3247 4239 3345 4291; x_wconf 77' lang='grc' dir='ltr'><strong>καὶ</strong></span> <span class='ocrx_word' id='word_1_635' title='bbox 3411 4239 3687 4308; x_wconf 73' lang='grc' dir='ltr'>φιλτάτων</span> 
     </span>
    </p>
   </div>
   <div class='ocr_carea' id='block_1_88' title="bbox 2097 4324 3685 4402">
    <p class='ocr_par' dir='ltr' id='par_1_88' title="bbox 2097 4324 3685 4402">
     <span class='ocr_line' id='line_1_88' title="bbox 2097 4324 3685 4402; baseline 0.006 -24"><span class='ocrx_word' id='word_1_636' title='bbox 2097 4324 2271 4395; x_wconf 71' lang='grc' dir='ltr'>ὅψεως</span> <span class='ocrx_word' id='word_1_637' title='bbox 2315 4325 2711 4398; x_wconf 86' lang='grc' dir='ltr'>ἀπολαύσομεν.</span> <span class='ocrx_word' id='word_1_638' title='bbox 2773 4326 3082 4396; x_wconf 77' lang='grc' dir='ltr'>Ἀφίξονται</span> <span class='ocrx_word' id='word_1_639' title='bbox 3124 4328 3234 4402; x_wconf 85' lang='grc' dir='ltr'><strong>γὰρ</strong></span> <span class='ocrx_word' id='word_1_640' title='bbox 3293 4330 3389 4386; x_wconf 75' lang='grc' dir='ltr'>καὶ</span> <span class='ocrx_word' id='word_1_641' title='bbox 3430 4333 3685 4387; x_wconf 83' lang='grc' dir='ltr'>ἀναπαύ-</span> 
     </span>
    </p>
   </div>
   <div class='ocr_carea' id='block_1_89' title="bbox 2101 4418 3685 4497">
    <p class='ocr_par' dir='ltr' id='par_1_89' title="bbox 2101 4418 3685 4497">
     <span class='ocr_line' id='line_1_89' title="bbox 2101 4418 3685 4497; baseline 0.005 -25"><span class='ocrx_word' id='word_1_642' title='bbox 2101 4435 2313 4473; x_wconf 63' lang='lat' dir='ltr'><strong>cev-retr</strong></span> <span class='ocrx_word' id='word_1_643' title='bbox 2340 4418 2435 4473; x_wconf 71' lang='grc' dir='ltr'><strong>καὶ</strong></span> <span class='ocrx_word' id='word_1_644' title='bbox 2461 4418 2537 4484; x_wconf 87' lang='grc' dir='ltr'>ὡς</span> <span class='ocrx_word' id='word_1_645' title='bbox 2558 4422 2617 4473; x_wconf 82' lang='grc' dir='ltr'>ὲν</span> <span class='ocrx_word' id='word_1_646' title='bbox 2640 4421 2984 4492; x_wconf 88' lang='grc' dir='ltr'>προαστείοις</span> <span class='ocrx_word' id='word_1_647' title='bbox 3019 4419 3354 4497; x_wconf 72' lang='grc' dir='ltr'>πορρωτέρω</span> <span class='ocrx_word' id='word_1_648' title='bbox 3390 4426 3685 4497; x_wconf 78' lang='grc' dir='ltr'>κειμένοις,</span> 
     </span>
    </p>
   </div>
   <div class='ocr_carea' id='block_1_90' title="bbox 354 4510 1999 4587">
    <p class='ocr_par' dir='ltr' id='par_1_90' title="bbox 354 4511 1997 4584">
     <span class='ocr_line' id='line_1_90' title="bbox 354 4511 1997 4584; baseline -0.007 -9"><span class='ocrx_word' id='word_1_649' title='bbox 354 4565 361 4575; x_wconf 93' lang='grc'>.</span> <span class='ocrx_word' id='word_1_650' title='bbox 417 4517 702 4572; x_wconf 90' lang='lat' dir='ltr'><strong>fruituros.</strong></span> <span class='ocrx_word' id='word_1_651' title='bbox 760 4512 868 4571; x_wconf 88' lang='lat' dir='ltr'><strong>Eos</strong></span> <span class='ocrx_word' id='word_1_652' title='bbox 902 4515 1102 4584; x_wconf 82' lang='lat' dir='ltr'><strong>quippe</strong></span> <span class='ocrx_word' id='word_1_653' title='bbox 1134 4525 1457 4567; x_wconf 78' lang='lat' dir='ltr'><strong>accessuros</strong></span> <span class='ocrx_word' id='word_1_654' title='bbox 1485 4511 1667 4581; x_wconf 88' lang='lat' dir='ltr'><strong>ibique</strong></span> <span class='ocrx_word' id='word_1_655' title='bbox 1695 4525 1997 4565; x_wconf 86' lang='lat' dir='ltr'><strong>commora-</strong></span> 
     </span>
    </p>
   </div>
   <div class='ocr_carea' id='block_1_91' title="bbox 2105 4510 3687 4587">
    <p class='ocr_par' dir='ltr' id='par_1_91' title="bbox 2105 4510 3687 4587">
     <span class='ocr_line' id='line_1_91' title="bbox 2105 4510 3687 4587; baseline 0.006 -24"><span class='ocrx_word' id='word_1_656' title='bbox 2105 4510 2240 4565; x_wconf 84' lang='grc' dir='ltr'><strong>κατά</strong></span> <span class='ocrx_word' id='word_1_657' title='bbox 2300 4512 2465 4585; x_wconf 82' lang='grc' dir='ltr'>μέρος</span> <span class='ocrx_word' id='word_1_658' title='bbox 2512 4511 2728 4567; x_wconf 76' lang='grc' dir='ltr'>ἔσονται</span> <span class='ocrx_word' id='word_1_659' title='bbox 2775 4513 3089 4585; x_wconf 85' lang='grc' dir='ltr'>συναγωγαί</span> <span class='ocrx_word' id='word_1_660' title='bbox 3140 4514 3276 4587; x_wconf 68' lang='grc'><strong>(44).</strong></span> <span class='ocrx_word' id='word_1_661' title='bbox 3341 4517 3458 4571; x_wconf 76' lang='grc' dir='ltr'><strong>Καὶ</strong></span> <span class='ocrx_word' id='word_1_662' title='bbox 3520 4517 3687 4582; x_wconf 76' lang='grc' dir='ltr'>οὕτως</span> 
     </span>
    </p>
   </div>
   <div class='ocr_carea' id='block_1_92' title="bbox 417 4599 1999 4676">
    <p class='ocr_par' dir='ltr' id='par_1_92' title="bbox 417 4599 1999 4676">
     <span class='ocr_line' id='line_1_92' title="bbox 417 4599 1999 4676; baseline -0.005 -13"><span class='ocrx_word' id='word_1_663' title='bbox 417 4620 573 4663; x_wconf 89' lang='lat' dir='ltr'><strong>turos</strong></span> <span class='ocrx_word' id='word_1_664' title='bbox 619 4614 723 4662; x_wconf 89' lang='lat' dir='ltr'><strong>:et</strong></span> <span class='ocrx_word' id='word_1_665' title='bbox 770 4614 1028 4676; x_wconf 87' lang='lat' dir='ltr'><strong>tanquam</strong></span> <span class='ocrx_word' id='word_1_666' title='bbox 1082 4603 1135 4658; x_wconf 91' lang='lat' dir='ltr'><strong>in</strong></span> <span class='ocrx_word' id='word_1_667' title='bbox 1193 4601 1522 4658; x_wconf 86' lang='lat' dir='ltr'><strong>suburbanis</strong></span> <span class='ocrx_word' id='word_1_668' title='bbox 1576 4599 1999 4667; x_wconf 87' lang='lat' dir='ltr'><strong>remotioribus,</strong></span> 
     </span>
    </p>
   </div>
   <div class='ocr_carea' id='block_1_93' title="bbox 419 4693 2002 4770">
    <p class='ocr_par' dir='ltr' id='par_1_93' title="bbox 419 4693 2002 4770">
     <span class='ocr_line' id='line_1_93' title="bbox 419 4693 2002 4770; baseline -0.004 -16"><span class='ocrx_word' id='word_1_669' title='bbox 419 4698 777 4770; x_wconf 87' lang='lat' dir='ltr'><strong>particulares</strong></span> <span class='ocrx_word' id='word_1_670' title='bbox 808 4696 919 4753; x_wconf 90' lang='lat' dir='ltr'><strong>illic</strong></span> <span class='ocrx_word' id='word_1_671' title='bbox 950 4706 1249 4753; x_wconf 85' lang='lat' dir='ltr'><strong>conventus</strong></span> <span class='ocrx_word' id='word_1_672' title='bbox 1280 4694 1513 4752; x_wconf 87' lang='lat' dir='ltr'><strong>futuros.</strong></span> <span class='ocrx_word' id='word_1_673' title='bbox 1559 4693 1729 4762; x_wconf 83' lang='lat' dir='ltr'><strong>quue</strong></span> <span class='ocrx_word' id='word_1_674' title='bbox 1772 4693 1846 4749; x_wconf 89' lang='lat' dir='ltr'><strong>ita</strong></span> <span class='ocrx_word' id='word_1_675' title='bbox 1872 4709 2002 4750; x_wconf 72' lang='grc' dir='ltr'>ροη-</span> 
     </span>
    </p>
   </div>
   <div class='ocr_carea' id='block_1_94' title="bbox 304 4790 563 4862">
    <p class='ocr_par' dir='ltr' id='par_1_94' title="bbox 304 4790 563 4862">
     <span class='ocr_line' id='line_1_94' title="bbox 304 4790 563 4862; baseline -0.012 -16"><span class='ocrx_word' id='word_1_676' title='bbox 304 4831 309 4859; x_wconf 48' lang='lat'>;</span> <span class='ocrx_word' id='word_1_677' title='bbox 422 4790 563 4862; x_wconf 82' lang='lat' dir='ltr'><strong>tigit.</strong></span> 
     </span>
    </p>
   </div>
   <div class='ocr_carea' id='block_1_95' title="bbox 496 4937 2003 5066">
    <p class='ocr_par' dir='ltr' id='par_1_95' title="bbox 496 4937 2003 5066">
     <span class='ocr_line' id='line_1_95' title="bbox 496 4937 2003 5066; baseline -0.003 -68"><span class='ocrx_word' id='word_1_678' title='bbox 496 4942 625 5066; x_wconf 44' lang='grc'><strong>(413.</strong></span> <span class='ocrx_word' id='word_1_679' title='bbox 654 4944 839 4998; x_wconf 75' lang='grc' dir='ltr'>Ἆπὼν</span> <span class='ocrx_word' id='word_1_680' title='bbox 861 4945 980 5015; x_wconf 78' lang='grc' dir='ltr'><strong>μὲν</strong></span> <span class='ocrx_word' id='word_1_681' title='bbox 1005 4943 1085 5010; x_wconf 82' lang='grc' dir='ltr'>τῷ</span> <span class='ocrx_word' id='word_1_682' title='bbox 1114 4943 1369 5025; x_wconf 63' lang='grc' dir='ltr'>σώματι,</span> <span class='ocrx_word' id='word_1_683' title='bbox 1420 4942 1500 5008; x_wconf 85' lang='grc' dir='ltr'>ὡς</span> <span class='ocrx_word' id='word_1_684' title='bbox 1540 4937 1733 4995; x_wconf 78' lang='grc' dir='ltr'>εἷπον.</span> <span class='ocrx_word' id='word_1_685' title='bbox 1782 4938 2003 4994; x_wconf 78' lang='lat' dir='ltr'><strong>Rectius</strong></span> 
     </span>
     <span class='ocr_line' id='line_1_96' title="bbox 505 5009 1996 5066; baseline -0.002 0"><span class='ocrx_word' id='word_1_686' title='bbox 505 5030 571 5066; x_wconf 88' lang='lat' dir='ltr'><strong>co</strong></span> <span class='ocrx_word' id='word_1_687' title='bbox 613 5029 694 5066; x_wconf 85' lang='lat' dir='ltr'><strong>tce</strong></span> <span class='ocrx_word' id='word_1_688' title='bbox 725 5013 864 5066; x_wconf 82' lang='lat' dir='ltr'><strong>Maz.</strong></span> <span class='ocrx_word' id='word_1_689' title='bbox 895 5023 951 5066; x_wconf 85' lang='lat' dir='ltr'><strong>et</strong></span> <span class='ocrx_word' id='word_1_690' title='bbox 977 5011 1117 5066; x_wconf 83' lang='lat' dir='ltr'><strong>Med.</strong></span> <span class='ocrx_word' id='word_1_691' title='bbox 1152 5015 1412 5066; x_wconf 76' lang='lat' dir='ltr'><strong>scribitur</strong></span> <span class='ocrx_word' id='word_1_692' title='bbox 1434 5013 1511 5066; x_wconf 79' lang='grc' dir='ltr'><strong>ώς</strong></span> <span class='ocrx_word' id='word_1_693' title='bbox 1541 5014 1734 5065; x_wconf 71' lang='grc' dir='ltr'>εἰπεῖν.</span> <span class='ocrx_word' id='word_1_694' title='bbox 1775 5009 1829 5063; x_wconf 92' lang='lat' dir='ltr'><strong>In</strong></span> <span class='ocrx_word' id='word_1_695' title='bbox 1860 5009 1996 5064; x_wconf 85' lang='lat' dir='ltr'><strong>Fuk.</strong></span> 
     </span>
    </p>
   </div>
   <div class='ocr_carea' id='block_1_96' title="bbox 400 5009 1996 5074">
    <p class='ocr_par' dir='ltr' id='par_1_96' title="bbox 400 5009 1996 5074">
     <span class='ocr_line' id='line_1_97' title="bbox 400 5009 1996 5074; baseline -0.006 -1"><span class='ocrx_word' id='word_1_696' title='bbox 400 5019 479 5073; x_wconf 24' lang='lat' dir='ltr'><strong>ein</strong></span> <span class='ocrx_word' id='word_1_697' title='bbox 503 5009 694 5069; x_wconf 77' lang='lat' dir='ltr'><strong>codice</strong></span> <span class='ocrx_word' id='word_1_698' title='bbox 725 5009 878 5069; x_wconf 46' lang='lat' dir='ltr'><strong>Maz.‘</strong></span> <span class='ocrx_word' id='word_1_699' title='bbox 895 5023 951 5069; x_wconf 92' lang='lat' dir='ltr'><strong>et</strong></span> <span class='ocrx_word' id='word_1_700' title='bbox 977 5009 1117 5069; x_wconf 82' lang='lat' dir='ltr'><strong>Med.</strong></span> <span class='ocrx_word' id='word_1_701' title='bbox 1152 5009 1412 5070; x_wconf 75' lang='lat' dir='ltr'><strong>scribitur</strong></span> <span class='ocrx_word' id='word_1_702' title='bbox 1434 5013 1511 5074; x_wconf 84' lang='grc' dir='ltr'>ὼς</span> <span class='ocrx_word' id='word_1_703' title='bbox 1541 5014 1734 5065; x_wconf 71' lang='grc' dir='ltr'>εἰπεῖν.</span> <span class='ocrx_word' id='word_1_704' title='bbox 1775 5009 1829 5063; x_wconf 94' lang='lat' dir='ltr'><strong>In</strong></span> <span class='ocrx_word' id='word_1_705' title='bbox 1860 5009 1996 5064; x_wconf 85' lang='lat' dir='ltr'><strong>Fuk.</strong></span> 
     </span>
    </p>
   </div>
   <div class='ocr_carea' id='block_1_97' title="bbox 419 5079 1998 5151">
    <p class='ocr_par' dir='ltr' id='par_1_97' title="bbox 419 5079 1998 5151">
     <span class='ocr_line' id='line_1_98' title="bbox 419 5079 1998 5151; baseline -0.006 -9"><span class='ocrx_word' id='word_1_706' title='bbox 419 5096 478 5143; x_wconf 86' lang='lat' dir='ltr'><strong>et</strong></span> <span class='ocrx_word' id='word_1_707' title='bbox 510 5085 681 5141; x_wconf 87' lang='lat' dir='ltr'><strong>Savil.</strong></span> <span class='ocrx_word' id='word_1_708' title='bbox 723 5084 993 5151; x_wconf 83' lang='lat' dir='ltr'><strong>scriptum</strong></span> <span class='ocrx_word' id='word_1_709' title='bbox 1019 5084 1224 5143; x_wconf 85' lang='lat' dir='ltr'><strong>inveni,</strong></span> <span class='ocrx_word' id='word_1_710' title='bbox 1268 5082 1345 5145; x_wconf 90' lang='grc' dir='ltr'><strong>ώς</strong></span> <span class='ocrx_word' id='word_1_711' title='bbox 1376 5079 1527 5135; x_wconf 78' lang='grc' dir='ltr'>εἶπεν</span> <span class='ocrx_word' id='word_1_712' title='bbox 1580 5085 1609 5135; x_wconf 88' lang='grc' dir='ltr'><strong>ό</strong></span> <span class='ocrx_word' id='word_1_713' title='bbox 1658 5081 1998 5151; x_wconf 81' lang='grc' dir='ltr'>Ἀπόστολος.</span> 
     </span>
    </p>
   </div>
   <div class='ocr_carea' id='block_1_98' title="bbox 422 5150 2002 5225">
    <p class='ocr_par' dir='ltr' id='par_1_98' title="bbox 422 5150 2002 5225">
     <span class='ocr_line' id='line_1_99' title="bbox 422 5150 2002 5225; baseline -0.004 -13"><span class='ocrx_word' id='word_1_714' title='bbox 422 5158 586 5213; x_wconf 85' lang='lat' dir='ltr'><strong>Certe</strong></span> <span class='ocrx_word' id='word_1_715' title='bbox 618 5155 811 5211; x_wconf 88' lang='lat' dir='ltr'><strong>alludit</strong></span> <span class='ocrx_word' id='word_1_716' title='bbox 839 5150 1228 5225; x_wconf 50' lang='lat' dir='ltr'><strong>Dionysiusgd</strong></span> <span class='ocrx_word' id='word_1_717' title='bbox 1255 5153 1435 5207; x_wconf 87' lang='lat' dir='ltr'><strong>locum</strong></span> <span class='ocrx_word' id='word_1_718' title='bbox 1459 5150 1702 5222; x_wconf 82' lang='lat' dir='ltr'><strong>Apostol‘t</strong></span> <span class='ocrx_word' id='word_1_719' title='bbox 1734 5153 1786 5205; x_wconf 90' lang='lat' dir='ltr'><strong>in</strong></span> <span class='ocrx_word' id='word_1_720' title='bbox 1822 5152 2002 5222; x_wconf 89' lang='lat' dir='ltr'><strong>priore</strong></span> 
     </span>
    </p>
   </div>
   <div class='ocr_carea' id='block_1_99' title="bbox 423 5221 1334 5293">
    <p class='ocr_par' dir='ltr' id='par_1_99' title="bbox 423 5221 1334 5293">
     <span class='ocr_line' id='line_1_100' title="bbox 423 5221 1334 5293; baseline -0.008 -10"><span class='ocrx_word' id='word_1_721' title='bbox 423 5227 490 5283; x_wconf 88' lang='lat' dir='ltr'><strong>ad</strong></span> <span class='ocrx_word' id='word_1_722' title='bbox 525 5225 863 5291; x_wconf 83' lang='lat' dir='ltr'><strong>Corinthios,</strong></span> <span class='ocrx_word' id='word_1_723' title='bbox 892 5221 1014 5293; x_wconf 82' lang='lat' dir='ltr'><strong>cap.</strong></span> <span class='ocrx_word' id='word_1_724' title='bbox 1047 5239 1097 5277; x_wconf 88' lang='lat' dir='ltr'><strong>v.</strong></span> <span class='ocrx_word' id='word_1_725' title='bbox 1137 5221 1334 5279; x_wconf 61' lang='lat' dir='ltr'><strong>Vaces.</strong></span> 
     </span>
    </p>
   </div>
   <div class='ocr_carea' id='block_1_100' title="bbox 493 5290 2004 5369">
    <p class='ocr_par' dir='ltr' id='par_1_100' title="bbox 493 5290 2004 5369">
     <span class='ocr_line' id='line_1_101' title="bbox 493 5290 2004 5369; baseline -0.003 -17"><span class='ocrx_word' id='word_1_726' title='bbox 493 5295 743 5369; x_wconf 57' lang='lat'><strong>(42)]?!</strong></span> <span class='ocrx_word' id='word_1_727' title='bbox 801 5290 1273 5369; x_wconf 61' lang='grc' dir='ltr'><strong>Κολλονρίωγος.</strong></span> <span class='ocrx_word' id='word_1_728' title='bbox 1348 5292 1726 5369; x_wconf 63' lang='grc' dir='ltr'><strong>Δδιιρῃιςξῐιάμηι</strong></span> <span class='ocrx_word' id='word_1_729' title='bbox 1788 5290 2004 5369; x_wconf 63' lang='lat' dir='ltr'><strong>videtur</strong></span> 
     </span>
    </p>
   </div>
   <div class='ocr_carea' id='block_1_101' title="bbox 468 5361 2000 5442">
    <p class='ocr_par' dir='ltr' id='par_1_101' title="bbox 468 5361 2000 5442">
     <span class='ocr_line' id='line_1_102' title="bbox 468 5361 2000 5442; baseline -0.005 -18"><span class='ocrx_word' id='word_1_730' title='bbox 468 5361 714 5442; x_wconf 54' lang='grc' dir='ltr'><strong>ερηξ-εἰο</strong></span> <span class='ocrx_word' id='word_1_731' title='bbox 759 5381 924 5436; x_wconf 91' lang='lat' dir='ltr'><strong>supra</strong></span> <span class='ocrx_word' id='word_1_732' title='bbox 959 5365 1100 5442; x_wconf 69' lang='lat' dir='ltr'><strong>dixit</strong></span> <span class='ocrx_word' id='word_1_733' title='bbox 1139 5361 1451 5442; x_wconf 72' lang='lat' dir='ltr'><strong>Dionysius,</strong></span> <span class='ocrx_word' id='word_1_734' title='bbox 1476 5361 1561 5442; x_wconf 46' lang='lat' dir='ltr'><strong>ea</strong></span> <span class='ocrx_word' id='word_1_735' title='bbox 1588 5361 1728 5434; x_wconf 83' lang='grc' dir='ltr'>μέρη</span> <span class='ocrx_word' id='word_1_736' title='bbox 1757 5364 1857 5442; x_wconf 67' lang='grc' dir='ltr'>τῆς</span> <span class='ocrx_word' id='word_1_737' title='bbox 1899 5364 2000 5416; x_wconf 85' lang='grc' dir='ltr'><strong>Λι-</strong></span> 
     </span>
    </p>
   </div>
   <div class='ocr_carea' id='block_1_102' title="bbox 422 5432 2000 5575">
    <p class='ocr_par' dir='ltr' id='par_1_102' title="bbox 422 5432 2000 5575">
     <span class='ocr_line' id='line_1_103' title="bbox 422 5432 2000 5511; baseline -0.003 -18"><span class='ocrx_word' id='word_1_738' title='bbox 422 5432 578 5511; x_wconf 65' lang='grc' dir='ltr'>ὃύὴςζ</span> <span class='ocrx_word' id='word_1_739' title='bbox 599 5437 727 5493; x_wconf 85' lang='lat' dir='ltr'><strong>Erat</strong></span> <span class='ocrx_word' id='word_1_740' title='bbox 755 5432 936 5492; x_wconf 72' lang='lat' dir='ltr'><strong>autem</strong></span> <span class='ocrx_word' id='word_1_741' title='bbox 959 5434 1050 5496; x_wconf 80' lang='lat' dir='ltr'><strong>ltic</strong></span> <span class='ocrx_word' id='word_1_742' title='bbox 1076 5435 1230 5490; x_wconf 90' lang='lat' dir='ltr'><strong>locus</strong></span> <span class='ocrx_word' id='word_1_743' title='bbox 1255 5432 1310 5488; x_wconf 83' lang='lat' dir='ltr'><strong>in</strong></span> <span class='ocrx_word' id='word_1_744' title='bbox 1339 5432 1628 5489; x_wconf 84' lang='lat' dir='ltr'><strong>Mareotica</strong></span> <span class='ocrx_word' id='word_1_745' title='bbox 1655 5432 2000 5502; x_wconf 69' lang='lat' dir='ltr'><strong>prazfe&#39;ctura.</strong></span> 
     </span>
     <span class='ocr_line' id='line_1_104' title="bbox 422 5503 2000 5575; baseline -0.004 -10"><span class='ocrx_word' id='word_1_746' title='bbox 422 5509 514 5565; x_wconf 87' lang='lat' dir='ltr'><strong>Sic</strong></span> <span class='ocrx_word' id='word_1_747' title='bbox 538 5508 705 5564; x_wconf 86' lang='lat' dir='ltr'><strong>etiam</strong></span> <span class='ocrx_word' id='word_1_748' title='bbox 727 5506 795 5561; x_wconf 84' lang='grc' dir='ltr'>τὰ</span> <span class='ocrx_word' id='word_1_749' title='bbox 828 5504 1092 5561; x_wconf 87' lang='grc' dir='ltr'>Βουκόλου</span> <span class='ocrx_word' id='word_1_750' title='bbox 1116 5514 1323 5560; x_wconf 91' lang='lat' dir='ltr'><strong>tractus</strong></span> <span class='ocrx_word' id='word_1_751' title='bbox 1350 5504 1569 5574; x_wconf 90' lang='lat' dir='ltr'><strong>quidam</strong></span> <span class='ocrx_word' id='word_1_752' title='bbox 1596 5503 1816 5575; x_wconf 62' lang='lat' dir='ltr'><strong>Egypti</strong></span> <span class='ocrx_word' id='word_1_753' title='bbox 1848 5505 2000 5575; x_wconf 86' lang='lat' dir='ltr'><strong>dice—</strong></span> 
     </span>
    </p>
   </div>
   <div class='ocr_carea' id='block_1_103' title="bbox 420 5573 2000 5643">
    <p class='ocr_par' dir='ltr' id='par_1_103' title="bbox 420 5573 2000 5643">
     <span class='ocr_line' id='line_1_105' title="bbox 420 5573 2000 5643; baseline -0.004 -7"><span class='ocrx_word' id='word_1_754' title='bbox 420 5580 603 5642; x_wconf 80' lang='lat' dir='ltr'><strong>batur,</strong></span> <span class='ocrx_word' id='word_1_755' title='bbox 645 5594 676 5633; x_wconf 87' lang='lat' dir='ltr'><strong>a</strong></span> <span class='ocrx_word' id='word_1_756' title='bbox 723 5578 946 5633; x_wconf 89' lang='lat' dir='ltr'><strong>nomine</strong></span> <span class='ocrx_word' id='word_1_757' title='bbox 986 5576 1193 5633; x_wconf 90' lang='lat' dir='ltr'><strong>scilicet</strong></span> <span class='ocrx_word' id='word_1_758' title='bbox 1238 5573 1608 5639; x_wconf 86' lang='lat' dir='ltr'><strong>dominorum,</strong></span> <span class='ocrx_word' id='word_1_759' title='bbox 1643 5573 1737 5643; x_wconf 79' lang='lat' dir='ltr'><strong>qui</strong></span> <span class='ocrx_word' id='word_1_760' title='bbox 1783 5589 1846 5628; x_wconf 89' lang='lat' dir='ltr'><strong>ea</strong></span> <span class='ocrx_word' id='word_1_761' title='bbox 1880 5573 2000 5629; x_wconf 90' lang='lat' dir='ltr'><strong>loca</strong></span> 
     </span>
    </p>
   </div>
   <div class='ocr_carea' id='block_1_104' title="bbox 419 5643 2003 5718">
    <p class='ocr_par' dir='ltr' id='par_1_104' title="bbox 419 5643 2003 5718">
     <span class='ocr_line' id='line_1_106' title="bbox 419 5643 2003 5718; baseline -0.004 -13"><span class='ocrx_word' id='word_1_762' title='bbox 419 5650 550 5705; x_wconf 90' lang='lat' dir='ltr'><strong>olim</strong></span> <span class='ocrx_word' id='word_1_763' title='bbox 584 5648 958 5718; x_wconf 84' lang='lat' dir='ltr'><strong>possederant.</strong></span> <span class='ocrx_word' id='word_1_764' title='bbox 1005 5646 1163 5717; x_wconf 84' lang='lat' dir='ltr'><strong>Apud</strong></span> <span class='ocrx_word' id='word_1_765' title='bbox 1194 5643 1556 5718; x_wconf 65' lang='lat' dir='ltr'><strong>Nicephorum</strong></span> <span class='ocrx_word' id='word_1_766' title='bbox 1596 5643 1888 5699; x_wconf 83' lang='grc' dir='ltr'>Κολούθιον</span> <span class='ocrx_word' id='word_1_767' title='bbox 1913 5645 2003 5718; x_wconf 84' lang='lat' dir='ltr'><strong>hic</strong></span> 
     </span>
    </p>
   </div>
   <div class='ocr_carea' id='block_1_105' title="bbox 421 5715 2000 5788">
    <p class='ocr_par' dir='ltr' id='par_1_105' title="bbox 421 5715 2000 5788">
     <span class='ocr_line' id='line_1_107' title="bbox 421 5715 2000 5788; baseline -0.004 -14"><span class='ocrx_word' id='word_1_768' title='bbox 421 5715 601 5774; x_wconf 60' lang='lat' dir='ltr'><strong>locus&#39;</strong></span> <span class='ocrx_word' id='word_1_769' title='bbox 640 5718 839 5774; x_wconf 89' lang='lat' dir='ltr'><strong>dicitur</strong></span> <span class='ocrx_word' id='word_1_770' title='bbox 886 5734 1013 5774; x_wconf 89' lang='lat' dir='ltr'><strong>cum</strong></span> <span class='ocrx_word' id='word_1_771' title='bbox 1054 5715 1293 5788; x_wconf 74' lang='lat' dir='ltr'><strong>simplici</strong></span> <span class='ocrx_word' id='word_1_772' title='bbox 1350 5715 1618 5788; x_wconf 75' lang='lat' dir='ltr'><strong>lambda:</strong></span> <span class='ocrx_word' id='word_1_773' title='bbox 1661 5730 1826 5786; x_wconf 84' lang='lat' dir='ltr'><strong>quam</strong></span> <span class='ocrx_word' id='word_1_774' title='bbox 1860 5716 2000 5772; x_wconf 86' lang='lat' dir='ltr'><strong>scri-</strong></span> 
     </span>
    </p>
   </div>
   <div class='ocr_carea' id='block_1_106' title="bbox 422 5785 2001 5861">
    <p class='ocr_par' dir='ltr' id='par_1_106' title="bbox 422 5785 2001 5861">
     <span class='ocr_line' id='line_1_108' title="bbox 422 5785 2001 5861; baseline -0.001 -17"><span class='ocrx_word' id='word_1_775' title='bbox 422 5799 640 5861; x_wconf 85' lang='lat' dir='ltr'><strong>pturam</strong></span> <span class='ocrx_word' id='word_1_776' title='bbox 664 5788 948 5846; x_wconf 87' lang='lat' dir='ltr'><strong>rectiorem</strong></span> <span class='ocrx_word' id='word_1_777' title='bbox 980 5798 1129 5860; x_wconf 90' lang='lat' dir='ltr'><strong>puto.</strong></span> <span class='ocrx_word' id='word_1_778' title='bbox 1157 5785 1287 5844; x_wconf 65' lang='lat' dir='ltr'><strong>Rau)</strong></span> <span class='ocrx_word' id='word_1_779' title='bbox 1321 5785 1660 5842; x_wconf 83' lang='grc' dir='ltr'>Κολλουθίων</span> <span class='ocrx_word' id='word_1_780' title='bbox 1683 5785 1888 5843; x_wconf 88' lang='lat' dir='ltr'><strong>nomen</strong></span> <span class='ocrx_word' id='word_1_781' title='bbox 1917 5795 2001 5843; x_wconf 89' lang='lat' dir='ltr'><strong>est</strong></span> 
     </span>
    </p>
   </div>
   <div class='ocr_carea' id='block_1_107' title="bbox 2102 4603 2331 4673">
    <p class='ocr_par' dir='ltr' id='par_1_107' title="bbox 2102 4603 2331 4673">
     <span class='ocr_line' id='line_1_109' title="bbox 2102 4603 2331 4673; baseline 0.009 -17"><span class='ocrx_word' id='word_1_782' title='bbox 2102 4603 2331 4673; x_wconf 60' lang='grc' dir='ltr'>ἐγένετοτ</span> 
     </span>
    </p>
   </div>
   <div class='ocr_carea' id='block_1_108' title="bbox 2100 4935 3682 5015">
    <p class='ocr_par' dir='ltr' id='par_1_108' title="bbox 2100 4935 3682 5015">
     <span class='ocr_line' id='line_1_110' title="bbox 2100 4935 3682 5015; baseline 0.004 -24"><span class='ocrx_word' id='word_1_783' title='bbox 2100 4935 2367 5015; x_wconf 53' lang='lat' dir='ltr'><strong>deﬂexum</strong></span> <span class='ocrx_word' id='word_1_784' title='bbox 2393 4952 2422 4992; x_wconf 92' lang='lat' dir='ltr'><strong>a</strong></span> <span class='ocrx_word' id='word_1_785' title='bbox 2440 4937 2704 5015; x_wconf 74' lang='lat' dir='ltr'><strong>_Colutl_to,</strong></span> <span class='ocrx_word' id='word_1_786' title='bbox 2729 4940 2873 5015; x_wconf 81' lang='lat' dir='ltr'><strong>quod</strong></span> <span class='ocrx_word' id='word_1_787' title='bbox 2900 4954 3099 4996; x_wconf 88' lang='lat' dir='ltr'><strong>nomen</strong></span> <span class='ocrx_word' id='word_1_788' title='bbox 3131 4940 3236 4997; x_wconf 89' lang='lat' dir='ltr'><strong>fuit</strong></span> <span class='ocrx_word' id='word_1_789' title='bbox 3258 4940 3525 5013; x_wconf 89' lang='lat' dir='ltr'><strong>frequens</strong></span> <span class='ocrx_word' id='word_1_790' title='bbox 3548 4944 3682 5015; x_wconf 82' lang='lat' dir='ltr'><strong>apud</strong></span> 
     </span>
    </p>
   </div>
   <div class='ocr_carea' id='block_1_109' title="bbox 2104 5006 3686 5083">
    <p class='ocr_par' dir='ltr' id='par_1_109' title="bbox 2104 5006 3686 5083">
     <span class='ocr_line' id='line_1_111' title="bbox 2104 5006 3686 5083; baseline 0.005 -22"><span class='ocrx_word' id='word_1_791' title='bbox 2104 5006 2405 5083; x_wconf 62' lang='lat' dir='ltr'><strong>Egyptios.</strong></span> <span class='ocrx_word' id='word_1_792' title='bbox 2431 5008 2592 5083; x_wconf 85' lang='lat' dir='ltr'><strong>Certe</strong></span> <span class='ocrx_word' id='word_1_793' title='bbox 2622 5010 2694 5064; x_wconf 89' lang='lat' dir='ltr'><strong>ita</strong></span> <span class='ocrx_word' id='word_1_794' title='bbox 2718 5006 2899 5083; x_wconf 83' lang='lat' dir='ltr'><strong>dictus</strong></span> <span class='ocrx_word' id='word_1_795' title='bbox 2921 5022 3004 5067; x_wconf 89' lang='lat' dir='ltr'><strong>est</strong></span> <span class='ocrx_word' id='word_1_796' title='bbox 3024 5024 3183 5082; x_wconf 91' lang='lat' dir='ltr'><strong>poeta</strong></span> <span class='ocrx_word' id='word_1_797' title='bbox 3210 5006 3432 5083; x_wconf 78' lang='lat' dir='ltr'><strong>quidem</strong></span> <span class='ocrx_word' id='word_1_798' title='bbox 3461 5006 3686 5069; x_wconf 69' lang='lat' dir='ltr'><strong>celebris</strong></span> 
     </span>
    </p>
   </div>
   <div class='ocr_carea' id='block_1_110' title="bbox 2102 5079 3687 5148">
    <p class='ocr_par' dir='ltr' id='par_1_110' title="bbox 2102 5079 3687 5148">
     <span class='ocr_line' id='line_1_112' title="bbox 2102 5079 3687 5148; baseline 0.004 -16"><span class='ocrx_word' id='word_1_799' title='bbox 2102 5079 2442 5148; x_wconf 86' lang='lat' dir='ltr'><strong>temporibus</strong></span> <span class='ocrx_word' id='word_1_800' title='bbox 2487 5080 2795 5145; x_wconf 80' lang='lat' dir='ltr'><strong>Anastasii,</strong></span> <span class='ocrx_word' id='word_1_801' title='bbox 2849 5079 3118 5139; x_wconf 84' lang='lat' dir='ltr'><strong>oriundus</strong></span> <span class='ocrx_word' id='word_1_802' title='bbox 3169 5079 3243 5138; x_wconf 58' lang='lat' dir='ltr'><strong>ex&#39;</strong></span> <span class='ocrx_word' id='word_1_803' title='bbox 3288 5083 3599 5146; x_wconf 83' lang='lat' dir='ltr'><strong>Thebaide,</strong></span> <span class='ocrx_word' id='word_1_804' title='bbox 3634 5097 3687 5138; x_wconf 72' lang='lat' dir='ltr'><strong>ut</strong></span> 
     </span>
    </p>
   </div>
   <div class='ocr_carea' id='block_1_111' title="bbox 2080 5148 3684 5211">
    <p class='ocr_par' dir='ltr' id='par_1_111' title="bbox 2080 5148 3684 5211">
     <span class='ocr_line' id='line_1_113' title="bbox 2080 5148 3684 5211; baseline 0.005 -9"><span class='ocrx_word' id='word_1_805' title='bbox 2080 5156 2335 5203; x_wconf 70' lang='lat' dir='ltr'><strong>&#39;testatur</strong></span> <span class='ocrx_word' id='word_1_806' title='bbox 2366 5148 2584 5205; x_wconf 89' lang='lat' dir='ltr'><strong>Suidas.</strong></span> <span class='ocrx_word' id='word_1_807' title='bbox 2613 5150 2739 5205; x_wconf 86' lang='lat' dir='ltr'><strong>Fuit</strong></span> <span class='ocrx_word' id='word_1_808' title='bbox 2763 5160 2819 5206; x_wconf 85' lang='lat' dir='ltr'><strong>et</strong></span> <span class='ocrx_word' id='word_1_809' title='bbox 2843 5151 2979 5207; x_wconf 89' lang='lat' dir='ltr'><strong>alter</strong></span> <span class='ocrx_word' id='word_1_810' title='bbox 3002 5153 3271 5210; x_wconf 85' lang='lat' dir='ltr'><strong>Colutbus</strong></span> <span class='ocrx_word' id='word_1_811' title='bbox 3299 5156 3684 5211; x_wconf 82' lang='lat' dir='ltr'><strong>schismaticus</strong></span> 
     </span>
    </p>
   </div>
   <div class='ocr_carea' id='block_1_112' title="bbox 2104 5218 3684 5296">
    <p class='ocr_par' dir='ltr' id='par_1_112' title="bbox 2104 5218 3684 5296">
     <span class='ocr_line' id='line_1_114' title="bbox 2104 5218 3684 5296; baseline 0.005 -25"><span class='ocrx_word' id='word_1_812' title='bbox 2104 5218 2157 5272; x_wconf 90' lang='lat' dir='ltr'><strong>in</strong></span> <span class='ocrx_word' id='word_1_813' title='bbox 2197 5218 2444 5296; x_wconf 53' lang='lat' dir='ltr'><strong>_1Eg3_fpto</strong></span> <span class='ocrx_word' id='word_1_814' title='bbox 2507 5222 2848 5296; x_wconf 81' lang='lat' dir='ltr'><strong>temporibus</strong></span> <span class='ocrx_word' id='word_1_815' title='bbox 2900 5224 3083 5296; x_wconf 71' lang='lat' dir='ltr'><strong>magni</strong></span> <span class='ocrx_word' id='word_1_816' title='bbox 3134 5225 3458 5296; x_wconf 82' lang='lat' dir='ltr'><strong>Athanasii,</strong></span> <span class='ocrx_word' id='word_1_817' title='bbox 3534 5228 3684 5296; x_wconf 81' lang='lat' dir='ltr'><strong>cujus</strong></span> 
     </span>
    </p>
   </div>
   <div class='ocr_carea' id='block_1_113' title="bbox 2102 5290 3681 5364">
    <p class='ocr_par' dir='ltr' id='par_1_113' title="bbox 2102 5290 3681 5364">
     <span class='ocr_line' id='line_1_115' title="bbox 2102 5290 3681 5364; baseline 0.004 -23"><span class='ocrx_word' id='word_1_818' title='bbox 2102 5291 2292 5364; x_wconf 60' lang='lat' dir='ltr'><strong>crebra</strong></span> <span class='ocrx_word' id='word_1_819' title='bbox 2315 5290 2377 5364; x_wconf 72' lang='lat' dir='ltr'><strong>lit</strong></span> <span class='ocrx_word' id='word_1_820' title='bbox 2408 5290 2689 5364; x_wconf 76' lang='lat' dir='ltr'><strong>mentioin</strong></span> <span class='ocrx_word' id='word_1_821' title='bbox 2712 5290 3146 5364; x_wconf 58' lang='grc' dir='ltr'>ΑροίοςίαζΕιιηι</span> <span class='ocrx_word' id='word_1_822' title='bbox 3169 5294 3501 5350; x_wconf 83' lang='lat' dir='ltr'><strong>Acolutbnm</strong></span> <span class='ocrx_word' id='word_1_823' title='bbox 3532 5290 3681 5351; x_wconf 72' lang='lat' dir='ltr'><strong>vocat</strong></span> 
     </span>
    </p>
   </div>
   <div class='ocr_carea' id='block_1_114' title="bbox 2103 5358 3678 5433">
    <p class='ocr_par' dir='ltr' id='par_1_114' title="bbox 2103 5358 3678 5433">
     <span class='ocr_line' id='line_1_116' title="bbox 2103 5358 3678 5433; baseline 0.003 -19"><span class='ocrx_word' id='word_1_824' title='bbox 2103 5358 2399 5433; x_wconf 79' lang='lat' dir='ltr'><strong>Gregorius</strong></span> <span class='ocrx_word' id='word_1_825' title='bbox 2423 5358 2699 5433; x_wconf 82' lang='lat' dir='ltr'><strong>Nysscnus</strong></span> <span class='ocrx_word' id='word_1_826' title='bbox 2726 5358 2778 5416; x_wconf 85' lang='lat' dir='ltr'><strong>in</strong></span> <span class='ocrx_word' id='word_1_827' title='bbox 2802 5358 2904 5418; x_wconf 56' lang='lat' dir='ltr'><strong>lib:</strong></span> <span class='ocrx_word' id='word_1_828' title='bbox 2923 5380 2983 5429; x_wconf 86' lang='lat' dir='ltr'><strong>It,</strong></span> <span class='ocrx_word' id='word_1_829' title='bbox 3012 5365 3213 5419; x_wconf 83' lang='lat' dir='ltr'><strong>Contra</strong></span> <span class='ocrx_word' id='word_1_830' title='bbox 3235 5366 3582 5421; x_wconf 78' lang='lat' dir='ltr'><strong>Eunomium.</strong></span> <span class='ocrx_word' id='word_1_831' title='bbox 3610 5368 3678 5420; x_wconf 82' lang='lat' dir='ltr'><strong>In.</strong></span> 
     </span>
    </p>
   </div>
   <div class='ocr_carea' id='block_1_115' title="bbox 2104 5431 3681 5556">
    <p class='ocr_par' dir='ltr' id='par_1_115' title="bbox 2104 5431 3681 5556">
     <span class='ocr_line' id='line_1_117' title="bbox 2175 5431 3681 5510; baseline 0.005 -25"><span class='ocrx_word' id='word_1_832' title='bbox 2175 5432 2286 5501; x_wconf 73' lang='grc'><strong>(45)</strong></span> <span class='ocrx_word' id='word_1_833' title='bbox 2321 5431 2729 5502; x_wconf 73' lang='grc' dir='ltr'>Κατάδρομαῖς</span> <span class='ocrx_word' id='word_1_834' title='bbox 2759 5434 3129 5505; x_wconf 55' lang='grc' dir='ltr'>ἐγκείμενον.</span> <span class='ocrx_word' id='word_1_835' title='bbox 3156 5436 3523 5493; x_wconf 87' lang='lat' dir='ltr'><strong>Scribendum</strong></span> <span class='ocrx_word' id='word_1_836' title='bbox 3558 5448 3681 5510; x_wconf 84' lang='lat' dir='ltr'><strong>puto</strong></span> 
     </span>
     <span class='ocr_line' id='line_1_118' title="bbox 2104 5500 2550 5556; baseline 0.009 -4"><span class='ocrx_word' id='word_1_837' title='bbox 2104 5500 2441 5556; x_wconf 77' lang='grc' dir='ltr'>ἐκκείμενον.</span> <span class='ocrx_word' id='word_1_838' title='bbox 2475 5504 2550 5556; x_wconf 83' lang='lat' dir='ltr'><strong>In.</strong></span> 
     </span>
    </p>
   </div>
   <div class='ocr_carea' id='block_1_116' title="bbox 2135 5516 2550 5572">
    <p class='ocr_par' dir='ltr' id='par_1_116' title="bbox 2135 5516 2550 5572">
     <span class='ocr_line' id='line_1_119' title="bbox 2135 5516 2550 5572; baseline 0.01 -19"><span class='ocrx_word' id='word_1_839' title='bbox 2135 5516 2441 5572; x_wconf 86' lang='grc' dir='ltr'>κκειμενον.</span> <span class='ocrx_word' id='word_1_840' title='bbox 2475 5516 2550 5558; x_wconf 83' lang='lat' dir='ltr'><strong>In.</strong></span> 
     </span>
    </p>
   </div>
   <div class='ocr_carea' id='block_1_117' title="bbox 2174 5569 3681 5648">
    <p class='ocr_par' dir='ltr' id='par_1_117' title="bbox 2174 5569 3681 5648">
     <span class='ocr_line' id='line_1_120' title="bbox 2174 5569 3681 5648; baseline 0.004 -23"><span class='ocrx_word' id='word_1_841' title='bbox 2174 5569 2482 5648; x_wconf 34' lang='lat' dir='ltr'><strong>(steratrl</strong></span> <span class='ocrx_word' id='word_1_842' title='bbox 2510 5569 2703 5642; x_wconf 79' lang='grc' dir='ltr'>μέρος</span> <span class='ocrx_word' id='word_1_843' title='bbox 2743 5576 3108 5648; x_wconf 63' lang='grc' dir='ltr'>συναγωγαί.</span> <span class='ocrx_word' id='word_1_844' title='bbox 3143 5575 3375 5644; x_wconf 82' lang='lat' dir='ltr'><strong>Quoties</strong></span> <span class='ocrx_word' id='word_1_845' title='bbox 3418 5576 3681 5633; x_wconf 83' lang='lat' dir='ltr'><strong>suburbia</strong></span> 
     </span>
    </p>
   </div>
   <div class='ocr_carea' id='block_1_118' title="bbox 2104 5643 3681 5719">
    <p class='ocr_par' dir='ltr' id='par_1_118' title="bbox 2104 5643 3681 5719">
     <span class='ocr_line' id='line_1_121' title="bbox 2104 5643 3681 5719; baseline 0.004 -23"><span class='ocrx_word' id='word_1_846' title='bbox 2104 5643 2268 5719; x_wconf 76' lang='lat' dir='ltr'><strong>paulo</strong></span> <span class='ocrx_word' id='word_1_847' title='bbox 2291 5646 2585 5719; x_wconf 76' lang='lat' dir='ltr'><strong>remotiora</strong></span> <span class='ocrx_word' id='word_1_848' title='bbox 2615 5654 2769 5699; x_wconf 90' lang='lat' dir='ltr'><strong>erant</strong></span> <span class='ocrx_word' id='word_1_849' title='bbox 2796 5646 2865 5719; x_wconf 83' lang='lat' dir='ltr'><strong>ab</strong></span> <span class='ocrx_word' id='word_1_850' title='bbox 2886 5643 3043 5712; x_wconf 80' lang='lat' dir='ltr'><strong>urbe,</strong></span> <span class='ocrx_word' id='word_1_851' title='bbox 3085 5648 3124 5702; x_wconf 91' lang='lat' dir='ltr'><strong>ii</strong></span> <span class='ocrx_word' id='word_1_852' title='bbox 3164 5643 3261 5719; x_wconf 91' lang='lat' dir='ltr'><strong>qui</strong></span> <span class='ocrx_word' id='word_1_853' title='bbox 3305 5649 3358 5702; x_wconf 91' lang='lat' dir='ltr'><strong>in</strong></span> <span class='ocrx_word' id='word_1_854' title='bbox 3398 5649 3681 5704; x_wconf 77' lang='lat' dir='ltr'><strong>suburbiis</strong></span> 
     </span>
    </p>
   </div>
   <div class='ocr_carea' id='block_1_119' title="bbox 2104 5713 3683 5789">
    <p class='ocr_par' dir='ltr' id='par_1_119' title="bbox 2104 5713 3683 5789">
     <span class='ocr_line' id='line_1_122' title="bbox 2104 5713 3683 5789; baseline 0.004 -22"><span class='ocrx_word' id='word_1_855' title='bbox 2104 5713 2210 5769; x_wconf 84' lang='lat' dir='ltr'><strong>illis</strong></span> <span class='ocrx_word' id='word_1_856' title='bbox 2237 5714 2690 5789; x_wconf 33' lang='lat' dir='ltr'><strong>manebantunon</strong></span> <span class='ocrx_word' id='word_1_857' title='bbox 2718 5717 3051 5789; x_wconf 83' lang='lat' dir='ltr'><strong>cogebantur</strong></span> <span class='ocrx_word' id='word_1_858' title='bbox 3076 5719 3145 5774; x_wconf 90' lang='lat' dir='ltr'><strong>ad</strong></span> <span class='ocrx_word' id='word_1_859' title='bbox 3182 5713 3415 5789; x_wconf 75' lang='lat' dir='ltr'><strong>majoris</strong></span> <span class='ocrx_word' id='word_1_860' title='bbox 3439 5720 3683 5774; x_wconf 72' lang='lat' dir='ltr'><strong>ecclesia</strong></span> 
     </span>
    </p>
   </div>
   <div class='ocr_carea' id='block_1_120' title="bbox 2103 5785 3684 5857">
    <p class='ocr_par' dir='ltr' id='par_1_120' title="bbox 2103 5785 3684 5857">
     <span class='ocr_line' id='line_1_123' title="bbox 2103 5785 3684 5857; baseline 0.003 -18"><span class='ocrx_word' id='word_1_861' title='bbox 2103 5792 2403 5842; x_wconf 82' lang='lat' dir='ltr'><strong>conventus</strong></span> <span class='ocrx_word' id='word_1_862' title='bbox 2426 5785 2715 5843; x_wconf 83' lang='lat' dir='ltr'><strong>accedere:</strong></span> <span class='ocrx_word' id='word_1_863' title='bbox 2747 5785 2838 5843; x_wconf 87' lang='lat' dir='ltr'><strong>sed</strong></span> <span class='ocrx_word' id='word_1_864' title='bbox 2864 5787 2918 5843; x_wconf 90' lang='lat' dir='ltr'><strong>in</strong></span> <span class='ocrx_word' id='word_1_865' title='bbox 2946 5804 3011 5844; x_wconf 92' lang='lat' dir='ltr'><strong>eo</strong></span> <span class='ocrx_word' id='word_1_866' title='bbox 3037 5785 3301 5846; x_wconf 81' lang='lat' dir='ltr'><strong>suburbio</strong></span> <span class='ocrx_word' id='word_1_867' title='bbox 3321 5791 3684 5857; x_wconf 75' lang='lat' dir='ltr'><strong>particular-es</strong></span> 
     </span>
    </p>
   </div>
  </div>
