3972 6318
315 328 446 383 1541

1557 401 1560 403 λ
1605 336 1829 392 EPlST.
1872 335 2200 392 FESTALIS
2237 333 2327 391 1V.

3406 321 3545 380 1342

313 447 672 521 ὲπλήμμυρεν
713 449 844 522 (92),
881 452 956 516 ὡς
989 454 1169 509 πᾶσαν
1206 455 1308 526 τὴν
1351 457 1672 528 περίχωρον,
1701 457 1797 522 τάς
1829 476 1888 512 τε

1999 458 2126 527 ipsis
2158 457 2222 511 ad
2253 464 2436 526 potum
2471 451 2783 507 efﬂuxisset.
2824 447 3094 503 lnterdum
3119 461 3247 500 vero
3268 452 3547 514 tanIOpcre

303 539 462 604 ὀδοὺς
510 542 601 594 καὶ
639 544 763 606 τοὺς
806 544 1007 616 ἀγροὺς
1049 546 1438 611 έπικλύσαντα,
1479 547 1579 618 τῆς
1620 549 1710 601 ἐπὶ
1756 549 1878 603 Νῶε

307 630 607 702 γενομένης
636 632 727 685 τοῦ
770 632 954 697 ὓδατος
986 638 1158 706 φορᾶς
1187 637 1482 706 ἐπαγαγεῖν
1513 637 1760 708 ἀπειλήν.

384 813 460 865 B'.
502 813 611 866 Ἀεὶ
649 813 704 866 δὲ
732 814 921 884 αἵματι
953 817 1047 870 καὶ
1088 817 1266 887 φόνοις
1293 819 1387 870 καὶ
1427 821 1883 890 καταποντισμοῖς

306 904 525 959 κάτεισι
573 907 959 977 μεμιασμένος,
1004 902 1114 972 οἷος
1161 909 1264 962 ὑπὸ
1308 911 1534 964 Μωῦσεῖ
1573 910 1766 979 γέγονε
1805 910 1883 980 τῷ

307 993 532 1067 Φαραὼ,
559 996 871 1066 μεταϐαλὼν
902 999 982 1062 είς
1005 993 1145 1070 αἷμα
1167 1000 1258 1053 καὶ
1287 999 1571 1064 ὲποζέσας.
1599 1002 1709 1054 Καὶ
1735 1005 1884 1056 ποῖον

316 1087 509 1157 γένοιτ’
537 1087 601 1141 ἂν
631 1087 725 1140 τοῦ
757 1089 930 1144 πάντα
959 1090 1310 1161 καθαίροντος
1346 1091 1535 1157 ὓδατος
1574 1092 1719 1165 ὕδωρ
1759 1093 1884 1148 ἄλλο

317 1176 641 1248 καθάρσιον;
678 1178 802 1243 Πῶς
841 1179 906 1234 ἂν
941 1181 969 1233 ὁ
1009 1181 1174 1245 πολὺς
1214 1181 1308 1234 καὶ
1340 1183 1645 1254 ἀπέραντος
1675 1183 1886 1256 ἀνθρώ-

319 1287 439 1332 ποις
462 1269 700 1333 ὠκεανὸς
733 1271 1028 1341 ἐπιχυθεὶς,
1054 1271 1150 1338 τὴν
1182 1273 1382 1343 πικρὰν
1415 1272 1614 1343 ταύτην
1637 1274 1882 1345 ἀποσμή-

320 1359 406 1424 ξαι
434 1359 737 1427 θάλασσαν;
779 1363 848 1415 Ἦ
875 1361 991 1426 πῶς
1019 1363 1082 1416 ἂν
1109 1365 1136 1416 ὁ
1174 1363 1347 1434 μέγας
1375 1365 1615 1434 ποταμὸς
1652 1366 1680 1417 ὁ
1722 1367 1885 1418 ἐκπο-

321 1452 606 1524 ρευόμενος
630 1451 691 1518 ἐξ
711 1453 890 1524 Ἐδὲμ,
917 1454 1016 1518 τὰς
1042 1454 1312 1526 τέσσαρας
1343 1455 1515 1525 ἀρχὰς
1545 1456 1625 1518 είς
1655 1454 1721 1518 ἃς
1752 1456 1885 1524 ἀφο-

322 1543 526 1616 ρίζεται
562 1544 950 1614 μετοχετεύσας
981 1547 1060 1609 είς
1103 1546 1231 1616 μίαν
1271 1546 1361 1599 τοῦ
1402 1545 1555 1618 Γηὼν
1582 1546 1712 1618 (9'5),
1747 1548 1884 1600 ἀπο-

317 1635 513 1691 πλῦναι
547 1636 607 1688 τὸ
635 1635 862 1707 λύθρον;
893 1639 964 1690 Ἢ
999 1638 1126 1690 πότε
1170 1640 1198 1691 ὀ
1237 1637 1598 1708 τεθολωμένος
1639 1639 1743 1692 ὑπὸ
1777 1639 1884 1692 τῶν

317 1727 571 1800 πονηρῶν
611 1729 942 1799 πανταχόθεν
975 1729 1386 1800 ἀναθυμιάσεων
1423 1730 1550 1801 ἀὴρ,
1590 1729 1885 1801 εἰλικρινὴς

317 1820 556 1887 γένοιτο;
599 1820 835 1873 Τοιοῦτοι
874 1821 981 1893 γὰρ
1021 1821 1127 1874 ἀπὸ
1165 1823 1263 1892 τῆς
1292 1823 1394 1892 γῆς
1431 1822 1616 1894 ἀτμοὶ,
1652 1823 1743 1876 καὶ
1781 1822 1887 1877 ἀπὸ

316 1911 594 1984 θαλάσσης
629 1912 856 1983 ἄνεμοι,
904 1914 1161 1985 ποταμῶν
1203 1931 1262 1967 τε
1312 1911 1475 1986 αὖραι
1519 1917 1615 1969 καὶ
1657 1915 1890 1986 λιμένων

321 2005 608 2074 ἀνιμήσεις
638 2005 1014 2069 ἀποπνέουσιν,
1057 2006 1132 2070 ὡς
1169 2008 1486 2078 σηπομένων
1519 2009 1577 2061 ὲν
1617 2010 1749 2061 πᾶσι
1777 2010 1890 2072 τοῖς

320 2096 702 2168 ὑποκειμένοις
758 2099 1040 2168 στοιχείοις
1095 2099 1303 2171 νεκρῶν
1363 2100 1565 2170 ίχῶρας
1609 2096 1744 2153 εἶναι
1792 2103 1890 2164 τὰς

320 2188 563 2260 δρόσους.
604 2189 734 2244 Εἶτα
775 2189 1108 2260 θαυμάζουσι
1140 2191 1233 2244 καὶ
1266 2191 1601 2263 διαποροῦσι,
1642 2190 1804 2244 πόθεν
1841 2192 1890 2244 οἱ

303 2283 570 2351 συνεχεῖς
609 2280 783 2350 λοιμοί
829 2281 971 2352 (94)⁸
1005 2281 1168 2335 πόθεν
1208 2283 1262 2334 αἱ
1303 2281 1534 2352 χαλεπαὶ
1571 2281 1714 2334 νόσοι
1737 2297 1750 2311 ·
1795 2279 1892 2333 πό-

323 2372 416 2427 θεν
442 2375 495 2425 αί
524 2373 858 2425 παντοδαπαὶ
895 2371 1089 2442 φθοραί
1108 2389 1121 2402 ο
1154 2371 1316 2426 πόθεν
1342 2375 1370 2424 ὁ
1405 2372 1646 2435 ποικίλος
1667 2373 1761 2424 καὶ
1791 2388 1893 2425 πο-

320 2464 418 2527 λὺς
449 2463 555 2516 τῶν
597 2462 898 2534 ἀνθρώπων
933 2463 1149 2534 ὄλεθρος
1168 2481 1181 2494 ο
1220 2464 1306 2517 διὰ
1337 2463 1388 2516 τί
1419 2463 1615 2535 μηκέτι
1642 2462 1893 2516 τοσοῦτον

323 2555 527 2626 πλῆθος
563 2555 927 2627 οἱκητόρωνὴ
973 2556 1200 2627 μεγίστη
1247 2555 1400 2619 πόλις
1443 2558 1500 2609 ὲν
1537 2557 1670 2627 αὐτῇ
1713 2556 1890 2628 φέρει,

323 2644 432 2697 ἀπὸ
471 2645 679 2716 νηπίων
718 2644 995 2716 ἀρξαμένη
1035 2645 1237 2698 παίδων
1276 2645 1438 2718 μέχρι
1476 2646 1582 2700 τῶν
1612 2648 1690 2708 είς
1727 2647 1894 2716 ἄκρον

326 2735 737 2805 γεγηρακότων,
777 2737 939 2800 ὅσους
983 2736 1366 2807 ὠμογέροντας
1414 2737 1524 2807 (95)
1571 2736 1665 2800 οὓς
1709 2738 1892 2794 ἐκάλει

326 2827 588 2898 πρότερον
623 2828 780 2891 ὄντας
817 2827 1066 2900 ἔτρεφεν;
1114 2829 1248 2881 Ἀλλ’
1292 2830 1340 2881 οἱ
1375 2827 1895 2898 τεσσαρακοντοῦται

329 2920 421 2971 καὶ
465 2920 622 2990 μέχρι
660 2920 767 2974 τῶν
809 2921 1176 2992 ἐϐδομήκοντα
1223 2921 1380 2983 ἐτῶν,
1427 2921 1677 2974 τοσοῦτον
1717 2921 1896 2974 πλείο-

327 3025 418 3071 νες
448 3008 590 3072 τότε,
631 3008 769 3062 ὥστε
809 3009 882 3080 μὴ
927 3009 1374 3080 συμπληροῦσθαι
1414 3011 1508 3062 νῦν
1545 3011 1635 3062 τὸν
1662 3010 1894 3081 ἀριθμὸν

1987 548 2323 614 exundavit,
2377 554 2437 600 ut
2468 542 2792 598 circumsita:
2834 540 3038 611 regioni
3077 540 3282 610 viisque
3320 547 3374 592 et
3397 538 3546 607 agris

1983 641 2240 696 omnibus
2268 637 2610 708 superfusus,
2645 650 2909 704 aquarum
2945 633 3205 687 diluvium
3242 629 3544 702 cuiusmodi

1983 732 2324 801 temporibus
2358 728 2471 783 Noe
2499 727 2715 788 accidit,
2743 726 2934 779 minari
2960 726 3250 779 videretur.

2059 823 2123 878 Il.
2166 825 2428 878 Cancrum
2454 820 2690 874 caedibus
2711 827 2764 872 et
2793 831 2986 871 cruore
3007 825 3060 870 et
3081 812 3546 870 submersionibus

1985 915 2274 971 hominum
2335 913 2611 968 continuis
2660 910 2974 979 inquinatus
3021 907 3318 972 evolvitur;
3370 905 3548 974 qualis

1981 1007 2119 1061 olim
2155 1022 2185 1060 a
2213 1005 2393 1076 Moyse
2427 1004 2700 1074 praestitus
2721 1011 2805 1056 est
2829 999 3120 1063 Pharaoni,
3150 999 3204 1053 in
3231 999 3546 1067 sanguinem

1984 1111 2282 1152 conversus
2308 1112 2372 1150 ac
2399 1095 2642 1150 ftetidus.
2691 1092 2948 1159 Quaenam
2975 1080 3138 1159 igitur
3175 1089 3320 1142 unda
3348 1088 3550 1141 lustra-

1984 1205 2047 1245 re
2076 1188 2275 1258 poterit
2317 1203 2512 1257 aquam
2538 1203 2642 1256 qua
2672 1185 2852 1239 omnia
2897 1182 3232 1252 purgantur?
3267 1180 3549 1246 Quomodo

1985 1290 2174 1335 vastus
2207 1280 2296 1334 ille
2319 1294 2418 1333 nec
2441 1277 2753 1333 hominibus
2787 1273 3128 1344 permeabilis
3157 1288 3418 1337 oceanus,
3445 1273 3550 1326 hoc

1989 1386 2232 1426 amarum
2255 1371 2476 1440 pelagus
2505 1383 2742 1438 unquam
2771 1365 3122 1420 absterserit?
3147 1365 3255 1418 Aut
3279 1363 3551 1433 quomodo

1987 1465 2176 1534 ingens
2228 1464 2317 1517 ille
2364 1461 2561 1516 fluvius
2602 1460 2694 1530 qui
2741 1473 2806 1513 ex
2856 1458 3022 1512 Edem
3064 1456 3301 1528 proﬂuit,
3338 1455 3551 1509 etiamsi

1993 1562 2228 1622 quatuor
2253 1552 2373 1606 illos
2397 1552 2450 1605 in
2478 1566 2614 1620 quos
2638 1548 2898 1604 dividitur
2925 1549 3107 1603 alveos
3139 1549 3191 1601 in
3217 1561 3383 1600 unum
3415 1544 3554 1599 Geo-

1990 1643 2079 1698 nis
2114 1643 2324 1696 alveum
2375 1642 2758 1706 transfundat,
2814 1650 3017 1694 tantam
3069 1641 3207 1693 hanc
3247 1639 3428 1692 abluet
3462 1651 3555 1690 sa-

1989 1738 2132 1790 niem
2156 1736 2177 1788 ?
2211 1734 2507 1802 Ecquando
2535 1733 2935 1788 scelestissimis
2959 1731 3316 1800 undecunque
3347 1729 3560 1799 vapori-

1990 1828 2092 1883 bus
2121 1827 2467 1880 obnubilatus
2492 1841 2606 1890 aer,
2639 1841 2809 1894 purus
2835 1824 3047 1878 tandem
3079 1838 3409 1892 serenusque
3435 1823 3560 1876 red-

1992 1920 2186 1974 detur?
2246 1917 2568 1988 Hnjusmodi
2600 1919 2743 1971 enim
2775 1917 2976 1971 halitus
3010 1930 3074 1970 ex
3103 1923 3245 1968 terra
3268 1955 3282 1980 ,
3316 1930 3381 1968 ex
3418 1912 3556 1966 mari

1988 2010 2170 2074 venti,
2218 2025 2283 2064 ex
2331 2009 2647 2064 fluminibus
2693 2025 2871 2073 aurae,
2906 2023 2969 2062 ex
3014 2007 3274 2076 portubus
3304 2005 3557 2074 fuliginea

1992 2103 2235 2172 spirant,
2273 2110 2331 2155 ut
2358 2101 2752 2156 tabcscentium
2801 2101 2852 2154 in
2880 2099 3130 2153 omnibus
3155 2085 3558 2166 subiacentibus

1992 2194 2274 2250 elementis
2310 2193 2632 2248 cadaverum
2693 2193 2874 2247 sanies
2907 2207 3004 2261 pro
3037 2206 3160 2244 rore
3186 2191 3274 2244 sit.
3335 2188 3401 2241 Et
3438 2198 3560 2257 post

1992 2285 2108 2340 haec
2131 2286 2399 2338 mirantur
2429 2292 2483 2338 et
2509 2282 2789 2352 ambigunt
2814 2282 3078 2347 homines,
3109 2281 3380 2335 undenam
3415 2295 3552 2334 con-

1995 2377 2160 2430 tiuua:
2184 2384 2390 2445 pestes,
2425 2375 2690 2428 undenam
2720 2388 2910 2442 graves
2934 2372 3127 2434 morbi,
3153 2371 3440 2440 omnisque
3469 2384 3562 2440 ge-

1994 2468 2142 2523 neris
2169 2468 2332 2532 labes,
2381 2476 2434 2522 et
2478 2467 2806 2536 multiplices
2835 2449 3081 2533 variique
3111 2464 3392 2518 hominum
3423 2463 3562 2516 intc~

1993 2559 2130 2613 ritus
2156 2576 2169 2611 :
2202 2557 2329 2626 quid
2355 2572 2534 2612 causa:
2560 2557 2650 2621 sit,
2682 2571 2782 2610 cur
2816 2556 2947 2609 urbs
2975 2554 3209 2608 maxima
3244 2562 3450 2607 tantum
3478 2555 3560 2607 ci-

1994 2651 2141 2706 vium
2174 2665 2458 2704 numerum
2494 2648 2728 2717 amplius
2756 2663 2862 2702 non
2897 2645 3054 2712 ferat,
3090 2646 3301 2700 etiamsi
3332 2647 3400 2699 ab
3427 2646 3562 2714 ipsis

1995 2739 2293 2795 infantibus
2337 2740 2404 2794 ad
2449 2740 2752 2809 decrepitos
2798 2753 2974 2807 usque
2997 2753 3152 2792 senes
3183 2746 3557 2802 numerentur,

1995 2840 2127 2900 quot
2162 2839 2320 2885 antea
2360 2831 2558 2885 crudos
2599 2845 2758 2884 senes
2806 2829 2885 2883 sic
2913 2837 3132 2883 vocatos
3159 2827 3328 2881 aluit?
3359 2825 3562 2880 Verum

1999 2933 2128 2978 tunc
2153 2923 2412 2992 temporis
2437 2922 2569 2976 adeo
2603 2921 2784 2989 plures
2819 2928 2975 2973 erant
2999 2918 3416 2989 quadragenarii
3440 2959 3456 2984 ,
3510 2926 3566 2972 et

1992 3003 2161 3084 supra
2211 3014 2310 3068 hos
2353 3029 2525 3084 usque
2553 3014 2616 3066 ad
2643 3011 3099 3081 septuagesimum
3147 3010 3320 3065 atatis
3359 3026 3562 3064 annum

327 3098 525 3164 αὐτῶν,
566 3100 1088 3172 προσεγγραφέντων
1125 3101 1216 3153 καὶ
1256 3102 1766 3170 συγκαταλεγέντων
1809 3104 1890 3166 εἰς

1999 3107 2302 3177 progressi,
2363 3115 2421 3161 ut
2467 3121 2725 3160 numerus
2776 3119 2962 3158 eorum
3010 3118 3155 3156 nunc
3208 3103 3408 3174 expleri
3455 3119 3564 3158 no

326 3195 388 3247 τὸ
427 3195 679 3265 δημόσιον
719 3195 1043 3265 σιτηρέσιον,
1092 3195 1198 3248 τῶν
1238 3196 1345 3248 ἀπὸ
1377 3196 1894 3266 τεσσαρεσκαίδεκα

329 3287 464 3340 ἐτῶν
500 3286 656 3358 μέχρι
685 3285 790 3339 τῶν
823 3287 1146 3358 ὀγδοήκοντα
1166 3303 1178 3316 ·
1207 3288 1300 3340 καὶ
1329 3288 1611 3355 γεγόνασιν
1642 3282 1752 3340 οἷον
1783 3287 1900 3359 ἡλι-

328 3377 522 3433 κιῶται
571 3379 676 3432 τῶν
732 3379 898 3433 πάλαι
949 3379 1305 3450 γεραιτάτων,
1352 3381 1398 3433 oi
1449 3379 1567 3448 ὄψει
1620 3379 1894 3434 νεώτατοι.

331 3471 440 3524 Καὶ
481 3469 621 3522 οὕτω
667 3469 981 3540 μειούμενον
1021 3471 1106 3523 ἀεὶ
1154 3471 1248 3524 καὶ
1297 3470 1680 3540 δαπανώμενον
1728 3472 1898 3542 ὁρῶν-

330 3576 426 3623 τες
458 3560 516 3612 τὸ
557 3560 646 3612 ἐπὶ
674 3559 774 3629 γῆς
813 3560 1109 3634 ἀνθρώπων
1145 3562 1318 3629 γένος,
1351 3562 1410 3614 οὐ
1445 3563 1764 3632 τρέμουσιν’
1795 3563 1896 3615 αὺ-

333 3651 558 3722 ξομένου
589 3652 681 3705 καὶ
707 3653 1100 3726 προκόπτοντος
1121 3653 1213 3708 τοῦ
1247 3653 1540 3719 παντελοῦς
1564 3655 1739 3710 αὐτῶν
1767 3656 1901 3726 ἀφα-

331 3745 549 3816 νισμοῦ.

2003 3198 2192 3268 possit,
2232 3197 2520 3266 adscriptis
2555 3197 2677 3251 licet
2709 3205 2762 3250 et
2798 3197 2851 3250 in
2882 3197 3065 3250 album
3100 3195 3282 3250 relatis
3308 3194 3374 3248 ad
3400 3210 3568 3249 auuo-

2005 3305 2129 3343 nam
2174 3305 2238 3343 ex
2287 3289 2501 3358 publico
2555 3288 2924 3356 accipiendam
2979 3289 3063 3342 his
3113 3288 3204 3356 qui
3237 3286 3568 3356 quatuorde-

2003 3379 2109 3433 cim
2143 3393 2318 3433 annos
2365 3378 2472 3430 nati
2505 3387 2629 3430 sunt
2655 3416 2670 3439 ,
2709 3392 2879 3446 usque
2929 3377 2994 3430 ad
3037 3375 3430 3445 octogenarios.
3499 3372 3570 3427 Et

2005 3470 2095 3538 qui
2145 3469 2322 3538 specie
2363 3469 2477 3537 ipsa
2531 3466 2916 3520 adolescentuli
2963 3476 3124 3533 sunt,
3160 3465 3392 3534 aequales
3431 3479 3568 3533 quo-

2003 3562 2290 3617 dammodo
2342 3576 2487 3614 nunc
2540 3559 2666 3614 facti
2720 3568 2847 3614 sunt
2894 3574 3080 3612 eorum
3115 3559 3206 3627 qui
3237 3557 3364 3611 olim
3411 3571 3568 3610 senes

2000 3664 2174 3709 erant.
2215 3652 2458 3721 Cumque
2486 3653 2539 3705 in
2571 3651 2730 3706 terris
2765 3651 3062 3704 humanum
3091 3664 3260 3718 genus
3289 3656 3569 3715 tantopere

2000 3745 2343 3800 imminutum
2403 3753 2456 3798 et
2508 3753 2891 3811 consumptum
2941 3742 3184 3803 videant,
3245 3747 3569 3808 augescente

2000 3839 2054 3894 in
2089 3837 2204 3892 dies
2247 3845 2300 3891 ct
2343 3842 2620 3891 crescente
2670 3834 2911 3903 ipsorum
2946 3832 3193 3896 excidio,
3249 3845 3356 3884 non
3394 3829 3568 3884 intre-

2001 3929 2257 3984 miscunt.

518 4254 592 4326 (Ε
621 4255 788 4310 sacris
814 4253 1104 4309 Parallelis
1141 4254 1456 4310 Damasceni
1515 4163 1895 4328 Πυρείιῗτῑίιῗίζ

1999 4163 2290 4334 ἒρῖῗόιη.
2323 4277 2384 4320 ιι.
2418 4273 2540 4328 pag.
2579 4255 2704 4321 7'55,
2735 4254 2796 4318 C,
2821 4253 2945 4308 edit.
2969 4252 3148 4307 Paris.
3175 4245 3358 4321 17η.)

412 4349 685 4430 Διονυσίου
735 4348 1170 4422 Ἀλεξανδρείας,
1219 4349 1283 4404 ὲκ
1328 4350 1430 4423 τῆς
1472 4350 1514 4404 δ’
1551 4353 1909 4430 ἐορταστικῆς

339 4426 632 4512 ἐπιστολῆς
663 4440 794 4513 (96).

2138 4355 2383 4428 Dionysii
2415 4352 2784 4418 Alexandrini,
2819 4367 2884 4405 ex
2912 4349 3136 4420 epistola
3166 4366 3218 4403 tv
3249 4348 3439 4405 festali.

426 4535 492 4588 Ἦ
520 4534 710 4606 ἀγάπη
744 4532 996 4607 προπηδᾷ
1021 4534 1257 4601 πάντως,
1297 4535 1349 4588 τὶ
1377 4532 1566 4605 ὀνῆσαι
1593 4534 1687 4591 καὶ
1711 4536 1897 4592 ἄκοντα

2082 4539 2332 4594 Charitas
2358 4545 2605 4607 prompta
2632 4541 2715 4590 est
2740 4541 2798 4588 ut
2825 4532 3077 4588 omnibus
3108 4532 3311 4601 prosit,
3339 4546 3572 4599 eumque

416 4669 529 4740 (92)
574 4668 872 4736 Τοσοῦτος
896 4666 1433 4740 ἐπλήμμυρενλίειεο
1467 4677 1549 4740 est
1575 4669 1732 4724 lectio
1760 4672 1910 4725 codi-

343 4738 432 4798 cis
460 4738 632 4808 Regii,
683 4754 790 4793 non
839 4738 1064 4794 omnino
1101 4738 1414 4809 rejicienda.
1465 4739 1677 4809 Reliqui
1723 4750 1906 4795 tamen

345 4811 561 4865 codices
591 4809 727 4880 Maz.
759 4825 823 4864 ac
856 4809 994 4880 Med.
1033 4825 1154 4864 cum
1177 4808 1314 4864 Fuk.
1359 4820 1411 4863 et
1454 4808 1618 4866 Savil.
1645 4812 1906 4880 scriptum

344 4882 547 4936 habent
574 4879 846 4934 τοσοῦτον.
877 4879 1078 4934 VALt-zs.

421 4950 534 5017 (95)
575 4948 766 5017 Γηὼν.
805 4949 879 5004 lta
915 4949 1086 5017 codex
1120 4947 1282 5004 Alex.’
1310 4947 1377 5001 At
1406 4945 1551 5011 νειμ,
1587 4947 1756 5017 Γεών.
1783 4947 1906 5002 Haec

340 5015 474 5091 vox,
491 5015 756 5091 alterutra
791 5015 1012 5091 ratiope‘
1030 5019 1254 5091 scripta,
1277 5018 1616 5074 desideratur
1640 5019 1695 5072 in
1719 5016 1914 5072 Trom-

346 5090 444 5145 mii
474 5089 874 5143 Concurdantiis
910 5088 1126 5144 Grazcis'.
1150 5089 1320 5142 (λιιι.

421 5159 534 5227 (94)
576 5163 638 5230 οξ
664 5159 944 5230 συνεχεῖς
974 5158 1189 5227 λοιμοί,
1213 5157 1331 5211 Jam
1361 5156 1485 5212 inde
1516 5157 1914 5230 a_temp_oribus

347 5226 491 5284 Galli
515 5237 570 5282 et
600 5226 906 5295 Volusiani,
936 5226 1256 5283 lues’totum
1304 5243 1443 5296 pene
1487 5227 1673 5280 orbem
1711 5226 1913 5281 Roma-

347 5315 484 5356 num
515 5300 769 5357 vastavit.
820 5299 982 5354 Certe
1028 5298 1322 5367 Eutropius
1366 5297 1729 5367 principatum
1776 5297 1914 5352 Galli

347 5379 407 5426 et
452 5367 755 5434 Volusiani,
801 5370 916 5425 sola
956 5369 1283 5438 pestilentia,
1310 5377 1498 5421 notum
1543 5367 1713 5423 fuisse
1760 5368 1910 5422 dicit.

346 5439 516 5493 Addit
541 5440 798 5494 Aurelius
829 5437 1035 5506 Victor,
1067 5438 1220 5493 Gallo
1238 5437 1648 5508 Volusianoque
1677 5438 1914 5493 favorem

349 5525 421 5566 ex
443 5524 511 5563 eo
542 5511 830 5578 quaasitum
870 5509 1072 5573 fuisse,
1103 5507 1250 5578 quod
1302 5507 1605 5578 tenuissimi
1653 5510 1916 5578 cujusque

352 5577 646 5648 exsequias
675 5579 903 5633 sollicite
943 5577 1301 5634 curavissent.
1342 5577 1416 5632 De
1457 5578 1558 5632 hac
1593 5587 1743 5646 peste
1791 5577 1918 5631 Hie-

352 5664 620 5718 ronymus
652 5648 707 5701 in
749 5649 1002 5702 Chronico
1038 5649 1112 5702 ita
1160 5648 1349 5703 scribit
1389 5662 1532 5702 anno
1575 5648 1748 5718 primo
1785 5648 1914 5716 imp.

354 5717 494 5773 Galli
526 5736 540 5772 :
582 5717 833 5773 Pestilens
863 5718 1074 5772 morbus
1103 5718 1296 5773 multa:
1333 5718 1491 5769 totius
1534 5717 1675 5770 orbis
1705 5718 1916 5786 provin.

357 5789 471 5842 σιω
514 5794 804 5856 occupavit,
856 5791 1178 5859 maximeque
1225 5785 1603 5842 Alexandriam
1642 5795 1691 5841 et
1743 5786 1914 5858 Aigy-
1953 5799 1959 5806 ‘

2009 4681 2188 4742 ptum;
2212 4678 2267 4722 ut
2289 4668 2467 4742 scribit
2491 4662 3130 4742 DionysiusLetopriani
3151 4663 3225 4717 De
3244 4663 3575 4742 mortali-late

2012 4734 2175 4795 testis
2206 4750 2281 4792 est
2343 4739 2493 4791 liber.
2534 4736 2726 4790 Postea
2779 4734 3006 4788 Gallieni
3064 4734 3400 4802 temporibus
3455 4734 3572 4788 lues

2012 4813 2207 4866 iterum
2258 4816 2505 4878 grassata
2551 4815 2641 4878 est_
2686 4803 2870 4878 Batnae
2933 4814 2987 4858 et
3031 4805 3083 4878 in
3125 4804 3460 4878 provinciis,
3513 4813 3574 4857 ut

2014 4881 2204 4934 scribit
2259 4871 2444 4933 ‘Pollio
2496 4877 2550 4930 in
2604 4875 2891 4940 Gallieno,
2949 4883 3002 4928 et
3049 4871 3303 4928 Aurelius
3365 4871 3570 4930 Victor.

2014 4950 2212 5005 VALEs.

2085 5019 2198 5088 (95)
2239 5014 2671 5086 Ὠμογέροντας.
2699 5013 3046 5088 Alexandria:
3081 5012 3452 5088 ὠμογέροντες
3487 5009 3572 5063 di-

2015 5083 2356 5145 cebantur'a
2382 5083 2806 5154 quadragesimo
2845 5100 2989 5137 anno
3029 5099 3200 5154 usque
3239 5083 3306 5135 ad
3354 5091 3574 5149 septua-

2017 5101 2279 5145 cebantur
2326 5103 2356 5140 a
2390 5101 2806 5154 quadragesimo
2845 5101 2989 5137 anno
3029 5101 3091 5137 us
3136 5101 3200 5137 ne
3239 5101 3306 5135 au
3354 5101 3573 5149 septua-

2017 5159 2303 5230 gesimum.
2338 5155 2534 5209 Eorum
2586 5155 2804 5230 nomina
2849 5155 2901 5206 in
2929 5154 3051 5230 albo
3090 5101 3356 5220 descripta
3395 5160 3573 5216 erant,

2015 5225 2080 5284 eo
2116 5228 2259 5296 quod
2283 5241 2552 5296 annonam
2587 5226 2853 5292 publicam
2885 5225 3211 5296 accipereut,
3243 5233 3305 5296 ut
3344 5231 3574 5296 testatur

2017 5292 2330 5368 Dionysius.
2369 5294 2485 5368 His
2512 5304 2776 5368 praeerant
2819 5295 3241 5368 archigeroiLtcs,
3276 5293 3342 5368 de
3371 5292 3576 5368 quibus

2019 5372 2077 5422 fit
2123 5361 2327 5421 mentio
2375 5365 2428 5418 in
2475 5361 2589 5432 lege
2645 5365 2817 5432 prima
2869 5361 3072 5432 codicis
3115 5361 3476 5416 Theodosiani
3507 5365 3576 5416 de

2017 5437 2395 5493 Alexandrinae
2431 5431 2603 5504 plebis
2637 5431 3147 5504 primatibus.‘_lluc
3181 5434 3348 5504 etiam
3379 5432 3572 5504 referri

2017 5518 2212 5578 potest,
2248 5505 2388 5575 quod
2427 5501 2951 5578 rscriliit’Gregorius
2975 5501 3106 5578 δεῖ.
3137 5503 3190 5556 in
3218 5503 3460 5555 oratione
3481 5503 3573 5567 21,

2017 5573 2083 5633 Ile
2127 5573 2315 5632 sancto
2354 5575 2680 5639 Athanasio,
2716 5573 3108 5642 Alexandrinos
3174 5589 3268 5642 per
3312 5588 3476 5628 sexus
3519 5579 3578 5627 et

2017 5657 2203 5703 aetates
2233 5655 2290 5700 et
2341 5656 2484 5700 artes
2527 5647 2717 5700 solitos
2769 5657 2887 5698 esse
2921 5641 3194 5714 distribui,
3229 5645 3442 5714 quoties
3470 5643 3574 5699 ali-

2017 5717 2108 5774 cui
2131 5717 2344 5772 obviam
2377 5716 2517 5769 irent
2546 5715 2768 5769 honoris
2793 5727 2978 5768 causa.
3008 5711 3086 5768 In.

2090 5787 2199 5862 (96)
2243 5788 2336 5842 Ἐκ
2373 5784 2479 5856 τῆς
2514 5785 2561 5838 δ’
2595 5781 2981 5853 ἑορτπτικῆς
3019 5781 3364 5855 ἐπιστολῆς.
3404 5784 3576 5844 Euse-
