3972 6318
253 331 391 386 13ιό

1425 325 1705 388 ΝΟΤΙἸΊΑ
1741 327 1831 384 ΕΤ
1869 325 2317 386 FRAGMENTA.

3357 338 3499 397 1566

218 450 380 535 ⁷ιιιίΙιί
407 466 520 521 prae
542 453 751 508 caeteris
770 453 1639 524 suppeditaruntlocupletissima:
1661 452 1814 508 orbis
1841 456 1887 513 Α
1922 448 2184 505 Turriano
2214 446 2610 519 vapulantibus,
2650 458 2705 507 et
2734 446 2955 521 quidem
2997 450 3055 506 in
3089 448 3497 523 Prolegomeuis

242 541 442 596 eruditi
465 541 804 598 bibliotheca:
828 542 991 614 Regia
1017 543 1363 609 Parisiensis,
1388 542 1725 611 Colbertina,
1753 552 1812 598 et
1911 556 1967 611 p.
2001 539 2052 606 7,
2083 540 2150 595 de
2174 540 2278 597 hoc
2303 535 2575 597 Turriano
2597 543 2915 612 pronuntiat
2939 560 2953 598 :

240 637 578 693 Coisliniana
622 639 1134 710 Sangermanensis)
1163 681 1178 706 ,
1220 654 1437 696 summo
1489 640 1670 696 studio
1716 642 1812 696 de-

241 738 515 801 prompta,
547 739 599 785 et
624 730 676 784 in
706 747 877 785 unum
915 732 1140 787 collecta
1189 746 1571 801 proponerem.
1601 731 1809 787 Claris-

241 823 366 879 simi
393 838 519 877 vero
542 832 702 892 atque
738 822 806 878 de
838 823 1159 893 antiquitate
1180 823 1444 878 litteraria
1470 834 1524 879 et
1555 824 1811 879 ecclesia-

238 913 378 969 stica
403 912 737 967 meritissimi
766 910 992 969 Joannis
1021 912 1273 979 Boivinii,
1293 914 1388 984 qui
1419 912 1600 985 Regia:
1625 931 1811 970 manu-

239 1009 565 1077 scriptorum
590 1007 835 1062 codicum
859 1007 1196 1063 bibliotheca:
1223 1023 1345 1078 qua:
1368 1006 1595 1063 Lutetia:
1625 1024 1807 1064 asser-

238 1106 420 1163 vatur,
452 1111 640 1151 curam
669 1111 864 1167 magna
892 1112 1015 1152 cum
1043 1097 1202 1152 laude
1229 1097 1360 1151 olim
1388 1097 1574 1168 gessit,
1603 1097 1810 1168 dignis-

237 1190 406 1246 simas
451 1190 540 1245 hic
597 1205 702 1245 non
749 1205 972 1261 possum
1032 1206 1138 1245 non
1190 1191 1803 1261 deprsedicarclaudes;

236 1297 364 1335 cum
403 1281 521 1351 ejus
546 1281 806 1351 singulari
846 1282 1110 1337 benelieio
1164 1284 1387 1351 adjutus
1429 1300 1538 1339 non
1592 1284 1805 1340 facilem

237 1383 446 1430 tantum
477 1376 542 1430 ad
567 1376 1007 1447 incomparabilis
1030 1393 1261 1448 vereque
1283 1380 1445 1451 regite
1488 1380 1636 1437 illius
1661 1396 1807 1452 gaza;

234 1466 395 1537 adyta
428 1477 621 1522 nactus
654 1467 757 1522 sim
797 1468 1025 1535 aditum,
1076 1484 1267 1524 verum
1314 1481 1371 1526 et
1422 1472 1538 1541 ipse
1585 1488 1684 1542 pro
1716 1489 1801 1537 ea,

234 1572 344 1625 qua
390 1559 696 1627 prmstahat,
728 1559 1064 1614 humanitate
1097 1560 1377 1617 rarissima
1401 1603 1417 1628 ,
1447 1579 1571 1633 qua:
1604 1565 1801 1627 ibidem

233 1651 643 1717 delitescebaut,
677 1650 987 1721 frequenter
1014 1650 1149 1707 mihi
1184 1658 1643 1712 commendaverit
1668 1659 1806 1713 scri-

234 1751 346 1813 pta,
364 1759 598 1814 suasque
613 1745 888 1814 speciatim
907 1748 1334 1815 observationes,
1354 1749 1409 1804 in
1438 1747 1657 1805 Macarii
1691 1749 1805 1805 Ma-

234 1837 406 1906 gnetis
428 1837 724 1907 fragmenta
737 1837 860 1891 data
874 1852 1039 1906 opera
1055 1839 1302 1905 collatas,
1316 1841 1573 1896 benevole
1589 1856 1800 1897 mecum

232 1931 633 1985 communicare
653 1930 796 1984 haud
824 1932 1234 1987 detrectaverit:
1258 1949 1324 1987 ex
1350 1934 1549 2003 quibus
1576 1935 1804 2005 proinde

232 2039 320 2078 me
344 2024 483 2077 haud
527 2039 715 2093 parum
745 2022 1043 2094 profecisse
1066 2065 1081 2091 ,
1115 2024 1465 2095 foutibusque
1493 2029 1563 2081 ab
1609 2030 1799 2085 eodem

230 2114 730 2170 indicatisulterius
775 2115 1101 2182 inhaesisse,
1152 2119 1383 2188 ingenue
1417 2119 1691 2189 proﬁteor.
1741 2121 1798 2178 ln

229 2207 388 2263 binas
424 2216 602 2263 autem
630 2218 811 2278 partes
854 2218 1021 2265 totam
1071 2213 1448 2269 tractationem
1491 2215 1800 2284 dispescere

226 2301 379 2373 jubet
406 2310 517 2356 tum
552 2303 675 2356 novi
711 2305 1011 2373 argumenti
1043 2304 1279 2373 dignitas
1303 2345 1317 2369 ,
1359 2318 1473 2360 tum
1517 2310 1799 2377 praesentis

232 2394 489 2464 temporis
518 2403 680 2465 atque
714 2395 943 2450 instituti
974 2398 1149 2451 ratio:
1198 2414 1427 2468 quarum
1468 2401 1618 2469 prior
1656 2402 1801 2477 noti-

229 2487 360 2541 tiam
392 2487 926 2542 historico-criticam
974 2488 1042 2543 de
1084 2489 1318 2544 Macario
1349 2490 1613 2562 Magnete,
1647 2494 1798 2563 ejus-

232 2593 341 2647 que
361 2586 519 2633 aetate
540 2588 593 2633 et
613 2578 857 2647 scriptis,
880 2593 947 2633 ex
969 2579 1136 2635 variis
1154 2580 1395 2635 historiae
1417 2581 1799 2638 ecclesiasticae

230 2670 598 2726 monumentis
646 2671 804 2726 editis
842 2679 1005 2741 atque
1041 2672 1257 2728 iueditis
1299 2683 1487 2740 eruet;
1529 2677 1798 2743 posterior

232 2777 358 2817 vero
386 2761 785 2834 Θεολογούμενα
813 2765 1050 2820 auctoris
1078 2764 1280 2834 pariter
1302 2774 1463 2836 atque
1493 2782 1706 2822 errores
1728 2783 1795 2823 ex

230 2855 400 2925 ipsius
428 2856 646 2925 scriptis
677 2858 1152 2914 commonstrabit.

268 2987 298 3060 ᾗ
324 2988 386 3042 ll.
418 2986 1198 3062 Expettdutttur_recentiorum,
1220 2991 1402 3062 iniqua
1422 2994 1485 3047 de
1519 2992 1757 3047 Macario

770 3057 1009 3128 Magnete
1028 3060 1256 3128 judicia.

300 3173 431 3242 Quis
457 3190 586 3228 vero
623 3190 687 3230 ac
717 3173 910 3244 'qualis
950 3171 1117 3228 luerit
1157 3184 1344 3230 noster
1385 3174 1652 3234 Macarius
1676 3177 1792 3233 Ma-

228 3282 381 3339 gues,
403 3275 457 3321 et
482 3283 591 3337 quo
645 3275 885 3336 tempore
931 3265 1214 3332 ﬂoruerit,
1246 3282 1454 3338 suaque
1500 3268 1701 3341 ingenii
1740 3281 1795 3326 et

227 3360 486 3414 doctrinae
507 3352 956 3428 praestantissima
989 3358 1379 3427 conscripserit
1417 3371 1790 3426 monumenta,

227 3465 293 3506 ex
313 3451 547 3521 probatae
569 3450 904 3520 antiquitatis
927 3449 1143 3505 indiciis
1164 3466 1311 3506 nunc
1332 3450 1563 3520 primum
1585 3453 1793 3520 disqui-

225 3543 451 3598 rendum
467 3545 569 3598 erit
588 3560 601 3608 ;
626 3552 684 3598 ut
700 3545 934 3615 genuino
953 3544 1160 3600 auctori
1184 3560 1282 3599 sua
1301 3546 1617 3600 restituatur
1634 3547 1788 3611 lides,

225 3651 390 3706 quam
416 3636 659 3690 nonnulli
684 3651 751 3690 ex
777 3636 1173 3691 recentioribus
1202 3636 1431 3704 criticis,
1450 3652 1574 3693 cum
1602 3638 1669 3693 de
1689 3640 1792 3693 ista

225 3728 653 3797 Apocriticorum
679 3738 901 3783 auctore
933 3727 1068 3782 nihil
1088 3727 1156 3783 ab
1177 3728 1415 3799 antiquis
1436 3729 1791 3799 scriptoribus

226 3821 503 3878 memoria!
532 3820 803 3892 proditum
828 3821 1088 3893 legerent,
1112 3824 1286 3879 eidem
1307 3835 1508 3878 temere
1531 3824 1791 3894 derogare

224 3915 344 3969 ausi
374 3923 519 3969 sunt.
554 3914 770 3969 Scilicet
801 3931 925 3970 cum
951 3915 1277 3971 Franciscus
1305 3914 1607 3972 Turrianus
1627 3956 1642 3981 ,
1670 3933 1782 3979 ma~

224 4022 364 4076 guns
405 4006 495 4060 ille
548 4007 795 4062 codicum
838 4025 970 4061 mss.
1006 4009 1187 4061 helluo
1226 4007 1301 4078 (4)
1351 4018 1406 4063 et
1453 4010 1791 4080 antiquitatis

220 4098 601 4153 ecclesiastica:
650 4114 758 4152 non
815 4099 1102 4167 indiligens
1160 4100 1441 4169 indagator
1492 4102 1607 4173 (5),
1663 4102 1790 4160 hinc

221 4187 347 4242 inde
378 4188 433 4241 in
462 4187 625 4240 variis
650 4187 766 4241 suis
817 4187 1031 4256 scriptis
1074 4187 1236 4256 hujus
1269 4188 1506 4244 auctoris
1534 4190 1790 4245 vetustis-

221 4279 347 4332 simi
373 4278 699 4334 mentionem
733 4277 969 4342 fecisset,
998 4288 1161 4347 atque
1195 4280 1332 4334 inter
1360 4281 1464 4335 alia
1496 4282 1659 4335 etiam
1697 4283 1785 4337 ln-

219 4372 496 4426 cnleutum
542 4371 856 4426 adduxisset
894 4372 1138 4440 ejusdem
1178 4373 1548 4427 testimonium
1583 4374 1651 4429 de
1696 4390 1786 4429 sa-

1968 676 2110 743 Quid
2131 675 2345 744 dignum
2371 685 2519 729 tanto
2550 674 2671 729 tulit
2703 675 2789 729 hic
2824 676 3114 745 promissor
3136 675 3285 730 hiatu
3319 676 3438 748 (6)?

1921 788 2171 844 Ventosas
2209 788 2428 859 projecit
2466 789 2755 859 ampullas,
2799 790 2960 843 libros
3003 800 3339 862 auctoresque
3380 793 3493 848 ine-
3529 781 3532 786 ’

1908 882 2072 945 ditas,
2098 882 2188 952 qui
2214 898 2306 936 nec
2327 883 2395 934 ad
2422 898 2610 935 manus
2639 892 2783 949 sunt,
2812 899 2903 936 nec
2925 899 3035 937 esse
3061 896 3301 953 possunt,
3327 883 3493 939 Euse-

1910 973 1981 1027 bii
2018 974 2101 1043 (si
2140 972 2242 1029 Deo
2266 974 2469 1047 placet)
2490 975 2843 1029 Alexandrini
2863 991 3125 1030 sermones
3149 1018 3164 1043 ,
3198 975 3488 1031 Eusebium

1910 1063 2286 1118 Caesariensem
2313 1065 2563 1120 adversus
2590 1063 2909 1121 Marcellum
2928 1105 2944 1131 ,
2992 1063 3308 1136 Hippolytos
3339 1083 3491 1121 mar-

1908 1167 2074 1226 tyrem
2110 1165 2160 1211 et
2202 1156 2524 1225 Thebanum,
2560 1157 2859 1229 Magnetem
2905 1157 3157 1212 adversus
3206 1152 3491 1214 Theosthel

1907 1270 2044 1316 nem,
2081 1251 2400 1309 Theodotum
2420 1255 2784 1325 Ancyranum,
2812 1264 2919 1309 etc.
2946 1293 2962 1318 ,
2996 1254 3200 1322 citavit,
3246 1256 3493 1325 plurima:

1906 1361 2032 1400 sane
2063 1346 2323 1412 lectionis,
2358 1348 2447 1402 sed
2482 1347 2677 1416 frontis
2717 1346 3166 1418 perfrictissimtr,
3191 1347 3489 1420 judiciique

1908 1438 2221 1493 tenuissimi.
2269 1437 2444 1505 Quam
2498 1455 2739 1510 praeceps
2789 1447 2970 1494 autem
3021 1439 3127 1494 hoc
3186 1439 3351 1499 fuerit
3380 1441 3487 1498 viri

1905 1530 2041 1584 alias
2072 1529 2377 1585 doctissimi
2400 1530 2693 1600 judicium,
2727 1530 2812 1584 vel
2842 1529 3042 1584 exinde
3059 1540 3309 1600 apparet,
3338 1534 3487 1603 quod

1904 1621 2147 1691 plerique
2181 1619 2294 1675 fere
2313 1631 2565 1677 auctores
2593 1622 2703 1687 isti,
2737 1637 2876 1693 quos
2922 1622 3190 1677 conﬁctos
3237 1625 3487 1680 credide-

1908 1722 1992 1767 rat
2029 1712 2361 1780 Blondellus,
2398 1730 2545 1769 nunc
2597 1714 2650 1766 in
2698 1713 2943 1768 omnium
2986 1724 3277 1771 versentur
3312 1718 3491 1773 mani-

1835 1803 1877 1858 Β
1905 1802 2028 1870 bus,
2058 1813 2223 1874 atque
2248 1804 2703 1874 peritissimorum
2730 1815 2931 1859 nostra:
2963 1805 3138 1860 aetatis
3170 1806 3484 1861 criticorum

1821 3143 1866 3201 C

1903 1898 2328 1967 eomprohentur
2350 1896 2581 1951 calculo.
2599 1896 2879 1952 Blondello
2898 1897 3226 1967 astipulatur
3242 1897 3487 1952 Edmun-

1902 1989 2009 2042 dus
2028 1986 2344 2042 Alhertiutts
2368 1986 2509 2040 libro
2538 1999 2577 2038 tt
2621 1983 2697 2038 De
2732 1994 3064 2038 sacramento
3099 1984 3478 2049 Eucharistiw,

1900 2094 1956 2148 p.
1991 2094 2065 2133 ιιι.
2105 2077 2211 2131 420
2250 2077 2350 2147 (7),
2401 2076 2493 2145 qui
2522 2090 2752 2130 censura
2781 2076 2957 2145 magis
2990 2090 3153 2145 quam
3188 2075 3480 2130 dictatoria

1902 2168 2273 2224 testimonium
2317 2166 2579 2237 Magnetis
2626 2181 2655 2219 a
2698 2165 2969 2221 Turriano
3004 2166 3236 2236 aliisque
3277 2165 3483 2236 produ-

1900 2270 2070 2324 ctum,
2113 2260 2325 2313 veritati
2350 2275 2530 2314 causae
2550 2258 2818 2326 dillidens,
2843 2274 2969 2314 cum
3000 2275 3107 2313 non
3142 2268 3327 2329 posset
3354 2275 3484 2329 pro-

1898 2353 2063 2408 babili
2109 2354 2291 2423 aliqua
2341 2355 2552 2407 ratione
2594 2350 2857 2416 refutare,
2907 2350 3133 2405 irridere
3179 2349 3391 2416 maluit,
3418 2364 3482 2404 ac

1898 2446 2204 2515 petulanter
2232 2446 2378 2500 hunc
2406 2445 2459 2499 in
2492 2444 2714 2500 modum
2740 2442 3029 2513 explodere
3052 2443 3315 2497 tentavit:
3344 2441 3483 2496 Tur-

1898 2539 2079 2593 rianus
2112 2538 2313 2607 primus
2332 2538 2567 2591 omnium
2593 2537 2765 2607 (quod
2789 2535 3029 2607 equidem
3062 2532 3266 2605 sciam)
3296 2544 3482 2604 protu-

1898 2628 2041 2682 litin
2070 2629 2282 2697 scriptis
2313 2629 2427 2683 suis
2452 2627 2607 2681 verba
2640 2627 2749 2680 ha'c
2780 2626 2956 2680 nescio
3000 2625 3137 2679 unde
3158 2634 3372 2695 sumpta
3414 2640 3481 2679 ea:

1899 2719 2141 2791 Magnete
2176 2722 2427 2774 adversus
2470 2718 2843 2773 Theosthenem
2880 2757 2896 2773 .
2932 2757 2947 2772 .
2979 2756 2995 2771 .
3057 2715 3246 2771 Verum
3279 2717 3348 2770 ad
3381 2732 3478 2787 po-

1896 2811 2080 2880 pulum
2118 2808 2382 2879 phaleras.
2407 2808 2536 2875 Quis
2560 2811 2696 2863 enim
2722 2818 2968 2876 veterum,
2993 2810 3097 2861 imo
3116 2808 3274 2861 etiam
3306 2823 3480 2861 recen-

1898 2902 2088 2954 tiorunt
2117 2918 2209 2971 per
2241 2918 2419 2955 norem
2458 2915 2549 2956 aut
2579 2902 2753 2955 decem
2798 2901 2993 2955 stecula
3023 2900 3283 2971 Magnetis
3320 2900 3477 2971 hujus

1895 2992 1974 3045 vel
1996 2993 2170 3063 quoad
2204 3009 2390 3046 nomen
2423 3002 2627 3046 tantum
2655 2992 2989 3046 meminerit?
3022 2990 3277 3045 Fictitius
3320 3008 3478 3061 pror-

1895 3100 1983 3137 sus
2011 3095 2198 3137 auctor
2241 3094 2341 3152 est,
2387 3092 2479 3137 aut
2504 3084 2689 3138 saltem
2725 3100 2884 3137 novus
2918 3083 3116 3150 aliquis
3164 3099 3225 3136 ac
3250 3097 3477 3152 nuperos

1895 3176 2175 3246 graculus,
2227 3176 2378 3245 cujus
2408 3177 2727 3244 scriptorum
2760 3167 3021 3230 certitu'do
3053 3186 3167 3230 tota
3194 3182 3270 3229 est
3316 3193 3473 3247 penes

1900 3266 2221 3321 Turrianum
2260 3270 2440 3339 exigui
2484 3269 2685 3337 judicii
2713 3270 2903 3333 virum,
2948 3270 3173 3341 ﬁdeique
3202 3268 3351 3323 vaa'u'e
3381 3288 3477 3324 su-

1893 3370 2103 3429 spectte.
2139 3359 2207 3414 Et
2232 3362 2427 3414 audent
2460 3361 2751 3415 adversarii
2781 3363 2974 3432 absque
3012 3362 3123 3415 ulla
3160 3364 3474 3416 verecundia

1892 3452 2149 3520 ejusmodi
2181 3452 2492 3522 quisquilias
2514 3469 2609 3522 pro
2642 3462 2871 3506 veterum
2901 3455 3250 3508 monumentis
3280 3456 3333 3507 in
3360 3471 3474 3508 me-

1894 3544 2041 3597 dium
2070 3544 2372 3598 adducere?
2404 3544 2544 3597 Proh
2578 3543 2674 3598 Dei
2709 3557 2757 3597 et
2787 3544 3054 3597 hominum
3096 3546 3253 3613 [idem
3272 3546 3294 3598 .'
3343 3547 3476 3612 ριιω

1894 3628 2208 3707 quanquam
2244 3647 2445 3692 temere
2464 3640 2689 3691 omnino
2720 3646 2771 3690 et
2793 3644 3115 3705 arroganter
3139 3636 3208 3691 ab
3237 3652 3302 3692 eo
3326 3638 3468 3692 dicta

1892 3730 2022 3792 sint,
2061 3745 2091 3782 a
2128 3729 2344 3782 nemine
2377 3736 2557 3781 tamen
2585 3727 2848 3781 hactenus
2874 3726 3108 3780 relutata
3133 3726 3308 3791 video,
3331 3744 3471 3796 quo-

1903 3821 2049 3874 niam
2077 3822 2143 3875 de
2164 3819 2406 3891 Magnete
2431 3819 2853 3889 Apocriticorum
2882 3826 3106 3873 auctore
3124 3819 3255 3872 nihil
3284 3819 3352 3872 ah
3373 3835 3472 3872 an-

1901 3913 2232 3983 tiquioribus
2266 3911 2545 3967 memoria:
2570 3911 2841 3980 proditum
2875 3910 3158 3979 hucusque
3184 3911 3425 3965 constitit
3452 3928 3467 3965 :

1891 4013 2220 4073 quapropter
2249 4002 2438 4056 inanes
2466 4001 2738 4056 Albertini
2772 3999 3146 4056 cavillationes
3189 4010 3351 4070 atque
3380 4018 3471 4055 ar-

1891 4105 2273 4168 gumentorum
2308 4095 2480 4165 ipsius
2509 4093 2820 4148 futilitatem
2851 4092 3140 4162 deinceps,
3180 4109 3303 4147 eum
3353 4094 3468 4163 ipsa

1890 4188 2154 4260 Magnetis
2182 4187 2486 4258 fragmenta
2522 4187 3011 4256 percensebuntur,
3032 4186 3356 4257 esplodendi
3388 4187 3469 4240 lo-

1891 4296 1989 4335 cus
2042 4281 2164 4335 erit.
2222 4280 2439 4334 Interim
2500 4279 2802 4335 rectissime
2839 4280 3064 4334 omnino
3131 4279 3218 4332 hic
3254 4278 3467 4347 jmlicat

1891 4369 1953 4425 Β.
1984 4369 2068 4425 Jo.
2094 4371 2217 4426 Alb.
2250 4370 2537 4426 Fabricius
2569 4370 2677 4442 (8);
2712 4368 2979 4439 Injuriam
3024 4371 3106 4427 his
3132 4370 3298 4424 verbis
3326 4369 3467 4424 Tur-

218 4470 499 4517 cramento
521 4459 873 4517 Eucharistia‘
894 4463 1135 4533 realiqne
1156 4464 1400 4532 corporis
1425 4472 1479 4518 et
1505 4464 1785 4535 sanguinis
1813 4481 1863 4541 ι)
1891 4463 2041 4518 riano
2069 4464 2184 4530 ﬁeri
2210 4480 2311 4517 non
2329 4472 2405 4516 est
2428 4463 2668 4528 dubium,
2693 4457 2943 4533 longeque
2966 4463 3130 4533 magis
3154 4466 3466 4532 optaverim.

216 4554 422 4611 Christi
479 4555 761 4624 praesentia
810 4554 990 4624 (quod
1049 4555 1101 4609 in
1160 4557 1327 4609 altera
1377 4554 1783 4611 Dissertatiouis

215 4654 371 4715 parte
397 4647 817 4700 examinandum
868 4646 1362 4716 vindicandumque
1407 4646 1583 4716 erit);
1619 4646 1789 4701 David

214 4736 528 4793 Bloudellus
568 4737 803 4808 primum
848 4737 919 4791 ob
958 4747 1263 4807 suspectam
1315 4736 1569 4791 Turriani
1626 4738 1785 4793 ﬁdem

209 4827 382 4882 simul
406 4843 620 4897 quoque
646 4826 943 4899 Magnetem
974 4826 1220 4882 adversus
1253 4828 1371 4899 (vel
1407 4830 1609 4883 rectius
1629 4869 1645 4894 ,
1677 4828 1783 4899 ad)

212 4921 611 4985 Theosthenem,
630 4930 884 4991 tauquam
902 4922 1219 4992 scriptorem
1235 4921 1496 4977 hactenus
1514 4923 1782 4992 ignotum,

205 5015 357 5069 inter
383 5013 547 5069 libros
570 5021 926 5083 auctoresque
953 5014 1206 5081 ineditos,
1244 5015 1338 5085 qui
1362 5030 1461 5070 nec
1491 5015 1559 5071 ad
1589 5031 1785 5071 manus

203 5114 364 5169 sunt,
396 5120 497 5161 nec
542 5119 662 5161 esse
690 5114 951 5177 possunt,
982 5105 1240 5161 audacter
1274 5104 1473 5163 referre
1500 5108 1785 5179 haudqua-

199 5212 381 5269 quam
412 5206 495 5252 cst
542 5197 764 5254 veritus.
837 5196 915 5251 lta
954 5197 1099 5252 enim
1153 5197 1206 5252 iu
1237 5195 1687 5268 pseudo-Isidoro
1733 5210 1784 5254 et

184 5428 191 5449 ’
265 5444 364 5516 ’(4)
398 5441 488 5516 Uti
512 5458 635 5516 e_um
658 5454 857 5516 vocant
885 5441 1206 5516 Espencaaus
1235 5442 1307 5498 De
1332 5444 1658 5498 continentia
1685 5444 1778 5497 lib.

196 5529 239 5580 ι,
278 5512 406 5584 cap.
440 5513 501 5580 2,
533 5512 894 5569 Ribadeueira
924 5512 1257 5584 iuCutatogo
1279 5518 1595 5580 scriptorum
1614 5517 1782 5568 socie-

195 5583 535 5649 tatis’lesu,
567 5597 622 5639 et
663 5584 866 5638 Paulus
906 5583 1244 5639 Colomesius
1277 5586 1331 5637 in
1358 5584 1779 5655 Paralipomenis

191 5656 264 5709 de
291 5656 646 5723 scriptaribns
669 5655 797 5709 eccl.

273 5726 357 5795 (5)
386 5722 543 5792 Quod
568 5726 800 5797 elogium
831 5725 932 5794 ipsi
969 5724 1160 5779 tribuit
1188 5722 1375 5797 Steph.
1414 5725 1464 5779 le
1497 5726 1690 5797 llloyne
1722 5728 1775 5780 iu

187 5794 512 5867 Pt'olegom.
543 5796 609 5850 ad
656 5794 813 5849 Varia
844 5811 1016 5860 sacra,
1052 5806 1181 5850 tom.
1215 5796 1253 5861 l,
1287 5794 1380 5849 fol.
1420 5797 1503 5851 15.

1891 4564 1949 4606 ut
1989 4552 2248 4624 Magnetis
2290 4553 2451 4607 libros
2496 4553 2689 4623 aliquis
2740 4554 2871 4606 bono
2897 4552 3150 4608 Ecclesia!
3189 4554 3245 4607 in
3299 4561 3467 4609 lucem

1888 4648 2159 4716 proferat;
2213 4646 2319 4699 sive
2374 4644 2671 4716 Magnetem
2722 4643 2876 4697 illum
2926 4643 3465 4715 Hierosolymitanun.

1886 4738 2246 4806 presbyterum
2272 4777 2286 4802 ,
2326 4737 2431 4789 sive
2486 4735 2784 4789 Macarium
2846 4736 3143 4805 Magnetem
3197 4754 3465 4792 auctorem

1890 4828 2133 4882 habeant.
2171 4826 2280 4882 Nec
2315 4826 2496 4881 minus
2532 4826 2847 4897 Christoph.
2902 4825 3137 4883 Sandius
3180 4829 3234 4883 in
3281 4831 3462 4886 Tract.

1887 4922 1966 4977 De
2012 4921 2266 4977 veteribus
2315 4920 2660 4990 scriptoribus
2689 4920 3092 4988 ecclesiasticis,
3128 4938 3179 4988 p.
3232 4922 3316 4988 l9,
3344 4923 3464 4978 sine

1887 5015 2000 5070 ullo
2028 5013 2110 5069 vel
2140 5011 2401 5068 levissimi
2433 5002 2735 5081 argumenti
2764 5011 2969 5067 indicio
3013 5010 3316 5081 Magnetem
3347 5012 3462 5065 lue-

1888 5108 2116 5164 reticum
2162 5104 2511 5175 pronuntiat:
2557 5102 2872 5169 Turrianus,
2906 5104 3102 5175 inquit,
3138 5105 3193 5158 in
3224 5103 3455 5159 Coustit.

1888 5200 2053 5259 Clem.
2107 5201 2261 5257 Rom.
2303 5198 2500 5269 allegat
2545 5197 2803 5269 Magnetis
2837 5199 2932 5256 lib.
2968 5215 3030 5255 ιιι
3078 5199 3459 5270 Apologiarum

1960 5447 2037 5516 (6)
2069 5447 2283 5511 Horat,
2328 5446 2401 5499 De
2418 5454 2545 5499 .arte
2569 5455 2731 5513 poet.,
2765 5462 2818 5500 γ.
2857 5446 2981 5500 158.

1961 5551 2037 5620 (7)
2075 5549 2215 5605 Edit.
2254 5550 2508 5604 Daventr.
2541 5548 2697 5613 1654,
2740 5546 2836 5604 fol.

1958 5656 2034 5724 (8)
2070 5654 2206 5708 Tum
2242 5655 2296 5707 in
2333 5653 2541 5708 Delectu
2565 5664 2993 5724 argumentorum
3017 5664 3065 5706 et
3099 5655 3305 5724 syllaba
3321 5659 3444 5710 scri-

1880 5737 2091 5796 ptogntn
2125 5732 2189 5777 de
2221 5725 2437 5796 veritate
2459 5724 2723 5793 religionis
2746 5723 3084 5796 Cltristianw,
3112 5723 3176 5796 7p.
3221 5725 3310 5790 66,
3338 5737 3454 5782 tum

1888 5791 1942 5851 in
1968 5791 2290 5850 Bibliotheca
2325 5793 2529 5859 (intra,
2557 5791 2648 5850 lth.
2675 5809 2731 5859 ι’,
2755 5809 2872 5863 cap.
2905 5794 2957 5858 l,
2985 5811 3037 5863 p.
3068 5791 3194 5849 ἐπὶ.
