3930 7156
570 304 595 360 1
606 303 711 363 347

1841 303 2202 363 MAGARIUS
2233 302 2536 362 MAGNES.

3566 323 3667 384 1348

566 441 666 496 pro
698 424 987 498 Evangelia
1017 432 1205 480 contra
1227 418 1601 482 Theosthenem
1623 428 1899 497 gentilem;
1927 428 2018 499 qui
2043 432 2142 481 (ιιι.

2260 424 2412 496 τοφοῦ
2438 426 2504 499 δὴ
2537 426 2727 480 τούτου
2755 427 2850 481 καὶ
2867 426 3045 482 δεινοῦ
3064 432 3360 505 κατανοῆεαι
3397 437 3677 512 impasta;

568 530 687 573 ctor
731 536 1032 591 quanquam
1086 518 1352 574 Turriano
1382 529 1460 575 est
1500 522 1728 592 scriptor
1757 521 2145 577 ecclesiasticus

569 613 890 682 temporibus
914 612 1280 682 apostolorum
1300 614 1523 679 vicinus,
1552 616 1678 669 mihi
1713 623 1886 669 tamen
1924 625 2001 669 est
2034 631 2150 669 cer-

570 712 657 758 tus
682 702 990 758 haereticus.
1026 701 1180 757 Haud
1214 704 1385 758 dubie
1416 702 1690 759 infaustus
1719 704 1818 759 iste
1852 703 2036 758 Socini
2062 719 2148 758 se-

566 801 747 849 ctator
774 809 840 849 ex
868 809 934 849 ea
964 794 1178 850 ratione
1212 804 1422 851 certam
1464 796 1732 851 haereseos
1770 805 1954 850 notam
1981 795 2150 850 inurit

566 886 780 942 auctori
810 895 1002 942 nostro
1031 926 1046 952 ,
1088 886 1234 957 quod
1265 885 1467 941 Filium
1503 887 1600 942 Dei
1626 887 1966 958 unigenitum
1997 886 2147 941 Patri

568 995 675 1037 suo
701 979 1019 1052 ἱσοδύναμον
1044 989 1099 1036 et
1130 980 1302 1049 Λόγον
1340 978 1699 1035 ὑποστατικδν
1724 981 1943 1035 disertis
1967 979 2149 1057 verbis

568 1074 825 1130 asseruit.
863 1070 1036 1130 Wilh.
1081 1073 1213 1128 Ern.
1241 1069 1553 1130 Tentzelius
1604 1075 1658 1129 in
1696 1072 2150 1128 Exercitatianum

565 1168 878 1223 selectarum
900 1175 1052 1238 parte
1077 1169 1402 1238 posteriore,
1428 1184 1482 1238 p.
1506 1168 1614 1223 255
1648 1183 1790 1238 seq.,
1826 1167 2151 1223 auctoritate

565 1259 834 1315 Albertini
863 1259 1121 1330 abreptus
1157 1276 1216 1315 se
1252 1260 1416 1315 nimis
1446 1259 1605 1314 facile
1626 1258 1802 1330 decipi
1826 1274 2019 1329 passus
2043 1267 2148 1326 est,

566 1352 697 1408 dum
727 1350 1043 1419 arbitratur,
1073 1351 1320 1408 Natalem
1366 1351 1738 1407 Alexandrum
1787 1351 1843 1406 in
1883 1351 2151 1408 disserta-

568 1446 717 1501 tione
745 1445 1027 1501 Albertino
1051 1447 1300 1517 opposita
1338 1460 1405 1501 ne
1448 1446 1660 1501 hiscere
1694 1445 1915 1516 quidem
1952 1461 2150 1501 ausum

568 1553 689 1594 esse
708 1538 971 1594 adversus
1018 1554 1103 1605 ea,
1135 1554 1258 1610 quae
1309 1538 1561 1609 superius
1592 1554 1660 1593 ex
1702 1538 1983 1593 Albertino
2024 1554 2154 1609 pro-

566 1628 849 1684 duximus.
902 1625 1095 1698 Majori
1146 1629 1335 1699 utique
1393 1629 1658 1683 modestia
1704 1628 1983 1698 animique
2019 1644 2153 1684 can-

2247 517 2496 589 Τοΰνομα
2545 518 2655 590 γὰρ
2701 518 2859 590 μόνον
2906 519 3141 591 προθεὶς,
3178 522 3255 588 τίς
3285 524 3340 579 ἂν
3355 519 3479 593 οὗτος
3509 533 3679 607 tam“

2247 626 2379 662 ποτε
2421 612 2451 664 ὁ
2496 611 2810 683 Μακάριος,
2859 610 3047 683 ὥσπερ
3085 613 3173 666 καὶ
3207 616 3340 687 αὐτῷ
3374 618 3606 689 βασκαίνων
3627 630 3683 699 τῷ

2248 706 2557 774 συγγραφεῖ
2586 704 2686 774 τῆς
2714 703 2891 768 ἀξίας,
2917 703 2977 756 οὒ
3011 704 3388 774 συνεκδέδωκεν,
3414 706 3500 784 ἆρα
3518 720 3598 781 τοῖς
3617 721 3684 793 τῆς

2250 794 2555 867 ἱερωσύνης
2575 796 2878 867 ἐμπρέπων
2911 797 3183 868 αὐχήμασι
3203 798 3481 869 διεφαίνετο,
3502 809 3572 861 καί
3590 828 3687 879 τινος

2248 886 2458 949 πόλεως
2502 887 2629 949 τοὺς
2657 884 2851 950 οἴακας
2891 888 3248 959 ἐγκεχείριστο
3269 929 3285 953 ,
3325 891 3356 960 ἢ
3395 893 3512 965 ἄλλῳ
3551 898 3598 970 δή
3619 919 3690 957 τινι

2248 976 2438 1055 κλῄρῳ
2471 976 2752 1045 τυγχάνων
2780 975 3226 1047 ἀποτεταγμένος,
3244 979 3514 1050 Χριστιανὸς
3535 985 3690 1058 tilium;
3745 986 3747 989 ’

2249 1071 2346 1125 καὶ
2385 1070 2478 1124 τοῦ
2524 1070 2624 1141 τῆς
2669 1068 2952 1133 εὐσεϐείας
2998 1070 3338 1141 ἀντεχόμενος
3359 1072 3519 1143 λόγους
3548 1083 3690 1140 χλιχ

2248 1163 2327 1217 Ac
2360 1162 2653 1217 testimonii
2668 1160 2878 1231 quidem
2896 1162 3169 1230 inscriptio
3190 1162 3435 1220 necetur
3466 1165 3604 1223 Sancti
3620 1174 3694 1243 (ll)

2252 1253 2484 1308 Macarii
2522 1270 2588 1330 ea;
2612 1265 2803 1324 quarto
2839 1253 2976 1307 libro
2998 1254 3411 1323 Apocriticorum.
3437 1277 3455 1310 ι
3495 1257 3695 1318 Facilem

2249 1362 2317 1401 ea:
2342 1347 2460 1417 ipsa
2487 1346 2830 1415 inscriptione
2852 1345 3093 1415 fraudem
3119 1358 3167 1401 et
3193 1345 3432 1401 malitiam
3458 1353 3564 1417 rafri
3590 1355 3695 1423 hujus

2250 1455 2314 1493 ac
2353 1439 2551 1493 recocti
2595 1439 2785 1493 scriba:
2815 1439 3190 1509 deprehendere
3228 1439 3351 1511 (12).
3371 1439 3477 1495 Solo
3506 1445 3611 1498 enim
3637 1463 3699 1501 tto-

2251 1530 2391 1601 mine
2437 1532 2674 1600 prolato,
2720 1540 2971 1602 tanquam
3010 1539 3061 1585 et
3106 1532 3342 1601 scriptori
3375 1533 3460 1602 ipsi
3483 1535 3699 1604 dignitatem

2252 1623 2528 1691 invideret,
2556 1639 2662 1677 non
2690 1622 2983 1678 declaravit
3045 1624 3284 1694 quisnam
3304 1624 3447 1693 fuerit
3480 1625 3554 1679 iste
3578 1626 3701 1681 Matr-

571 1721 705 1775 dore
733 1719 898 1775 sentit
931 1719 1076 1775 Guil.
1110 1721 1254 1776 Cave
1286 1722 1338 1775 in
1365 1719 1612 1775 Historia
1638 1720 1905 1775 litterario
1928 1722 2152 1791 scripto-
2254 1719 2404 1782 rius;
2435 1733 2505 1770 an
2555 1717 2849 1771 sacerdotii
2892 1717 3182 1787 insignibus
3228 1717 3533 1787 conspicuus?
3565 1736 3615 1773 an
3636 1722 3701 1773 ali-

570 1829 691 1866 rum
716 1813 1030 1878 ecclesiast.,
1061 1814 1130 1869 ad
1161 1813 1227 1868 A.
1255 1813 1318 1869 (ἶ.
1352 1815 1491 1870 550:
1518 1813 1687 1882 Certe,
1731 1815 1927 1887 inquit,
1961 1817 2024 1871 de
2049 1818 2151 1871 Itu-
2182 1791 2226 1846 Β
2260 1809 2410 1878 cuiu!
2438 1810 2585 1863 urbis
2626 1808 2993 1880 gubernaculis
3036 1809 3317 1864 admotus?
3360 1826 3423 1863 an
3451 1811 3530 1863 alii
3563 1812 3701 1880 quidem

564 1902 861 1974 juscemodi
875 1906 1085 1976 scriptis
1101 1918 1318 1975 praestat
1340 1907 1577 1978 ἐπέχειν,
1596 1909 1758 1962 donec
1784 1910 1884 1979 ipsi
1912 1920 2151 1964 auctores

571 1995 629 2049 in
652 1995 919 2066 publicum
951 1998 1233 2068 prodeant,
1261 2010 1315 2053 ut
1333 1998 1602 2069 judicium
1624 2000 1689 2071 de
1720 2002 1788 2055 iis
1808 2002 1946 2071 ferre
1970 2000 2146 2056 liceat.

574 2086 838 2155 Quamvis
867 2067 1011 2146 idem
1044 2089 1100 2145 in
1130 2100 1287 2160 parte
1324 2067 1495 2147 altera
1544 2067 1710 2161 huius
1756 2067 1936 2163 operis
1967 2093 2036 2147 ad
2080 2093 2146 2148 A.

571 2178 637 2235 C.
685 2177 791 2235 265
811 2177 1115 2252 Magnetem
1146 2191 1394 2235 nostrum
1413 2198 1539 2237 cum
1570 2180 1815 2252 Magnete
1839 2182 2151 2254 presbytero

573 2267 1079 2341 liierosolymitano
1112 2269 1445 2338 confundat,
1477 2288 1638 2342 quem
1664 2289 1730 2327 ex
1766 2271 2020 2327 Germani
2056 2290 2151 2344 pa-

572 2358 827 2413 triarcha:
852 2358 959 2413 CP.
996 2359 1310 2430 Dogmatico
1347 2378 1452 2416 ms.
1493 2361 1560 2416 ad
1594 2362 1911 2417 Anthimum
1944 2365 2152 2436 colligit

574 2449 889 2506 interfuisse
935 2452 1170 2507 concilio
1224 2454 1567 2509 Antiocheno
1615 2454 1879 2510 adversus
1920 2454 2149 2512 Paulum

577 2539 993 2598 Samosatenutn
1016 2542 1081 2600 A.
1110 2543 1171 2598 C.
1204 2543 1311 2600 265
1346 2546 1557 2633 habito.

579 2653 723 2727 ειη.
756 2654 962 2711 Nomen
980 2656 1209 2711 Macarii
1230 2660 1531 2731 ananctori
1560 2670 1740 2714 nostra
1767 2664 1835 2715 sit
1854 2663 2150 2731 proprium,

1109 2745 1179 2781 an
1226 2728 1621 2798 appellativum.

650 2814 938 2888 Proprium
986 2818 1033 2874 si
1082 2820 1380 2889 quaerimus
1433 2836 1632 2876 nomen
1678 2821 1916 2877 auctoris
1957 2824 2150 2889 nostri,

576 2907 975 2979 dispiciendum
1008 2908 1099 2964 hic
1120 2911 1358 2980 primum
1389 2910 1514 2978 erit,
1535 2926 1606 2965 an
1628 2926 1734 2965 vox
1766 2910 2049 2982 Μακάριος
2082 2911 2154 2966 sit

576 3002 771 3060 titulus
802 3006 1060 3070 honoris,
1106 3005 1201 3075 qui
1251 3006 1526 3076 plerisque
1569 3015 1815 3061 veterum
1865 3018 2152 3062 auctorum

578 3097 947 3152 monumentis
971 3096 1175 3169 praetigi
1203 3098 1362 3163 solet,
1392 3113 1462 3152 an
1494 3113 1623 3153 vero
1649 3099 1923 3169 peculiare
1948 3098 2017 3153 sit
2049 3113 2151 3153 no-

578 3202 703 3242 men
735 3188 1025 3257 personm?
1056 3185 1122 3243 Et
1152 3189 1515 3259 reperiuntur
1556 3191 1776 3260 quidem
1828 3188 2153 3262 fragmenta,

578 3295 699 3349 quae
735 3279 951 3334 titulum
978 3279 1071 3333 τοῦ
1102 3279 1387 3354 Μακαρίου
1408 3283 1702 3355 Μαγνήτου
1725 3299 1835 3354 pra:
1862 3298 1921 3338 se
1954 3283 2154 3350 ferunt,

576 3381 639 3425 ut
668 3371 862 3425 exinde
886 3372 1270 3441 appellativum
1299 3389 1498 3429 nomen
1529 3373 1670 3428 beati
1724 3373 1986 3446 Magnetis
2019 3391 2156 3431 con-

578 3475 730 3520 stare
761 3464 1010 3520 videatur
1040 3466 1140 3538 (9).
1190 3464 1249 3520 In
1280 3466 1401 3523 aliis
1430 3467 1628 3538 legitur
1676 3467 1955 3538 inscriptio
1987 3468 2159 3538 aequi-

500 3602 505 3607 .
576 3572 715 3611 voca
747 3554 1035 3629 Μακαρίου
1074 3558 1389 3629 Μάγνητος,
1413 3575 1537 3631 qua:
1562 3574 1668 3613 non
1701 3559 1923 3629 propria
1955 3560 2146 3616 minus

578 3665 744 3719 quam
770 3649 1097 3720 appellativa
1130 3652 1529 3721 significatione
1558 3653 1784 3724 intelligi
1815 3662 1993 3723 potest
2015 3654 2152 3726 (10).

578 3739 781 3797 Verum
831 3757 898 3797 ex
925 3741 1349 3813 antiquissimis,
1378 3744 1579 3814 quibus
1630 3745 1714 3800 usi
1749 3761 1963 3811 sumus,
2001 3745 2157 3800 codi-

577 3832 734 3887 cibus
783 3847 916 3888 mss.
962 3834 1169 3889 rectius
1215 3836 1603 3903 comprobatur
1643 3836 1835 3891 titulus
1870 3835 1963 3891 τοῦ
2000 3836 2153 3905 ἁγίου

575 3923 897 3997 Μακαρίου,
935 3928 1029 3995 qui
1057 3935 1299 3980 sanctum
1323 3925 1639 3994 Macarium,
1670 3929 1888 3998 proprio
1934 3930 2158 3985 nomine

577 4016 847 4084 designat.
890 4015 968 4071 lta
1020 4033 1254 4087 namque
1305 4018 1535 4088 legimus
1566 4020 1619 4074 in
1652 4017 2156 4091 NicepltoriAntir-

576 4108 815 4171 rhcticis,
850 4109 944 4179 qui
990 4108 1269 4179 deperdita
1312 4111 1599 4180 scriptoris
1639 4114 1813 4167 nostri
1849 4112 2155 4184 fragmenta

576 4202 1045 4270 complectuntur:
1106 4202 1260 4273 Ἔχει
1309 4200 1487 4257 τοίνυν
1526 4205 1559 4273 ή
1602 4203 1702 4274 τῆς
1741 4206 1988 4277 χρήσεως
2034 4208 2155 4262 ἐπι-

575 4291 762 4363 γραφὴ
787 4284 888 4345 ὧδε
906 4307 920 4321 ·
953 4290 1066 4345 Τοῦ
1092 4288 1264 4362 ἁγίου
1288 4294 1594 4362 Μακαρίου
1634 4294 1703 4348 ἐκ
1734 4295 1845 4363 τῆς
1871 4295 2157 4366 τετάρτης

571 4379 797 4443 ,ϐίϐλου
834 4377 955 4433 τῶν
993 4379 1422 4448 Ἀποκριτικῶν.
1469 4380 1653 4449 Ἔστιν
1687 4382 1784 4455 μὲν
1809 4380 1902 4439 οὖν
1926 4386 2036 4440 κάκ
2059 4386 2154 4441 τοῦ

2258 1901 2465 1955 muneri
2494 1902 2848 1955 ecclesiastico
2884 1900 3164 1964 addictus,
3197 1899 3500 1955 Christianus
3535 1911 3703 1956 tamenet

2257 1991 2562 2047 orthodoxa
2582 1991 2706 2062 ﬁdei
2736 1992 3038 2046 doctrinam
3083 1992 3382 2061 professus?
3403 2004 3495 2047 etc.
3519 1992 3702 2047 Caeterum

2257 2082 2418 2156 longa
2464 2085 2644 2140 adhuc
2684 2083 2832 2140 facili
2891 2085 3112 2156 negotio
3146 2084 3235 2139 hic
3280 2084 3552 2155 percenseri
3587 2096 3708 2155 posset

2257 2179 2427 2234 series
2484 2187 2767 2235 auctorum
2847 2178 3334 2235 ecclesiasticarum
3364 2214 3382 2242 ,
3439 2177 3596 2248 quibus
3643 2177 3708 2231 hoc

2258 2287 2454 2327 nomen
2526 2274 2806 2343 proprium
2880 2272 3111 2327 Macarii
3164 2288 3286 2329 cum
3360 2279 3548 2328 auctore
3590 2279 3711 2324 nostro

2257 2380 2547 2420 commune
2573 2364 2707 2431 fuit;
2740 2365 2848 2420 nisi
2875 2380 2988 2420 rev.
3028 2363 3095 2421 U.
3135 2364 3203 2421 G.
3226 2362 3492 2429 Siberum,
3518 2363 3711 2435 professo-

2256 2473 2371 2514 rem
2401 2457 2734 2528 Lipsiensem
2757 2458 3272 2526 celebratissimum,
3289 2458 3572 2529 peculiarem
3595 2456 3714 2511 Histo-

2256 2551 2395 2607 riam
2424 2548 2593 2604 XLII
2632 2550 2998 2604 Macariorum
3022 2549 3235 2607 dudum
3261 2551 3600 2622 composuisse
3627 2551 3715 2621 (ιδ).

2260 2658 2474 2698 necnon
2525 2642 2589 2699 Β.
2637 2641 2688 2699 J.
2731 2644 2798 2698 A.
2829 2643 3142 2701 Fabricium
3179 2645 3236 2700 in
3271 2644 3562 2700 Bibliotheca
3595 2643 3714 2700 Greca

2257 2733 2365 2789 vol.
2392 2732 2508 2800 VII,
2554 2749 2609 2803 p.
2645 2733 2775 2797 495,
2813 2733 2913 2787 SS.
2943 2733 3056 2803 jam
3090 2743 3207 2789 tum
3237 2735 3374 2789 ultra
3396 2750 3425 2788 ι
3467 2732 3714 2788 Macariusin

2262 2826 2480 2896 scriptis
2509 2834 2756 2879 veterum
2782 2825 3105 2881 observasse
3135 2834 3420 2881 constaret.

2437 2915 2466 2987 §
2490 2913 2579 2968 IV.
2617 2913 2826 2969 Nomen
2853 2914 3142 2986 Magnetis,
3174 2916 3436 2986 proprium
3457 2912 3606 2985 gentis.

2329 3008 2485 3076 Quod
2510 3021 2637 3063 vero
2667 3007 2733 3062 ad
2761 3006 3021 3078 Magnetis
3050 3024 3251 3064 nomen
3284 3009 3500 3071 attinet,
3526 3006 3719 3061 istudtum

2262 3103 2481 3173 integra:
2499 3101 2713 3155 cuidam
2746 3100 2892 3168 genti
2921 3100 3086 3155 tribui
3117 3115 3315 3170 posse,
3344 3107 3449 3154 tum
3477 3099 3610 3153 etiam
3645 3112 3723 3166 pro-

2259 3192 2435 3263 prium
2474 3190 2571 3244 viri
2612 3173 2821 3245 nomen
2866 3204 3010 3254 esse,
3049 3191 3205 3245 varia
3244 3190 3564 3245 historiarum
3600 3202 3724 3241 monu-

2260 3291 2442 3338 menta
2471 3291 2761 3337 testantur.
2800 3279 2931 3336 Dure
2960 3281 3106 3336 enim
3147 3282 3390 3337 celebres
3417 3280 3547 3336 fuere
3578 3282 3619 3335 in
3646 3280 3725 3333 Asia

2261 3373 2466 3429 Ilinore
2513 3373 2779 3438 civitates,
2832 3368 3121 3443 Magnesia:
3171 3374 3363 3439 dieue;
3399 3388 3495 3427 una
3540 3368 3723 3425 Cariead

2259 3465 2482 3520 ﬂuvium
2512 3464 2868 3531 Maeandrum,
2890 3464 3057 3519 altera
3084 3463 3337 3536 Phrygiae
3373 3464 3436 3519 ad
3468 3471 3653 3517 montem
3671 3458 3724 3512 Si.

2258 3559 2465 3631 pylum.
2509 3555 2660 3611 Illam
2703 3556 2893 3612 Conon
2952 3559 3094 3627 apud
3122 3554 3380 3612 Photium
3431 3557 3726 3611 cod.curru.

2260 3658 2470 3705 narrat.
2503 3649 2593 3713 l9,
2623 3648 2752 3704 dicit
2785 3648 2864 3704 sic
2898 3648 3223 3719 appellatam
3268 3666 3299 3703 a
3342 3648 3648 3720 Magnetibus,
3672 3646 3727 3715 qui

2259 3742 2327 3796 ad
2350 3742 2585 3796 Peneum
2614 3740 2837 3795 fluvium
2865 3751 3219 3810 montemque
3253 3740 3456 3796 Pelium
3492 3740 3728 3796 habitarunt.

2258 3832 2535 3901 ductuque
2567 3839 2622 3886 et
2648 3830 2910 3901 auspiciis
2933 3829 3159 3885 Prothoi
3195 3841 3388 3887 contra
3420 3829 3641 3900 Troianos
3668 3828 3731 3881 mi-

2258 3922 2574 3997 litaverunt.
2621 3920 2773 3977 Hanc
2797 3937 2927 3977 vero
2954 3920 3294 3993 Magnesiam
3333 3922 3598 3978 Thessaliae
3623 3936 3645 3973 a
3666 3916 3733 3972 lla-

2260 4023 2417 4086 gnete
2440 4014 2571 4084 Argi
2602 4014 2714 4069 lilio
2764 4030 2964 4070 nomen
2992 4017 3245 4072 sortitam
3272 4028 3457 4072 auctor
3476 4024 3552 4072 est
3583 4010 3735 4068 Antoni-

2258 4104 2364 4161 nu's
2395 4105 2658 4161 Liberalis
2683 4105 2904 4162 Metam.
2944 4123 3065 4178 cap.
3104 4108 3176 4162 9.5
3211 4108 3327 4181 (14)
3360 4108 3592 4164 Claudius
3623 4103 3735 4158 Ptole-

2257 4218 2428 4257 maeus
2442 4203 2605 4258 etiam
2636 4203 2691 4256 in
2716 4202 3042 4273 Geographia
3073 4201 3166 4256 lib.
3196 4202 3399 4272 V415),
3425 4196 3691 4271 Magnesiam
3704 4194 3735 4246 in

2257 4292 2420 4349 Caria
2457 4293 2525 4348 ad
2577 4291 2913 4349 Menandrum
2944 4292 3147 4348 diserte
3177 4292 3459 4363 distinguit
3491 4308 3520 4346 a
3547 4287 3735 4359 Magnesia

2257 4385 2474 4439 civitate
2539 4384 2594 4438 in
2636 4383 2805 4457 Lydia
2836 4394 2889 4439 et
2922 4382 3146 4439 Maeonia
3188 4400 3356 4454 penes
3415 4382 3627 4455 Sipylum
3656 4376 3736 4447 (l5)-

577 4470 997 4542 ἐπιγράμματος
1020 4470 1184 4524 αὐτοῦ
1214 4471 1276 4524 τὸ
1310 4469 1513 4543 ὖφαλόν
1543 4490 1602 4527 τε
1635 4474 1730 4528 καὶ
1757 4474 2025 4545 βάσκανον
2057 4477 2152 4531 τοῦ

2260 4475 2340 4530 Ex
2380 4476 2500 4531 istis
2549 4475 2712 4546 igitur
2759 4475 3067 4531 civitatibus
3129 4474 3449 4549 Magnetes,
3500 4468 3736 4543 Thucydidi.

652 4627 728 4698 (9)
757 4626 834 4711 Ita
867 4631 1206 4711 enimp-caeci
1227 4631 1338 4701 jam
1358 4641 1471 4687 tum
1497 4634 1640 4711 hanc
1672 4651 1859 4711 vocent
1888 4638 2161 4711 μακάριος

577 4697 1538 4782 (1οπιοτιιιξδ,εοιςβειηιξυεμψειιυεε
1568 4707 1729 4782 sicuti
1770 4697 1955 4772 Σωτοῑς
1989 4712 2018 4763 ὁ
2043 4697 2161 4782 ’μα-ἶ

578 4767 791 4849 καριος,
837 4779 889 4850 et
918 4771 1328 4850 dpollinarisj
1373 4767 1786 4850 ξιακαριώτατος
1810 4767 2159 4850 ,__po'stqu'am

579 4839 764 4963 Figere
819 4839 1130 4964 desiifSCM,
1159 4847 1225 4898 ab
1251 4839 1487 4900 Eusebio
1516 4839 1779 4902 vocantur
1813 4839 1971 4904 'H'ist.
2004 4839 2157 4919 Eccl.,

604 4926 616 4963 I
662 4949 675 4963 .
701 4924 755 4964 v.
789 4925 909 4964 ean.
1018 4949 1032 4963 .

604 4924 675 4963 ID.
701 4924 755 4973 v,
789 4925 909 4973 cap.
944 4924 1032 4964 ιθ.

653 4925 763 5051 (ιδ’)
944 4925 1293 5058 1'lg'dlemontii
1349 4982 1588 5039 Histoire
1631 4987 1721 5041 des
1769 5004 2086 5058 empereurs,
2115 4999 2158 5046 t.

579 5048 669 5114 1V,
695 5067 754 5122 p.
912 5067 1020 5120 sq.,
1053 5052 1103 5104 in
1145 5054 1429 5122 subiuncta
1462 5067 1607 5110 nota.

653 5120 933 5243 (lli).llinc
961 5133 1205 5192 apparet,
1236 5120 1538 5178 Macarium
1560 5142 1757 5182 nomen
1788 5128 1962 5186 fuisse
1994 5131 2160 5202 hujus

654 5210 682 5243 υ
709 5207 842 5243 OI‘IS.

580 5207 842 5246 ουυιοτιδ.

653 5262 764 5333 (1⁸2)
788 5261 1140 5338 leonomachi
1170 5263 1338 5330 enim,
1365 5265 1457 5335 qui
1496 5265 1564 5319 ad
1610 5267 1776 5338 hujus
1810 5271 2052 5327 auctoris
2085 5280 2162 5328 te-

580 5333 898 5412 stimonium
913 5333 1396 5412 promi-avertunt,—
1410 5338 1662 5412 consulto
1684 5333 1889 5412 nomen
1936 5340 2160 5412 Magne-

582 5405 651 5483 tis
689 5404 775 5483 hic
817 5404 1072 5458 omisisse
1126 5405 1400 5483 videntur,
1454 5417 1513 5460 ut
1556 5409 1629 5463 ita
1655 5410 1823 5465 alium
1866 5404 2160 5483 quemdam

579 5473 873 5527 Macarium
897 5489 1015 5528 esse
1050 5475 1456 5543 persuaderent.

651 5544 849 5614 (latin
880 5546 1109 5613 epistola
1139 5547 1205 5599 ad
1240 5544 1305 5599 Ι).
1337 5546 1711 5604 Gleicheninm
1738 5551 1801 5610 A.
1829 5551 1966 5607 1710
1992 5553 2159 5610 edita.

581 5611 1097 5689 Vid_._l]ns_chuldige_
1126 5615 1484 5689 Nacltricltten
1514 5619 1672 5687 1710,
1707 5637 1760 5689 p.
1789 5624 1913 5679 516.

650 5684 763 5766 (tt)
801 5683 1046 5766 Notante'
1075 5685 1222 5766 Luca
1252 5686 1533 5766 Holstenio
1571 5691 1631 5766 in
1660 5683 1810 5766 notis
1834 5703 1889 5748 et
1929 5696 2165 5766 castiga-

579 5755 818 5810 tionibus
862 5755 914 5808 in
948 5756 1280 5827 Stephanum
1311 5758 1529 5831 Byzant.
1561 5760 1633 5815 De
1672 5762 1911 5833 urbibus,
1944 5782 1998 5835 p.
2035 5755 2159 5823 194.

2356 4625 2443 4693 15)
2484 4626 2546 4683 Ρ.
2582 4627 2703 4691 157.
2733 4629 2864 4684 edit.
2906 4631 2959 4683 in
2995 4627 3090 4685 fol.

2358 4698 2445 4771 lli)
2486 4698 2873 4767 Specialiorern
2915 4700 3342 4771 descriptionem
3380 4700 3470 4756 hic
3502 4695 3738 4771 subiunge“

2259 4766 2463 4841 licebit
2492 4766 2562 4841 ex
2588 4771 2874 4841 auctoris
2897 4766 3496 4841 rarissir'niupaucisque
3534 4768 3740 4823 admodum

2262 4838 2489 4906 cogniti,
2536 4837 2802 4913 AlplLonsj
2853 4836 3025 4913 Lasor
3076 4857 3109 4896 a
3158 4836 3336 4913 Varea
3390 4836 3742 4913 (quiuperina:

2260 4898 2505 4978 gramina
2534 4898 2620 4962 est
2653 4898 2901 4983 Aﬂapbael
2940 4910 3298 4983 Savonarola)
3330 4898 3475 4968 tonio
3503 4898 3742 4983 “illirium:

2262 4976 2523 5049 terrarum
2550 4981 2691 5033 orbis
2732 4976 3047 5049 scriptorum
3076 4976 3289 5036 calamo
3332 4981 3584 5045 delineati,
3612 4976 3745 5049 Patavii

2262 5048 2422 5120 1715,
2460 5050 2673 5103 duobus
2704 5048 3072 5106 voluminibus
3102 5054 3154 5106 in
3198 5052 3329 5106 folio
3356 5054 3513 5117 editi;
3545 5050 3672 5120 cujus

2264 5118 2668 5192 dendi_c0piarn
2694 5122 2846 5192 mihi
2878 5121 3007 5177 fecit
3037 5123 3266 5178 illustris
3299 5132 3461 5192 atque
3483 5118 3745 5192 consultissi-

2260 5204 2386 5243 mus
2431 5188 2852 5263 l_)n_._Grub¢rus
2892 5193 2947 5245 in
2991 5194 3317 5248 bibliotheca
3360 5188 3505 5263 regia
3546 5189 3750 5263 [lautiore-

2262 5274 2417 5333 rana.
2444 5259 2522 5314 lbi
2554 5260 2691 5333 hanc
2709 5261 2984 5329 sigillatim
3019 5272 3201 5318 notata
3240 5256 3573 5333 reperiuntur
3601 5277 3613 5312 :
3644 5256 3749 5333 rita-

2263 5330 2446 5403 gnesia
2499 5328 2826 5403 urbquariae
2858 5334 2921 5403 in
2938 5334 3063 5388 Asia
3101 5328 3480 5403 Minori-prope
3505 5328 3749 5385 Mreandruul

2260 5399 2513 5470 fluvium,
2539 5402 2685 5456 unde
2710 5403 2853 5457 dicta
2880 5402 3153 5470 Magnesia
3183 5406 3250 5459 ad
3282 5399 3613 5463 Maeandrum,
3647 5406 3749 5450 tunc:

2262 5467 2612 5556 'l‘liessalo'ce,
2636 5467 3223 5556 etAndroliti'auprOpe
3245 5474 3750 5556 Thoracemluioutslil:

2262 5539 2588 5615 episcopalis
2620 5544 2722 5597 sub
2748 5545 2988 5614 arclnep.
3024 5539 3316 5615 Eplrésino,
3353 5560 3496 5599 nunc
3521 5542 3751 5615 Mangresu

2262 5602 2466 5685 fulgo,-
2504 5623 2667 5685 caput
2711 5602 2970 5685 regionis,
3035 5602 3161 5670 :1.va
3214 5602 3382 5670 millia
3441 5602 3666 5685 passuuuy
3708 5602 3752 5657 ³⁵

2266 5678 2479 5749 Eplieso
2527 5678 2586 5737 in
2621 5678 2801 5740 ortum
2842 5678 2965 5754 (sed
3002 5694 3137 5741 teste
3185 5685 3358 5743 Plinio
3406 5678 3695 5739 llistar.lib.
3721 5688 3752 5728 τι

2264 5770 2383 5826 Cap.
2421 5758 2519 5824 29,
2561 5758 2826 5829 Magnesia
2874 5760 3131 5815 Mwandri
3169 5764 3464 5833 cognomine
3496 5759 3702 5832 insignis,
3728 5770 3748 5804 ι
