1986 3159
124 146 193 177 4349

716 155 857 185 ΝΟΤΙΤΙΛ
874 157 918 185 ΕΤ
941 158 1164 188 FRAGMENTA.

1680 171 1753 201 [350.

114 208 252 243 Straboni.
265 215 292 239 et
307 211 396 240 Plinio
414 213 542 242 dicuntur
559 215 632 243 cives
650 217 689 244 vel
707 218 799 253 populi
823 219 878 247 istit

114 254 164 267 1--.
198 256 227 267 ,Α
245 257 334 267 -..ηηη
356 258 365 267 .
627 263 631 267 .

936 243 939 252 ,
956 228 1066 253 πευσεν,
1089 221 1165 248 οὔπω
1181 221 1306 258 λέγομεν,
1322 223 1374 257 ἕως
1393 226 1426 253 ἂν
1445 227 1475 254 τὸ
1493 228 1652 264 Μάγνητος
1672 231 1748 267 ἀκρι-

114 254 175 286 loci,
195 256 229 283 de
241 257 339 292 quibus
354 258 481 288 Lucanus
500 261 546 288 lib.
568 270 593 288 γι
608 263 661 290 ait:

165 300 197 328 Et
212 302 345 338 Magnetes
361 306 445 340 equis,
460 306 558 342 Minyw
570 316 631 343 gens
643 311 746 345 cognita
761 312 850 339 remis.

149 347 275 376 Mulieres
294 354 384 378 autem
407 352 536 380 dicuntur
551 354 695 390 Magnesia:
716 357 757 384 vel
779 357 899 393 Magnes.

111 400 167 426 ste;
182 394 222 421 sic
239 396 310 422 enim
323 395 449 424 Horatius
461 398 508 426 lib.
527 407 556 426 ιιι
575 400 678 433 Camn,
696 402 741 429 od.
762 403 796 431 7:

147 439 315 474 Magnessam
331 442 501 478 llippolytem
514 445 577 471 dum
598 446 666 480 fugit
683 447 825 476 abstinens.

147 484 174 512 ln
188 485 247 514 Nic.
263 486 361 515 Franc.
380 488 486 525 llaymii
506 490 600 518 Tesoro
623 492 759 520 Britanico
780 494 897 523 Londini

109 532 178 560 i720
190 533 274 566 edito,
292 535 345 562 vol.
362 534 393 568 ll,
412 544 437 571 p.
458 537 522 570 255,
545 544 702 566 recensetur
723 540 896 576 elegantissi-

107 585 169 606 mus
182 586 310 607 nummus
323 581 374 608 sub
386 582 522 610 Gordiano
535 583 583 610 Pio
596 592 690 616 cusus.
702 594 763 613 cum
779 587 828 614 hac
839 588 897 622 epi-

106 625 230 659 graphe:
255 626 408 663 Μαγνήτων
425 628 524 664 ἑϐδόμη
543 631 593 665 τῆς
619 630 719 664 Ἄσίας,
743 632 896 667 Magnetum

105 671 217 704 septima
239 672 324 704 Asiw,
348 674 411 708 quia
432 675 536 702 scilicet
559 675 696 711 Magnesia
720 683 779 705 erat
795 686 849 705 una
862 687 895 706 ex

105 717 235 745 tredecim
258 719 402 755 praecipuis
421 721 576 749 civitatibus
596 722 678 754 Asiae,
704 724 730 750 in
756 732 809 757 qua
830 725 894 752 olim

103 761 191 789 Diana
204 762 341 791 Licolrinc
353 764 525 798 potissimum
542 767 614 793 culta
629 766 689 793 fuit.
709 766 829 794 Pertinet
843 767 896 794 huc

102 808 205 843 pariter
216 818 345 838 nummus
361 812 520 839 rarissimus
534 820 548 838 a
562 812 731 848 Magnetibus
747 813 775 839 in
792 821 894 841 memo-

102 856 172 883 riam
184 856 323 885 Ciceronis
348 866 443 890 cnsus,
457 867 518 886 cum
534 860 680 893 proconsul
693 864 765 891 esset
775 859 892 894 Ciliciae;

952 265 1079 302 δέστερον
1102 269 1166 303 ἡμῖν
1187 269 1377 307 καταληφθείη
1404 272 1608 309 ἐξεταζόμενον,
1632 265 1747 312 πότερον

951 313 1046 348 κύριον
1059 314 1075 349 ἢ
1089 314 1194 341 ὲθνικὸν
1207 316 1291 351 ὄνομα
1303 318 1431 353 τυγχάνει
1443 320 1473 347 ὅν
1483 329 1489 335 ·
1502 320 1671 359 λέγεται-γὰρ
1684 325 1745 351 καθ’

950 358 1081 393 ἐκατέρου
1102 360 1132 386 τὸ
1153 361 1277 396 Μάγνης
1298 362 1393 398 δνομα.
1411 365 1505 401 Ἶσμεν
1527 367 1580 404 γὰρ
1595 358 1679 405 δήπόυ
1698 371 1747 398 καί

949 412 1011 431 τινα
1024 405 1077 432 τῶν
1093 406 1214 442 ἀρχαίων
1236 409 1354 444 ποιητῶν
1372 409 1742 451 οὓτωπροσαγορευόμενον·

950 450 999 486 ἠδη
1022 451 1051 477 δὲ
1068 452 1114 478 καὶ
1130 452 1222 488 ἕτερον
1239 455 1361 490 οἰκιστὴν
1377 456 1458 483 τόπου
1478 458 1549 490 τινὸς
1572 450 1654 487 πάλαέ
1673 463 1744 489 ἱστο-

951 496 1080 532 ρούμενον
1093 498 1224 534 ἔγνωμεν,
1237 501 1283 534 ἀφ’
1292 497 1322 527 οὗ
1333 502 1349 536 ἡ
1364 503 1423 528 κατ’
1435 503 1515 530 αὑτὸν
1530 508 1662 541 περιοικὶς
1674 509 1744 537 κατὰ

947 543 998 578 τὴν
1018 544 1183 581 Θετταλικὴν
1198 546 1290 583 χώραν
1312 549 1426 586 κειμένη
1442 551 1588 587 Maxima-lat
1612 556 1742 590 παρωνύ-

953 597 1012 624 μως
1026 589 1195 626 ὠνόμασται·
1215 593 1261 619 καὶ
1278 595 1423 631 Μάγνητες
1443 597 1497 624 τῶν
1513 599 1575 633 τῇδε
1591 589 1742 636 ᾠκημένων

949 634 1081 669 ἰθαγενῶν
1094 637 1124 663 τὸ
1140 637 1215 670 ἔθνος
1225 639 1343 673 λέγεται·
1355 638 1392 668 ὧν
1407 641 1472 674 lam;-
1485 644 1588 671 ἐκεῖθεν
1692 648 1742 683 μὲν

947 681 994 707 καὶ
1009 682 1141 718 ἀλλαχόσε
1157 693 1212 716 ποι,
1226 686 1256 712 οὐ
1274 686 1325 722 μὴν
1342 687 1371 713 δέ
1384 696 1416 722 γε
1433 689 1480 716 καὶ
1495 691 1563 726 πρὸς
1581 692 1629 727 τὴν
1651 681 1741 721 Ἀςιιάμ

947 727 1006 754 τιδει
1025 731 1224 765 μιτῳκηκότων
1237 732 1300 767 γῆν,
1310 733 1363 760 τῶν
1378 735 1471 762 αὐτόθι
1487 737 1689 774 καθιδρυμένων
1698 750 1741 769 τι·

945 773 989 804 νὲς
1001 774 1104 802 πόλεων
1119 777 1275 812 Μαγνησίαι
1293 778 1340 805 ἀπ’
1358 780 1447 807 αὐτῶν
1459 773 1662 819 ἐπικέκληνται.
1679 785 1735 813 Cu-

940 818 1050 861 iusnam
1064 827 1153 848 autem
1168 823 1240 850 urbis
1253 826 1373 859 pontifex
1387 826 1479 861 fuerit,
1496 834 1521 855 et
1533 838 1597 862 quos
1610 832 1677 859 cives
1693 841 1738 859 re-

944 865 1023 898 xerit,
1041 867 1069 893 id
1088 868 1193 902 quidem
1216 870 1331 897 nondum
1355 871 1505 907 deﬁnimus.
1518 876 1606 911 quoad
1623 877 1655 904 de
1677 887 1739 906 voco

100 910 183 937 quem
199 910 395 932 commemorat
417 905 506 933 Lucas
525 905 681 934 Holstenius
697 907 715 934 Ι.
739 915 764 935 c.
781 915 807 942 p.
830 908 892 935 195.
910 903 931 930 Β
945 909 1087 939 Μλαινετιδ
1100 914 1197 940 certius
1211 914 1286 941 nobis
1308 922 1418 949 constet,
1442 919 1508 946 sime
1524 903 1665 954 proprium
1685 923 1736 950 viri

100 949 173 982 Quin
192 955 218 977 et
234 951 328 978 Cicero
344 951 376 978 ad
392 951 424 985 Q.
442 951 553 979 fratrem
570 952 679 980 scribit:
702 953 739 980 De
753 958 777 980 te
795 962 811 979 a
829 954 890 982 Ma-

99 996 221 1031 gnetibus
236 997 267 1023 ab
288 997 380 1032 Sipylo
399 999 496 1024 mentio
511 1003 549 1025 est
565 998 713 1033 honoriﬁca
728 1000 810 1034 facta,
829 1010 889 1029 cum

101 1048 126 1068 te
150 1050 230 1069 unum
252 1044 367 1070 dicerent
382 1045 557 1078 postulationi
574 1044 606 1072 L.
631 1045 725 1073 Pansa:
749 1048 886 1075 restitisse.

101 1089 233 1124 Deinceps
250 1094 339 1117 autem
362 1090 516 1126 Magnesios
534 1092 576 1119 vel
597 1091 784 1127 Magnesianos
799 1094 887 1123 dictos

99 1141 161 1161 csse
178 1135 281 1162 incolas
292 1143 374 1170 supra
394 1136 527 1163 dictarum
549 1137 699 1169 civitatum.
713 1140 885 1174 perspicuum

98 1185 189 1207 estex
204 1181 324 1216 epistolis
344 1182 372 1209 S.
388 1181 483 1217 lgnatii
505 1187 560 1210 tum
586 1185 712 1218 genuinis
732 1190 789 1213 tum
804 1187 887 1215 inter-

97 1226 207 1261 polatis,
221 1235 288 1261 quas
302 1227 334 1254 ad
349 1229 458 1255 eosdem
471 1229 586 1264 scriptas
601 1231 726 1265 legimus.

217 1271 232 1307 ς
249 1272 279 1299 ν.
298 1272 429 1307 Magnetis
449 1276 542 1301 nomen
557 1276 692 1310 proprium
707 1277 766 1303 viri.

132 1316 277 1345 Enimvero
299 1319 439 1354 proprium
460 1320 541 1347 etiam
561 1321 723 1355 quibusdam
745 1322 810 1349 viris
832 1322 884 1350 hoc

96 1370 196 1390 nomen
214 1362 309 1396 fuisse,
324 1372 377 1397 quo
392 1372 451 1392 sese
466 1365 500 1391 ab
512 1365 572 1392 aliis
586 1366 742 1399 distinxere,
757 1369 882 1403 exempla

94 1409 227 1445 Magnetis
238 1410 301 1445 Argi
331 1411 388 1443 iilii,
403 1411 552 1439 conditoris
564 1411 708 1447 Magnesia:
723 1413 880 1448 Thessalia,

94 1456 226 1491 Magnetis
239 1457 336 1485 comici
350 1456 523 1486 Atheniensis
537 1466 569 1485 ex
587 1460 653 1486 urbe
666 1459 761 1493 Icario,
777 1460 883 1496 Magne-

95 1503 131 1530 tis
151 1508 234 1538 poeta:
252 1502 396 1538 Smyrnaei,
411 1503 544 1538 Magnetis
561 1503 798 1541 Hicrosolymitani
820 1516 882 1542 pre~

93 1548 206 1583 sbyteri,
221 1548 402 1583 aliorumque,
417 1549 623 1577 demonstrant:
638 1558 754 1585 quorum
768 1554 883 1580 nonnul-

943 964 1046 991 nomen,
1062 965 1095 983 an
1107 959 1191 992 gentis
1202 967 1212 985 :
1231 959 1262 986 de
1283 965 1393 996 utroque
1408 964 1477 990 enim
1497 965 1596 992 dicitur
1608 975 1657 994 vos:
1677 967 1737 995 Μιο

940 1009 1017 1029 cnes.
1042 1002 1147 1031 Scimus
1165 1006 1259 1041 quippe
1280 1011 1304 1034 et
1320 1013 1434 1035 ueterum
1449 1015 1586 1043 poetarum
1601 1021 1680 1039 unum
1695 1014 1734 1041 sic

942 1055 1121 1083 nuncupatum
1149 1052 1231 1086 fuisse
1246 1060 1257 1080 :
1277 1054 1339 1080 item
1363 1054 1444 1082 alium
1469 1057 1589 1085 novimus
1615 1060 1734 1095 antiquis

941 1095 1110 1129 celebratum,
1135 1098 1187 1125 loci
1210 1100 1349 1134 cujusdam
1372 1103 1545 1138 conditorem,
1565 1114 1581 1131 ιι
1603 1114 1653 1140 quo
1677 1107 1732 1134 cir—

940 1140 1088 1175 cumjacens
1115 1142 1268 1172 Thessalica
1294 1148 1364 1181 regio
1393 1148 1530 1183 Magnesia
1559 1151 1732 1180 denominata

939 1191 995 1217 est;
1011 1187 1141 1221 indigenti:
1163 1196 1251 1217 autem
1277 1190 1414 1227 Magnetes
1434 1195 1509 1227 dicti,
1526 1196 1571 1230 qui
1588 1198 1657 1231 quod
1674 1199 1733 1233 for—

939 1234 1008 1258 tasse
1021 1232 1081 1259 inde
1095 1241 1153 1260 cum
1168 1235 1195 1261 in
1211 1235 1280 1263 alias
1296 1245 1358 1266 oras
1373 1239 1429 1274 (l9)
1452 1246 1506 1267 tum
1528 1241 1557 1267 in
1582 1232 1729 1271 Asiaticum

939 1281 1035 1303 terram
1053 1281 1296 1315 transmigrassent,
1315 1292 1344 1310 eo
1366 1284 1467 1319 factum
1483 1291 1531 1318 est,
1556 1293 1583 1315 ut
1608 1291 1729 1324 quaedam

937 1322 992 1349 illic
1009 1324 1126 1358 fundata:
1142 1327 1216 1354 urbes
1232 1328 1375 1364 Magnesia:
1395 1333 1427 1357 ab
1454 1332 1487 1359 iis
1511 1322 1651 1368 appellatw
1663 1337 1727 1364 sint.

939 1380 952 1416 §
967 1380 1011 1408 Vl.
1028 1381 1151 1418 Episcopi
1167 1384 1319 1419 Magnetiar.
1339 1387 1494 1416 Ostenditur
1507 1390 1655 1418 Macarium
1670 1393 1727 1420 Ma-

971 1422 1076 1459 gnetum
1093 1421 1251 1453 episcopum,
1265 1430 1281 1448 a
1294 1422 1390 1450 Photio
1404 1431 1587 1459 memoratum,
1603 1436 1619 1454 α
1635 1433 1726 1456 nostro

971 1453 1102 1479 diversum
1118 1462 1184 1482 esse.

969 1506 1159 1543 Magnesianos
1172 1510 1228 1545 jam
1244 1511 1307 1540 inde
1327 1514 1360 1540 ab
1377 1513 1574 1551 illo'tempore,
1596 1526 1651 1553 quo
1664 1520 1724 1555 epi-

935 1554 1031 1581 stolam
1045 1556 1078 1582 ad
1094 1564 1141 1583 eos
1152 1558 1262 1592 scripsit
1274 1558 1304 1585 S.
1317 1560 1438 1594 lgnatius
1453 1570 1518 1590 suos
1532 1563 1658 1593 habuisse
1669 1554 1725 1601 epi-

92 1595 135 1622 los
155 1599 352 1622 commemorat
374 1594 473 1623 Suidas
492 1596 519 1623 in
544 1595 641 1623 Lexico
662 1605 686 1623 s.
713 1602 732 1625 t.
756 1599 880 1634 Μάγνης,
896 1589 918 1618 C
934 1608 1042 1635 scopos.
1060 1602 1104 1629 vix
1126 1603 1244 1631 dubitari
1268 1610 1366 1639 potest.
1391 1615 1451 1634 cum
1476 1608 1533 1640 ipse.
1554 1609 1674 1643 lgnatius
1686 1589 1723 1640 rin

91 1641 261 1677 plures‘vero
273 1646 396 1669 recenset
409 1641 551 1669 Fabricius
563 1643 664 1677 passim
679 1643 706 1670 in
719 1644 882 1673 Bibliotheca

92 1687 195 1716 Graeca.
212 1688 318 1721 Quibus
341 1688 430 1716 adhuc
451 1688 514 1715 addi
535 1694 665 1721 meretur,
683 1691 754 1724 quod
775 1692 802 1718 in
827 1700 878 1720 ms.

90 1734 189 1761 Lexico
213 1734 304 1761 Graeco
327 1734 431 1761 codicis
450 1734 609 1762 Coisliniani
627 1743 745 1768 ccxxv”.
769 1744 802 1764 ex
825 1745 880 1772 quo

91 1781 207 1816 plurima
234 1781 306 1815 apud
332 1781 445 1808 Suidam
476 1781 536 1809 loca
565 1782 682 1814 restitui,
711 1791 764 1810 non
792 1792 878 1818 pauca

89 1828 183 1855 etiam
198 1827 317 1862 suppleri
344 1835 425 1862 posse
454 1828 593 1855 existimat
622 1829 676 1856 cel.
707 1829 878 1858 Montfauco-

87 1871 244 1908 niuS.(l7),
268 1871 316 1899 fol.
337 1872 389 1899 247
412 1873 586 1900 observatum
612 1874 728 1909 legitur:
751 1876 876 1912 Μάγνης,

85 1920 175 1955 δνομα
191 1918 293 1955 κύριον,
309 1919 426 1955 Magnes,
441 1928 532 1947 nomen
546 1921 681 1955 proprium
695 1921 762 1957 (18).
780 1922 818 1949 Ex
834 1923 877 1951 bis

85 1968 180 2002 igitur,
198 1975 258 2002 qua:
276 1967 347 1994 dicta
371 1972 444 1997 sunt,
465 1967 552 1994 lucem
573 1967 711 2002 accipiunt
730 1969 810 1996 verba
829 1968 876 1996 Ni-

83 2003 198 2052 cephori
213 2017 373 2052 patriarchae
386 2016 438 2044 (ΕΡ,
457 2016 636 2052 indignantis,
653 2025 751 2044 nomen
767 2017 876 2054 Magne-

84 2064 120 2090 tis
140 2062 264 2091 consulto
290 2063 422 2090 omissum
442 2062 528 2090 fuisse
549 2063 583 2089 ab
597 2063 796 2096 leonomachis,
811 2072 873 2092 cum

83 2109 273 2137 testimonium
292 2109 378 2144 ipsius
392 2113 486 2137 contra
500 2117 593 2137 sacras
610 2110 743 2145 imagines
757 2112 874 2140 adduce—

82 2161 155 2188 rent.
171 2161 201 2184 ut
223 2156 326 2183 scilicet
342 2157 415 2184 hunc
435 2156 519 2183 alium
532 2164 596 2187 ,essc
608 2162 746 2185 auctorem
761 2166 874 2193 persua-

80 2204 192 2237 derent;
207 2204 278 2232 unde
290 2204 316 2230 in
330 2203 430 2237 judicio
445 2204 597 2232 antistitum
612 2205 825 2233 orthodoxorum
839 2207 872 2234 de

77 2250 173 2277 verbis
197 2249 308 2278 Macarii
330 2249 473 2285 Magnetis,
495 2258 556 2285 qua:
577 2250 748 2279 lconomachi
774 2257 869 2279 contra
886 2261 907 2288 ι)

78 2296 217 2331 imagines
231 2304 324 2323 sacras
341 2296 423 2330 impie
438 2302 645 2331 usurpaverant,
664 2306 757 2324 verum
773 2304 868 2325 aucto-

75 2343 120 2371 ris
136 2350 236 2370 nomen
257 2343 385 2370 restituit.
406 2342 492 2375 Quam
515 2342 543 2370 in
565 2351 622 2370 rem
642 2344 701 2378 ipsa
723 2344 867 2380 Nicephori

74 2389 163 2417 verba
183 2397 215 2416 cx
236 2389 328 2416 codice
348 2397 400 2416 ms.
418 2389 528 2422 inedito,
545 2397 599 2425 quo
615 2391 657 2417 usi
681 2398 787 2423 sumus,
801 2391 827 2417 h.
846 2392 865 2419 l.

72 2441 234 2469 apponam:
250 2431 303 2465 Ἦς
326 2433 354 2460 δὲ
377 2433 481 2466 πόλεως
506 2435 603 2471 ἱερεὺς,
626 2435 672 2462 καὶ
693 2432 730 2462 ὧν
753 2436 865 2472 ἐπετρό-

72 2540 232 2578 Thessalica
248 2540 386 2578 Mggnesia
400 2547 468 2574 orta,
481 2543 553 2569 abest
567 2543 598 2569 ab
614 2543 715 2578 Epheso
728 2552 762 2571 ιν
780 2546 864 2573 millia

68 2576 267 2616 passuum),_a.
279 2576 368 2603 Tralle
382 2585 449 2616 xwtl
462 2578 495 2616 in
516 2579 622 2616 inerid"
637 2576 698 2616 'Lxxi
710 2588 724 2607 a
749 2580 863 2616 Smyrna

68 2612 99 2639 in
122 2616 216 2638 ortum
233 2611 385 2639 hibernum.
403 2622 412 2638 ι
429 2613 509 2640 Addit
521 2614 636 2641 ibidem:
657 2624 667 2641 ι
689 2615 782 2643 Possis
798 2611 864 2643 ’Μει-

68 2647 189 2684 gnesius
210 2654 254 2684 res
273 2646 483 2684 Magnesiorumr
498 2650 651 2684 composuit
675 2650 776 2678 Graece.
806 2651 865 2678 Ma-

66 2682 172 2721 gpesia
192 2681 371 2721 urbs_Lydize
391 2683 419 2710 in
439 2683 503 2721 Asia
522 2681 631 2715 Minori.
650 2694 721 2714 nunc
735 2686 863 2721 Magnesa

67 2718 203 2756 Menisso,
228 2719 388 2756 episcopalis
409 2720 459 2747 sub
480 2721 599 2755 archiep.
624 2721 745 2756 Smyrn.,
765 2718 860 2751 vcrsus

67 2752 184 2793 §ardes,
202 2757 229 2780 et
246 2752 282 2781 ad
297 2752 416 2793 Sipylum
439 2752 616 2793 monterii,;in
635 2752 718 2793 limite
739 2752 859 2793 Phrygia:

65 2787 192 2825 Maioris,
211 2793 252 2825 est
265 2787 486 2825 caput'rcgionis,
504 2791 553 2817 sub
568 2791 662 2818 Turcis
676 2801 736 2819 cum
755 2787 825 2820 arce:
843 2802 854 2819 ›

64 2822 306 2861 Vide_BaudIa_ndi
323 2822 416 2861 ζιραεὶὸζ
429 2825 517 2861 (ἷςοῃη
532 2826 582 2852 sub
597 2834 662 2853 voce
676 2827 820 2861 Magnesia.

106 2858 164 2892 (Π)
181 2858 210 2885 ln
223 2858 380 2886 Bibliotheca
396 2858 567 2892 Coisliniana,
585 2869 609 2896 p.
625 2862 676 2889 ’250
687 2868 713 2890 et
722 2858 788 2891 “256.

932 1646 1045 1680 epistola
1064 1648 1180 1682 genuina
1195 1649 1227 1676 ad
1244 1649 1398 1685 Magnesios
1411 1653 1512 1687 scripta
1528 1653 1640 1682 Damam
1653 1656 1724 1691 ipso-

931 1699 992 1718 rum
1013 1692 1172 1727 episcopum
1191 1695 1318 1727 celebret.
1339 1701 1365 1723 et
1381 1704 1396 1723 a
1411 1699 1575 1733 presbyteris
1597 1701 1680 1729 Basso
1695 1706 1723 1729 et

930 1736 1073 1772 Apollonio
1087 1739 1247 1774 distinguat.
1263 1740 1340 1774 Quod
1362 1742 1451 1776 ipsum
1468 1749 1496 1770 et
1522 1744 1720 1778 EusebiusJii-

929 1789 994 1811 stor.
1010 1784 1100 1812 eccles.
1116 1785 1162 1813 lib.
1178 1793 1218 1819 In,
1233 1794 1293 1822 cap.
1308 1787 1352 1819 56,
1369 1789 1520 1823 conﬁrmat,
1534 1791 1627 1819 deliac
1642 1793 1720 1828 lgna-

930 1828 959 1855 tii
979 1830 1094 1863 cpistola
1115 1830 1152 1857 ita
1173 1831 1313 1859 scribens:
1337 1833 1448 1869 Ἑτέραν
1471 1834 1500 1861 δὲ
1523 1835 1593 1870 (scil.
1610 1837 1719 1864 ἐπιστο-

927 1874 987 1910 λὴν)
1005 1877 1037 1911 τῇ
1055 1876 1083 1902 ὲν
1102 1877 1247 1913 Μαγνησίᾳ
1263 1879 1296 1914 τῇ
1320 1879 1387 1914 πρὸς
1403 1880 1563 1916 Μαιάνδρῳ,
1582 1882 1645 1908 ἔνθα
1664 1884 1717 1910 πά-

927 1919 968 1948 λιν
995 1922 1142 1949 ἐπισκόπου
1169 1923 1249 1959 Δάμα
1280 1925 1390 1960 μνήμην
1417 1927 1574 1963 πεποίηται.
1598 1928 1718 1956 Alterum

926 1975 1026 2002 quoque
1039 1968 1110 1994 dedit
1122 1970 1259 2003 epistolam
1274 1970 1308 1997 ad
1325 1970 1472 1999 Ecclesium
1489 1972 1635 2008 Magnesia;
1652 1975 1717 2002 ciri-

927 2014 999 2046 tatis,
1018 2022 1076 2049 qua:
1089 2015 1122 2041 ad
1138 2014 1305 2043 Mwaudrum
1318 2018 1371 2044 situ
1386 2024 1435 2049 est,
1451 2019 1477 2045 in
1496 2027 1546 2054 qua
1564 2021 1645 2047 etiam
1659 2021 1715 2048 Da-

925 2066 996 2086 mam
1010 2061 1159 2095 episcopum
1177 2062 1307 2089 nominat.
1323 2062 1495 2098 Quapropter
1514 2070 1540 2092 et
1554 2065 1580 2092 in
1595 2067 1715 2102 antiquis

927 2104 1035 2133 Notitiis
1053 2106 1155 2134 Graecis
1178 2112 1293 2142 utraque
1313 2108 1451 2144 Magnesia
1473 2114 1528 2137 tum
1554 2112 1587 2138 ad
1611 2112 1712 2140 Maean-

923 2151 1015 2185 drum,
1032 2156 1089 2179 tum
1103 2153 1135 2180 ad
1153 2152 1286 2188 Sipylum,
1308 2154 1334 2180 in
1352 2154 1491 2188 provincia
1508 2156 1579 2184 Asiae
1596 2165 1712 2192 procon-

923 2198 1007 2225 sulari
1023 2199 1093 2226 inter
1106 2199 1185 2227 sedes
1196 2199 1365 2234 episcopales
1379 2201 1496 2228 refertur
1508 2202 1564 2237 (20)
1579 2211 1584 2229 :
1604 2205 1711 2238 specia-

923 2243 1025 2278 timque
1038 2243 1157 2271 Eusemii
1174 2245 1294 2280 episcopi
1311 2253 1326 2272 a
1341 2245 1477 2281 Magnesia
1490 2247 1628 2283 (corrupte
1648 2251 1711 2285 legi-

922 2292 965 2314 tur
987 2288 1147 2325 Magnemia)
1168 2289 1196 2316 in
1220 2290 1337 2318 concilio
1357 2291 1512 2320 Sardicensi
1528 2293 1560 2320 A.
1583 2294 1614 2324 C.
1638 2296 1707 2331 547;

919 2333 1029 2361 Macarii
1044 2335 1199 2370 Magnetum
1215 2337 1334 2373 episcopi
1357 2338 1383 2365 in
1400 2339 1505 2373 synodo
1521 2341 1553 2367 ad
1571 2342 1707 2374 Qucrcnm

919 2384 1012 2407 contra
1027 2380 1161 2409 Joannem
1175 2383 1400 2418 Chrysostomum
1418 2387 1450 2411 Α.
1467 2386 1497 2412 C.
1522 2386 1575 2415 403
1596 2389 1707 2423 habita;

918 2426 1023 2462 Daphni
1053 2427 1199 2464 Magnesiae
1223 2429 1352 2458 Maeandri
1380 2431 1501 2467 episcopi
1531 2433 1558 2462 in
1590 2436 1706 2464 concilio

952 2548 1007 2596 (Ἆὸ.)
1029 2549 1074 2596 Sic
1086 2550 1369 2596 ethliorphyriuilib.
1389 2562 1408 2582 ιι
1424 2556 1494 2596 Περὶ
1515 2549 1648 2596 ρὲῑρχης,
1673 2567 1701 2593 p.

915 2592 953 2626 Et.
970 2585 1016 2618 24,
1040 2591 1173 2626 memorat
1190 2585 1274 2624 ἄνδρα
1293 2590 1426 2626 Μάγνητα
1449 2585 1482 2618 εἷς
1496 2591 1546 2626 τῆς
1569 2585 1701 2625 ‘Xcitagfi

915 2619 1090 2655 Theopompo
1103 2619 1252 2650 laudatum:

950 2655 1005 2694 (19)
1025 2655 1182 2694 Inﬁretarn
1195 2658 1308 2692 scilicet,
1327 2660 1403 2694 juxta
1419 2661 1539 2689 Cononis
1563 2665 1696 2691 narratio-

917 2690 1139 2729 netn_in_PliotiL
1150 2690 1398 2725 Bibliotheca,"(:m|.
1418 2706 1543 2729 unum,
1560 2699 1637 2726 artic.
1653 2700 1698 2726 29.

949 2726 1006 2767 (2οι
1023 2726 1102 2754 Conf.
1118 2726 1249 2768 llarduiui
1263 2729 1346 2768 ludar
1366 2726 1549 2768 gregi-(Iphitus
1561 2741 1694 2768 episcopu-

913 2764 988 2801 tuum
1000 2761 1026 2801 in
1040 2766 1114 2801 torno
1140 2762 1172 2789 ΧΙ
1187 2761 1376 2793 ιὀηεὶιίονιιηίξ
1392 2761 1422 2801 pf
1432 2761 1492 2797 775$,
1509 2773 1536 2793 et
1553 2761 1582 2794 ,Ιί
1595 2771 1625 2796 Α.
1645 2761 1697 2795 Fa~

912 2796 992 2835 bricii
1012 2796 1299 2835 lndexrgeographicus
1313 2796 1509 2835 cpistpatuunt
1531 2803 1602 2830 orbis
1618 2804 1698 2832 Chri-

911 2831 1002 2871 stiani.
1022 2840 1053 2871 pq.
1075 2831 1145 2871 106,
1160 2831 1330 2871 'surbjunctus'
1350 2831 1470 2871 ejusdem
1497 2838 1616 2866 Sulutcri
1641 2839 1697 2870 luci

911 2865 1058 2901 Evangelii,
1075 2867 1171 2897 llamb.
1193 2865 1273 2903 1751,
1290 2872 1316 2898 4.
