3930 7156
632 314 767 373 lae!

1904 317 2263 376 MACARJUS
2318 312 2621 376 MAGNES.

3617 343 3711 402 {35!

629 431 908 503 Ephesius
954 433 1023 488 A.
1078 428 1141 488 C.
1191 421 1333 500 43!;
1369 432 1588 490 Eusebii
1635 433 1874 507 episcOpi
1921 436 2213 508 Magnesia:
2241 444 2283 498 Α
2315 436 2486 494 fuisse
2522 439 2773 509 legimus,
2810 445 3089 508 propterea
3121 441 3251 509 quod
3288 439 3555 502 Heraclidem
3590 451 3713 511 disco.

633 515 1089 596 civitatis'Sipyli
1136 525 1190 579 in
1238 526 1469 581 concilio
1516 526 1789 597 Ephesino
1837 530 1903 583 A.
1945 529 2010 583 C.
2068 528 2204 595 ﬁt;

630 619 843 676 Leontii
898 618 1142 688 episcopi
1208 616 1497 689 Magnesia:
1558 617 1817 676 Maeandri
1881 619 1935 674 in
1999 621 2208 691 synodo

629 708 903 782 Ephesina
945 725 1006 773 ιι,
1051 708 1118 762 Α.
1166 707 1228 764 C.
1274 708 1399 774 449,
1447 716 1501 763 et
1534 708 1588 763 in
1628 710 1863 765 concilio
1903 710 2206 766 Chalcedo—

628 804 784 860 nensi
816 803 882 858 A.
913 803 1040 866 451,
1069 810 1124 856 et
1148 804 1203 856 in
1245 802 1454 874 synodo
1493 801 1737 857 Romana
1775 804 1838 857 A.
1866 804 2003 869 505;
2041 802 2209 857 Patri-

627 895 697 950 cii
745 894 986 964 episcopi
1034 891 1329 964 Magnesiae
1384 893 1530 948 circa
1579 891 1915 948 Maeandrum
1969 894 2205 950 civitatis

626 984 845 1039 Asiana:
883 983 1141 1053 regionis,
1188 982 1243 1037 in
1291 982 1524 1037 concilio
1564 983 1904 1047 meumenico
1951 982 2040 1051 Vl,
2091 985 2205 1039 sive

630 1074 1237 1144 Constantinopolitano
1279 1089 1367 1138 ιιι,
1412 1074 1476 1127 Α.
1506 1073 1568 1129 C.
1609 1073 1746 1141 681;
1784 1074 2043 1146 Stephani
2090 1079 2204 1149 epi-

627 1171 779 1241 scopi
818 1170 1108 1239 Magnesize
1147 1168 1493 1227 Emiliorum
1541 1171 1826 1242 (Αἰμιλίων
1874 1170 2069 1241 legitur
2104 1186 2205 1240 pro

625 1261 896 1332 Σιπύλων)
920 1261 1234 1331 provinciae,
1265 1261 1319 1314 in
1345 1271 1497 1316 sexta
1525 1261 1734 1332 synodo
1765 1260 2023 1315 Trullana
2048 1261 2113 1315 Α.
2137 1261 2200 1316 C.

626 1351 784 1425 706);
815 1352 1001 1407 Basilii
1030 1351 1272 1421 episcopi
1309 1350 1599 1421 Magnesiae
1629 1351 1682 1406 in
1713 1352 1946 1407 concilio
1971 1367 2205 1407 (acume-

624 1442 751 1498 nico
785 1438 897 1509 Vll,
938 1442 1056 1504 sive
1095 1439 1314 1496 Niczeno
1356 1458 1416 1504 ιι,
1458 1441 1524 1495 Α.
1571 1441 1634 1497 C.
1677 1442 1814 1510 787;
1859 1443 2204 1512 aliorumque

622 1534 859 1604 plurium
907 1532 1179 1602 sequioris
1215 1532 1390 1587 aetatis
1424 1531 1647 1587 nomina
1688 1533 1743 1587 in
1782 1533 2205 1603 subscriptioni~

621 1624 725 1679 bus
762 1623 1122 1679 conciliorum
1162 1631 1481 1678 conservata
1533 1621 2011 1692 deprehendimus.
2058 1624 2200 1680 lusi-

621 1716 746 1788 gnis
787 1715 879 1770 hic
917 1713 1157 1769 occurrit
1206 1715 1361 1769 locus
1413 1713 1616 1779 Photii,
1657 1723 1712 1769 et
1761 1716 2202 1772 consideratione

2315 544 2443 582 num
2479 544 2638 583 suum
2674 526 2959 596 Ephesinae
2988 525 3230 589 Ecclesia:
3249 532 3555 590 constituisset
3570 541 3713 607 episco-

2313 634 2467 689 pum.
2513 617 2725 673 Exinde
2759 618 2925 688 igitur
2955 633 3058 672 non
3091 618 3202 673 sine
3239 636 3409 691 magna
3429 627 3713 695 probabilitati;

2312 710 2495 779 specie
2540 711 2794 781 colligere
2837 710 2984 774 licet,
3027 709 3157 766 duos
3191 712 3267 767 vel
3303 715 3455 782 plures
3485 718 3601 774 istius
3622 726 3720 780 urbis

2311 801 2603 873 Magnesia:
2631 803 2920 873 episcopos
2954 802 3093 859 idem
3121 819 3300 859 nomen
3324 805 3505 862 Macarii
3530 811 3719 882 habuisse,

2312 894 2366 947 in
2411 895 2613 963 quibus
2646 910 2775 951 vero
2811 895 2997 963 dispar
3034 896 3219 960 aetatis.
3246 912 3341 966 qua
3364 897 3568 965 ﬂoruere,
3591 913 3627 957 et
3649 906 3723 975 opi-

2310 986 2561 1050 nionum,
2584 1001 2722 1056 quas
2749 985 2981 1055 amplexi
3011 995 3154 1051 sunt,
3177 985 3471 1043 observanda
3486 999 3552 1045 est
3569 995 3681 1050 ratio.

2559 1076 2587 1149 §
2620 1075 2733 1131 Vll.
2784 1076 3085 1130 Macarium
3115 1077 3269 1147 fuisse
3302 1081 3564 1147 episcopum.

2380 1169 2637 1226 Nostrum
2668 1184 2829 1240 porro
2848 1168 3436 1239 Macarium'Magnetem
3456 1171 3598 1228 itidem
3622 1173 3730 1232 fuisse

2308 1262 2661 1331 episcopum,
2697 1262 2838 1316 inter
2886 1260 2993 1315 alia
3032 1261 3113 1314 vel
3150 1260 3327 1317 titulus
3363 1261 3566 1334 ἱεράρχου
3599 1266 3729 1331 innuit,

2308 1352 2402 1421 qui
2437 1352 2611 1407 eidem
2656 1351 2933 1417 tribuitur,
2959 1359 3013 1406 et
3034 1351 3404 1422 antiquissimis
3422 1354 3527 1408 olim
3556 1357 3731 1412 antistiti-

2308 1444 2412 1498 bus
2435 1443 2538 1499 l‘uit
2563 1444 2913 1499 communis:
2948 1459 3073 1499 cum
3096 1445 3423 1500 ecclesiastici
3447 1440 3729 1516 scriptoresls-

2313 1536 2442 1608 ρέας
2481 1544 2537 1592 et
2568 1536 2877 1591 sacerdotes
2903 1535 3170 1605 appellare
3196 1535 3391 1591 soleant
3407 1535 3544 1591 duces
3562 1546 3604 1591 et
3621 1551 3733 1592 recte

2312 1643 2400 1684 res
2440 1629 2619 1700 gregis
2663 1627 2979 1693 Christiani,
3028 1626 3280 1699 ἱεράρχας
3316 1642 3430 1682 vero
3464 1636 3509 1680 et
3540 1630 3734 1701 ἀρχιερέας

2308 1721 2594 1791 pontiﬁces
2627 1728 2789 1790 atque
2815 1720 3102 1789 episcopos
3125 1719 3346 1788 (2‘2),rcl
3370 1719 3481 1789 quia
3507 1729 3736 1776 antesuscc-

621 1816 807 1864 nostra
833 1807 1072 1861 maxime
1098 1806 1317 1876 dignus,
1360 1805 1453 1875 qui
1477 1805 1598 1860 cod.
1635 1821 1748 1870 th,
1788 1821 1843 1875 p.
1879 1821 1952 1860 ιιι.
1978 1806 2070 1869 5'5,
2104 1808 2195 1861 ubi
2235 1806 2275 1860 Β
2311 1823 2457 1883 ptam
2498 1812 2866 1869 Christianam
2903 1812 3218 1882 religionem
3250 1811 3332 1866 his
3363 1811 3592 1866 vocabulis
3612 1829 3736 1889 assue-

619 1901 731 1971 agit
767 1899 834 1953 de
873 1897 1084 1969 synodo
1123 1896 1190 1951 ad
1224 1895 1520 1962 Quercum,
1553 1894 1675 1965 quae
1703 1907 1892 1952 contra
1933 1897 1993 1950 Β.
2031 1897 2197 1953 Joan-

618 2006 743 2045 nem
775 1988 1223 2060 Chrysostomum
1263 1986 1541 2057 illegitime
1577 1996 1764 2041 coacta
1804 1996 1906 2053 est,
1951 2004 2196 2044 comme-

618 2088 817 2143 morat,
851 2080 906 2133 in
933 2079 1121 2135 eadem
1153 2077 1363 2149 synodo
1390 2087 1704 2131 accusatum
1746 2076 1915 2133 fuisse
1953 2078 2196 2134 lleracli-

616 2172 741 2226 dem
780 2169 981 2239 Ephesi
1026 2167 1338 2237 episcopum
1375 2183 1407 2222 a
1446 2165 1685 2223 Macario
1728 2169 2035 2239 Magnetum
2077 2173 2194 2240 epi-

615 2276 804 2331 scopo.
838 2258 1016 2314 Verba
1046 2259 1226 2313 Photii
1262 2260 1379 2314 haec
1415 2270 1575 2315 sunt:
1626 2261 1713 2315 ’Ev
1752 2262 2108 2332 ὑπομνήμασι
2136 2262 2192 2315 δὲ

613 2353 753 2408 αὐτὰ
783 2351 1030 2423 ἐπράχθη
1063 2352 1194 2406 δέκα
1224 2353 1360 2424 πρὸς
1396 2355 1509 2417 τοῖς
1555 2353 1736 2424 τρισίν
1759 2370 1771 2384 ·
1810 2354 1946 2407 ἀλλὰ
1985 2354 2054 2408 τὰ
2096 2357 2193 2425 μὲν

610 2441 707 2495 δύο
731 2443 823 2495 καὶ
848 2440 997 2503 δέκα,
1025 2442 1166 2496 κατὰ
1189 2442 1282 2495 τοῦ
1311 2443 1464 2511 ἁγίου
1486 2460 1499 2472 ·
1537 2443 1596 2497 τὸ
1624 2445 1681 2496 δὲ
1705 2444 1824 2514 τρὶς
1850 2445 1941 2497 καὶ
1964 2444 2191 2499 δέκατον

613 2532 860 2605 περιέχει
885 2534 954 2586 τὰ
984 2533 1126 2587 κατά
1160 2533 1530 2605 Ἡρακλείδου,
1578 2534 1670 2588 τοῦ
1716 2537 1795 2598 εἰς
1832 2536 2061 2605 Ἔφεσον
2100 2537 2191 2590 ὑπ’

611 2624 780 2679 αὑτοῦ
825 2626 1307 2698 χειροτονηθέντος,
1347 2621 1516 2697 οὗπερ
1562 2626 1681 2680 οὐδὲ
1734 2628 1831 2698 τὴν
1877 2628 2193 2700 καθαίρεσιν

615 2717 837 2789 ἴσχυσαν
871 2717 1178 2779 τελειῶσαι.
1215 2718 1415 2790 ἑτέρων
1440 2716 1600 2771 τινῶν
1640 2717 2013 2772 κωλυσάντων.
2053 2720 2109 2772 '0
2135 2718 2192 2771 δὲ

611 2812 918 2883 κατήγορος
958 2809 1327 2881 Ἡρακλείδου,
1354 2810 1453 2879 τῆς
1486 2810 1793 2878 Μαγνήτων
1835 2807 2040 2872 πόλεως
2069 2810 2190 2861 ἐπί-

614 2918 814 2964 σκοπος
849 2896 917 2971 ἦν
952 2900 1178 2971 ὀνόματι
1212 2900 1518 2971 Μακάριος.
1557 2901 1598 2952 Ι.
1631 2916 1717 2955 e.:
1774 2899 2042 2955 Tredecim
2080 2901 2191 2957 Itazc

613 2991 911 3063 (Synodus)
945 2992 1241 3046 actionibus
1273 3001 1505 3062 peracta,
1532 2992 1808 3046 duodecim
1832 2992 2041 3062 quidem
2066 3010 2192 3049 con-

611 3095 695 3137 tra
722 3082 780 3138 S.
827 3083 1279 3153 Cltrysostomum,
1313 3085 1469 3137 tertia
1496 3082 1698 3136 decima
1725 3093 1910 3136 contra
1946 3081 2192 3137 Heracli-

2313 1916 2523 1970 verant,
2549 1906 2631 1960 vel
2657 1906 2802 1975 quod
2832 1903 3042 1960 Veteris
3064 1903 3382 1958 Tcstamenti
3408 1904 3570 1973 stylum
3596 1905 3634 1957 in
3647 1921 3738 1959 eam

2309 1999 2412 2053 sibi
2446 1996 2769 2051 imitandum
2807 2004 3090 2065 putarent;
3128 1994 3213 2048 vel
3253 1993 3387 2063 quod
3427 1994 3737 2063 generalevoca-

2299 2091 2489 2146 bulum
2524 2089 2593 2144 ad
2625 2089 2894 2144 sermonis
2922 2086 3297 2156 compendium
3335 2085 3428 2138 'sibi
3458 2084 3621 2138 nullum
3645 2100 3740 2154 repe-

2300 2183 2475 2237 rirent
2506 2181 2709 2250 aptius.
2739 2179 2819 2234 Ex
2857 2179 3044 2233 multis
3075 2178 3290 2233 unicum
3327 2177 3407 2231 hic
3450 2174 3742 2229 sulliciattesti-

2300 2273 2544 2328 ιιιοιιὶυιιι
2584 2272 2884 2344 Polycratis
2922 2270 3182 2340 Ephesini
3224 2266 3445 2338 episcopi
3490 2268 3600 2337 apud
3635 2265 3744 2319 Euse-

2298 2366 2464 2431 bium,
2477 2363 2623 2419 Hist.
2645 2364 2773 2418 εισι.
2809 2364 2902 2418 lib.
2930 2379 2985 2429 v,
3011 2378 3062 2417 c.
3087 2362 3178 2425 ‘24,
3210 2363 3263 2416 in
3289 2378 3391 2432 quo
3410 2360 3623 2414 Joannem
3640 2375 3743 2411 evan-

2297 2457 2547 2528 gelistam
2580 2456 2919 2510 hicrarcbam
2951 2464 3004 2508 ct
3038 2469 3314 2509 summum
3346 2453 3604 2522 pontiﬁcem
3627 2460 3742 2513 vocat,

2297 2553 2392 2621 qui
2435 2551 2743 2620 pontiﬁcale
2777 2548 3006 2625 πέιῖαλον
3049 2548 3304 2620 gestavit.
3353 2546 3490 2601 Licet
3524 2546 3633 2601 enim
3657 2544 3747 2597 haud

2298 2644 2566 2714 ignorem,
2599 2643 2937 2714 Stephanum
2969 2643 3018 2698 le
3047 2641 3246 2713 Moyne
3280 2639 3385 2710 (9.3)
3414 2639 3551 2693 tidem
3577 2636 3749 2708 Polycra-

2299 2736 2369 2790 tis
2402 2736 2504 2789 hac
2535 2736 2587 2788 in
2625 2744 2776 2804 parte
2823 2744 3015 2803 praeter
3045 2749 3168 2787 rem
3198 2732 3452 2795 vellicare,
3480 2739 3531 2784 ut
3555 2728 3749 2800 hypothesi

2297 2842 2409 2880 sua:
2438 2827 2715 2888 inserviat,
2744 2826 2920 2895 primo
2947 2833 3001 2879 et
3026 2824 3272 2880 secundo
3296 2822 3480 2878 saeculo
3505 2834 3651 2875 vocem
3668 2835 3747 2887 pos-

2298 2919 2457 2987 ti/icis
2499 2925 2554 2971 et
2605 2917 2895 2970 sacerdotis
2936 2917 3077 2986 apud
3110 2915 3316 2986 probos
3348 2923 3568 2968 auctores
3602 2911 3751 2966 istorum

2296 3009 2625 3065 saeculorum
2659 3024 2939 3078 nunquam
2980 3022 3314 3063 occurrere:
3346 3006 3477 3060 idem
3514 3013 3652 3058 tamen
3674 3001 3753 3055 late-

2295 3109 2407 3166 tur,
2442 3115 2496 3169 p.
2533 3099 2602 3154 50
2651 3100 2751 3155 has
2792 3115 2953 3155 voces
3008 3100 3077 3154 ab
3111 3100 3348 3155 ethnicis
3394 3098 3655 3166 desumptas
3686 3093 3753 3162 inn

609 3175 749 3238 dem,
781 3191 934 3244 quem
963 3174 1201 3244 Ephesiis
1240 3174 1330 3228 ille
1359 3174 1635 3228 ordinarat
1661 3176 1999 3245 cpisc0pum;
2031 3176 2188 3244 hujus

2296 3192 2519 3247 ineunte
2547 3191 2747 3247 smculo
2777 3207 2859 3257 ιιι,
2891 3192 2945 3245 in
2977 3189 3282 3247 Ecclesiam
3313 3188 3632 3243 Christianam
3654 3186 3755 3263 intro-

611 3276 789 3321 tamen
813 3267 1194 3337 depositionem
1222 3266 1458 3321 validam
1487 3266 1720 3330 reddere,
1759 3267 1883 3321 aliis
1917 3269 2185 3323 nonnullis

609 3358 1025 3432 prohibentibus,
1055 3359 1270 3412 minime
1292 3367 1596 3427 potuerunt.
1630 3357 1934 3413 Heraclida:
1968 3376 2188 3413 accusa-

612 3462 698 3506 tor
726 3452 996 3504 Macarius
1026 3450 1243 3521 quidam
1265 3452 1472 3505 nomine
1494 3451 1618 3521 fuit,
1652 3450 1958 3522 Magnetum
1987 3454 2187 3522 episco-

608 3561 726 3616 pus.
757 3541 913 3598 llunc
954 3551 1132 3597 tamen
1172 3542 1468 3598 Macarium
1520 3559 1550 3596 a
1596 3541 1793 3600 Photio
1820 3554 2183 3600 memoratum

609 3657 884 3713 diversum
926 3654 1095 3710 fuisse
1122 3655 1316 3726 opinor
1349 3671 1379 3710 a
1411 3664 1600 3709 nostro
1632 3654 1871 3711 Macario
1916 3655 2181 3727 Magnete,

608 3751 676 3806 de
697 3765 804 3819 quo
829 3764 973 3803 nunc
999 3756 1110 3802 tota
1143 3747 1445 3803 instituitur
1461 3747 1775 3817 disputatio.
1797 3745 1994 3804 Noster
2013 3748 2182 3814 enim,

608 3852 746 3898 teste
762 3840 1065 3911 Nicephoro
1087 3858 1210 3896 cum
1236 3841 1460 3912 reliquis
1478 3842 1819 3897 antistitibus
1841 3840 2181 3905 orthodoxis,

607 3936 702 4008 qui
732 3936 787 3990 in
818 3934 1249 4005 pervestigandis
1289 3934 1776 4003 examinandisque
1809 3932 2028 3986 Macarii
2069 3930 2184 3986 Ma-

605 4028 786 4098 gnetis
829 4026 1048 4096 scriptis
1082 4024 1375 4080 admodum
1408 4025 1628 4079 solliciti
1662 4023 1833 4088 fuere,
1874 4023 1927 4076 in
1954 4022 2185 4092 quibus-

607 4122 732 4176 dam
779 4120 1045 4175 doctrinis
1068 4117 1358 4186 Origeuem
1387 4126 1626 4181 secutus,
1651 4132 1715 4171 ac
1741 4117 1880 4172 inter
1905 4116 2010 4171 alia
2037 4117 2182 4172 istud

605 4214 800 4285 dogma
832 4213 1114 4283 amplexus
1142 4220 1245 4275 est,
1268 4211 1344 4274 ὡς
1369 4211 1517 4273 τέλος
1542 4209 1650 4273 ἕξει
1698 4210 1730 4280 ἡ
1760 4209 1899 4262 κατὰ
1934 4209 2023 4263 τὸν
2056 4209 2182 4280 μέλ-

605 4304 766 4359 λοντα
810 4305 1000 4375 χρόνον
1039 4303 1149 4365 τοῖς
1194 4300 1446 4353 ἀσεϐέσιν
1487 4297 1793 4369 ἀνθρώποις
1836 4297 2178 4369 ἠπειλημένη

606 4398 702 4451 καὶ
730 4394 1104 4468 ἡτοιμασμένη
1138 4392 1290 4464 παρὰ
1316 4389 1451 4445 Θεοῦ
1488 4390 1729 4453 κόλασις,
1756 4389 2029 4442 habituras
2052 4388 2182 4442 olim

607 4493 763 4560 ﬁnem
794 4507 882 4544 eas
911 4506 1106 4559 pinnas,
1140 4503 1269 4558 quas
1296 4485 1475 4553 impiis
1508 4482 1805 4536 hominibus
1832 4483 1971 4536 Deus
2007 4484 2181 4536 mina-

608 4593 691 4636 tus
720 4591 797 4637 est
824 4599 886 4635 ac
919 4579 1255 4652 prwparauit.
1290 4575 1394 4631 Sed
1427 4576 1729 4631 Photianus
1773 4575 1863 4629 ille
1891 4573 2180 4638 Macarius,

606 4672 912 4743 Magnetum
960 4671 1267 4742 episcopus,
1305 4677 1517 4723 tantum
1565 4666 1722 4721 abest
1765 4674 1825 4719 ut
1876 4665 2182 4736 Origenista

606 4762 791 4826 fuerit,
825 4771 884 4816 ut
907 4760 1246 4816 Heraclidem
1274 4759 1474 4830 Ephesi
1504 4759 1821 4828 episcopum
1851 4756 2036 4826 potius
2064 4756 2186 4811 Ori-

606 4854 929 4925 geni'anismi
960 4853 1300 4908 accusaverit
1329 4852 1480 4922 (3|):
1515 4866 1579 4904 ex
1612 4865 1721 4919 quo
1748 4849 1927 4919 capite
1954 4863 2183 4903 accusa-

607 4947 771 5003 tionis
811 4945 913 5016 ipsi
957 4945 1120 4999 etiam
1157 4945 1552 5016 Chrysostomo
1598 4942 1807 4996 crimen
1856 4941 2181 4995 intentatum

679 5084 790 5207 (2!)
833 5080 952 5136 Vid.
995 5079 1173 5135 Photii
1202 5079 1554 5167 Bibliogwca,
1584 5080 1620 5133 1.
1648 5096 1698 5162 c.
1744 5097 1795 5150 p.
1828 5096 1906 5135 ιιι.
1941 5082 2033 5145 55,
2063 5096 2178 5152 seq.

680 5170 764 5207 cm
790 5194 804 5207 .
835 5167 978 5207 xcvi.
1017 5168 1072 5207 ιι.
1107 5150 1213 5205 Ξ5Ἱ
1243 5160 1298 5204 et
1326 5151 1451 5206 260.
1484 5149 1589 5204 Sed
1617 5152 1737 5205 wide
1767 5164 2027 5207 practerea
2052 5151 2178 5207 Pal-

605 5167 660 5211 et
680 5149 804 5210 cod.
835 5167 978 5217 xcw,
1017 5168 1072 5221 p.
1107 5150 1213 5205 257
1243 5160 1298 5204 et
1326 5151 1451 5206 265.
1484 5149 1589 5204 Sed
1617 5149 2027 5219 vide'praeterea
2052 5149 2181 5207 Pal-

605 5226 828 5285 laditun,
855 5233 1045 5278 testem
1074 5221 1363 5292 αὐτόπτην,
1386 5221 1441 5275 in
1484 5219 1607 5292 Vita
1649 5221 2041 5290 Chrysostomi;
2081 5222 2183 5277 So-

605 5226 828 5285 laditun,
855 5233 1045 5278 testem
1074 5226 1363 5292 αὐτόπτην,
1386 5226 1441 5275 in
1486 5226 1607 5275 Vita
1649 5226 2041 5290 Chrysostomi;
2081 5226 2176 5277 So-

605 5293 981 5373 crdtenn.!_list.
1009 5293 1136 5347 ccci.
1166 5292 1260 5345 lib.
1291 5306 1365 5373 vi,
1394 5308 1444 5373 ρ.
1478 5291 1656 5373 l7,met
1683 5291 2176 5373 Sozoinenum,lib.

603 5383 726 5433 vin,
752 5381 802 5419 c.
846 5365 935 5449 lii,
984 5377 1196 5418 necnon
1227 5362 1512 5430 epistolam
1551 5359 1933 5417 Chrvsostomi
1963 5363 2031 5418 ad
2075 5364 2182 5449 Cy-

605 5446 1047 5578 Πθὲὲῗιῖῗέειο
1073 5516 1224 5578 more
1248 5501 1495 5578 antiquo
1524 5501 1794 5578 Eusebius
1824 5501 2180 5578 Caesariensis

604 5564 894 5646 episcopus
917 5564 1218 5643 Nieephoro
1248 5572 1300 5626 in
1341 5564 1713 5626 Antirrhetieis
1755 5583 1984 5627 vocatur
2018 5574 2046 5626 ὁ
2079 5573 2180 5644 τῆς

606 5644 925 5699 Καισαρέων
967 5645 1065 5699 τῆς
1116 5640 1254 5697 κατὰ
1285 5642 1646 5699 Παλαιστίνην
1698 5644 2006 5699 ἁογιεοεὺς.
2066 5652 2174 5699 etc.

606 5644 925 5719 Καισαριων
967 5645 1065 5716 τῆς
1116 5644 1254 5697 κατὰ
1285 5644 1646 5711 Παλαιστίνην
1698 5644 2006 5714 ἀρχιερεὺς,
2066 5652 2174 5699 etc.

605 5714 724 5796 Non
755 5718 847 5796 diu
879 5723 1008 5796 post
1036 5713 1257 5796 Adriani
1289 5723 1533 5794 tempora
1579 5714 1817 5796 episcopi
1856 5707 2065 5768 similes
2091 5714 2175 5766 vi-

605 5786 720 5841 deri
765 5785 1014 5840 volebant
1061 5784 1334 5856 pontiticis
1378 5784 1601 5839 maximi
1652 5783 1999 5853 Judtcorum;
2052 5798 2176 5854 pre-

2293 3289 2487 3347 duclas
2510 3288 2700 3344 fuisse.
2735 3286 2878 3353 Quin
2915 3296 2969 3342 et
2996 3288 3192 3357 primis
3219 3278 3755 3342 Clu-istiauismisasulis

2295 3379 2584 3448 episcopos
2630 3380 2737 3433 hoc
2782 3378 3003 3432 nomine
3055 3378 3357 3455 honoratos
3398 3376 3564 3438 fuiSse,
3606 3388 3658 3426 ex
3689 3369 3757 3424 sub

2294 3469 2632 3525 Tertulliano
2656 3479 2910 3525 constare
2933 3478 3126 3539 potest,
3161 3469 3261 3539 qui
3282 3469 3336 3522 in
3358 3467 3450 3522 lib.
3482 3464 3547 3520 De
3567 3464 3759 3532 baptismo,

2291 3576 2413 3632 cap.
2445 3561 2535 3627 17,
2568 3562 2796 3617 scribit:
2834 3562 3010 3615 Dandi
3034 3562 3251 3625 quidem
3277 3555 3557 3630 (baptismi)
3585 3554 3694 3608 habet
3704 3551 3758 3619 jus

2290 3669 2526 3706 summus
2556 3654 2821 3716 sacerdos,
2866 3654 2955 3723 qui
2985 3662 3063 3706 est
3098 3654 3395 3720 episcopus,
3437 3647 3600 3702 dehinc
3627 3643 3761 3731 ppibi’

2291 3748 2411 3811 teri,
2439 3752 2545 3798 etc.
2599 3742 2711 3799 Nec
2756 3746 2917 3815 longo
2962 3755 3207 3811 tempore
3259 3752 3382 3812 post
3424 3741 3474 3795 in
3516 3737 3709 3805 concilia
3726 3745 3759 3784 ιιι

2290 3836 2728 3906 Carthaginiensi
2756 3836 2850 3891 hic
2877 3852 3050 3891 canon
3081 3850 3211 3890 xxvi
3238 3835 3416 3889 factus
3440 3842 3545 3888 est:
3571 3828 3627 3885 Ut
3645 3828 3764 3898 prima

2290 3929 2436 3984 sedis
2467 3929 2760 3998 episcopus
2791 3943 2900 3983 non
2926 3927 3230 3999 appelletur
3250 3927 3485 3996 princeps
3510 3920 3762 3977 sacerdotia.

2290 4031 2385 4078 aut
2420 4038 2656 4076 summus
2700 4021 2968 4084 sacerdos,
3015 4029 3111 4074 aut
3154 4019 3363 4090 aliquid
3408 4005 3764 4092 lipjusntodiﬁcd

2288 4124 2499 4171 tantum
2542 4115 2729 4183 prima?
2764 4114 2903 4168 sedis
2937 4114 3233 4183 episcopus.
3270 4110 3578 4166 Hierarchas
3602 4118 3695 4159 vero
3716 4114 3765 4152 se-

2287 4208 2467 4278 quiori
2494 4210 2710 4262 demum
2742 4215 2897 4262 aetate
2927 4221 3118 4261 omnes
3147 4206 3446 4276 appellatos
3472 4201 3617 4255 fuisse
3636 4193 3768 4264 epiw

2289 4315 2408 4369 pos,
2442 4314 2872 4369 communesque
2904 4313 3029 4353 cum
3081 4298 3318 4353 summis
3361 4292 3669 4366 pontiﬁcibus
3694 4284 3767 4339 iun-

2289 4398 2499 4452 ctiones
2525 4394 2804 4462 habuisse,
2832 4409 2897 4449 ex
2921 4378 3090 4448 veteri
3117 4392 3229 4447 ritu
3251 4390 3631 4447 ordinationum
3652 4392 3768 4436 sacra-

2291 4502 2412 4541 rum
2441 4486 2644 4556 passim
2676 4485 2820 4539 inter
2852 4485 2987 4539 alios
3020 4483 3403 4553 comprobavit
3424 4481 3620 4535 lsaacus
3638 4471 3768 4526 Haber-

2286 4590 2375 4633 tus
2412 4579 2464 4632 in
2499 4576 2809 4647 Pontiﬁcali
2834 4575 3085 4631 Ecclesia:
3111 4574 3333 4639 σταται,
3378 4590 3430 4643 p.
3463 4570 3555 4626 541
3584 4581 3692 4636 δρψ,
3715 4557 3769 4630 qui

2285 4681 2340 4725 ct
2368 4670 2624 4740 peculiari
2658 4670 3039 4723 observatione
3072 4684 3148 4730 tv,
3184 4667 3255 4722 de
3300 4665 3587 4721 bierarchte
3610 4674 3682 4715 seu
3703 4652 3771 4719 φ’

2286 4762 2435 4832 scopi
2463 4760 2762 4826 iunctione,
2784 4776 2906 4831 qua:
2945 4777 2974 4814 a
3017 4759 3075 4815 S.
3118 4758 3382 4832 Dionysio
3411 4752 3673 4829 αὐτουργία
3690 4744 3773 4802 (Πό-

2285 4861 2394 4915 tur,
2440 4854 2547 4924 egit
2580 4853 2716 4925 (24).
2769 4852 2843 4907 De
2888 4862 3076 4908 nostro
3125 4853 3294 4922 igitur
3338 4850 3567 4906 Macario
3606 4845 3773 4913 Magnete

2284 4945 2571 5000 hierarcha
2603 4960 2650 4999 s.
2681 4944 2941 5015 episcopo
2976 4945 3049 4997 ita
3080 4953 3356 4999 testantur
3384 4942 3635 4996 antistites
3654 4932 3774 4988 ortho-

2284 5078 2485 5151 sbyteri
2522 5079 2732 5143 eodem,
2776 5096 2887 5151 quo
2929 5081 3264 5143 sacerdotes.
3298 5080 3424 5135 loco
3467 5074 3651 5151 versari
3686 5069 3780 5124 dice-

2283 5149 2512 5217 bantur;
2563 5149 2949 5205 diaconi’cum
3004 5152 3181 5208 levitis
3233 5149 3683 5219 comparabantur.
3718 5151 3781 5219 ηιξ·

2281 5228 2434 5274 tante
2459 5206 2585 5276 ven.
2617 5220 2720 5277 Dn.
2754 5220 3065 5291 Mosbemio,
3098 5206 3171 5276 in
3201 5206 3447 5274 Historia
3485 5206 3781 5291 «cinnami.

2282 5305 2344 5363 Ην
2393 5303 2532 5359 Pim-
2590 5306 2649 5357 11,
2694 5306 2811 5363 Capy
2858 5292 2915 5354 2.
2968 5290 2996 5363 §
3042 5290 3536 5363 6,,recentissimae
3579 5285 3781 5363 editione.

2281 5346 2414 5425 0ὺῶ
2435 5346 2774 5432 comparatio.
2787 5346 3047 5432 jam'ttim
3076 5346 3268 5419 nititur
3292 5361 3400 5417 ιὶάο
3432 5352 3693 5432 Clementis
3711 5346 3783 5401 ilo-

2281 5432 2427 5502 mani
2457 5429 2698 5502 in_e’pist.
2738 5429 3247 5502 lq'ad_Corinthios,
3281 5446 3410 5502 cap.
3436 5430 3524 5486 40.

2356 5484 2489 5569 (25f
2510 5484 2746 5556 turbatis
2774 5484 3053 5556 ‘aa'ms
3070 5484 3247 5567 sese;
3268 5484 3412 5556 iss.
3448 5484 3513 5562 ιι,
3545 5514 3592 5567 ρ.
3629 5492 3702 5554 25.
3725 5484 3783 5539 33-

2352 5571 2466 5642 (24)
2506 5570 2644 5642 Nota
2674 5573 2837 5627 etiam
2872 5584 2999 5627 sunt
3038 5571 3266 5627 Joannis
3297 5571 3671 5642 Euchaitornm
3710 5572 3787 5642 me:

2279 5637 2569 5710 tro‘politse.
2620 5640 2888 5696 Philothei
2931 5644 3253 5712 patriarcha:
3299 5640 3467 5696 CPol.
3518 5637 3790 5712 aliorum.”

2281 5701 2481 5780 scripta
2539 5701 2949 5767 encomiastica.
2979 5714 3034 5767 in
3076 5724 3187 5767 tres
3222 5713 3560 5771 liierarehas,
3593 5701 3787 5780 Basilium

2278 5774 2724 5855 lla-Gregorium
2756 5781 3175 5850 Nazianzenum,
3222 5790 3274 5839 et
3312 5780 3579 5836 Joannem
3616 5774 3794 5838 Chryso'
