3972 6318
275 289 417 347 tzas

1451 289 1728 346 ΝΟἸΊΤΙΔ
1766 292 1854 346 ET
1897 283 2346 349 FRAGMENTA.

3405 295 3544 353 I356

271 411 401 467 doxi
437 409 581 481 apud
618 407 983 483 Nicephorum
1017 411 1121 468 (ΞΡ.
1161 413 1216 467 in
1249 413 1448 483 saepius
1485 414 1718 468 laudatis
1746 414 1855 468 An-
1884 421 1932 476 Α
1957 424 2167 468 aetatem
2217 414 2433 470 stetisse
2483 422 2738 480 testatur,
2774 414 3052 470 Christum
3114 414 3404 472 Dominum
3461 418 3522 472 6t-

273 503 566 557 tirrheticis
589 519 607 556 :
655 503 719 557 Ἦ
754 503 852 575 μὲν
884 499 976 557 οὖν
1002 504 1182 574 βίϐλος
1209 505 1494 576 Μακαρίου
1527 505 1624 574 μὲν
1666 505 1857 572 ὲπιγέο

271 610 541 668 γραπται,
577 594 830 668 ίεράρχου
870 595 927 649 δὲ
958 596 1058 667 τὴν
1100 596 1256 662 ἀξίαν
1281 612 1294 626 ·
1340 597 1478 668 ὅπερ
1515 596 1618 667 οὑχ
1663 598 1696 667 ἡ
1741 599 1859 649 ὲπι-

271 685 461 758 γραφὴ
492 686 626 758 μόνη
648 687 940 752 δείκνυσιν,
977 688 1090 741 ἀλλ’
1115 689 1212 761 ἤδη
1249 689 1340 743 καὶ
1369 691 1401 761 ἡ
1429 689 1628 756 ἔξωθεν
1656 693 1714 745 ὲν
1743 693 1859 754 ταῖς

273 781 506 848 πτυχαῖς
553 779 654 849 τῆς
703 779 886 850 βίϐλου
934 781 1297 854 ἀρχαιοτάτης
1350 781 1517 854 οὔσης
1564 781 1859 855 φιλοτίμως

266 870 590 942 τυπουμένη
617 870 712 924 τοῦ
743 873 1034 943 Μακαρίου
1064 873 1252 927 τούτου
1285 872 1448 928 εἰκὼν
1479 873 1856 948 ὲκτυπώτερον

264 963 590 1036 παρίστησι.
634 964 832 1036 Στολὴν
861 965 970 1035 γὰρ
1015 967 1204 1038 ἱερέως
1247 966 1433 1020 τοῦτον
1478 967 1859 1039 ἀμπεχόμενον

267 1053 582 1124 ὑποφαίνει,
613 1053 756 1107 καθά
781 1053 846 1126 δὴ
874 1053 1139 1126 πολλαχοῦ
1173 1057 1266 1110 καὶ
1302 1058 1358 1108 ὲν
1390 1056 1604 1129 ἑτέραις
1654 1057 1860 1122 δέλτοις

266 1145 725 1218 ἀνιστοροιτμενον
752 1145 1040 1219 εὐπρεπῶς
1057 1147 1146 1202 τὸν
1168 1151 1366 1202 οἰκεῖον
1399 1150 1720 1222 συγγραφέα
1748 1150 1863 1221 eis

268 1256 466 1311 πομεν.
496 1238 656 1294 Liber
674 1241 849 1311 itaque
877 1242 1193 1312 inscriptum
1215 1243 1366 1297 habet
1395 1242 1628 1298 Macarii
1650 1262 1860 1310 nomen,

265 1330 398 1384 item
419 1331 752 1402 dignitatem,
768 1349 947 1403 nempe
961 1335 1248 1403 pontiﬁcis.
1270 1333 1436 1404 quue
1457 1351 1556 1389 non
1577 1339 1762 1392 titulus
1783 1357 1862 1394 so-

265 1421 380 1477 lum
415 1423 638 1488 indicat,
668 1423 757 1476 sed
781 1425 898 1493 ipsa
929 1426 1093 1479 etiam
1117 1427 1442 1480 extrinsecus
1469 1428 1592 1482 libri
1615 1429 1861 1483 vetustis-

266 1514 393 1568 simi
419 1515 729 1584 tegumentis
749 1515 1015 1584 eleganter
1046 1517 1300 1587 impressa
1329 1517 1559 1574 Macarii
1580 1519 1736 1585 huius
1759 1521 1861 1589 elﬁ-

267 1607 377 1676 gies
398 1607 684 1660 evidentius
711 1607 917 1676 probat.
948 1607 1090 1662 Nam
1114 1609 1251 1666 hunc
1274 1612 1596 1666 sacerdotali
1620 1624 1755 1668 reste
1778 1615 1864 1666 in-

266 1698 456 1752 dutum
479 1700 704 1764 exhibet,
733 1701 1170 1770 quemadmodum
1195 1713 1243 1756 et
1267 1704 1320 1757 in
1348 1704 1471 1758 aliis
1498 1705 1647 1760 libris
1671 1717 1856 1760 aucto-

267 1802 378 1841 rem
395 1791 659 1860 eleganter
677 1791 941 1868 depictum
957 1795 1148 1862 stepius
1173 1795 1428 1852 videmus.
1450 1795 1530 1850 Ad
1555 1814 1676 1868 quas
1694 1799 1852 1854 verba

269 1880 494 1949 quidem
527 1864 930 1951 Tillemontius,
961 1901 1084 1940 cum
1115 1903 1224 1957 quo
1255 1885 1534 1946 Boiviuius
1573 1864 1702 1945 olim
1750 1892 1860 1946 fra-

267 1981 486 2043 gmenta
502 1973 764 2044 Magnetis
781 1979 1300 2044 communicaverat,
1318 1981 1370 2034 in
1390 1979 1628 2036 Historia
1643 1985 1866 2053 impera-

272 2072 472 2127 torum,
490 2075 543 2119 et
577 2067 792 2132 quidem
811 2067 866 2122 in
885 2065 1006 2122 Vita
1023 2067 1364 2126 Constantini
1391 2071 1567 2142 Magni
1584 2073 1696 2144 (9.5)
1715 2076 1859 2130 hunc

275 2155 331 2227 in
357 2158 578 2212 modum
611 2170 1015 2216 commentatur
1056 2181 1068 2216 :
1106 2161 1233 2227 Car,
1265 2179 1400 2232 pour
1428 2180 1483 2218 ce
1516 2165 1673 2234 qu‘tls
1703 2183 1859 2220 assu-

268 2258 405 2316 rent,
423 2267 519 2322 que
535 2251 583 2305 le
605 2255 895 2308 manuscrit
913 2255 1070 2327 qu’ils
1085 2274 1148 2311 en
1166 2257 1378 2328 audient
1392 2261 1567 2312 trouré
1578 2260 1705 2312 était
1727 2260 1856 2312 tres-

271 2347 480 2412 ancien,
508 2347 620 2402 cela
640 2351 801 2403 seruit
823 2349 940 2419 plus
969 2350 1352 2417 considerable,
1380 2351 1426 2404 si
1454 2367 1547 2404 son
1574 2352 1746 2420 image
1766 2353 1852 2422 n’y

271 2439 420 2492 avait
445 2456 538 2508 pas
565 2442 647 2494 été
674 2440 899 2496 habillée
934 2457 993 2496 en
1022 2442 1227 2511 éréque.
1262 2439 1370 2497 Car
1397 2445 1721 2496 assurément
1742 2445 1853 2498 cela

279 2531 412 2584 n‘est
443 2547 538 2601 pas
568 2532 640 2585 du
678 2542 756 2587 tv'
784 2533 958 2598 siécle,
1006 2533 1062 2587 ni
1109 2545 1500 2603 apparemment
1529 2534 1600 2587 du
1638 2546 1713 2588 ν’.
1748 2535 1852 2590 Sed

274 2629 639 2692 praeterquam
687 2623 833 2693 quod
882 2639 949 2678 ex
983 2623 1282 2678 involucris
1326 2623 1448 2678 libri
1490 2625 1853 2682 exterioribus

271 2723 330 2768 et
356 2713 647 2770 artiﬁciose
686 2715 902 2784 depicta
951 2716 1187 2787 imagine
1218 2725 1382 2784 atque
1414 2716 1603 2771 habitu
1635 2719 1851 2788 episco-

272 2804 385 2876 pali
421 2804 683 2877 Magnetis
719 2807 862 2864 haud
889 2808 1124 2879 judieari
1169 2819 1348 2880 potest
1379 2810 1445 2866 de
1480 2814 1715 2881 genuina
1751 2829 1852 2868 an-

272 2899 524 2971 tiquitate
552 2900 755 2970 operis,
779 2901 862 2956 vel
901 2911 1061 2957 aetate
1089 2903 1365 2971 auctoris;
1402 2920 1524 2960 cum
1563 2908 1645 2960 vel
1671 2907 1849 2975 ipsum

273 2989 578 3056 Christum,
620 2991 900 3060 apostolos
929 3000 984 3046 et
1013 2993 1268 3063 antiquos
1297 2994 1585 3063 plerosque
1615 2996 1846 3052 clericos

265 3083 547 3143 tunicatos
559 3093 610 3139 et
625 3084 876 3154 palliatos
892 3096 1101 3141 veteres
1121 3088 1345 3157 pictura:
1366 3098 1420 3143 et
1442 3089 1634 3144 litterre
1647 3089 1850 3150 referre
1878 3101 1921 3161 ε

272 3175 527 3231 soleant:
572 3175 708 3250 nihil
743 3187 920 3232 tamen
961 3178 1158 3246 obstat,
1205 3182 1502 3251 quominus
1532 3197 1628 3251 per
1659 3181 1848 3253 στολὴν

271 3263 467 3336 ἱερέως
501 3266 716 3338 longam
744 3274 908 3337 atque
935 3267 1001 3321 ad
1034 3268 1172 3323 talos
1203 3269 1496 3325 demissam
1528 3279 1731 3326 vestem
1767 3271 1851 3325 in-

272 3358 614 3428 telligamus,
663 3373 785 3430 quae
843 3374 967 3414 cum
1013 3341 1159 3422 57m
1196 3360 1312 3414 sive
1361 3361 1526 3431 pallio
1579 3361 1848 3432 pontiﬁcis

271 3450 498 3505 maximi
538 3449 884 3505 Hebraeorum
920 3449 1032 3508 fere
1071 3451 1399 3517 conveniat,
1432 3453 1506 3507 ita
1544 3463 1602 3506 ut
1630 3453 1695 3507 ad
1730 3453 1850 3523 ejus

269 3540 686 3598 similitudinem
718 3540 900 3596 tunica
929 3541 1123 3598 deinde
1156 3542 1484 3613 episcopalis
1517 3545 1572 3598 in
1601 3543 1848 3601 Ecclesia

271 3632 591 3688 Christiana
631 3634 835 3688 sensim
875 3633 1184 3688 introducta
1223 3634 1294 3688 sit
1336 3634 1474 3699 (26).
1506 3635 1677 3702 Quale
1719 3639 1847 3708 ἱμά-

269 3742 384 3779 τιον
445 3724 620 3795 (quod
672 3725 968 3796 scriptores
1009 3726 1365 3781 ecclesiastici
1412 3728 1549 3782 alias
1601 3727 1848 3782 διπλοΐδα

271 3818 568 3888 appellant,
614 3818 720 3874 hoc
746 3827 830 3874 est
873 3827 1078 3874 vestem
1127 3818 1478 3888 duplicatam,
1521 3836 1642 3890 qua:
1676 3829 1847 3874 totum

274 3911 442 3965 veluti
465 3924 665 3979 corpus
683 3908 1018 3978 duplicando
1047 3907 1458 3978 circumvolvit)
1485 3910 1659 3980 ipsum
1683 3910 1846 3965 etiam

277 3999 621 4056 Servatorem
654 4009 907 4056 nostrum
935 4009 1182 4070 gestasse
1209 4001 1321 4074 (27)
1342 4002 1484 4056 haud
1516 4003 1766 4057 dubitant
1789 4004 1846 4069 ii,

274 4093 370 4164 qui
402 4093 469 4147 de
497 4107 555 4147 re
585 4091 842 4147 vestiaria
870 4100 1110 4148 veterum
1140 4093 1475 4163 scripserunt
1504 4113 1516 4146 :
1547 4094 1686 4148 inter
1709 4110 1848 4164 quos

275 4183 547 4253 imprimis
578 4183 836 4253 legendus
863 4193 946 4239 est
969 4183 1127 4240 Joan.
1148 4184 1417 4240 Braunius
1451 4185 1528 4240 De
1560 4188 1744 4241 vestitu
1765 4204 1850 4240 sa-

274 4277 547 4332 cerdotum
597 4275 975 4343 Ilebrtcorum,
1030 4278 1124 4332 lib.
1162 4295 1224 4344 tt,
1257 4295 1377 4349 cap.
1414 4279 1481 4345 2,
1511 4297 1567 4349 p.
1623 4281 1758 4344 379,
1796 4289 1849 4334 et

274 4384 396 4439 cap.
426 4369 479 4434 5,
517 4384 570 4438 p.
606 4369 710 4424 445
743 4384 896 4439 seqq.
925 4369 1063 4436 Quid
1090 4371 1236 4440 quod
1269 4379 1322 4424 et
1359 4387 1496 4425 :erea
1553 4372 1638 4426 illa
1668 4380 1845 4428 statua

1964 506 2155 560 πλοῖδα
2204 507 2445 577 κοσμίως
2498 506 2979 579 περιϐεϐλημένον,
3012 509 3112 563 hoc
3139 519 3221 564 est
3260 511 3544 581 duplicata

1962 608 2130 664 veste,
2165 597 2346 652 tunica
2389 597 2508 650 scil.
2546 605 2600 651 et
2646 597 2828 668 pallio,
2861 600 3116 654 decenter
3147 600 3421 667 indutum,
3476 617 3544 654 ex

1963 691 2240 746 communi
2289 691 2448 745 istius
2480 690 2655 744 aetatis
2705 691 2963 760 Opinione
2992 703 3044 745 et
3081 692 3348 747 vestiendi
3385 707 3544 746 more

1963 782 2433 852 repraesentaverit
2485 781 2595 850 (28)
2644 799 2656 835 :
2696 790 2754 834 ut
2803 781 2937 836 adeo
2969 783 3073 836 hoc
3103 783 3412 838 vestimenti
3450 799 3541 850 ge-

1965 890 2066 929 nus
2098 890 2127 929 a
2159 875 2348 944 primis
2376 873 2633 929 Ecclesia:
2655 873 2982 929 Christiana:
3011 877 3226 932 sarculis
3253 877 3545 948 haudqua-

1962 983 2124 1038 quam
2161 967 2325 1021 fuerit
2359 967 2619 1022 alienum.
2657 965 2813 1022 Nulla
2845 969 3073 1037 proinde
3109 986 3151 1024 s'
3178 970 3344 1038 ppetit
3372 971 3532 1038 ratio,

1963 1075 2061 1114 cur
2092 1058 2279 1128 longas
2311 1066 2489 1112 vestes
2517 1058 2874 1128 episcopales,
2909 1059 2954 1113 si
2989 1074 3019 1113 a
3055 1059 3277 1130 reliquis
3305 1063 3531 1115 vestium

1964 1151 2299 1204 ornamentis
2331 1150 2589 1220 paulatim
2627 1151 2949 1206 introductis
2997 1151 3432 1213 discesserimus.
3468 1154 3534 1207 ad

1967 1252 2210 1312 tempora
2248 1243 2445 1298 saeculo
2479 1259 2530 1295 tv
2566 1243 2648 1297 vel
2679 1259 2708 1296 v
2738 1242 2994 1297 inferiora
3045 1243 3260 1298 demum
3294 1246 3534 1301 referen-

1962 1327 2061 1383 das
2082 1343 2202 1383 esse
2221 1338 2442 1385 censeat
2463 1329 2862 1386 Tillemontius.
2891 1331 3236 1386 Contrarium
3263 1333 3398 1389 forte
3422 1336 3533 1405 jam

1967 1428 2079 1474 tum
2127 1420 2304 1492 colligi
2341 1431 2522 1491 posset
2565 1439 2626 1477 ex
2665 1422 2961 1494 Polycratis
3013 1423 3371 1493 Ephesiorum
3416 1429 3534 1496 cpi-

1964 1512 2113 1581 scepi
2160 1514 2324 1567 modo
2351 1514 2579 1585 allegata
2614 1514 2842 1583 epistola
2877 1515 3019 1584 apud
3054 1516 3346 1571 Eusebium
3383 1517 3532 1572 Hist.

1963 1603 2114 1669 et‘cl.,
2148 1605 2241 1658 lib.
2284 1620 2336 1669 v,
2371 1619 2419 1658 c.
2449 1604 2540 1669 25,
2573 1604 2625 1658 in
2657 1621 2765 1675 qua
2814 1605 2871 1659 S.
2914 1606 3179 1663 Joannem
3224 1612 3533 1680 apostolum

1969 1705 2238 1751 memorat
2279 1697 2338 1749 τὸ
2372 1698 2622 1761 πέταλον,
2675 1698 2788 1752 sive
2818 1699 3077 1755 laminam
3115 1719 3371 1771 auream,
3418 1717 3536 1760 tan-

1963 1803 2126 1858 quam
2177 1788 2533 1842 sacerdotalis
2576 1788 2794 1844 liabitus
2829 1789 3060 1859 insigne,
3097 1805 3338 1862 gestasse
3383 1796 3531 1867 (29),

1962 1882 2161 1951 quippe
2190 1881 2334 1950 quod
2369 1881 2593 1936 honoris
2626 1883 2837 1953 insigne
2867 1885 3073 1953 primos
3114 1887 3237 1942 illos
3266 1889 3535 1946 Christia-

1961 1989 2156 2029 norum
2194 1974 2476 2044 pontiﬁces
2521 1975 2770 2044 exemplo
2821 1973 3172 2031 Judaicorum
3210 1983 3532 2049 pontificum

1962 2065 2204 2120 imitatos
2244 2079 2366 2120 esse
2395 2064 2696 2120 arbitratur
2725 2064 2891 2120 llenr.
2928 2066 3178 2124 Valesius
3209 2071 3262 2124 in
3296 2073 3442 2128 notis
3466 2075 3533 2128 ad

1962 2153 2107 2209 hunc
2136 2155 2335 2210 locum.
2373 2153 2572 2209 Verum
2608 2171 2732 2210 cum
2770 2159 3019 2213 nonnulli
3048 2159 3158 2230 (50)
3199 2163 3312 2216 hate
3350 2165 3534 2232 potius

1960 2247 2332 2318 metapltorice
2363 2247 2590 2316 intelligi
2623 2249 2836 2315 malint,
2867 2266 2972 2304 non
2997 2252 3144 2321 quod
3177 2251 3416 2311 Joannes
3450 2274 3534 2312 re-

1961 2353 2086 2392 vera
2119 2340 2374 2394 sacerdos
2413 2338 2596 2403 luerit,
2632 2342 2713 2396 vel
2742 2357 2866 2396 cum
2900 2345 3336 2400 sacerdotalibus
3363 2362 3532 2402 orna-

1957 2428 2157 2484 mentis
2188 2428 2437 2484 incedere
2459 2430 2654 2486 solitus
2677 2442 2839 2499 esset,
2869 2433 2962 2488 sed
2999 2435 3128 2504 quia
3149 2435 3390 2505 dotibus,
3417 2455 3533 2493 me-

1959 2519 2100 2585 ritis,
2132 2521 2353 2586 virtute,
2382 2523 2692 2586 sanctitate,
2733 2525 3045 2582 sacerdotes
3073 2525 3344 2584 Leviticos
3369 2545 3532 2601 supe-

1957 2621 2125 2677 raret,
2160 2621 2214 2667 et
2243 2613 2572 2685 cognitionis
2605 2631 2717 2670 suae
2746 2617 3080 2673 sublimitate
3112 2620 3183 2674 ita
3221 2637 3279 2675 se
3315 2623 3529 2678 attolle-

1957 2715 2038 2760 ret
2066 2715 2121 2760 et
2146 2714 2478 2775 assurgeret,
2512 2715 2572 2761 ut
2601 2708 2770 2763 ccelos
2799 2709 2947 2778 ipsos
2973 2720 3025 2764 et
3061 2708 3259 2766 Sancta
3307 2724 3529 2770 saneto-

1956 2811 2073 2851 rum
2092 2811 2407 2867 penetrasse
2430 2797 2702 2853 videretur
2723 2818 2735 2852 :
2762 2802 2928 2854 misso
2947 2801 3221 2872 paulisper
3243 2804 3347 2858 isto
3377 2808 3530 2860 testi-

1954 2891 2161 2958 monio,
2194 2889 2392 2946 fortius
2419 2906 2718 2961 provocare
2741 2892 2925 2948 licebit
2955 2894 3023 2948 ad
3053 2896 3271 2951 Eusebii
3303 2897 3532 2955 Caesari-

1953 2984 2101 3039 ensis
2150 2983 2447 3038 orationem
2499 2985 2877 3056 panegyricam
2918 2987 2984 3040 de
3023 2987 3383 3046 aedificatione
3429 2992 3530 3047 Ee—

1953 3073 2246 3131 clesiarum
2291 3074 2521 3132 Paulino
2565 3074 2854 3148 Tyriorum
2907 3080 3164 3150 episcopo
3208 3081 3273 3136 Α.
3325 3083 3387 3137 C.
3422 3085 3528 3139 513

1953 3167 2186 3235 dictam;
2244 3167 2299 3222 in
2349 3183 2454 3239 qua
2509 3165 2799 3223 Paulinum
2855 3178 3190 3240 czeterosque
3240 3174 3530 3245 episc0pos

1951 3268 2247 3329 praesentes
2280 3261 2463 3316 statim
2494 3262 2564 3315 ab
2598 3259 2755 3315 initio
2790 3260 2936 3316 hunc
2963 3261 3016 3315 in
3051 3265 3272 3317 modum
3297 3265 3530 3335 alloqui-

1951 3359 2042 3404 tur
2071 3372 2084 3404 :
2114 3346 2184 3403 Ὦ
2222 3351 2364 3420 φίλοι
2392 3351 2527 3404 Θεοῦ
2557 3352 2651 3405 καὶ
2683 3354 2867 3424 ἱερεῖς,
2897 3355 2944 3406 οἱ
2969 3352 3059 3406 τὸν
3094 3355 3245 3423 ἅγιον
3277 3357 3488 3430 ποδήρη
3513 3399 3528 3422 ,

1953 3443 2045 3495 καὶ
2075 3442 2164 3494 τὸν
2194 3443 2443 3514 οὐράνιον
2471 3444 2566 3513 τῆς
2599 3443 2755 3513 δόξης
2784 3445 3067 3514 στέφανον,
3103 3447 3164 3499 τό
3217 3465 3272 3501 τε
3322 3449 3530 3521 χρίσμα

1949 3535 2012 3587 τὸ
2043 3533 2242 3598 ἔνθεον,
2294 3535 2386 3586 καὶ
2423 3533 2521 3604 τὴν
2565 3536 2846 3606 ἱερατικὴν
2876 3536 2970 3588 τοῦ
3017 3537 3170 3606 ἁγίου
3211 3539 3527 3611 Πνεύματος

1953 3625 2144 3696 στολὴν
2172 3623 2644 3695 περιϐεϐλημένοι,
2680 3642 2734 3678 κ.
2767 3643 2819 3678 τ.
2849 3626 2898 3679 λ.
2936 3627 3111 3681 Amici
3139 3639 3188 3682 et
3227 3634 3526 3687 sacerdotes

1951 3715 2070 3782 Dei,
2092 3716 2184 3786 qui
2214 3731 2370 3768 sacra
2397 3717 2576 3767 tunica
2621 3715 2785 3768 talari
2809 3716 3004 3782 induti,
3042 3728 3091 3770 et
3121 3719 3316 3772 caelesti
3343 3723 3528 3790 glorite

1923 3825 2141 3879 corona
2157 3807 2413 3874 decorati,
2433 3808 2713 3878 divinaque
2736 3809 2979 3862 unctione
3005 3797 3246 3876 delibuti,
3274 3822 3322 3866 et
3351 3831 3526 3868 sacer-

1950 3904 2121 3957 dotali
2163 3903 2336 3956 sancti
2390 3902 2626 3972 Spiritus
2679 3913 2815 3956 veste
2862 3905 3047 3957 amicti
3096 3906 3242 3969 estis,
3272 3917 3377 3962 etc.
3411 3909 3522 3978 (51)

1951 3994 2084 4061 Quae
2118 3996 2280 4049 verba
2315 3994 2360 4049 si
2392 3995 2589 4050 iterum
2636 4009 2702 4050 ex
2744 3995 3014 4050 sententia
3052 3995 3252 4068 Moynii
3288 4001 3526 4070 tropoloo

1951 4087 2070 4157 gice
2105 4094 2319 4140 tantum
2349 4093 2402 4141 et
2431 4101 2524 4155 per
2569 4085 2891 4140 allusionem
2926 4086 2993 4140 ad
3024 4087 3268 4142 habitum
3305 4090 3526 4160 pontiﬁ-

1949 4180 2124 4235 calem
2154 4176 2220 4233 V.
2256 4177 2320 4234 T.
2351 4179 2615 4248 accipere,
2644 4193 2745 4233 nec
2775 4178 2940 4232 simul
2967 4179 3034 4234 ad
3066 4189 3386 4249 praesentem
3427 4197 3526 4238 ven

1952 4273 2142 4327 stilum
2189 4272 2554 4342 episcopalem
2587 4271 2747 4327 istius
2777 4272 3038 4342 temporis
3091 4274 3362 4342 respicere
3391 4289 3455 4329 ve
3519 4304 3530 4318 ι

1952 4378 2097 4426 ntus,
2130 4365 2420 4418 verendum
2471 4362 2594 4428 erit,
2643 4377 2712 4418 ne
2754 4363 3026 4432 integrum
3063 4363 3265 4420 factum
3301 4366 3525 4421 history-

272 4459 662 4520 Paneadensis.
685 4476 847 4530 quam
867 4449 1134 4517 Eusebius
1158 4463 1620 4518 luculentissimus
1639 4472 1694 4516 et
1715 4477 1846 4517 oen-
1881 4441 1922 4495 θ
1951 4471 2074 4510 cum
2107 4455 2174 4510 de
2207 4455 2406 4524 lcmplo
2437 4455 2488 4508 ἱη
2518 4454 2649 4510 urbe
2678 4453 2820 4527 Tyro
2854 4463 3131 4510 GXSU‘UClO
3160 4456 3278 4525 Pari
3310 4459 3523 4512 ratione

275 4553 419 4609 latus
444 4553 594 4608 testis
626 4554 766 4624 apud
794 4553 1094 4609 Caesaream
1127 4553 1358 4624 Philippi
1390 4570 1560 4624 usque
1591 4554 1654 4609 ad
1684 4572 1841 4610 suam

273 4767 561 4817 atomum:
609 4755 678 4810 de
715 4753 914 4824 quibus
959 4754 1061 4824 legi
1107 4755 1306 4824 poterit
1349 4755 1399 4808 J.
1444 4757 1508 4809 Α.
1561 4755 1846 4813 Fabricius

275 4833 332 4885 in
364 4826 689 4882 Bibliotheca
726 4822 932 4892 Grazca,
963 4822 1067 4881 vol.
1104 4822 1211 4892 VII,
1239 4841 1292 4896 p.
1322 4825 1449 4892 558,
1478 4834 1532 4880 et
1558 4827 1666 4881 vol.
1709 4827 1842 4894 VIII,

273 4916 462 5042 1λᾶἕ)
497 4968 652 5042 Tom.
681 4967 781 5042 iV,
811 4982 864 5037 p.
888 4965 993 5021 487
1022 4981 1130 5035 sq.,
1154 4967 1311 5036 cujus
1341 4968 1504 5042 verba
1521 4968 1727 5042 citavit
1750 4967 1848 5022 Fa-

272 5037 480 5098 bricius
509 5041 563 5095 in
595 5039 805 5094 Delectu
833 5047 1258 5107 argumentorum
1287 5048 1334 5091 et
1371 5037 1576 5107 syllaba
1621 5038 1845 5106 scripto-

273 5129 394 5167 rum
424 5112 488 5165 de
519 5115 736 5165 veritate
766 5108 1034 5178 religionis
1064 5106 1287 5173 Christ,
1316 5123 1369 5177 p.
1403 5106 1497 5178 7676,
1526 5124 1676 5178 seqq.

348 5182 461 5266 (2-6)
496 5181 634 5264 Hinc
664 5183 716 5234 in
763 5177 1186 5266 missa
1219 5179 1361 5266 apud
1407 5177 1688 5266 llugonein
1716 5178 1844 5266 [illeo

271 5248 507 5311 nardum
535 5254 586 5307 in
605 5252 898 5322 appendiee
921 5249 989 5322 ad
1015 5248 1209 5304 librum
1231 5248 1694 5322 Sacramentorunt.
1712 5249 1845 5322 Gre-

273 5325 416 5397 gorii
449 5319 726 5397 Magoni).
765 5339 838 5375 m.
869 5320 996 5397 261,
1033 5323 1154 5397 post
1193 5328 1470 5397 acceptam
1509 5319 1706 5397 stolam
1745 5321 1844 5397 nti-

274 5391 799 5462 ;tistratur‘episcopo
824 5392 1001 5445 tunica
1024 5391 1166 5460 gyris
1202 5391 1259 5442 in
1286 5391 1652 5462 tintinnabulis
1692 5391 1844 5462 miri-

272 5467 372 5535 ﬁce
398 5460 1154 5535 refecta,ad_similitudi_n_eni
1175 5460 1484 5535 sacerdotis
1510 5461 1788 5535 Aaronici.

348 5528 465 5605 (27)
498 5532 664 5605 Conl.
689 5532 877 5586 Matth.
906 5548 982 5597 ιχ,
1012 5532 1103 5605 2Q,
1128 5531 1188 5584 21
1217 5528 1428 5605 ;AMarc.
1451 5546 1518 5605 _v,
1547 5529 1617 5605 27
1649 5540 1701 5584 et
1730 5533 1798 5605 5t)
1825 5548 1838 5593 ;

271 5600 584 5668 Joanﬁxtx,
614 5603 706 5664 εδ,
739 5619 806 5656 ex
847 5618 957 5672 quo
986 5603 1178 5656 ultimo
1218 5602 1406 5672 liquet,
1441 5600 1714 5672 Christum
1741 5602 1843 5652 du-

274 5677 404 5748 plici
435 5691 596 5732 usum
645 5688 765 5728 esse
813 5670 976 5728 vestis
1018 5688 1235 5743 genere,
1271 5671 1477 5726 scilicet
1515 5670 1748 5741 ἱματίοις
1788 5679 1841 5726 et

271 5765 478 5822 χιτωνι.

590 5841 860 5904 Ρλτιιοι..
907 5838 1021 5899 Gn.
1056 5837 1136 5898 X.

1952 4550 2005 4604 in
2031 4549 2230 4604 factum
2256 4546 2530 4620 quoddam
2560 4547 2991 4616 metaphoricum
3013 4556 3364 4602 convertatur
3385 4550 3519 4621 (52).

2020 4752 2132 4822 (28)
2171 4751 2290 4804 Vill.
2330 4751 2546 4804 Eusebii
2586 4749 2728 4822 "ist.
2755 4749 2980 4822 eccl.lib.
3019 4765 3112 4822 vit,
3139 4749 3375 4822 cap.

2021 4752 2109 4822 (28
2171 4752 2290 4804 Vill.
2330 4752 2546 4804 Eusebii
2586 4752 2728 4802 "ist.
2755 4752 2980 4804 eccl.lib.
3019 4765 3112 4812 vn,
3139 4765 3256 4816 cap.
3293 4752 3375 4803 18.

2021 4752 2132 4893 (‘29;
2179 4825 2298 4875 Ἔτι
2351 4821 2406 4874 δὲ
2439 4822 2547 4893 Δκαὶ
2587 4820 2874 4893 ξῐωᾲννης,Δ
2905 4822 2932 4872 ὁ
3085 4819 3168 4893 ab
3207 4820 3400 4893 στῆθος
3427 4818 3520 4893 τοῦ

1948 4888 2155 4964 Κυρίου
2205 4888 2524 4964 ᾁναπεσώνς
2582 4890 2641 4954 ὃς
2691 4889 2918 4964 ἐγενῄβη
2966 4889 3144 4962 ἱερεὺς
3180 4889 3241 4942 τὸ
3289 4888 3518 4943 πέταλον

1949 4959 2288 5035 πεῴορεῖιῲς,
2323 4964 2414 5035 icui.
2448 4960 2782 5035 μάρτυς-καὶ
2805 4959 3140 5035 διδάειηιὼρςἶ

2019 5030 2132 5104 (⁷50)
2160 5033 2280 5088 Vid.
2316 5030 2504 5103 Steph.
2530 5030 2589 5086 'le
2631 5030 2909 5104 Moyn_e,_l_._
2938 5046 2988 5085 c.
3035 5047 3086 5100 p.
3117 5030 3208 5094 28,
3237 5040 3512 5104 et_vener.

1949 5103 2010 5158 E.
2046 5099 2801 5180 S.'Cyprianusinunctisgad
2847 5099 3234 5180 Hieroriymmu
3281 5101 3516 5180 pen-ri-

1949 5125 2010 5158 ιδ.
2046 5125 2103 5159 δ.
2133 5125 2438 5226 υγῖΐιίὶηυδ
2465 5125 2517 5156 111
2560 5125 2704 5156 Imus
2737 5125 2801 5154 ait
2847 5125 3234 5171 xllcrUtIytuum
3281 5125 3514 5179 νεοπη-

1945 5178 2084 5244 ptor.
2123 5193 2209 5229 ecc
2239 5215 2276 5237 .,
2323 5190 2440 5249 cap.
2478 5173 2566 5249 45:,
2605 5189 2656 5242 p.
2685 5173 2834 5249 "121‘,
2877 5186 2940 5249 eat
2975 5173 3104 5249 edit.
3138 5170 3373 5249 Fabricii

1948 5237 2221 5300 bliotheca:
2255 5237 2646 5298 ecclesiastica".
2679 5239 2839 5296 Conl‘.
2871 5242 3033 5294 etiam
3061 5239 3146 5293 Jo.
3181 5238 3347 5294 Gottl.
3398 5237 3514 5290 Hei-

1948 5318 2120 5370 nrccii
2149 5316 2283 5369 diss.
2316 5315 2392 5368 De
2419 5314 2599 5369 habitu
2627 5322 2675 5366 et
2714 5312 3006 5381 insignibus
3037 5310 3395 5379 apostolorum
3419 5325 3511 5363 sa-

1946 5386 2318 5439 cerdotalibus.

2019 5457 2130 5524 (5i)
2177 5455 2298 5510 Vid.
2345 5453 2564 5510 Eusebii
2613 5453 2754 5508 Ilist.
2795 5452 2950 5516 eccl.,
2981 5451 3073 5504 lib.
3112 5467 3167 5517 x,
3199 5465 3319 5520 cap.
3356 5448 3412 5513 4,
3454 5463 3510 5517 p.

1945 5543 2017 5580 m.
2045 5527 2168 5580 571.

2018 5598 2130 5659 (52)
2181 5594 2340 5649 Conf.
2387 5593 2474 5648 ιο.
2527 5593 2689 5648 Mich.
2748 5591 3021 5646 lleineccii
3073 5589 3376 5659 Abbildung
3417 5589 3511 5642 der

1945 5667 2312 5727 Griechischen
2369 5665 2584 5732 Kirche,
2616 5673 2753 5734 part.
2790 5679 2872 5728 tu,
2905 5678 3024 5732 cap.
3065 5663 3117 5724 1,
3156 5659 3304 5732 523,
3333 5676 3386 5730 p.
3416 5659 3508 5717 ὅτ.

3120 5823 3200 5886 33
