3930 7156
541 330 693 390 1555

1832 329 2193 388 MACARIUS
2230 329 2536 390 MAGNES.

3560 343 3659 404 1556

549 451 626 506 De
655 449 881 506 [leracla
918 449 1301 506 Alexandrinae
1347 449 1604 508 Ecclesiae
1647 452 1988 524 presbytero,
2035 468 2127 520 qui
2164 457 2204 512 Α
2235 451 2380 506 haud
2412 459 2602 506 curate
2630 449 2900 521 expressit
2927 445 3070 506 Guil.
3103 449 3295 507 Caveus
3323 452 3370 508 in
3399 453 3582 516 Historia
3607 466 3667 520 tu.

549 551 740 613 postea
766 541 1010 613 ejusdem
1040 541 1146 596 loci
1179 542 1470 611 episcopus
1500 541 1622 607 fuit,
1649 541 1761 611 jam
1798 549 1912 596 tum
1941 539 2131 610 Orige-

550 648 650 688 nes
699 635 840 702 apud
870 630 1192 697 Eusebium,
1230 629 1373 686 Hist.
1408 633 1537 685 ecct.
1575 631 1669 685 lib.
1701 647 1779 697 vi,
1832 645 1882 686 c.
1925 631 2027 695 19,
2073 646 2128 700 p.

548 724 678 790 2‘21,
708 731 968 789 testatur,
1002 723 1181 789 illum,
1214 738 1339 778 cum
1375 721 1590 792 vulgari
1621 730 1768 778 veste
1802 731 1960 777 antea
1999 739 2132 778 usus

551 816 768 881 fuisset,
820 830 884 870 ea
926 815 1174 884 deposita
1209 816 1644 887 phiIOSOphicum
1684 816 1930 871 induisse
1977 816 2134 870 habi-

550 918 668 962 tum
699 906 840 980 (hoc
860 916 943 963 est
964 907 1188 977 pallium
1214 923 1340 962 cum
1368 908 1606 974 tunica),
1629 907 1875 977 illudque
1904 907 2132 978 pallium

553 1010 742 1070 postea
769 1001 932 1055 etiam
965 999 1263 1054 retinuisse
1293 999 1428 1070 ('55).
1458 998 1676 1054 Pacatis
1702 1013 1832 1054 vero
1866 997 2138 1054 Christian

553 1108 751 1149 norum
788 1093 972 1160 rebus,
1015 1093 1191 1164 magis
1223 1092 1452 1148 invaluit
1481 1093 1714 1148 vestitus
1756 1092 2138 1148 sacerdotibus

553 1184 831 1256 proprius.
867 1183 1076 1240 Stolam
1109 1186 1502 1241 sacerdotalem
1534 1200 1671 1240 auro
1701 1195 2013 1240 contextam
2045 1201 2139 1240 rc-

559 1281 664 1336 fert
701 1280 1081 1336 Theodoretus
1111 1283 1223 1353 (51)
1266 1299 1296 1336 a
1325 1281 1689 1339 Constantino
1731 1282 1927 1354 Magno
1969 1283 2139 1339 dona-

556 1382 665 1427 tam
697 1371 938 1429 Macario
966 1390 1222 1446 episcopo
1251 1373 1770 1447 I-lierosolymitano,
1805 1388 1864 1431 ut
1892 1391 1954 1433 ea
1981 1375 2139 1431 indu-

557 1475 644 1519 tus
671 1464 842 1520 divini
875 1467 1132 1536 baptismi
1169 1467 1534 1523 ministerium
1570 1477 1875 1539 perageret.
1910 1467 1987 1522 Ex
2029 1482 2140 1538 quo

564 1557 689 1611 loco
711 1568 935 1628 apparet
960 1573 1124 1627 quam
1156 1568 1365 1616 vetusta
1397 1563 1468 1616 sit
1498 1562 1837 1616 consuetudo
1858 1577 2138 1618 sacrarum

560 1648 794 1703 vestium
845 1649 900 1702 in
953 1649 1220 1717 Ecclesia,
1264 1651 1546 1722 judicantc
1599 1651 1763 1708 Ilenr.
1821 1652 2040 1709 Valesio
2086 1653 2140 1707 in

549 1741 1000 1798 adnotationibus
1069 1743 1136 1798 ad
1184 1745 1240 1798 h.
1286 1746 1324 1798 l.
1376 1747 1747 1814 Eustathium,
1783 1746 2044 1803 Schastia:
2087 1748 2138 1802 in

2240 545 2440 597 teraria
2470 545 2654 614 script.
2689 541 2842 610 eccl.,
2879 557 2935 613 p.
2969 557 3041 596 m.
3074 542 3190 610 114,
3229 544 3436 602 scribens
3465 567 3477 604 :
3504 550 3668 622 Magnes,

2235 637 2462 706 scriptor
2482 639 2631 692 valde
2645 637 2918 702 obscurus,
2941 637 3070 692 vixit
3095 635 3160 708 (si
3178 646 3361 693 (etatem
3379 641 3468 710 ejus
3485 657 3586 704 recte
3599 652 3673 705 col-

2234 731 2401 786 locent
2443 730 2738 786 Turrianus
2804 741 2856 787 et
2895 730 3205 799 Scribonius)
3247 733 3370 787 circa
3401 752 3553 792 annum
3589 743 3672 799 350.

2235 823 2539 880 Turrianus
2584 824 2732 880 enim
2783 824 2912 879 totis
2957 823 3199 877 ducentis
3242 825 3380 880 annis
3404 829 3674 899 antiquiorem

2239 929 2366 969 eum
2400 911 2627 981 fecerat,
2658 921 2871 969 aetatem
2901 912 3020 983 ejus
3048 927 3152 966 non
3180 911 3244 966 ad
3270 912 3329 969 A.
3353 913 3406 970 C.
3432 916 3530 984 550,
3551 921 3617 976 sed
3635 924 3678 978 ad

2237 1021 2444 1062 annum
2476 1007 2578 1061 150
2602 1006 2866 1062 referens.
2893 1003 3158 1059 Antonius
3177 1000 3462 1062 Possevinus
3484 1009 3527 1064 in
3554 1012 3674 1082 Appa-

2238 1107 2361 1152 ratu
2387 1092 2542 1153 sacro
2573 1097 2710 1169 ('58),
2742 1106 2873 1153 toni.
2905 1095 2969 1164 Il,
3003 1112 3058 1167 p.
3093 1112 3168 1152 m.
3201 1097 3555 1170 50,1Magnetem
3584 1105 3682 1163 circa

2239 1206 2447 1246 annum
2469 1191 2532 1246 C.
2548 1190 2652 1247 508
2666 1189 2919 1244 ﬂoruisse
2931 1189 3221 1258 existimat,
3245 1191 3362 1245 dum
3381 1195 3578 1250 eumdem
3601 1216 3680 1267 per-

2239 1290 2502 1335 vetustum
2546 1291 2812 1335 auctorem
2872 1281 3148 1348 nominat,
3192 1282 3401 1352 quiante
3430 1286 3689 1346 milleettre-

2240 1383 2416 1428 centos
2441 1391 2606 1427 annos
2635 1373 2960 1444 evangelica:
2990 1373 3243 1444 apologia:
3272 1375 3421 1432 libros
3441 1376 3583 1434 Graece
3599 1384 3689 1437 scri-

2239 1465 2410 1536 pserit
2436 1466 2504 1521 ad
2535 1465 2938 1521 Theosthcnem
2971 1465 3228 1521 adversus
3259 1468 3458 1536 gentiles
3496 1469 3691 1544 Evangelii

2241 1558 2690 1613 calumniatores.
2739 1557 2980 1613 Thomas
3032 1557 3226 1614 Bozius
3273 1558 3559 1630 Eugubinus,
3595 1564 3692 1619 Con-

2242 1649 2572 1721 gregationis
2600 1649 2834 1705 Oratorii
2875 1649 3178 1722 presbyter,
3214 1653 3383 1706 saeculi
3410 1669 3434 1705 v
3463 1655 3692 1725 scriptorem

2243 1741 2528 1797 constituit
2574 1757 2696 1796 cum
2744 1742 2800 1795 in
2843 1755 3008 1811 opere
3058 1740 3129 1795 De
3175 1743 3330 1811 signis
3376 1742 3579 1799 Ecclesia
3617 1747 3693 1816 Dei,

553 1835 813 1889 Armenia
857 1835 1196 1906 episcopum,
1234 1853 1264 1891 a
1301 1847 1455 1907 patre
1499 1855 1601 1894 suo
1631 1805 1846 1894 Eulalia
1879 1839 2142 1894 Caesareae
2174 1805 2216 1861 Β
2247 1834 2340 1889 lib.
2380 1850 2493 1898 xw,
2525 1849 2578 1904 p.
2619 1834 2680 1889 51
2715 1833 2851 1906 (59),
2883 1805 3116 1889 scribit:
3147 1805 3282 1887 Audi
3312 1851 3434 1888 nunc
3469 1805 3694 1907 Magnetem,

548 1926 940 1996 Cappadocum
998 1928 1256 2000 episcopo
1310 1930 1616 2000 depositum
1681 1932 1889 1997 fuisse,
1947 1930 2141 2004 ἐπειδὴ

553 2018 893 2090 ἀνάρμοστον
941 2022 1005 2090 τῇ
1027 2021 1315 2096 ’ἱερωσύνῃ
1350 2023 1543 2095 στολὴν
1581 2023 1871 2095 ἠμφίεστο,
1909 2041 1967 2078 eo
2001 2025 2139 2095 quod

555 2119 743 2163 vestem
771 2109 1035 2164 sacerdoti
1080 2112 1292 2166 minime
1327 2115 1710 2169 convenientem
1735 2124 2015 2185 gestasset,
2041 2130 2140 2170 au-

553 2210 666 2255 ctor
695 2210 780 2256 est
809 2199 1064 2258 Socrates
1093 2202 1144 2256 in
1180 2202 1324 2260 Hist.
1354 2206 1482 2260 eccl.
1513 2207 1608 2261 lib.
1639 2223 1702 2270 ιι,
1733 2222 1855 2278 cap.
1906 2207 1997 2262 45.
2039 2205 2140 2262 So-

557 2308 825 2348 zomenus
870 2293 984 2364 (55)
1021 2309 1133 2350 rem
1173 2296 1346 2364 magis
1377 2297 1636 2365 illustrat,
1673 2313 2136 2364 commemorans,

555 2384 942 2453 Eustathium,
999 2385 1186 2441 habito
1237 2389 1471 2445 concilio
1534 2389 1858 2462 Gangrensi,
1920 2391 1974 2445 in
2030 2406 2139 2460 quo

555 2475 945 2544 damnabatur,
979 2489 1220 2537 mutasse
1253 2491 1482 2548 vestem,
1525 2493 1580 2539 et
1619 2483 1977 2541 conformiter
2013 2485 2139 2540 reli-

555 2572 678 2642 quis
710 2573 1084 2629 sacerdotibus
1125 2578 1482 2645 processisse.
1522 2577 1674 2635 Unde
1720 2578 1933 2650 liquido
1973 2593 2139 2649 appa-

555 2673 658 2729 ret,
693 2666 980 2737 episcopos
1012 2667 1132 2736 ejus
1177 2672 1458 2740 temporis,
1499 2673 1712 2742 abjccto
1750 2673 1916 2743 pallio
1959 2672 2138 2743 philo-

555 2755 800 2825 sophice,
826 2756 940 2828 jam
983 2766 1099 2813 tum
1147 2761 1474 2830 peculiarem
1522 2764 1825 2833 sumpsisse
1858 2763 2129 2818 habitum.

555 2845 671 2902 lluc
701 2847 863 2902 etiam
905 2851 1138 2920 pertinet
1167 2852 1370 2920 tunica,
1400 2869 1508 2924 qua
1553 2856 1834 2927 presbyter
1866 2853 2132 2927 Nepotia-

554 2953 659 2993 nus
686 2938 738 2992 in
768 2939 1072 2996 ministerio
1101 2941 1305 2998 Christi
1339 2945 1625 3012 utebatur,
1661 2963 1826 3017 quam
1857 2953 1962 3009 sibi
2006 2959 2134 3014 reli-

548 3039 695 3085 ctam
733 3030 1097 3104 Hieronymus
1138 3036 1331 3091 scribit
1360 3037 1413 3092 in
1445 3039 1674 3108 epistola
1708 3043 1776 3097 de
1811 3045 1932 3115 ejus
1957 3061 2135 3109 morte

2241 1929 2333 1999 qui
2358 1927 2557 1982 vivebat
2584 1937 2707 1981 ante
2734 1942 2901 1981 arenas
2938 1927 3084 1981 mille
3110 1927 3350 1981 ducentos
3386 1936 3428 1981 et
3453 1928 3548 1998 ejus
3567 1933 3696 2000 scripta

2242 2028 2363 2072 sunt
2391 2017 2447 2070 in
2471 2015 2806 2071 Bibliotheca
2839 2016 3056 2072 Veneta.
3089 2016 3323 2072 Certiora
3349 2018 3560 2084 omnino,
3591 2035 3696 2090 quam

2249 2109 2471 2181 quidem
2517 2109 2782 2165 hactenus
2816 2109 3134 2175 habuimus,
3165 2109 3318 2164 nobis
3347 2111 3698 2180 praebentiudicia

2246 2203 2398 2257 Libri
2419 2203 2754 2258 antirrlzetici
2776 2202 3072 2274 Nicephori
3100 2204 3405 2275 patriarchae
3425 2204 3700 2261 Constantino-

2241 2295 2490 2365 politani,
2525 2296 2580 2350 in
2609 2296 2810 2366 quibus
2843 2297 3144 2367 disputatio
3189 2295 3492 2362 continetur,
3515 2313 3607 2367 quae
3628 2307 3700 2353 tota

2241 2398 2491 2443 versatur
2517 2388 2661 2444 circa
2693 2388 3068 2444 testimonium
3094 2387 3308 2443 Macarii
3339 2387 3583 2456 Magnetis,
3606 2389 3705 2460 quod

2241 2491 2431 2536 contra
2463 2481 2761 2552 imaginum
2791 2481 3001 2538 cultum
3036 2481 3106 2536 ab
3134 2480 3486 2536 lconomachis
3509 2490 3600 2535 erat
3620 2496 3707 2550 pro.

2241 2573 2464 2629 ductum
2511 2572 2661 2628 Illam
2687 2589 2815 2630 vero
2838 2573 3266 2644 disputationem
3291 2573 3471 2629 saeculo
3491 2589 3537 2626 ix
3555 2571 3705 2626 ineunte

2241 2672 2456 2719 constat
2476 2679 2603 2720 esse
2630 2666 2830 2720 editam
2859 2666 2928 2720 ab
2958 2665 3296 2721 antistitibus
3327 2665 3609 2731 orthodoxis,
3630 2663 3692 2735 qui

2241 2756 2342 2811 bus
2370 2765 2600 2826 prazerat
2623 2755 2965 2827 Nicephorus
2989 2755 3322 2826 patriarcha.
3341 2757 3396 2812 In
3417 2757 3546 2826 cujus
3562 2755 3708 2826 quidem

2239 2846 2398 2902 initio
2419 2857 2566 2903 certa
2593 2850 2844 2920 quaedam
2871 2851 3087 2904 auctori
3118 2858 3306 2903 nostro
3329 2849 3590 2919 assignatur
3607 2857 3706 2911 aetas.

2238 2937 2368 2992 dum
2407 2937 2664 2993 ﬂoruisse
2708 2939 2909 2995 ibidem
2942 2940 3151 2996 dicitur
3174 2941 3430 2997 Macarius
3460 2937 3633 3009 Magnes
3655 2953 3711 2990 an-

2239 3044 2341 3085 nos
2368 3030 2490 3101 plus
2515 3046 2678 3101 quam
2707 3039 2978 3087 trecentos
3002 3047 3032 3086 a
3058 3033 3236 3102 prima
3264 3030 3513 3102 Evangelii
3534 3028 3696 3100 praedita

551 3123 625 3213 ad
648 3121 1021 3213 Heliodorum.
1047 3126 1198 3184 Mitto
1217 3129 1449 3200 reliqua,
1482 3147 1604 3202 qua:
1632 3134 1698 3188 de
1729 3139 1971 3196 vestibus
2001 3159 2128 3213 pon-

2239 3121 2405 3188 tione,
2439 3122 2542 3177 hoc
2574 3133 2676 3186 est,
2705 3132 2828 3193 post
2864 3138 3070 3178 annum
3109 3140 3140 3179 a
3174 3134 3344 3179 morte
3371 3122 3544 3178 Christi
3570 3131 3713 3174 trecen-

556 3211 847 3269 titicalibus
877 3214 1218 3288 singulisque
1260 3221 1433 3277 sacris
1474 3222 1807 3284 indumentis
1846 3211 2134 3306 episcopo-

552 3319 674 3358 rum
707 3313 815 3360 tam
847 3311 1234 3368 communibus
1279 3329 1445 3384 quam
1495 3318 1882 3390 peculiaribus,
1923 3341 1990 3380 ex
2037 3343 2134 3383 an-

551 3396 804 3467 tiquitate
851 3400 1226 3460 ecclesiastica
1271 3407 1518 3464 studiose
1567 3411 1790 3483 collegit
1835 3417 2133 3478 cardinalis

551 3486 699 3544 Bona
726 3489 923 3546 Rerum
967 3493 1338 3565 liturgicarum
1369 3497 1464 3555 lib.
1512 3515 1553 3565 ι,
1598 3517 1720 3572 cap.
1761 3503 1851 3572 24,
1881 3515 1936 3562 et
1979 3507 2133 3581 llugo

545 3584 843 3644 Menardus
877 3589 932 3644 in
968 3591 1114 3647 notis
1139 3593 1206 3647 ad
1234 3591 1482 3666 Gregorii
1512 3611 1666 3668 papae
1689 3597 1910 3656 Librum
1944 3619 2132 3660 sacra-

545 3689 867 3748 mentorum,
902 3697 958 3752 p.
1004 3683 1102 3739 561
1138 3700 1316 3756 seqq.,
1346 3687 1439 3742 ubi
1469 3688 1635 3744 simul
1678 3691 1891 3749 iconem
1920 3695 1978 3752 S.
2021 3697 2129 3754 Re-

545 3773 702 3846 migii
733 3774 994 3846 episcopi,
1026 3778 1199 3833 sacris
1229 3780 1474 3836 vestibus
1514 3781 1710 3848 induti,
1742 3785 1962 3843 exhibet
1992 3790 2125 3862 (56).

546 3885 576 3959 §
623 3884 754 3941 Vlll.
788 3886 866 3942 De
906 3897 1066 3944 (etate
1112 3887 1344 3962 Macarii
1397 3890 1678 3962 Magnetis.
1717 3893 1987 3953 Probatur
2009 3917 2128 3955 eum

1072 3961 1269 4014 sazculo
1300 3977 1359 4016 tu
1385 3961 1596 4018 vixisse.

619 4047 696 4105 De
721 4057 882 4105 aetate
909 4051 1152 4107 auctoris
1181 4053 1378 4118 nostri,
1411 4069 1518 4124 qua
1546 4054 1752 4122 ﬂoruit,
1783 4066 1836 4112 et
1862 4074 1970 4130 quo
1992 4070 2128 4117 tem-

539 4155 679 4212 pore
703 4142 889 4213 scripti
933 4142 1043 4197 sint
1076 4142 1249 4213 ipsius
1277 4145 1402 4199 libri
1433 4146 1878 4217 Ἀποκριτικῶν,
1911 4153 2126 4211 diversa

544 4231 798 4290 feruntur
846 4235 1187 4291 eruditorum
1217 4235 1446 4306 judicia.
1487 4237 1686 4296 Franc.
1719 4239 2024 4301 Turrianus
2068 4245 2125 4300 in

543 4325 860 4397 Dogmatico
893 4327 956 4381 de
973 4327 1366 4397 justiﬁcatione
1397 4330 1581 4400 (quem
1617 4329 1805 4387 Roma:
1830 4335 1974 4404 apud
2010 4335 2125 4390 An-

540 4417 757 4474 tonium
787 4417 1014 4474 Bladum
1047 4433 1193 4474 anno
1224 4418 1360 4473 1551
1396 4418 1936 4492 typis('57)subjecit)
1975 4425 2124 4482 hunc

2237 3213 2514 3269 tesimum.
2560 3213 2637 3268 En
2675 3215 2790 3284 ipsa
2836 3214 3042 3269 codicis
3093 3231 3200 3270 ms.
3238 3214 3396 3270 verba
3435 3211 3652 3286 εΧρόνοις
3681 3207 3715 3261 ἃ

2236 3304 2461 3378 ὕστερον
2489 3306 2630 3377 ὑπὲρ
2658 3307 2785 3370 τοὺς
2813 3306 3166 3378 τριακοσίους
3191 3307 3497 3378 ἀκμάσαντα
3517 3304 3589 3356 τὸν
3607 3301 3715 3370 ἄνδρα

2234 3397 2784 3470 καταλαμϐανόμεθα,
2834 3397 2894 3463 ἐξ
2935 3391 2996 3453 οὗ
3043 3401 3108 3453 τὸ
3145 3397 3482 3453 ἀποστολικὸν
3523 3395 3596 3450 καὶ
3624 3391 3717 3445 θεῖον

2233 3490 2505 3563 ἐξέλαμψε
2554 3493 2838 3566 κήρυγμα.
2872 3485 2981 3556 Ἧς
3007 3490 3067 3544 δὲ
3115 3492 3326 3556 πόλεως
3368 3489 3543 3562 ἱερεὺς,
3584 3475 3716 3540 xui.th

2233 3580 2658 3653 ἐπετρόπευσεν,
2686 3581 2839 3637 οΰπω
2869 3582 3128 3654 λέγομεν,
3155 3584 3262 3648 ἕως
3295 3583 3359 3638 ἂν
3391 3581 3446 3636 τὸ
3485 3577 3716 3647 Μάγνητος

2231 3673 2622 3747 ἀκριῦἐστερον
2656 3677 2787 3747 ἡμῖν
2815 3675 3198 3749 καταληφθείη
3235 3674 3606 3744 ἐξεταζόμενον,
3627 3685 3662 3720 κ.
3685 3682 3716 3718 τ.

2230 3765 2280 3818 λ.
2322 3764 2510 3819 Virum
2542 3776 2719 3821 autem
2767 3767 2921 3821 illum
2967 3770 3323 3840 comperimus
3360 3767 3577 3837 ﬂoruisse
3611 3775 3718 3829 supra

2230 3873 2398 3925 annos
2441 3866 2718 3924 trecentos,
2760 3873 2826 3913 ex
2868 3876 2970 3930 quo
3019 3863 3258 3930 primum
3303 3857 3557 3928 apostolici
3591 3853 3722 3907 divini-

2229 3964 2327 4018 que
2349 3950 2602 4018 prwcom‘i
2628 3949 2723 4002 tua:
2745 3950 2967 4019 eﬂ‘ulsit.
2995 3949 3293 4020 Cujusnam
3315 3959 3483 4004 autem
3503 3947 3619 4002 urbis
3635 3959 3721 4014 pon-

2229 4040 2362 4109 tifex
2391 4040 2578 4110 fuerit,
2608 4051 2658 4094 et
2682 4058 2811 4112 quos
2837 4043 2973 4096 cives
3002 4045 3222 4110 rexerit,
3258 4044 3311 4096 id
3343 4042 3534 4113 quidem
3559 4037 3723 4093 nandum

2227 4133 2530 4201 deﬁnimus,
2585 4135 2762 4204 quoad
2816 4135 2880 4189 de
2929 4151 3050 4190 voce
3095 4135 3380 4192 MAGNETIS
3426 4136 3594 4190 certius
3627 4130 3722 4184 nobis

2226 4233 2446 4292 constet,
2487 4233 2592 4280 etc.
2633 4225 2956 4299 Magnopere
2983 4229 3184 4285 exinde
3208 4229 3320 4285 l‘alli
3358 4231 3519 4301 liquet
3537 4242 3630 4292 eos,
3657 4223 3716 4293 qui

2225 4313 2529 4388 Magnetem
2572 4326 2824 4373 nostrum
2864 4307 2927 4374 ut
2955 4336 3149 4374 novum
3189 4322 3419 4392 aliquem
3459 4337 3516 4373 ac
3543 4330 3724 4387 nuperum

2227 4406 2528 4461 erculum
2545 4408 2973 4477 calumniantur,
2997 4426 3121 4466 cum
3145 4411 3500 4482 scriptoribus
3520 4409 3662 4466 saeculi
3677 4421 3723 4468 ιι,

543 4507 845 4580 Magnetem
869 4520 1147 4566 auctorem
1175 4509 1556 4582 gravissimum
1583 4521 1636 4567 et
1658 4513 2118 4584 vetustissimum,
2152 4500 2198 4555 Ῐ)
2227 4498 2365 4556 bene
2396 4501 2696 4572 exploratis
2726 4503 2984 4559 omnibus
3031 4505 3484 4571 CirCUmSlﬂnliiS.
3517 4503 3626 4559 satis
3651 4499 3723 4570 iam

541 4616 705 4670 quem
734 4611 857 4656 ante
882 4602 1025 4657 mille
1056 4611 1106 4656 et
1138 4602 1549 4673 quadringentos
1578 4620 1742 4659 annos
1773 4608 1790 4676 (
1809 4606 1913 4662 hoc
1941 4619 2024 4664 est
2050 4610 2116 4666 A.

539 4691 604 4747 C.
640 4692 766 4763 150)
800 4693 1002 4750 vixisse
1028 4703 1202 4765 putat,
1227 4695 1502 4765 appellare
1531 4695 1676 4752 haud
1705 4708 1943 4755 veretur.
1969 4699 2120 4768 Qua-

540 4794 768 4855 propter
798 4793 854 4840 et
896 4783 1133 4845 Sandius
1163 4787 1220 4842 in
1254 4796 1413 4844 tract.
1452 4788 1529 4844 De
1559 4789 1814 4845 veteribus
1842 4794 2121 4863 scriptori-

540 4878 635 4928 bus
680 4875 889 4940 eccles.,
935 4893 989 4946 p.
1038 4893 1114 4934 m.
1160 4879 1250 4946 19,
1295 4881 1397 4935 hac
1435 4896 1668 4937 censura
1716 4897 1843 4938 eum
1873 4887 2114 4957 excipit:

540 4986 555 5012 ι
584 4960 1210 5035 Quiauctorquanquam
1251 4973 1524 5029 Turriano
1568 4985 1652 5030 est
1683 4976 1918 5048 scriptor
1943 4981 2118 5035 eccle-

536 5056 791 5111 siasticus
821 5059 1140 5128 temporibus
1183 5065 1544 5131 apostolorum
1591 5067 1818 5136 vicinus,
1859 5070 1994 5126 mihi
2029 5081 2115 5126 ta-

535 5163 660 5202 men
684 5157 772 5204 est
799 5159 982 5206 certus
1022 5152 1632 5214 haereticus.sTurrlani
1675 5161 1840 5234 igitur
1873 5173 2110 5220 mentem

603 5283 716 5371 {55)
743 5283 943 5371 Notum
973 5297 1058 5343 est
1085 5288 1217 5371 illud
1240 5290 1563 5371 Tertulliani
1597 5297 1650 5351 in
1675 5298 1889 5371 lib.,De
1912 5301 2105 5371 pallio,

533 5367 654 5424 cap.
682 5358 737 5423 6,
780 5358 872 5411 ubi
897 5373 956 5413 se
984 5360 1241 5418 omnibus
1285 5366 1624 5421 cumulatum
1674 5369 1835 5424 bonis
1880 5358 2111 5426 arbitra;

533 5432 644 5510 tur,
673 5427 830 5510 quod
849 5429 1076 5510 pallium
1103 5431 1301 5510 divinae
1329 5434 1688 5510 phil030phia:
1721 5450 2102 5510 argumentum

531 5497 786 5563 lnduerit,
800 5497 936 5573 d_t_tm_
952 5501 1172 5573 scribit:
1190 5503 1258 5556 At
1274 5497 1366 5573 ego
1385 5505 1503 5573 jam
1526 5497 1606 5560 me
1623 5509 1706 5561 illi
1725 5497 1888 5564 etiam
1911 5512 2107 5568 divinat

529 5573 688 5652 facta,
719 5583 782 5652 ac
803 5568 1101 5652 disciplina:
1145 5568 1453 5652 commercio
1495 5578 1728 5652 confero.
1762 5578 1948 5652 Gaude
1989 5583 2107 5652 pal-

526 5633 682 5723 lium,
711 5648 762 5690 et
792 5633 1014 5723 exsultd
1033 5659 1051 5696 :
1074 5643 1270 5723 melior
1290 5644 1409 5723 jam
1443 5656 1492 5700 te
1518 5633 2102 5723 philosophiadignata

528 5715 725 5788 est‘,_ea:
751 5725 854 5788 quo
888 5711 1249 5788 Christianum
1282 5711 1467 5788 vestire
1493 5711 1712 5788 sapisti.

601 5775 713 5848 (54)
757 5775 894 5834 Ilist.
927 5783 1078 5848 eccl.,
1118 5784 1150 5836 Ι.
1193 5801 1250 5850 ιι,
1280 5801 1329 5842 c.
1359 5786 1441 5841 27.

2230 4603 2345 4648 tum
2373 4605 2720 4666 perspectum
2748 4596 2930 4666 fuerit,
2963 4606 3246 4653 auctorem
3280 4600 3441 4656 istum
3465 4606 3643 4653 atatem
3660 4607 3723 4647 se-

2225 4686 2332 4741 culi
2366 4702 2448 4754 tu,
2489 4688 2576 4742 vel
2601 4688 2909 4758 incipientis
2937 4690 3122 4745 saeculi
3152 4707 3229 4758 IV,
3263 4703 3378 4762 prae
3403 4706 3460 4747 se
3489 4690 3624 4744 ferre.
3650 4683 3720 4737 Nec

2223 4785 2306 4833 est
2335 4779 2480 4848 quod
2532 4779 2862 4836 adversariis
2889 4790 3143 4852 suspecta
3179 4799 3307 4840 esse
3335 4792 3531 4855 queant
3557 4796 3625 4846 ea,
3647 4791 3726 4848 qua:

2222 4869 2289 4923 de
2316 4869 2478 4925 istius
2507 4873 2748 4928 auctoris
2781 4874 3105 4944 antiquitate
3144 4875 3204 4929 in
3239 4877 3403 4930 allata
3434 4872 3726 4944 disputatione

2222 4969 2559 5017 Statuuntur.
2595 4960 2930 5034 Expediebat
2971 4967 3116 5020 enim
3158 4967 3462 5040 imaginum
3498 4960 3729 5022 defensori-

2221 5050 2346 5118 bus,
2382 5053 2539 5107 Iidem
2567 5054 2821 5110 vellicare
2852 5065 2906 5111 et
2933 5057 3254 5130 infringere,
3285 5059 3635 5129 antiquitatem
3660 5068 3720 5122 pa-

2219 5146 2353 5200 riter
2381 5155 2545 5216 atque
2573 5148 2952 5204 auctoritatem
2993 5151 3327 5210 imminuere
3372 5153 3513 5209 illius
3556 5149 3726 5218 scripto-

2289 5302 2403 5380 (ἕξ)
2435 5299 2494 5380 In
2525 5300 2670 5380 Hist.
2699 5303 2825 5380 ccci.
2842 5303 2893 5380 Δ1.
2924 5320 3094 5380 m,_c.
3123 5305 3221 5380 l4.
3252 5377 3261 5380 _
3432 5379 3437 5380 γ
3560 5375 3585 5380 _
3621 5377 3628 5380 Α
3683 5372 3714 5380 η

2289 5370 2616 5449 (56)-βοῃῖ.
2661 5381 2715 5449 et
2757 5370 3032 5449 Heineccii
3063 5377 3375 5449 Abbildung
3406 5379 3497 5434 der
3549 5372 3731 5431 6νὶεείιὶ-

2215 5442 2384 5515 δεΙζςῃΑ
2409 5443 2637 5515 ζςξξνρὴε,
2665 5444 2700 5498 l.
2731 5459 2808 5515 9.,
2841 5461 2894 5515 p.
2925 5448 3013 5502 '58.

2285 5511 2545 5600 (ξχλνίἀ.
2574 5505 2704 5569 Ant.
2729 5505 3012 5572 Passerini
3032 5518 3339 5587 Apparatus
3371 5536 3538 5586 sacer,
3556 5525 3672 5574 tom.
3707 5505 3733 5566 Ι-

2215 5597 2269 5652 p.
2307 5583 2433 5638 595.

2283 5653 2395 5728 (ἓξ)
2424 5653 2668 5728 Coloniae
2698 5657 2924 5728 Agripp.
2962 5655 3099 5712 1608
3127 5659 3293 5719 edito.

2284 5725 2396 5796 (39)
2429 5723 2570 5781 Edit.
2607 5723 2802 5786 Colon.
2833 5723 3060 5799 Kgripp.
3091 5730 3246 5786 16-26.
