1965 3578
141 183 211 210 1557

716 183 857 212 NOTITIA
875 184 919 212 ET
940 183 1161 212 FRAGMENTA.

1687 182 1756 210 1358

137 241 189 275 ris,
209 241 256 277 qui
270 242 327 270 suis
347 243 522 277 opinionibus
538 250 688 279 repugnare
707 244 867 277 videbatur,
893 249 919 272 et
935 247 957 275 Α
971 251 1023 271 nus
1046 243 1194 278 imperator
1218 241 1245 269 in
1262 241 1421 277 fragmentis
1439 241 1540 269 nostris
1557 240 1719 269 Macariants
1740 250 1754 269 a

136 295 220 323 quem
236 295 330 315 eorum
358 289 506 317 adversarii
523 289 696 318 lconomachi
719 291 803 318 multo
828 291 921 319 labore

137 337 268 368 tanquam
283 337 379 360 testem
395 333 446 361 [ide
457 334 647 370 dignissimum
660 339 756 363 contra
772 336 847 371 ipsos
858 344 921 372 pro—

135 378 283 406 duxerant.

137 435 151 471 ᾗ
165 435 211 463 lx.
229 436 308 464 Avitus
325 436 446 474 Macarii
452 437 582 474 Magnetis
605 439 741 474 colligitur
754 447 787 467 ea;
803 440 919 467 criteriis

436 472 498 499 libri
517 474 638 501 internis.

171 516 212 544 Ne
234 521 324 544 autem
339 516 441 545 frustra
464 518 606 546 videantur
632 520 770 548 antistites
793 520 921 549 Ecclesia:

134 562 282 590 orthodoxi
300 568 402 591 tantam
419 563 536 592 Macario
550 564 666 601 Magneti
682 566 839 602 assignasse
855 573 921 594 teta-

134 611 203 642 tem,
218 613 315 643 preter
325 614 436 637 externa
448 610 601 638 testimonia
617 611 699 639 etiam
720 620 753 640 ex
771 613 865 640 sedula
880 614 920 641 le-

133 654 227 682 ctione
247 655 411 690 scriptorum
430 656 516 691 ipsius
538 657 721 692 conquirenda
743 663 823 686 erunt
838 667 920 694 argu-

133 704 226 727 menta
241 705 268 728 et
289 702 417 737 κριτήρια
436 702 558 736 quaedam
583 703 700 736 interna,
722 711 755 731 ex
769 704 880 739 quibus,
897 705 920 732 si

132 755 191 774 non
206 747 347 782 majorem,
363 748 458 776 saltem
483 749 622 777 indubiam
644 751 735 778 saaculi
757 750 791 778 Ill
813 756 919 779 aetatem

131 793 288 827 perspicere
303 792 344 822 ias
360 794 406 822 sit.
421 794 507 827 Quam
526 795 553 821 in
571 803 627 822 rem
642 801 706 823 ante
721 797 813 824 omnia
828 797 921 825 obser-

130 840 253 866 vandum
283 840 345 872 erit,
372 840 460 868 locum
484 842 589 869 auctori
617 847 712 870 nostro
737 842 829 871 deberi
850 843 921 871 inter

131 883 203 911 istos
217 885 317 912 veteris
336 884 464 913 Ecclesia:
485 886 642 921 scriptorcs,
666 888 712 922 qui
736 892 800 915 ante
825 896 918 923 pacem

131 929 263 958 Ecclesia:
277 930 367 958 datam
384 932 625 965 praestantissimas
648 941 697 968 pro
721 934 835 962 veritate
853 935 918 962 reli-

129 976 224 1011 g-ionis
249 977 411 1006 Christiana:
438 978 569 1006 adversus
598 979 738 1013 gentilium
767 980 919 1009 calumnias

129 1022 322 1057 conscripsere
339 1024 479 1059 apologias
494 1024 561 1060 (40).
576 1024 605 1052 ld
619 1026 690 1053 enim
705 1030 731 1053 et
745 1026 841 1054 titulus
858 1027 919 1055 libri

135 1068 348 1103 Ἀποκριτικῶν
361 1070 436 1104 πρὸς
448 1071 608 1105 Ἕλληνας,
619 1072 660 1099 vel
682 1072 853 1108 Ἀπολογίας
866 1074 919 1101 τοῦ

130 1115 331 1150 Eoum-c.1101),
349 1120 376 1144 et
390 1122 510 1144 veterum
525 1118 728 1153 apologetarum
740 1120 918 1154 consuetudo,

128 1161 298 1196 propriaque
314 1162 347 1189 de
364 1162 521 1190 monarchia
536 1163 627 1191 divina
648 1169 741 1191 contra
757 1158 850 1200 gentes
863 1166 919 1193 dis-

128 1207 246 1241 putandi
271 1207 341 1235 ratio
364 1207 421 1244 (M)
446 1209 587 1243 perspicue
612 1210 679 1238 satis
702 1216 917 1245 commonstrat;

128 1258 192 1280 lum
209 1257 236 1280 et
256 1254 409 1289 praecipuus
427 1254 511 1282 totius
532 1255 622 1290 operis
643 1263 742 1291 scapus
764 1257 918 1291 conﬁrmat,

129 1298 181 1333 qui
200 1299 329 1326 adversus
349 1299 480 1327 celebrem
495 1300 638 1335 quemdam
654 1302 695 1329 sui
715 1303 844 1337 temporis
859 1304 919 1338 phi-

130 1343 278 1378 losopbum
301 1344 372 1372 inter
400 1344 519 1378 Grzecos,
542 1346 750 1382 polytheismum
777 1347 918 1382 gentilium

133 1388 333 1421 defendentem,
351 1394 378 1417 et
400 1390 486 1418 multo
506 1392 652 1425 supercilio
667 1392 834 1428 simplicitati
856 1395 917 1422 ﬁdei

133 1433 298 1461 Christianae
312 1433 481 1467 illudentem,
500 1435 622 1464 directus
636 1441 695 1469 est;
713 1437 747 1465 de
763 1438 863 1473 quibus
878 1440 918 1466 ul-

133 1479 218 1508 terius
233 1479 362 1515 deinceps
379 1480 567 1508 disserendum
582 1482 643 1509 erit.
664 1482 717 1510 ista
739 1490 803 1511 vero
826 1486 918 1513 omnia

130 1525 236 1553 indicio
248 1526 328 1554 nobis
352 1531 425 1560 sunt,
441 1531 579 1554 auctorem
595 1533 718 1556 nostrum
738 1536 769 1556 ea
790 1531 846 1564 jam
861 1535 917 1558 tum

132 1574 213 1598 actate
235 1570 344 1603 vixisse,
373 1579 425 1606 qua
449 1572 653 1606 persecutiones
682 1572 811 1601 Ecclesia.-
837 1575 917 1602 Chri-

131 1616 259 1644 stiantea
277 1617 424 1652 gentilibus
446 1617 569 1645 excitatae
593 1617 682 1645 adhuc
706 1619 844 1655 apologias
868 1628 917 1655 pro

131 1662 296 1689 vindicanda
310 1661 472 1690 Christianae
494 1662 625 1690 doctrina!
646 1664 761 1692 veritate
774 1669 802 1692 et
816 1668 916 1693 sancti-

131 1712 189 1736 tate
209 1707 374 1743 llagitarunt.
398 1707 437 1735 Ex
461 1716 516 1743 quo
540 1709 612 1736 enim
637 1710 812 1745 paganismus
835 1719 915 1747 opera

130 1753 305 1782 Cmtstantini
321 1753 356 1781 M.
372 1758 538 1789 prostratus,
553 1759 580 1782 et
594 1754 721 1783 Ecclesia:
731 1755 833 1785 Christi
845 1757 916 1785 inte-

132 1808 181 1836 gra
195 1803 298 1828 asserta
314 1799 364 1827 fuit
379 1800 500 1834 libertas,
514 1809 565 1828 nec
578 1801 757 1837 philosophos
772 1803 852 1836 ullos,
866 1811 916 1832 nec

132 1846 298 1881 apologelas,
314 1846 366 1873 hoc
385 1852 575 1881 argumentum
593 1852 667 1875 tanto
690 1848 780 1875 studio
800 1849 916 1884 amplius

131 1896 265 1920 tractasse
278 1891 545 1925 animadvertemus;
558 1899 620 1919 cum
638 1899 687 1920 nec
709 1893 809 1920 acriter
828 1893 916 1928 impu-

133 1945 218 1973 gnare
236 1942 265 1965 et
285 1937 431 1965 calumniis
445 1937 575 1972 impetere
596 1937 700 1965 diutius
722 1938 815 1966 liceret
839 1946 916 1966 sacra

132 1983 350 2011 Christianorum
368 1983 459 2011 divina
475 1983 576 2010 virtute
591 1988 750 2019 propagata,
768 1991 819 2012 nec
840 1989 916 2012 tanto

132 2034 354 2065 argumentorum
367 2029 468 2056 robore
479 2028 617 2056 vindicare
628 2033 709 2064 atque
723 2030 790 2057 tueri
806 2037 916 2057 necesse

132 2079 205 2101 esset
235 2073 304 2109 (42).
332 2073 458 2108 Inprimis
484 2081 546 2100 cum
573 2073 644 2101 inter
665 2082 730 2106 eos,
752 2074 851 2109 quibus
871 2082 915 2102 res

131 2119 294 2147 Christiana:
308 2119 401 2147 saeculi
415 2127 441 2146 tv
456 2123 511 2146 etv
529 2126 582 2146 non
598 2119 696 2154 ignota:
713 2124 785 2152 sunt,
799 2127 832 2147 ex
850 2120 916 2147 Am—

131 2166 216 2193 miani
239 2165 401 2199 Marcellini,
416 2165 560 2198 Chalcidii,
574 2164 728 2198 Themistii,
743 2166 914 2201 aliorumque

132 2212 317 2240 monumentis
328 2212 395 2240 satis
405 2216 577 2246 perspectum
588 2211 635 2244 sit,
643 2211 822 2246 sapientiores
835 2212 914 2240 istius

972 288 1066 317 Graeco
1080 288 1242 324 philosopho
1257 288 1290 316 de
1304 288 1462 316 monarchia
1486 288 1579 315 divina
1598 288 1755 323 disputante

972 336 1000 362 in
1017 335 1170 370 exemplum
1193 334 1385 369 disputationis
1407 334 1562 366 adducitur,
1581 338 1610 361 ut
1635 341 1651 360 a
1673 334 1756 361 modo

972 381 1123 415 imperandi
1143 381 1263 408 humano
1280 380 1396 408 similem
1411 379 1577 407 monarchiaz
1590 380 1689 407 divinae
1709 388 1755 407 ra-

972 427 1074 454 tionem
1103 426 1259 461 colligeret?
1273 426 1344 462 quod
1374 426 1539 461 conjectura:
1565 425 1656 453 locum
1679 425 1754 458 facit,

971 472 1172 507 philosophum,
1188 479 1250 499 cum
1265 479 1320 506 quo
1335 471 1475 498 contendit
1489 470 1634 502 Macarius,
1650 471 1684 499 ab
1698 478 1756 498 aevo

971 518 1083 545 Adriani
1097 525 1152 545 non
1167 518 1234 545 adeo
1250 518 1329 553 longo
1345 521 1476 544 remotum
1496 517 1581 544 fuisse
1599 516 1753 544 intervallo.

971 565 1058 598 Atque
1073 565 1137 592 huic
1156 564 1296 591 sententia:
1317 563 1510 598 astipulantem
1530 563 1610 590 video
1623 563 1754 591 eximium

971 610 1140 645 antiquitatis
1150 610 1342 637 ecclesiasticae
1350 613 1528 637 scrutatorem
1539 609 1754 641 Tillemontium,

972 655 1018 689 qui
1045 655 1063 682 l.
1086 662 1110 683 c.
1136 655 1289 683 antistitum
1318 655 1532 682 orthodoxorum
1559 654 1691 689 judicium
1721 655 1755 681 de

971 704 1049 726 aetate
1065 698 1175 726 Macarii
1187 699 1273 726 nostri
1290 700 1425 734 prolatum
1447 699 1484 726 ita
1498 699 1658 734 comprobat
1674 703 1755 734 atque

972 743 1090 771 suﬂ‘ulcit
1108 753 1114 770 :
1131 743 1169 770 Ils
1183 752 1247 770 noua
1264 749 1424 778 appremtent
1443 753 1491 779 que
1511 744 1535 771 le
1554 745 1653 771 dessein
1668 744 1700 771 de
1713 748 1753 770 cet

972 797 1083 825 ouvrage
1102 791 1167 816 était
1185 790 1216 816 de
1232 790 1375 817 combattre
1393 790 1429 817 les
1450 792 1552 825 paiens,
1569 790 1753 825 particuliére-

972 840 1042 862 ment
1063 844 1099 862 un
1120 836 1271 871 philosophe
1286 837 1473 863 aristotélicien
1494 837 1538 871 qui
1563 838 1753 865 reconnaisaait

973 889 1010 908 ειη
1024 881 1079 908 seu!
1096 881 1163 908 Dieu
1184 882 1332 914 souverain,
1348 883 1414 909 mais
1435 883 1496 917 chcf
1513 883 1545 910 de
1557 883 1688 917 plusieurs
1704 892 1754 910 au-

936 917 956 946 Β
971 930 1022 952 tres
1041 926 1130 959 dictu),
1145 930 1169 953 et
1188 927 1233 962 qui
1250 927 1391 962 employait
1409 933 1465 955 tout
1479 928 1503 955 le
1515 928 1583 963 fuste
1593 929 1625 954 de
1636 937 1683 955 son
1697 930 1755 955 élo-

969 980 1074 1006 quence,
1089 976 1114 999 et
1130 976 1200 999 toute
1213 972 1240 998 la
1258 973 1378 999 aubtilité
1389 973 1420 999 de
1438 981 1469 1000 sa
1485 973 1650 1008 dialectique,
1664 979 1753 1000 contra

970 1016 997 1043 la
1009 1016 1150 1050 simplicité
1164 1017 1196 1043 de
1211 1017 1238 1044 la
1257 1017 1366 1052 religion
1380 1017 1538 1045 chrétienne.
1554 1018 1617 1045 Cela
1628 1023 1667 1045 est
1678 1019 1752 1053 fauo—

970 1063 1042 1090 rable
1054 1072 1121 1097 pour
1139 1064 1208 1099 [αὐ-ε
1221 1070 1259 1091 cet
1276 1069 1369 1091 auteur
1387 1071 1477 1090 encore
1491 1064 1550 1099 plus
1568 1065 1660 1091 ancien
1672 1064 1749 1099 qu'ils

970 1118 1001 1137 ne
1012 1110 1107 1144 discut,
1122 1115 1146 1138 et
1160 1110 1184 1137 le
1199 1115 1291 1137 meltre
1306 1111 1350 1138 dc‘s
1370 1111 1393 1137 le
1408 1115 1488 1145 tempe
1502 1111 1547 1138 des
1563 1111 1750 1145 persécutions,

969 1157 1077 1191 puisque
1096 1157 1124 1183 m'
1145 1156 1181 1183 les
1198 1156 1379 1191 philosopha,
1404 1157 1432 1184 ni
1455 1157 1491 1184 les
1510 1157 1664 1192 apologistes
1680 1157 1751 1183 n’ont

969 1200 1030 1234 plus
1046 1200 1123 1236 gucre
1151 1201 1231 1228 traité
1249 1207 1313 1229 cette
1328 1202 1436 1229 muliere
1453 1201 1544 1236 depuis
1560 1210 1607 1236 que
1622 1202 1752 1229 Constan-

971 1248 1009 1274 εἰη
1028 1256 1044 1274 a
1056 1247 1148 1274 abattu
1163 1248 1187 1275 le
1205 1249 1357 1283 paganisme
1367 1254 1391 1276 et
1403 1257 1419 1275 a
1435 1248 1483 1281 [ait
1494 1248 1614 1275 dominer
1630 1248 1750 1284 l‘Eglise.

969 1293 1005 1321 Ce
1017 1294 1177 1328 philosophe,
1192 1294 1297 1321 voulant
1312 1296 1411 1321 donner
1425 1303 1460 1321 un
1479 1295 1594 1329 exempla
1612 1294 1675 1321 d‘un
1694 1302 1751 1321 mo-

969 1348 1077 1375 narque,
1091 1340 1172 1375 premi
1191 1340 1258 1367 celui
1272 1340 1407 1368 d‘Adrien.
1426 1340 1461 1367 Et
1484 1341 1538 1367 cela
1551 1345 1624 1371 parte
1637 1340 1752 1367 nature!-

969 1386 1063 1413 lement
1073 1387 1089 1413 ὰ
1099 1387 1184 1413 croire
1193 1386 1258 1421 qu‘il
1269 1386 1360 1413 n’était
1378 1395 1426 1421 par
1440 1387 1494 1421 [art
1509 1386 1611 1421 eloigne
1621 1386 1657 1413 du
1668 1392 1749 1420 temp:

969 1433 1000 1460 de
1015 1441 1042 1460 ce
1055 1433 1155 1467 prince.

971 1489 985 1525 §
1004 1489 1038 1516 Χ.
1062 1489 1134 1527 ᾉΗωσ
1154 1490 1186 1516 de
1210 1494 1287 1517 aetate
1314 1489 1427 1527 Macarii
1453 1488 1581 1527 Magnetis
1599 1488 1750 1527 conjectura

1003 1525 1176 1559 conﬁrmatur
1187 1533 1220 1551 ea:
1232 1525 1383 1551 narratione
1394 1524 1425 1550 de
1436 1528 1526 1551 statua
1538 1524 1713 1550 Paneatlenai.

1004 1570 1114 1598 Accedit
1142 1569 1310 1598 stabilienda:
1332 1569 1487 1605 antiquitati
1517 1569 1636 1597 auctoris
1663 1569 1750 1596 nostri

968 1622 1068 1643 novum
1082 1615 1166 1642 robur
1177 1623 1210 1642 ex
1223 1614 1375 1650 fragmento
1388 1615 1495 1642 decimo
1508 1614 1599 1649 operis
1610 1614 1707 1648 ipsius,
1722 1614 1749 1640 in

967 1668 1022 1695 quo
1038 1660 1071 1687 de
1085 1660 1212 1688 Berenice
1225 1661 1339 1688 muliere
1352 1660 1489 1689 Edessena
1509 1662 1567 1689 sive
1585 1661 1750 1691 Paneademi

965 1706 1042 1741 juxta
1057 1705 1203 1733 Eusebium
1220 1705 1293 1733 Hist.
1306 1706 1371 1733 eccl.
1388 1706 1436 1733 lih.
1449 1714 1497 1738 vn,
1514 1714 1574 1742 cap.
1594 1708 1638 1742 18,
1652 1716 1668 1735 a
1684 1716 1750 1744 pro-

966 1751 1049 1779 lluvio
1063 1752 1206 1787 sanguinis
1220 1752 1334 1779 liberata
1355 1756 1382 1780 et
1405 1761 1453 1787 per
1470 1753 1617 1781 salutarem
1638 1755 1751 1782 limbrite

966 1802 1069 1826 tactum
1084 1806 1099 1825 a
1114 1797 1258 1826 Servatore
1274 1803 1368 1826 sanata
1385 1799 1477 1833 refert,
1494 1800 1554 1835 ejus
1570 1800 1634 1828 lacti
1655 1802 1750 1836 imagi-

966 1852 1028 1872 nem
1046 1852 1099 1872 aere
1110 1852 1277 1879 expressam,
1291 1845 1348 1872 sive
1360 1849 1476 1872 statuam
1490 1846 1515 1872 in
1527 1852 1684 1881 perpetuam
1698 1848 1750 1874 mi-

966 1890 1051 1918 raculi
1063 1890 1223 1918 memoriam
1237 1896 1369 1924 erectam,
1385 1899 1434 1919 suo
1445 1896 1564 1927 tempore
1571 1893 1661 1920 adhuc
1672 1893 1749 1921 inco-

966 1935 1066 1962 lumem
1078 1934 1173 1969 fuisse,
1187 1935 1225 1967 ὡς
1237 1936 1298 1971 ἄρτι
1310 1934 1422 1972 τοῦργον
1435 1937 1589 1973 γενόμενον,
1604 1938 1634 1964 οὺ
1653 1938 1747 1972 πάλαι,

966 1985 995 2007 ut
1008 1989 1049 2008 res
1062 1990 1114 2008 non
1127 1982 1191 2008 olim
1203 1982 1285 2016 facta,
1298 1983 1343 2010 sed
1357 1983 1434 2010 hodie
1442 1984 1501 2018 ﬁeri
1512 1984 1644 2012 videatur.
1659 1984 1748 2013 Enim-

965 2034 1030 2055 vero
1037 2030 1154 2055 statuam
1162 2027 1235 2055 illam
1241 2036 1257 2056 ξι
1264 2028 1412 2056 Maximino
1419 2030 1591 2065 tyranno,qui
1597 2030 1679 2065 paulo
1685 2036 1748 2059 ante

965 2072 1175 2100 Constantinum
1191 2073 1227 2101 M.
1249 2074 1402 2109 imperavit,
1415 2076 1471 2110 jam
1492 2076 1626 2103 sublatam
1650 2076 1745 2108 fuisse.

965 2118 1044 2146 docet
1065 2119 1188 2148 Asterius
1211 2120 1333 2149 Amaseaa
1355 2121 1508 2156 episcopus,
1530 2122 1577 2157 qui
1597 2130 1627 2150 se
1639 2121 1746 2150 Juliano

965 2172 1109 2200 supparem
1140 2165 1258 2192 ostendit
1288 2166 1315 2193 in
1348 2167 1471 2194 oratione
1499 2168 1623 2195 adversus
1659 2169 1746 2195 avari-

966 2212 1030 2238 tiam
1046 2212 1113 2246 (15),
1127 2212 1173 2239 ubi
1188 2213 1348 2247 superstites
1363 2218 1439 2241 notat
1450 2213 1593 2249 plurimos,
1607 2216 1654 2251 qui
1668 2216 1701 2243 ab
1713 2223 1746 2243 eo

130 2259 220 2286 aetatis
231 2258 420 2294 philosophos,
433 2257 557 2291 exemplo
568 2257 706 2284 Ammonii
719 2258 841 2292 magistri
858 2258 912 2291 sui,
929 2260 951 2288 Ι)
966 2258 1070 2287 inducti
1085 2258 1202 2287 fuissent
1214 2260 1248 2287 ad
1262 2260 1341 2288 iidem
1366 2261 1526 2295 negantiam.
1541 2260 1628 2289 Verba
1647 2262 1746 2289 Asterii

131 2304 339 2332 conciliatorum
356 2304 438 2332 veluti
455 2312 556 2331 munus
578 2303 734 2338 suscepisse
752 2304 822 2331 inter
837 2304 915 2331 Chri-

132 2350 238 2378 stianos
251 2355 333 2385 atque
352 2350 476 2385 gentiles,
489 2354 515 2377 et
526 2354 706 2383 utrorumque
722 2350 840 2377 rationes
853 2357 915 2377 con-

129 2397 245 2434 jungere
260 2397 462 2433 quodammodo
474 2405 556 2425 ausos
568 2405 638 2425 esse.
651 2396 722 2430 Quid
735 2399 807 2432 quod
818 2398 914 2425 Adria-

169 2499 225 2535 (10)
240 2499 278 2527 De
294 2499 393 2533 quibus
413 2498 468 2526 vid.
491 2499 541 2526 Ad.
567 2498 768 2535 Rechenbergii
785 2499 851 2526 diss.
877 2501 914 2527 l)e

131 2533 260 2569 apologiis
289 2534 427 2569 doctorum
445 2534 547 2569 pecteris
570 2533 708 2569 iEcclesite
732 2533 912 2566 Christianm,

131 2576 192 2602 qua:
212 2568 346 2602 reperitur
365 2568 391 2594 in
411 2568 548 2596 volumine
566 2568 791 2596 Exercitationum
807 2570 835 2596 in
849 2570 916 2598 Noui

133 2603 290 2629 ’l‘estamentt'
308 2603 447 2629 historiam
471 2603 672 2630 ecclesiasticam
694 2609 718 2631 et
742 2604 915 2638 litterariam,

132 2645 159 2672 p.
179 2638 232 2677 ζ’)οό
243 2645 331 2672 seqq.;
344 2638 442 2677 quibus
458 2638 570 2673 proinde
589 2638 698 2666 Macarii
714 2640 800 2667 nostri
817 2640 916 2676 scripta

135 2677 234 2706 pariter
249 2680 385 2699 aceensert
401 2677 549 2700 merentur.

168 2707 227 2742 (41)
240 2707 279 2733 Ad
293 2706 386 2742 lrenaai
396 2706 591 2742 epistolanhde
604 2706 772 2740 monarchia,
781 2707 814 2734 ad
825 2707 913 2735 Flori-

135 2748 211 2776 num,
235 2749 282 2776 seu
306 2741 473 2776 quoereus
493 2748 546 2767 non
568 2741 744 2776 siticonditor
768 2743 912 2776 malorum,

135 2775 217 2802 llenr.
236 2775 360 2802 Valesius
384 2775 411 2802 in
428 2775 521 2802 adnot.
546 2776 580 2802 ad
608 2775 716 2803 Eusebii
742 2776 813 2804 Ilist.
836 2775 911 2809 eccl.,

135 2810 154 2837 ι.
171 2819 197 2842 ν,
211 2818 237 2837 c.
254 2810 299 2842 20,
313 2817 340 2844 p.
356 2818 393 2837 tn.
406 2810 467 2842 101,
480 2815 552 2837 recte
564 2810 674 2837 adnotat
691 2820 697 2837 :
719 2810 820 2838 Veteres
833 2813 912 2839 Chri-

135 2846 217 2873 stiani
232 2845 281 2872 hac
295 2853 353 2871 voce
367 2845 456 2871 crebro
475 2846 515 2871 uti
525 2844 654 2876 solebant,
669 2847 769 2880 quoties
789 2847 911 2874 adversus

135 2881 243 2913 gentiles
259 2881 421 2914 disputarem
438 2887 446 2906 :
467 2888 545 2915 eoque
567 2880 643 2908 titulo
664 2882 809 2916 complures
830 2882 910 2909 libros

964 2312 997 2332 ex
1023 2305 1133 2333 homilia
1157 2306 1184 2333 in
1208 2305 1312 2334 Jairum
1335 2312 1362 2334 et
1384 2307 1525 2335 mulierem
1547 2308 1745 2344 αἱμρῤοοῦσαν

965 2349 1074 2377 exhibet
1096 2349 1209 2378 Photius
1230 2351 1255 2377 in
1273 2350 1446 2384 Bibliotheca,
1467 2352 1526 2379 cod.
1543 2360 1648 2386 ccum,
1665 2360 1692 2388 p.
1707 2361 1743 2379 m.

966 2395 1034 2422 1507
1048 2399 1075 2422 et
1093 2395 1190 2423 Franc.
1215 2395 1394 2424 Combelisius
1414 2397 1440 2423 in
1461 2397 1588 2425 Auctario
1613 2407 1678 2426 novo
1698 2399 1745 2425 Bi-

964 2497 1111 2530 ediderunt,
1128 2503 1156 2523 ut
1180 2506 1260 2524 unum
1283 2497 1366 2525 Deum
1388 2500 1503 2526 omnium
1521 2508 1606 2527 rerum
1625 2501 1743 2527 condita-

966 2542 1020 2560 rem
1031 2541 1061 2559 ac
1076 2540 1159 2567 regem
1171 2541 1226 2560 8888
1239 2534 1412 2560 ostenderent.

1000 2568 1057 2603 (62)
1076 2568 1251 2609 Poste-aquam
1266 2568 1454 2596 Constantinus
1470 2570 1571 2596 civitati
1584 2569 1744 2597 Christianae

964 2602 1053 2637 pacem
1065 2611 1097 2639 ac
1112 2602 1263 2639 felicitatem
1278 2609 1421 2630 extremam
1442 2610 1648 2638 comparaverat,
1664 2613 1743 2639 genus

965 2639 1013 2665 hoc
1041 2638 1253 2672 philosophorum
1285 2638 1412 2674 plerisque
1442 2639 1599 2666 Christianis
1630 2638 1744 2666 inuisum

965 2678 1021 2700 erat
1049 2673 1207 2706 admodum,
1233 2681 1314 2707 neque
1332 2673 1409 2700 multi
1429 2674 1560 2700 antistites
1580 2673 1659 2708 facile
1677 2683 1694 2701 α
1717 2683 1745 2702 se

965 2707 1150 2740 impetrabant,
1167 2713 1195 2734 ut
1218 2713 1355 2743 nomen,“
1381 2709 1549 2743 disciplinam
1577 2707 1745 2736 Platonicam

965 2751 1038 2778 (equo
1061 2743 1157 2777 [errent
1178 2743 1276 2778 animo.
1298 2742 1364 2770 Ven.
1382 2744 1545 2773 Moshemius
1569 2743 1597 2770 in
1618 2745 1690 2772 notis
1710 2744 1742 2771 ad

965 2778 1171 2810 Cudworthum,
1183 2786 1210 2810 p.
1225 2777 1286 2805 754.

1000 2812 1159 2849 (45)-ᾼρυφι
1182 2811 1279 2849 Franc.
1297 2811 1489 2849 Combelisium
1506 2817 1579 2841 tomo
1597 2812 1743 2842 lAuctari:

964 2847 1023 2875 noui
1035 2847 1203 2875 Bibliotheca:
1220 2847 1341 2882 Patrum,
1356 2855 1381 2882 p.
1401 2847 1445 2875 55.

505 3210 528 3215 ·’
554 3204 861 3247 κεῖ
958 3072 1027 3159 τ
1877 3212 1944 3263 ’Ἡ
