1965 3578
75 0 87 126 t

72 175 81 210 ι

69 216 80 374 l

265 159 336 188 1359
907 158 1088 188 MACARIUS
1108 159 1258 188 MAGNES.
1775 165 1822 193 1550

266 219 400 246 latior/tecm
421 217 543 249 Patrum,
561 220 626 243 tom.
645 215 665 248 l,
683 224 714 243 ex
731 217 831 251 quibus
846 224 873 252 p.
888 217 940 244 276
952 225 994 252 sq.
1009 224 1051 243 sc-
1066 219 1088 246 Α
1103 217 1286 249 condecorati,
1308 216 1395 251 posita
1413 215 1519 249 fuisset,
1535 215 1710 252 indignissimis
1722 218 1774 246 adeo
1785 229 1824 248 mo-

266 265 376 300 quentia
390 264 561 299 potissimum
575 263 628 290 huc
639 267 779 298 spectant;
793 263 848 289 Καὶ
861 263 937 290 οὐδὲν
951 262 1052 289 ἐκώλυε

266 312 346 347 μέχρι
371 311 418 337 νῦν
441 309 574 341 σώζεσθαι
596 309 644 336 τὸν
671 309 835 345 ἀνδριάντα,
857 309 903 336 καὶ
923 310 1052 337 δεικνύειν

264 357 415 393 ἀμφότερα,
432 355 479 382 καί
497 354 543 381 τοῦ
566 354 633 380 Θεοῦ
659 354 689 380 τὸ
714 353 875 389 θαυμάσιον,
891 355 937 380 καὶ
955 354 1005 388 τῆς
1022 352 1052 381 εὖ

264 401 402 437 παθούσης
415 402 445 428 τὸ
457 401 631 437 χαριστήριον
641 409 647 415 '
665 401 688 427 εἰ
708 401 744 435 μὴ
760 400 910 435 Μαξιμῖνος
924 401 1026 432 ἐκεῖνος
1039 402 1053 427 ὁ

265 449 361 486 μικρὸν
386 449 441 484 (44)
456 449 508 485 πρὸ
531 448 576 475 τοῦ
601 447 805 475 Κωνσταντίνου
828 448 878 483 τῆς
911 447 1052 483 Ῥωμαίων

263 496 402 532 βασιλείας
429 494 655 531 προηγησάμενος
673 494 740 530 (45),
766 494 835 531 ἀνὴρ
859 494 1052 530 εἰδωλολάτρης

262 543 310 570 καὶ
329 541 471 577 δυσσεϐὴς,
497 541 544 567 καὶ
567 540 725 576 ζηλοτυπῶν
747 541 776 567 ὲν
797 540 835 576 τῷ
856 540 993 576 ἀγάλματι
1009 540 1052 567 τὸν

262 588 389 624 Χριστὸν,
406 588 527 615 ἀνείλετο
546 587 595 623 τῆς
610 587 739 622 πολίχνης
774 587 819 613 τὸν
839 587 937 622 χαλκὸν
959 587 1050 623 μόνον,

262 634 293 660 οὐ
308 633 357 669 τὴν
375 634 484 669 μνήμην
497 632 550 659 τῶν
566 632 729 668 γενομένων.
749 631 804 659 Νει-
817 633 961 667 quidquam
978 636 1052 659 veta-

262 680 318 712 bat,
344 685 373 707 ut
396 688 427 706 ne
452 679 579 705 hactenus
598 684 689 706 statua
710 687 797 713 sospes
825 683 902 712 esset,
926 678 1052 713 amboque

262 726 311 753 illa
335 726 499 757 ostenderet,
526 731 581 752 tum
601 724 648 752 Dei
663 725 831 756 miraculum,
853 729 908 751 tum
934 725 1051 751 mulieris

262 773 385 807 bene/icio
407 772 509 806 aﬂ'cctee
533 776 638 806 gratam
664 776 793 803 mentem;
811 771 862 797 nisi
886 770 1050 797 Maximinus

261 818 319 850 ille,
337 819 382 852 qui
410 817 489 851 paulo
512 821 572 843 ante
589 816 792 843 Constantinum
814 816 925 843 Romani
948 816 1051 851 imperii

261 869 364 897 sceptra
380 862 530 890 moderatus
549 867 599 894 est,
612 863 652 889 vir
672 862 816 889 idololatra
839 867 917 898 atque
933 863 1029 898 impius
1040 883 1047 896 ,

262 918 293 937 ac
306 910 411 937 Christo
424 910 449 936 in
461 909 575 944 imagine
587 909 715 942 invidens,
728 913 843 936 statuam
852 917 951 936 «meum
962 910 1047 943 ipsum

261 956 346 982 solam
373 956 405 982 ab
427 955 522 989 oppido
543 955 704 988 sustulisset,
728 963 778 982 non
805 963 893 982 rerum
916 960 1049 990 gestarant

261 1001 426 1027 memoriam.
445 1000 506 1027 Alio
523 1000 583 1027 loco
598 1000 668 1027 ident
688 1001 787 1028 asserit
802 1001 925 1028 Asterius
936 1021 942 1031 .
961 1000 1049 1028 Maxi<

244 1064 247 1067 -
261 1047 327 1074 mini
343 1047 521 1081 impietatem,
533 1046 579 1081 qui
594 1046 620 1073 in
638 1046 710 1074 istud
726 1051 931 1074 monumentum
942 1046 1048 1074 Pauca-

260 1093 344 1120 dense
358 1093 414 1128 jam
433 1097 490 1120 tum
506 1092 633 1120 bacchari
651 1097 779 1127 coeperat,
792 1100 842 1120 sua
856 1097 933 1120 attate
947 1094 1048 1127 pariter

261 1138 399 1166 imitatum
424 1146 485 1167 esse
511 1138 647 1166 Julianum
676 1148 683 1166 :
714 1140 761 1166 Ὃν
786 1139 910 1175 ζηλώσας
930 1139 977 1166 καὶ
1000 1139 1048 1175 τὴν

260 1183 388 1211 ἀσέϐειαν
413 1185 601 1220 μιμησάμενος
625 1185 640 1211 ὁ
665 1185 707 1219 ἐφ’
731 1185 810 1220 ἡμῶν
838 1184 991 1217 Ἰουλιανὸς,
1015 1184 1049 1211 τὰ

261 1230 439 1265 παραπλήσια
463 1231 508 1257 ἐπὶ
528 1231 584 1262 τοῖς
605 1230 722 1266 Χριστοῦ
746 1230 915 1266 ὁμοιώμασιν
940 1231 1046 1267 ἔδρασε.

261 1275 338 1304 Unde
352 1281 380 1304 et;
404 1277 502 1304 tnerito
516 1276 665 1313 Gregorius
682 1277 870 1304 Nazianzenus
892 1277 919 1304 in
943 1282 1012 1305 orat.
1032 1277 1045 1304 1

261 1322 392 1350 adversus
413 1322 550 1351 Julianum
573 1324 776 1358 imperatorem,
795 1323 884 1357 quoad
900 1327 1005 1350 statuas
1021 1327 1048 1350 ct

262 1368 395 1404 imagines
422 1370 541 1404 ipsorunt
558 1373 721 1404 prostratus,
736 1368 873 1395 Julianum
886 1376 947 1396 cum
963 1368 1048 1395 Maxi-

261 1415 335 1442 mino
348 1415 496 1450 componit.
510 1414 640 1447 Quamvis
655 1414 746 1449 itaque
756 1413 957 1449 Philostorgius
973 1414 1042 1449 (46),

259 1460 432 1488 Sozomenus
446 1460 502 1496 (t7)
515 1461 614 1494 aliique
629 1460 775 1494 scriptores
787 1460 867 1487 istius
883 1464 981 1487 statuae
997 1460 1046 1487 de-

260 1507 440 1535 structionem
453 1505 561 1534 Juliano
576 1507 665 1540 potius
678 1506 827 1541 Apostataz.
846 1505 888 1533 vel
905 1505 987 1533 etiam
1004 1506 1046 1541 ip-

1103 263 1145 290 dis
1162 262 1292 295 subverti,
1307 270 1355 297 per
1367 262 1462 289 urbem
1474 262 1542 289 trahi
1557 262 1730 298 confringique,
1740 271 1822 295 etsnam

1103 310 1163 345 ejus
1179 311 1237 337 loco
1253 310 1347 345 reponi
1362 309 1479 344 iussisse
1504 310 1655 345 imaginem;
1676 318 1742 345 quam
1761 316 1824 340 tamen

1104 356 1164 390 igne
1175 356 1282 383 emlitus
1297 355 1408 390 delapso
1427 355 1518 383 statim
1538 355 1657 387 dirutam,
1671 356 1826 390 reliquiasvem

1103 405 1199 428 statua:
1215 401 1326 428 Christo
1344 401 1438 435 positae
1459 408 1474 428 a
1489 400 1645 428 Christianis
1660 401 1710 436 ejus
1727 403 1794 431 attatis
1808 405 1827 432 in

1102 447 1215 474 ecclesia
1240 454 1289 474 sua
1316 446 1444 474 collectas
1474 449 1500 473 et
1524 445 1670 480 aliquandiu
1697 453 1828 476 conservatas

1102 492 1188 521 fuisse
1206 492 1317 520 tradunt
1336 491 1552 527 Philostorgius,
1571 491 1729 523 Sozomenus,
1750 492 1828 528 Glyeas.

1103 537 1293 573 Theophanes,
1311 537 1493 573 Nicephorus,
1508 536 1606 572 aliique
1621 537 1708 571 plures.

1104 595 1118 631 §
1135 595 1180 623 XI.
1199 595 1345 622 Diluuntur
1366 594 1694 631 objectionesrTillcmontii
1708 595 1728 622 i"
1745 597 1763 623 Α
1781 605 1833 624 mea.

1262 632 1330 657 tione
1342 632 1496 665 templorum
1506 630 1713 658 Christianorum.

1138 678 1337 705 Dissimulanda
1362 682 1452 704 tamen
1476 685 1530 704 non
1553 682 1624 709 sunt,
1648 685 1702 712 qua:
1722 678 1799 712 pariter
1813 679 1833 706 in

1102 725 1210 759 scriptis
1230 723 1362 759 Magnetis
1385 724 1471 751 nostri
1496 728 1640 751 occurrunt
1655 723 1735 755 dubia,
1749 732 1833 758 quaque

1102 770 1240 797 nonnullis
1273 769 1463 805 antiquitatem
1495 769 1580 804 ipsius
1608 770 1726 796 hactenus
1749 770 1832 796 evictam

1102 817 1173 844 haud
1186 824 1283 852 parum
1296 816 1444 851 infringere
1461 816 1641 849 videbuntur;
1656 816 1735 851 qualia
1749 816 1782 842 rei
1795 817 1833 850 ipse

1103 863 1305 891 laudatissitnus
1330 862 1522 890 Tillcmontius
1548 863 1698 889 observasse
1721 862 1763 888 sibi
1782 862 1834 889 risus

1099 915 1150 944 est,
1162 918 1225 938 cum
1247 917 1281 936 cx
1296 908 1365 936 facta
1383 908 1545 942 templorum
1567 907 1767 935 Christianorum
1782 915 1835 934 uten-

1100 956 1171 984 tione
1185 955 1222 983 ita
1239 953 1377 982 concludit
1397 962 1404 980 :
1434 952 1609 987 Néanmoins,
1628 952 1740 987 puisqu‘il
1759 960 1835 986 mirque

1099 1010 1147 1039 que
1164 1002 1198 1028 les
1213 1001 1343 1028 chrétiens
1358 999 1513 1026 btitissuient
1529 999 1599 1026 alors
1610 999 1640 1026 de
1655 998 1752 1034 grandes
1762 999 1836 1033 (quas,

1098 1048 1118 1074 il
1129 1056 1159 1075 ne
1174 1052 1234 1083 peut
1246 1047 1320 1074 aeoir
1330 1047 1396 1073 écrit
1411 1055 1446 1073 au
1458 1046 1517 1081 plus
1531 1047 1568 1072 ιόι
1581 1054 1628 1080 que
1643 1054 1692 1072 vers
1703 1045 1723 1071 le
1732 1046 1799 1071 milieu
1812 1046 1836 1072 du

1100 1094 1231 1121 troisiéme
1250 1093 1337 1120 siécle.
1359 1092 1459 1119 Nititur
1475 1092 1535 1119 lttec
1562 1092 1675 1127 objectio
1697 1091 1748 1119 istis
1765 1092 1837 1125 verbis,

1099 1148 1161 1177 qua:
1176 1140 1202 1167 in
1220 1139 1375 1174 philosophi
1390 1138 1476 1166 ϐιωεὶ
1489 1138 1717 1173 argumentatione
1728 1145 1768 1172 pro
1778 1137 1839 1164 idolo-

1098 1186 1178 1213 latria
1195 1186 1329 1213 habentur
1346 1195 1352 1211 2
1373 1184 1451 1210 Ἀλλὰ
1469 1184 1516 1211 καὶ
1538 1186 1563 1211 οἰ
1580 1185 1728 1220 Χριστιανοὶ
1741 1183 1840 1220 ptumus-

1098 1240 1137 1258 vot
1152 1231 1201 1263 τὰς
1214 1230 1383 1262 κατασκευὰς
1396 1230 1450 1257 τῶν
1461 1231 1544 1263 ναῶν,
1558 1230 1695 1266 μεγίστους
1704 1230 1779 1261 οἴκους
1789 1230 1840 1255 οἰκο-

1097 1277 1234 1314 δομοῦσιν,
1256 1278 1295 1310 εἰς
1306 1277 1351 1309 οὓς
1362 1277 1498 1309 συνιόντες
1514 1276 1648 1312 εὔχονται,
1660 1277 1702 1303 καί
1715 1285 1749 1302 τοι
1760 1275 1841 1311 pnituit;

1098 1324 1245 1356 κωλύοντος
1256 1325 1284 1352 ὲν
1296 1325 1355 1355 ταῖς
1366 1324 1465 1355 οἰκίαις
1478 1323 1558 1350 τοῦτο
1571 1323 1705 1359 πράττειν,
1717 1322 1757 1349 τοῦ
1768 1321 1840 1357 Κυρίου

1097 1371 1216 1407 δηλονότι
1231 1370 1399 1405 πανταχόθεν
1415 1369 1569 1402 ἀκούοντος.
1584 1371 1605 1397 Ι.
1626 1377 1649 1396 e.
1668 1379 1673 1396 :
1689 1368 1735 1396 Sed
1751 1372 1771 1394 et
1787 1367 1841 1394 Clui-

1097 1418 1178 1444 stiani
1195 1416 1350 1451 templorum
1365 1416 1587 1443 exstruendorum
1604 1424 1697 1443 morem
1709 1414 1798 1446 imitati,
1811 1414 1843 1440 da-

1098 1473 1153 1491 mos
1169 1465 1300 1491 maximas
1315 1469 1484 1495 construunt,
1507 1463 1533 1490 in
1549 1472 1616 1498 quas
1635 1462 1792 1489 convenientes
1805 1468 1843 1494 pre-

1097 1515 1203 1543 cantur,
1230 1510 1334 1537 tametsi
1360 1510 1420 1536 illos
1444 1517 1518 1536 nemo
1544 1508 1673 1543 impedit,
1692 1507 1810 1542 quominus
1826 1505 1844 1530 id

260 1553 299 1580 sis
311 1552 534 1579 Paneadcnsibus
549 1552 667 1579 tribuere
683 1551 786 1579 velint:
800 1552 827 1579 id
843 1556 933 1579 tamen
949 1556 1047 1587 sponte
1060 1564 1081 1591 ρ
1098 1557 1169 1584 domi
1197 1557 1310 1591 factum,
1327 1556 1382 1582 ῃευ
1406 1556 1504 1582 scilicet
1527 1555 1622 1590 umtu
1645 1554 1765 1581 απιιίθηιε,
1779 1551 1844 1578 Enim.

258 1605 294 1625 ex
315 1598 397 1625 allato
409 1598 507 1625 Asterii
524 1597 680 1625 testimonio
692 1597 880 1632 consequitur,
897 1597 1046 1626 Macarium

260 1648 382 1671 nostrum
408 1648 472 1671 ante
493 1643 665 1671 Constantini
688 1643 723 1670 M.
747 1647 914 1675 aetatem,“
938 1651 971 1671 ex
995 1643 1048 1671 ﬁde

259 1689 427 1723 reliquorum
453 1688 616 1723 scriptorum
644 1693 706 1715 ante
731 1688 832 1716 Juliani
857 1693 980 1724 tempora
1005 1689 1045 1715 vi-

260 1735 344 1767 xisse,
362 1742 481 1769 suosque
505 1734 588 1762 libros
612 1733 819 1769 Ἀποκριτικῶν
838 1734 1044 1769 conscripsisse.

261 1781 379 1809 lnstituti
401 1780 488 1808 nostri
503 1781 573 1808 ratio
589 1780 660 1807 haud
677 1781 808 1815 permittit
832 1781 895 1808 huic
917 1780 1047 1815 disquisi-

261 1827 328 1855 tioni
351 1827 384 1855 de
399 1834 462 1854 vera
477 1827 582 1862 origine
598 1827 767 1854 monumenti
785 1826 968 1855 Paneadensis
985 1827 1046 1854 lon-

261 1876 322 1909 gius
350 1873 502 1906 immorari,
532 1873 693 1908 singulaque
720 1877 847 1900 excutere
876 1878 1045 1909 argumenta,

259 1920 360 1955 quibus
372 1919 531 1947 Theodorus
545 1918 668 1951 Has-atus,
690 1919 741 1952 vir,
755 1919 819 1946 dum
837 1919 948 1952 viveret,
963 1919 1046 1946 πολυ-

262 1967 429 1999 μαθέστατος
443 1966 509 2001 (48),
526 1965 598 1993 istud
622 1973 675 1992 non
693 1965 720 1992 in
742 1965 902 1993 memoriam
920 1966 1045 1993 miraculi

260 2021 276 2039 a
292 2013 399 2039 Christo
416 2011 514 2047 patrati
533 2020 549 2039 a
566 2011 679 2038 muliere
695 2011 899 2039 hatmorrhousa
912 2017 1044 2045 erectum,

261 2060 308 2087 sed
336 2059 369 2086 ab
394 2059 452 2093 ipsa
478 2058 545 2088 urbe
562 2057 729 2085 Paneadettsi
742 2057 862 2085 Adriano
889 2058 1046 2094 imperatori

260 2109 451 2134 consecratum
470 2104 564 2137 fuisse,
581 2111 689 2131 suntnto
702 2105 791 2131 studio
804 2105 1045 2133 demonstrandum

261 2151 389 2185 sumpsit.
403 2151 471 2177 Illud
485 2158 549 2177 vero
560 2155 667 2177 constat
681 2154 737 2177 tum
750 2157 781 2177 ex
797 2150 912 2178 laudatis
925 2150 1044 2185 Macarii,

260 2196 380 2229 Eusebii,
411 2196 519 2229 Asterii,
549 2195 637 2223 Photii
670 2196 841 2231 aliorumque
869 2197 1044 2230 testimoniis,

1098 1612 1163 1633 vero
1171 1613 1203 1632 cx
1214 1604 1304 1632 citatis
1314 1603 1456 1639 fragmenti
1469 1602 1559 1630 verbis
1569 1602 1674 1637 liquido
1682 1601 1744 1629 satis
1757 1605 1845 1635 apparet,

1099 1651 1170 1678 hunc
1189 1650 1290 1678 etltuici
1311 1648 1465 1685 philosophi
1480 1655 1634 1676 sermonem
1651 1655 1719 1680 esse,
1731 1646 1771 1682 qui
1784 1647 1846 1681 genti-

1097 1697 1164 1729 lium
1180 1704 1291 1725 suorum
1304 1696 1403 1731 templa
1417 1695 1480 1727 τοὺς
1491 1695 1582 1727 ναοὺς,
1591 1694 1795 1722 Christianorum
1804 1698 1848 1718 rem

1097 1743 1168 1772 mdes
1183 1751 1277 1771 sacras
1296 1748 1401 1771 tantum
1422 1743 1485 1774 τοὺς
1504 1742 1594 1773 οἴκους
1612 1741 1737 1776 appellat,
1751 1737 1848 1772 atquein

1098 1790 1148 1818 ista
1171 1790 1375 1825 ctunparatioue
1396 1796 1524 1825 magnum
1551 1788 1642 1816 adhuc
1667 1786 1800 1814 discrimen
1818 1791 1850 1819 per

1095 1837 1278 1865 imitationem
1308 1837 1428 1871 aliquam
1464 1835 1565 1864 sensim
1599 1833 1747 1861 tollendum
1776 1829 1850 1859 consti-

1097 1882 1158 1909 tuit.
1197 1880 1355 1909 Habuerunt
1400 1880 1473 1907 cuint
1514 1878 1664 1907 Christiani
1691 1879 1767 1905 istius
1788 1875 1852 1903 atatis

1097 1929 1210 1956 omnino
1224 1935 1317 1956 sacras
1331 1935 1395 1955 suas
1411 1927 1492 1959 mdes,
1507 1926 1637 1953 basilicas
1657 1930 1683 1953 et
1704 1924 1792 1958 templa
1809 1929 1852 1953 sua.

1097 1974 1144 2002 sed
1161 1982 1215 2002 non
1231 1981 1306 2002 more
1321 1973 1431 2001 ethuico
1455 1977 1629 2005 consecrata,
1648 1979 1699 1999 ttec
1721 1968 1854 1998 sublimibus

1096 2021 1168 2049 elata
1199 2020 1337 2055 fastigiis:
1361 2019 1590 2055 quemadmodum
1616 2018 1708 2046 locum
1730 2014 1853 2045 istiusmodi

1096 2067 1246 2102 publicum,
1274 2066 1430 2093 Alexandro
1448 2065 1549 2092 Severo
1567 2065 1748 2097 concedente,
1769 2070 1781 2089 a
1797 2060 1855 2088 Chri-

1097 2113 1193 2140 stianis
1211 2116 1385 2146 occupatum,
1398 2116 1424 2138 et
1435 2111 1467 2137 ad
1480 2117 1559 2137 sacra
1571 2110 1749 2141 destinatum,
1765 2110 1856 2134 testatur

1096 2157 1269 2192 Lampridius
1287 2157 1314 2183 in
1328 2157 1387 2191 ejus
1401 2156 1479 2189 Vita;
1494 2160 1520 2183 et
1534 2155 1664 2189 templum
1677 2151 1857 2180 Nicomedieuse

1097 2204 1124 2231 in
1142 2204 1278 2239 Bithynia,
1294 2203 1368 2238 quod
1383 2202 1460 2230 initio
1471 2201 1669 2236 persecutionis
1682 2209 1697 2227 a
1716 2199 1857 2226 Diocletiano

262 2246 318 2268 tum
334 2250 367 2269 ex
392 2242 450 2276 ipso
469 2241 571 2268 Juliani
591 2241 630 2268 vel
655 2241 873 2269 Paneadcnsium
895 2241 977 2275 facto,
993 2242 1046 2269 illis
1064 2235 1220 2278 θυραίωιῷ
1237 2235 1483 2284 solo-adamatum
1499 2252 1550 2278 est,
1569 2252 1749 2274 memoratum
1765 2244 1857 2280 legimus

261 2288 429 2322 temporibus
450 2288 516 2315 satis
530 2288 649 2322 antiquis
668 2287 764 2314 saltent
781 2295 813 2314 ex
839 2287 978 2315 communi
995 2288 1045 2314 ho-

261 2333 366 2360 mitium
382 2334 509 2368 opinione
524 2339 641 2361 statuam
658 2333 861 2368 Pancadensem
877 2342 927 2369 pro
940 2333 1043 2361 Christi

260 2380 379 2416 imagine
402 2380 520 2407 habitam
534 2381 619 2409 fuisse
632 2381 699 2416 (49).
716 2379 751 2407 Ut
763 2385 878 2413 taceam,
895 2381 941 2407 vix
958 2380 1046 2407 credi-

224 2433 226 2436 ·
261 2426 315 2453 bile
338 2426 432 2457 videri,
448 2425 588 2454 Iulianum
613 2427 804 2462 iutpcratorem
830 2426 964 2461 ejusmodi
991 2432 1032 2454 sla

262 2477 346 2505 tuam,
366 2480 426 2507 quae
443 2472 539 2499 honori
559 2473 687 2507 principis
712 2479 766 2500 tam
791 2473 839 2507 pii,
862 2473 939 2508 justi,
961 2473 1045 2500 bene-

260 2517 315 2552 tici,
327 2517 392 2545 ΔΕΙῙί
404 2517 525 2551 Adriani,
538 2518 851 2553 splendidoRestitutoi-ia
864 2519 952 2554 elogio
963 2519 1043 2546 toties

296 2599 352 2633 (44)
367 2598 472 2635 Μικρόν
487 2600 562 2635 deest
576 2600 645 2634 apud
661 2599 797 2627 Photium.

372 2634 485 2671 Bhotius
501 2634 584 2671 ἄρξας
603 2635 749 2670 βασιλείας.

308 2670 352 2704 46)
367 2670 439 2697 Hist.
454 2671 516 2698 eccl.
532 2670 577 2697 lib.
597 2679 643 2702 vn,
659 2679 718 2705 cap.
735 2671 761 2698 5.

309 2705 352 2737 Π)
372 2705 442 2732 Hist.
457 2705 518 2732 ρει-Ι.
538 2706 584 2731 lib.
598 2714 625 2738 v,
641 2713 665 2733 c.
684 2707 729 2733 21.

275 2775 281 2779 _
295 2739 354 2779 (481
366 2740 480 2779 ltlndi‘SS.
496 2740 629 2779 ἀεῖ-δίδως]
642 2741 867 2779 ΔΙιίῺΙΙΙΟΓΪΙΙρυὸἓξτ]
886 2750 945 2776 qua:
962 2751 1039 2776 repe-

259 2775 375 2836 riltgq‘gn
398 2775 727 2810 Syllogedissertationth
749 2777 834 2811 ipsius
846 2775 947 2805 Brcina:
969 2775 1040 2805 edita

261 2817 287 2836 ι).
368 2818 444 2836 seua.

260 2817 287 2844 p.
302 2817 354 2836 an
368 2818 444 2844 seqq.

295 2845 353 2884 μῼ)
370 2844 514 2884 veritatem
532 2846 616 2884 totius
631 2846 751 2884 historia;
765 2848 979 2884 eanostratibus
993 2848 1040 2875 im-

259 2880 352 2913 primis
374 2880 545 2908 vindicarunt
557 2882 725 2909 Cltemttitius
741 2883 767 2909 in
786 2882 914 2909 Examine
932 2884 1038 2910 conrilii

1090 2305 1113 2324 _a
1130 2296 1270 2324 Lactantio
1285 2296 1321 2323 De
1335 2295 1461 2322 mortibus
1475 2299 1679 2329 persecutor-um,
1692 2301 1753 2327 cap.
1765 2292 1795 2318 i9.
1809 2289 1857 2322 (50).

1097 2342 1184 2369 Nimis
1206 2349 1270 2377 ergo
1285 2342 1344 2373 leve
1372 2346 1413 2368 est
1438 2339 1509 2367 istud
1527 2344 1735 2374 argumentum,
1750 2335 1816 2372 quod
1835 2341 1858 2361 ex

1096 2388 1318 2416 denontinatione
1337 2388 1436 2415 aedium
1457 2394 1596 2413 sacrarunt
1620 2393 1636 2412 a
1653 2384 1814 2412 Christianis
1827 2389 1860 2408 et-

1096 2437 1261 2462 structarum
1278 2432 1311 2459 ad
1329 2431 1541 2460 imntinuendam
1555 2429 1696 2464 scriptoris
1709 2428 1794 2456 nostri
1807 2425 1860 2454 anti-

1095 2480 1226 2515 quitatem
1238 2479 1392 2506 dcsntnitur
1405 2498 1412 2505 .
1428 2478 1528 2513 quippe
1544 2484 1591 2511 per
1607 2476 1697 2507 οἴκους
1711 2482 1768 2501 non
1779 2471 1862 2507 templi

1095 2525 1129 2552 ad
1160 2533 1263 2552 merent
1287 2524 1427 2560 gentilium
1454 2523 1594 2558 splendide
1619 2525 1797 2552 constructa,
1826 2516 1862 2545 sed

1096 2603 1229 2636 Trident.,
1247 2608 1316 2639 part.
1334 2612 1370 2635 tv,
1388 2611 1416 2639 p.
1431 2602 1484 2634 45;
1499 2601 1652 2639 Dorscheu_s
1668 2600 1694 2627 in
1706 2598 1862 2639 Commenta-

1094 2640 1133 2666 rio
1146 2640 1172 2665 in
1185 2632 1299 2674 quot-uer
1313 2632 1494 2673 eeoitjclistas.
1507 2645 1533 2674 p.
1548 2645 1585 2664 nt.
1596 2636 1645 2674 itii
1658 2637 1788 2674 διηφίει
1799 2632 1863 2659 Cott-

1095 2674 1128 2701 l'r.
1141 2669 1264 2702 Olearius
1280 2675 1306 2701 in
1320 2669 1549 2701 Observationilius
1561 2672 1643 2699 sacris
1666 2673 1693 2699 in
1708 2669 1862 2697 Manlium.

1113 2729 1120 2736 .
1137 2710 1190 2739 276
1203 2717 1280 2739 sequ.

1093 2717 1120 2744 Ρ.
1201 2717 1467 2780 [sliqgr‘mtereamalia
1483 2749 1621 2780 saera_ruin
1635 2742 1731 2780 aedium
1741 2747 1791 2774 per
1800 2737 1863 2780 ιιιεέ

1092 2771 1197 2807 ωιᾶιθίιι
1212 2771 1345 2814 vestigia,
1372 2779 1483 2806 collecta
1513 2787 1527 2805 a
1553 2771 1864 2814 Tillentontiou'totn._HI

1094 2814 1222 2841 Historia:
1243 2809 1448 2848 imperatorum,
1464 2814 1497 2841 de
1511 2813 1698 2850 persecutione
1719 2809 1864 2850 Maximini.

1094 2850 1170 2876 artic.
1183 2850 1209 2879 6.
1224 2854 1250 2876 et
1262 2850 1333 2877 Guil.
1349 2848 1650 2884 BeveregiofinCodicc
1666 2852 1796 2873 canonum
1815 2849 1865 2869 ωη-

1092 2885 1191 2918 dt'cato,
1206 2892 1267 2920 pag.
1284 2885 1336 2912 296
1350 2893 1424 2920 seqq.
