1965 3578
127 227 195 257 1561

711 223 850 254 ΝΟἸΊΤΙΑ
869 223 913 250 ET
934 221 1158 251 FRAGMENTA.

1699 216 1756 244 36?

127 287 275 321 anpliores
301 287 410 320 domus,
432 287 459 313 in
485 287 585 322 quibus
603 286 820 315 Christianorum
844 293 911 313 con-
928 287 950 315 Α
965 284 1002 311 De
1025 283 1125 318 pallio,
1145 289 1205 315 cap.
1229 280 1265 308 5:
1290 278 1387 305 Tamen
1413 277 1511 312 inquis,
1534 276 1573 302 ita
1597 284 1611 301 (ι
1636 280 1697 309 loga
1717 277 1750 301 ad

128 337 225 360 ventus
247 330 374 367 precandi
397 339 481 360 causa
504 332 732 363 instituebantur,
750 330 861 365 intelligi
886 330 911 356 in

128 378 272 414 propatulo
292 383 344 406 est.
363 377 463 411 Quales
477 378 533 413 jam
552 378 651 406 saeculo
665 385 695 404 ιιι
712 385 726 404 a
748 376 913 404 Christianis

126 432 232 453 erectas
252 424 348 456 fuisse,
371 425 473 460 passim
494 429 628 452 memorat
650 424 795 456 Eusebius,
812 430 913 458 easque

127 476 204 499 vocat
221 470 444 508 προσευκτηρίων
462 471 525 503 τοὺς
547 471 656 503 οἴκους,
680 478 770 497 sacras
787 469 871 502 mdes,
886 474 913 497 et

125 516 286 552 ἐκκλησίας,
311 516 445 548 ecclesias,
468 516 531 544 alibi
546 525 610 544 vero
631 517 694 548 τοὺς
714 516 804 548 οἴκους
825 516 853 542 ὲν
872 513 912 547 οἷς

125 563 283 598 συνήγοντο,
300 562 368 589 (edes
391 570 463 594 suas,
484 562 510 588 in
531 562 624 597 quibus
645 566 783 589 conventus
804 570 912 596 perage.

125 608 199 641 bant,
215 615 247 635 ac
267 607 376 635 tandem
393 608 484 640 οἴκους
505 608 673 643 ὲκκλησίων,
695 608 764 634 cedes
786 607 910 634 ecclesia-

125 662 185 680 rum
204 653 271 689 (51).
283 653 355 686 Quid
370 654 443 689 quod
466 654 536 681 idem
551 653 685 681 Eusebius
703 653 805 681 Ilistor.
819 653 909 681 ποίεε.

124 699 172 726 lib.
190 707 238 733 vlt,
264 707 323 734 cap.
341 699 375 727 50
394 699 451 734 (52)
478 699 579 727 diserte
600 703 707 732 narrat,
733 699 909 726 Aurelianum

124 745 317 779 imperatorem
339 752 355 772 a
372 745 536 772 Christianis
558 744 759 779 interpellatum
781 745 908 779 jussisse,

123 795 153 817 ut
167 790 269 818 Paulus
288 790 484 819 Samosatenus
499 791 644 818 luereticus
666 791 809 825 pelleretur
829 791 910 818 domo

121 837 245 864 ecclesia
258 857 265 869 ,
287 836 337 872 τῆς
348 836 498 873 ἐκκλησίας
522 837 596 864 οἴκου
609 857 617 870 ,
637 840 665 865 et
684 838 742 865 lucc
762 836 859 865 domus
876 838 910 865 iis

122 883 289 915 traderetur,
306 883 406 918 quibus
426 883 510 911 Italici
526 883 688 911 Christiana:
707 883 845 919 religionis
861 892 910 911 an—

121 928 224 959 tistites
240 932 267 955 et
279 928 419 955 Romanus
433 929 577 963 episcopus
592 929 752 956 scriberent.
774 928 800 956 ld
817 933 908 957 autem

965 329 1075 364 pallium
1088 328 1099 354 ?
1118 326 1189 359 Quid
1205 325 1274 353 enim
1290 325 1313 351 si
1326 328 1351 350 et
1364 331 1380 350 a
1395 323 1544 349 diademate
1558 325 1581 347 et
1599 328 1615 347 a
1630 321 1751 355 sceptro?

966 375 1006 402 Αη
1028 375 1107 401 aliter
1126 372 1237 400 mutavit
1257 370 1434 401 Anacharsis,
1454 376 1513 396 cum
1535 376 1614 403 regno
1637 366 1751 402 Scythia

964 421 1156 458 philosophiam
1171 417 1303 454 prwvcrtit
1317 417 1328 443 ?
1342 415 1410 449 Quid
1431 415 1505 450 quod
1520 418 1547 442 et
1564 414 1677 449 imperio
1696 413 1752 441 Ro-

965 475 1047 496 mano
1064 467 1098 494 ad
1111 464 1301 493 monarcbiam
1325 461 1453 494 deducto,
1468 460 1605 495 principes
1622 459 1684 495 ipsi,
1702 459 1748 494 qui

965 514 1047 543 etiam
1074 513 1254 547 imperatores
1282 507 1461 538 dicebantur,
1488 506 1616 540 quoniam
1644 506 1749 541 regium

964 568 1062 588 nomen
1074 558 1167 585 Ronue
1179 555 1328 583 infaustum
1340 553 1512 587 invisumque
1521 556 1589 584 erat,
1601 559 1752 587 purpuram

964 612 1053 635 tamen
1070 613 1118 641 pro
1133 603 1232 638 insigni
1253 600 1428 636 imperatorio
1444 599 1642 627 servaverunt?
1656 603 1684 626 ut
1701 606 1750 626 au-

963 657 1024 679 ctor
1049 655 1090 678 est
1113 648 1282 684 Capitolinus
1304 647 1333 673 in
1356 644 1482 672 Maximis
1499 649 1525 672 ct
1549 644 1576 671 in
1599 644 1749 677 Gordiano,

963 705 1067 725 necnon
1082 695 1255 730 Lampridius
1278 693 1305 719 in
1330 691 1450 718 Historia
1475 691 1620 718 Alexandri
1642 690 1749 723 Severi,

963 751 1024 778 cap.
1036 743 1079 770 51.
1097 741 1143 769 Sic
1160 740 1262 776 pariter
1278 737 1448 765 Herodianus
1466 737 1499 764 de
1520 736 1649 764 Gordiani
1669 736 1750 763 inau-

964 788 1106 824 guratione
1118 787 1151 814 all
1163 786 1306 821 imperium
1319 784 1427 811 locutus
1443 783 1492 811 lib.
1507 791 1555 815 vn,
1572 790 1632 817 cap.
1644 782 1660 810 5
1680 782 1748 818 (5'5),

964 833 1070 865 scribit,
1095 832 1282 859 adolescentes
1295 851 1302 863 ,
1319 830 1419 863 impetu
1439 829 1465 855 in
1489 828 1560 855 aedes
1578 826 1659 860 facto,
1680 826 1750 854 Gor-

963 879 1074 907 dianum
1088 885 1169 912 supra
1188 876 1348 911 grabbatum
1363 874 1577 910 requiescentem
1591 872 1748 905 ollendisse,

964 924 1200 958 circumfusosque
1217 930 1307 950 senem
1321 928 1440 956 purpura
1463 919 1583 947 induisse
1598 924 1679 954 atque
1692 919 1749 945 Au-

120 975 216 1009 negnri
237 975 339 1009 nequit,
359 975 408 1010 τῆς
427 975 571 1010 ἐκκλησίας
598 973 685 1006 οἷκον,
715 978 743 1001 et
759 974 863 1008 locum,
882 975 903 1002 in

963 969 1276 1007 gustalibushonoribus
1297 967 1484 995 consalutasse
1506 965 1574 1001 (54).
1598 964 1698 992 Verum
1721 969 1749 992 et

121 1029 180 1056 quo
197 1021 347 1050 Christiani
370 1026 475 1050 veteres
495 1023 585 1050 cultus
603 1022 687 1050 divini
708 1022 794 1058 gratia
807 1030 908 1051 conve-

121 1067 252 1100 niebant,
275 1071 337 1095 ante
358 1067 530 1095 Constantini
544 1067 634 1103 Magni
657 1073 779 1102 tempora
795 1069 839 1095 vix
856 1077 908 1096 un-

120 1121 205 1147 quam
234 1114 323 1148 templi
347 1113 458 1141 nomine
480 1113 639 1149 insignitum
658 1113 757 1147 fuisse;
774 1114 813 1141 uti
836 1119 908 1142 recte

120 1159 251 1187 observat
261 1158 326 1187 Dav.
340 1159 499 1187 Blondellus
508 1159 545 1187 De
554 1151 683 1194 episcopis
702 1166 726 1187 et
739 1160 907 1195 presbyteris,

119 1209 189 1233 sect.
205 1213 245 1237 nt,
263 1213 316 1241 pag
340 1205 394 1233 254
408 1213 468 1241 seq.

173 1268 188 1305 ς
204 1268 262 1297 ΧΗ.
283 1268 311 1296 2⁸
327 1269 349 1297 Α
364 1270 541 1306 descriptione
555 1272 684 1306 regiorum
700 1272 853 1307 insignium.

154 1336 243 1364 Aliam
257 1336 442 1364 dillicultatem
456 1342 547 1364 movet
559 1336 751 1366 Tillemontius
763 1345 795 1366 ex
809 1346 908 1366 seruu-

118 1382 198 1409 nibus
216 1381 328 1410 Macarii
345 1382 476 1418 Magnetis
494 1383 521 1410 in
544 1383 665 1417 Genesin,
683 1384 709 1411 in
731 1383 831 1419 quibus
853 1385 908 1420 pri-

118 1436 195 1455 mum
218 1429 354 1456 hominem
382 1429 417 1456 ad
437 1429 584 1465 imaginem
612 1430 657 1458 Dei
685 1436 806 1459 creatum
833 1432 905 1467 regia

119 1474 203 1500 veluti
225 1474 356 1509 dignitate
375 1475 553 1510 conspicuum
572 1475 730 1510 introducit,
752 1477 906 1512 ibidemque

117 1526 257 1553 purpurre,
277 1519 451 1552 diadematis,
473 1523 555 1555 atque
577 1521 676 1555 sceptri
694 1526 819 1548 ornatum
837 1521 906 1556 regi-

118 1563 172 1591 bus
193 1565 320 1592 attribuit
336 1569 452 1592 auctor:
476 1572 537 1600 qua:
560 1570 649 1592 tamen
673 1564 804 1593 Romanis
821 1566 908 1600 impe-

118 1610 259 1638 ratoribus
276 1611 319 1638 vix
336 1615 400 1638 ante
414 1611 506 1638 saeculi
528 1619 552 1638 tv
569 1616 674 1638 aetatem
693 1611 720 1637 in
738 1619 787 1639 usu
807 1610 905 1642 fuisse.

117 1660 241 1683 veterum
263 1656 427 1692 scriptorum
444 1661 619 1684 monumenta
637 1661 779 1684 testantur.
802 1657 904 1684 Audia-
920 1656 940 1671 ¹⁴¹

117 1709 182 1729 mus
196 1701 255 1736 ipsa
273 1700 439 1730 Tillemontii
456 1702 554 1730 verba:
574 1701 599 1729 Il
614 1710 630 1737 y
645 1703 790 1737 représente
802 1702 826 1729 le
842 1710 903 1737 pre-

117 1746 186 1772 micr
199 1747 300 1774 homme
321 1755 419 1774 comme
436 1755 471 1773 un
495 1747 552 1780 τοί,
573 1747 685 1782 quoique
705 1755 735 1774 sa
751 1748 861 1782 royauté
872 1756 904 1774 ne

117 1792 161 1827 [ἀι
171 1793 244 1826 point
264 1794 386 1828 marquée
401 1801 450 1828 par
463 1792 489 1819 la
502 1801 623 1827 pourpre,
638 1801 687 1827 par
699 1792 722 1819 le
733 1793 861 1825 diadéme,
876 1795 903 1820 ni

115 1846 169 1872 par
185 1838 209 1864 le
228 1843 335 1872 sceptre.
361 1837 488 1865 C'étaient
512 1838 578 1864 dum:
602 1838 628 1865 la
648 1838 680 1865 de
698 1847 744 1865 san
767 1843 846 1873 temps
867 1839 903 1866 les

117 1891 238 1919 marques
257 1884 288 1911 de
311 1884 336 1911 la
355 1886 473 1920 royauté.
486 1883 523 1911 Et
540 1885 648 1920 puisque
665 1893 730 1911 nous
752 1893 782 1912 ne
808 1893 903 1921 voyons

115 1927 191 1961 point
204 1935 252 1962 que
264 1927 300 1954 les
313 1936 460 1962 empereurs
473 1929 590 1955 remains
602 1937 628 1956 se
638 1930 775 1956 servissent
787 1938 902 1957 commu-

117 1973 222 1998 nément
240 1973 276 1999 du
292 1973 412 2001 diadé’me
431 1982 481 2009 que
501 1974 592 2009 depuis
620 1974 781 2008 Dioclélien,
802 1984 835 2003 ou
854 1984 903 2011 peu

117 2023 199 2045 arant
215 2018 253 2046 lui
266 2027 274 2046 :
288 2028 316 2046 ce
332 2024 393 2054 peut
404 2020 457 2046 διν-ε
470 2028 519 2047 une
533 2028 625 2054 preuve
638 2028 687 2055 que
698 2025 736 2048 cet
749 2026 843 2048 auteur
860 2022 903 2048 n’a

117 2065 192 2098 point
207 2064 271 2091 terit
283 2069 362 2091 arant
384 2073 412 2092 ee
427 2066 562 2100 τεηιρδ-Ιᾱ.
581 2065 651 2093 Mais
669 2066 697 2101 je
710 2075 741 2094 ne
755 2067 809 2094 uois
830 2067 903 2102 point

117 2118 168 2144 que
180 2111 207 2136 ni
220 2110 291 2137 alors
306 2111 333 2137 ni
343 2110 488 2145 longtemps
500 2111 602 2145 depuis,
615 2120 647 2139 on
658 2112 731 2147 parle
742 2112 773 2139 tle
783 2118 882 2147 sceptre
893 2120 902 2138 :

116 2162 141 2181 et
154 2155 271 2182 Macaire
283 2161 343 2190 peut
355 2157 428 2184 avoir
441 2156 518 2183 voulu
532 2164 655 2193 marquer
663 2166 692 2185 re
702 2159 748 2193 qui
759 2166 786 2185 se
798 2159 901 2193 faisait,

115 2201 168 2228 soil
180 2203 266 2236 parmi
279 2202 315 2229 les
327 2202 464 2235 Romanis,
477 2202 528 2229 soil
542 2204 629 2237 ραι·Μὶ
639 2203 676 2232 [ει
687 2211 775 2231 autres
787 2204 900 2239 peuples.

114 2246 215 2280 Liquet
227 2256 259 2275 ex
272 2248 314 2276 his
327 2248 428 2278 verbis.
444 2249 594 2277 rcctissime
602 2249 658 2284 jam
671 2255 727 2276 tum
742 2250 806 2278 huic
818 2250 901 2277 dubio

114 2293 286 2321 satisfecisse
309 2295 399 2329 ipsum
422 2293 644 2329 Tillemontium,
665 2303 727 2323 cum
751 2295 898 2323 Maearium

112 2347 170 2366 non
185 2339 218 2367 ad
239 2339 424 2368 Romanorum
441 2345 557 2373 tantum,
573 2342 621 2369 sed
636 2347 663 2370 et
678 2342 793 2369 aliorum
813 2350 899 2377 popu-

112 2384 204 2411 lorum
217 2385 370 2420 respexisse
380 2392 483 2412 morem
498 2385 645 2419 existimat,
656 2386 755 2421 quibus
766 2393 897 2422 purpura,

111 2430 240 2458 diadema
273 2435 355 2465 atque
381 2435 518 2465 sceptrum
551 2431 622 2459 inter
652 2431 787 2466 praecipua
818 2433 897 2467 regia:

110 2476 254 2511 dignitatis
267 2477 481 2505 numerabantur
498 2477 625 2513 insignia.
642 2477 704 2506 Pari
721 2477 802 2506 modo
815 2478 897 2506 etiam

111 2520 325 2555 Tertullianum,
341 2522 500 2557 scriptorem
516 2522 605 2550 saeculi
617 2531 646 2556 ιι,
660 2523 717 2559 jam
733 2528 789 2550 tum
804 2523 897 2551 diade-

110 2567 196 2594 matis
213 2572 295 2603 atque
312 2568 410 2603 sceptri
423 2568 491 2604 regii
506 2569 662 2597 meminisse
675 2568 790 2606 legimus
803 2569 831 2596 in
848 2569 895 2597 lib.

148 2646 218 2685 (51)-
225 2647 295 2685 Vill.»
308 2647 501 2685 Euseb.,Hist.
525 2650 587 2677 πει.
602 2649 650 2677 lib.
671 2658 732 2683 νιιι,
747 2658 808 2685 cap.
822 2650 851 2683 2,
867 2659 894 2685 p.

148 2658 205 2682 ψη
230 2658 285 2675 Im.
308 2658 501 2682 nusen.,utst.
525 2658 587 2677 em.
602 2658 650 2677 nn.
671 2658 732 2683 νιιι,
747 2658 777 2677 ca
800 2670 808 2678 .
822 2658 851 2683 z,
867 2659 894 2685 p.

108 2681 402 2746 3b?3?,D?%%Q-lbid.
418 2692 477 2719 cap.
500 2685 548 2717 l'l,
564 2693 591 2720 p.
607 2685 669 2714 516.
691 2685 758 2714 ibid.
780 2658 828 2714 lib.
857 2694 895 2720 lx,

108 2725 215 2788 “iis?
223 2726 256 2780 ti."
271 2725 387 2782 filiae.

110 2788 255 2855 “ﬂag!
271 2796 307 2816 ιιι.
332 2789 381 2817 501
408 2797 466 2826 seq.
489 2790 555 2818 edit.
578 2790 755 2820 Bmcleriante
780 2792 891 2827 Argent.

147 2858 204 2895 (54)
224 2858 306 2895 Plura
338 2859 461 2894 exempla
498 2860 552 2888 huc
582 2860 706 2888 facientia
739 2862 893 2895 suppeditat

109 2891 215 2930 )Volfg.
225 2893 366 2930 Laziusrin
381 2891 558 2930 Cojnntentar.
572 2896 603 2922 de
617 2896 750 2930 republica
763 2891 891 2927 Romana,

110 2927 159 2967 lib.
185 2927 306 2967 ix,_‘cap.
327 2929 464 2967 2,p._755
483 2937 561 2967 seqq.
585 2927 659 2967 idem
677 2939 786 2967 quoque
806 2931 893 2957 llero-

113 2962 214 2992 dianus
231 2962 285 2991 lib.
295 2971 332 2999 v1,
348 2962 377 2992 c.‘
391 2963 418 2998 8,
434 2964 467 2990 de
483 2962 622 2995 Marinum
637 2962 768 2995 electione
788 2967 870 2993 refert
884 2975 890 2992 :

961 1017 1097 1048 diadema,
1114 1015 1187 1050 quod
1203 1014 1302 1041 Suidas
1315 1013 1346 1039 τὸ
1363 1011 1501 1049 βασιλικὸν
1515 1011 1616 1047 ἔνδυμα
1626 1031 1633 1044 ,
1650 1015 1677 1038 et
1692 1010 1747 1038 He-

961 1062 1072 1098 sychius
1090 1060 1197 1096 στέμμα
1214 1058 1345 1095 βασιλέως
1367 1058 1590 1093 interpretantur,
1614 1057 1684 1084 inter
1704 1064 1736 1084 or

961 1113 1087 1136 namcnta
1106 1107 1258 1142 imperialia
1277 1111 1357 1141 atque
1380 1106 1453 1142 regia
1477 1105 1655 1140 plurimarum
1680 1111 1746 1139 gen—

959 1154 1026 1181 tium
1050 1153 1111 1180 inde
1135 1153 1168 1179 ab
1186 1151 1386 1187 antiquissimis
1407 1151 1573 1186 temporibus
1595 1149 1747 1177 adhibitum

959 1201 1055 1232 fuisse,
1075 1199 1149 1227 omni
1173 1198 1258 1226 dubio
1279 1201 1368 1225 vacat.
1388 1196 1493 1232 Duplici
1509 1196 1580 1224 enim
1593 1195 1749 1224 diademate

958 1245 1124 1273 Artabanum
1139 1243 1303 1271 Parthorum
1321 1250 1409 1277 regem
1424 1250 1503 1269 usum
1521 1241 1605 1269 fuisse
1615 1246 1750 1269 tncmorat

958 1290 1128 1319 Herodianus
1155 1288 1258 1316 Histor.
1279 1288 1327 1315 lib.
1350 1295 1467 1323 vt,cap.
1497 1287 1531 1319 2,
1556 1295 1582 1323 p.
1608 1295 1647 1314 m.
1671 1287 1746 1320 25-1;

958 1333 1188 1369 quemadmodum
1202 1337 1229 1360 et
1243 1332 1269 1359 in
1296 1332 1382 1360 sacris
1398 1332 1504 1366 paginis
1527 1332 1596 1360 inter
1619 1337 1746 1360 ornatum

959 1379 1115 1407 Mardochai
1130 1378 1233 1413 regium
1251 1376 1369 1413 διάδημα
1385 1377 1508 1412 βύσσινον
1529 1377 1685 1414 πορφυροῦν
1703 1385 1747 1406 re-

960 1427 1044 1453 latum
1059 1425 1176 1460 legimus
1194 1423 1301 1450 Esther.
1320 1431 1379 1455 vm,
1398 1423 1440 1450 15.
1455 1422 1585 1458 Equidem
1602 1424 1628 1451 in
1645 1423 1747 1451 Roma-

959 1477 1055 1499 norum
1074 1472 1272 1505 monumentis,
1295 1472 1491 1506 speciatimque
1515 1470 1659 1497 Ammiano
1674 1469 1745 1496 Mar.

958 1519 1071 1551 cellino,
1091 1525 1143 1544 non
1170 1518 1230 1545 sine
1265 1518 1381 1553 graviori
1400 1525 1482 1545 causa
1507 1516 1668 1544 adnotatum
1692 1520 1744 1548 est,

958 1564 1065 1591 invidia:
1089 1562 1217 1599 Pompeio
1236 1563 1327 1590 datum
1351 1562 1436 1591 fuisse
1458 1563 1491 1590 ab
1507 1561 1745 1592 obtrectatoribus,

959 1610 1030 1645 quod
1057 1610 1141 1637 fascia
1167 1610 1313 1645 obligatum
1339 1617 1404 1637 crus
1432 1608 1621 1637 circumferret
1645 1607 1746 1635 ulceris

959 1664 1051 1689 causa,
1072 1656 1153 1683 veluti
1172 1663 1260 1682 rerum
1278 1663 1409 1683 novarum
1431 1654 1613 1682 aﬂ‘ectationis
1628 1655 1653 1682 id
1675 1653 1746 1681 foret

959 1700 1092 1735 pra-Sagio
1112 1700 1181 1735 (55).
1203 1700 1304 1727 Julium
1330 1699 1465 1727 (Zwsarem
1487 1700 1570 1727 etiam
1594 1699 1646 1726 hoc
1669 1698 1745 1734 regni

959 1746 1064 1780 insigne
1083 1746 1254 1781 arrogantius
1277 1746 1435 1777 atl‘eetasse,
1461 1751 1489 1773 et
1514 1753 1576 1773 cum
1601 1745 1712 1781 quidam
1729 1753 1745 1773 e

959 1791 1037 1819 turba
1066 1795 1165 1820 statua:
1189 1791 1274 1826 ipsius
1311 1798 1442 1818 coronam
1472 1792 1591 1818 lauream
1628 1791 1743 1819 candida

959 1838 1040 1865 fascia
1080 1837 1247 1872 prmligatam
1278 1837 1476 1872 imposuisset,
1508 1838 1632 1865 tribunos
1658 1837 1747 1872 plebis

958 1883 1062 1911 detrahi
1079 1891 1188 1911 corome
1207 1882 1332 1915 fasciam,
1351 1888 1378 1911 et
1391 1883 1454 1911 duci
1476 1883 1503 1910 in
1526 1884 1633 1911 vincula
1655 1884 1745 1911 homi-

959 1937 1019 1956 nem
1041 1929 1177 1964 iussisse,
1199 1929 1274 1956 testis
1290 1934 1333 1957 est
1359 1929 1506 1957 Suetonius
1532 1929 1558 1956 in
1586 1930 1645 1964 ejus
1669 1929 1743 1963 Vita,

958 1982 1017 2009 cap.
1036 1974 1078 2002 79.
1098 1973 1153 2001 Nec
1171 1974 1285 2002 multum
1301 1974 1404 2007 abfuit,
1421 1974 1487 2009 quin
1501 1974 1653 2002 diademate
1676 1982 1745 2002 usus

957 2024 1029 2047 esset
1058 2019 1179 2054 Caligula
1194 2039 1200 2051 ,
1226 2020 1399 2055 speciemque
1424 2020 1590 2055 principatus
1613 2020 1640 2047 in
1665 2021 1744 2056 regni
1785 2024 1793 2033 '

957 2066 1072 2093 formam
1092 2066 1283 2099 convertisset,
1308 2066 1360 2093 nisi
1382 2066 1544 2101 prudentum
1564 2066 1590 2093 in
1613 2066 1674 2093 aula
1690 2065 1744 2093 Ro-

958 2119 1037 2139 mana
1053 2112 1122 2139 ratio
1137 2112 1296 2147 imperatori
1309 2112 1366 2139 haec
1382 2111 1499 2147 insignia
1516 2112 1588 2145 regia
1606 2112 1743 2140 affectanti

958 2157 1148 2192 suggessissct,
1165 2165 1226 2185 eum
1242 2162 1267 2184 et
1282 2157 1435 2193 principum
1448 2162 1475 2185 et
1486 2166 1579 2193 regum
1593 2158 1744 2186 excessisse

957 2204 1095 2239 fastigium
1119 2204 1185 2240 (56).
1210 2203 1338 2237 Quamvis
1370 2205 1469 2240 igitur,
1497 2210 1637 2240 propterea
1669 2207 1743 2241 quod

958 2250 1061 2285 regium
1080 2257 1194 2284 nomen,
1212 2257 1244 2277 ac
1264 2250 1378 2284 proinde
1394 2251 1535 2285 proprium
1562 2258 1656 2286 regum
1680 2252 1744 2279 insi-

956 2304 1026 2332 gne,
1044 2301 1236 2324 aversarentur
1262 2295 1396 2329 Romani,
1413 2296 1566 2324 diademate
1595 2302 1743 2325 caruerunt

955 2350 1003 2377 per
1019 2341 1122 2377 aliquot
1138 2341 1236 2369 saecula
1259 2348 1353 2368 eorum
1376 2342 1569 2376 imperatores,
1589 2347 1636 2369 aut
1659 2343 1742 2369 raris-

954 2388 1022 2415 sime
1044 2395 1078 2414 eo
1100 2387 1142 2415 usi
1162 2386 1273 2414 fuerunt
1294 2395 1301 2412 :
1327 2387 1413 2414 nihilo
1438 2392 1529 2415 tamen
1551 2388 1643 2415 minus
1668 2389 1742 2416 istud

952 2433 1115 2461 diadematis
1133 2440 1238 2468 genus,
1261 2432 1335 2467 quod
1362 2432 1482 2460 lauream
1504 2433 1587 2461 modo
1608 2441 1741 2461 coronam

953 2478 1038 2507 fascia
1055 2479 1169 2507 candida
1189 2478 1354 2514 praeligatam
1371 2478 1472 2512 refert,
1493 2480 1576 2507 etiam
1598 2480 1625 2507 in
1645 2480 1735 2507 numi-

954 2524 1088 2552 smatibus
1100 2524 1237 2552 veteribus
1247 2523 1432 2559 Augustorum
1455 2524 1610 2560 incipientis
1633 2526 1739 2560 imperii

953 2569 1117 2605 quandoque
1139 2569 1290 2597 adhibitum
1315 2569 1500 2604 conspicimus
1524 2570 1592 2605 (57).
1613 2569 1690 2598 Unde
1711 2574 1738 2597 et

951 2650 1098 2694 [loptptipav
1112 2650 1284 2683 ὲπιδαλὸντες
1302 2651 1454 2687 βασιλικὴν,
1468 2652 1657 2688 αὐτοκράτορα
1670 2652 1738 2679 ἀνα.-

950 2694 1119 2720 γορευουσιν.

985 2695 1119 2722 ρευουσιν.

985 2721 1042 2756 (55)
1062 2720 1322 2756 ροιιΐκΡΙιιιιιτεΙιυε
1336 2723 1362 2749 in
1375 2722 1434 2749 Vita
1450 2722 1499 2749 Cn.
1516 2721 1648 2756 Pompeii.

996 2755 1041 2792 59)
1061 2755 1131 2792 Yida
1141 2755 1286 2783 Suetonius
1303 2757 1330 2784 in
1346 2757 1406 2784 Vita
1415 2757 1554 2792 Caligulae,
1564 2755 1624 2791 cap.
1636 2758 1681 2784 ‘22.

996 2791 1041 2825 5'?)
1061 2791 1140 2818 Conf.
1168 2791 1280 2819 Antonii
1303 2791 1448 2826 Augustini
1480 2791 1657 2827 Autiquitates
1681 2792 1736 2820 Ro-

948 2833 1044 2862 mana,
1058 2833 1090 2853 ex
1105 2827 1225 2853 nummis
1252 2831 1385 2857 veterum,
1407 2827 1513 2861 dialogo
1528 2827 1554 2859 6,
1578 2835 1605 2862 p.
1623 2836 1661 2855 m.
1679 2828 1709 2855 8t
1727 2837 1734 2855 :

947 2860 1161 2897 Christianorum
1186 2869 1245 2888 vero
1269 2862 1458 2896 imperatorum
1483 2860 1547 2895 amo,
1568 2860 1636 2897 quod
1660 2863 1735 2891 lauro

947 2896 1069 2923 coronari
1084 2896 1197 2929 nollent,
1217 2901 1246 2922 ut
1263 2897 1380 2923 solebant
1398 2897 1513 2931 Augusti
1529 2896 1590 2924 ante
1605 2898 1734 2925 Constan-

947 2931 1134 2969 tini_C¢esaris_
1152 2936 1268 2969 tempora
1278 2932 1384 2969 Ρ..εει-ιιι-
1400 2932 1451 2969 tali
1467 2933 1533 2959 vitta
1553 2934 1733 2969 cingebantur,

947 2966 1026 2993 variis
1041 2967 1148 3001 gemmis
1164 2974 1194 2992 ac
1210 2965 1341 3000 lapidibus
1356 2966 1500 3001 distinctu;
1514 2973 1566 2997 etc.

485 3124 492 3134 .

140 3216 150 3242 ..'
662 3226 768 3251 ‘
806 3225 844 3244 ιο

19 3291 20 3294 η
120 3252 144 3300 ίῖ

52 3306 138 3356 Hel-ai
