3972 6318
469 472 493 522 1
505 468 611 525 565

1765 471 2118 530 MACARIUS
2157 474 2455 532 MAGNES.

3591 471 3729 532 I364

470 588 727 646 Horatius
776 589 895 659 ipso
935 605 1050 646 aevo
1080 586 1311 661 Augusti
1359 589 1488 645 illud
1536 591 1784 648 diadema
1835 593 2042 664 regiam
2075 600 2120 655 Α
2221 593 2249 666 ς
2287 592 2426 650 XIII.
2468 592 2522 648 3°
2560 591 2603 647 A
2634 593 2844 649 silentio
2878 593 3095 650 Eusebii
3134 602 3290 665 atque
3314 593 3653 667 Hieronymi.

468 681 574 738 hoc
602 681 764 737 modo
788 681 1050 739 describit
1081 681 1264 739 Carm.
1296 684 1389 739 lib.
1425 700 1485 749 ιι,
1516 684 1607 741 od.
1635 685 1670 739 2
1695 706 1708 739 :

712 834 948 905 Regnum
975 846 1026 891 et
1060 837 1308 892 diadema
1340 848 1513 893 tutum

658 971 667 981 κ
709 905 961 975 Deferens
989 908 1102 974 uni,
1130 910 1503 980 propriamque
1525 910 1758 964 laurum.

462 1036 761 1095 Inclinante
786 1048 969 1095 autem
997 1040 1212 1112 imperii
1240 1048 1399 1098 aetate
1417 1041 1774 1098 Aurelianum
1803 1042 2040 1114 primum

460 1130 680 1200 publico
718 1147 784 1188 ac
821 1133 1056 1189 solemni
1082 1148 1235 1190 more
1264 1134 1372 1191 hoc
1402 1134 1711 1192 diademate
1738 1135 1915 1195 fuisse
1946 1149 2039 1191 or—

461 1234 688 1292 natum,
746 1225 996 1281 meminit
1059 1225 1313 1283 Aurelius
1361 1225 1549 1284 Victor
1595 1229 1651 1284 in
1692 1229 1863 1301 ipsius
1892 1230 2038 1298 Vita,

460 1330 584 1386 cap.
608 1315 695 1371 55.
726 1314 992 1383 Quamvis
1039 1316 1125 1373 Joi
1139 1318 1349 1375 nandes
1370 1319 1508 1392 (58),
1555 1321 1835 1392 publicum
1872 1323 2036 1380 istum

461 1422 622 1462 usum
653 1407 992 1466 Diocletiano
1026 1411 1264 1481 primum
1310 1412 1593 1468 attribuat.
1624 1413 1868 1486 Denique
1907 1416 2039 1472 dum

460 1500 663 1570 sceptri
722 1515 884 1556 usum
948 1501 1158 1572 regium
1209 1504 1383 1560 multo
1437 1505 1619 1562 adhuc
1677 1508 2037 1564 recentiorem

459 1588 783 1645 Diocletiani
828 1606 946 1647 aevo
999 1593 1141 1650 inter
1215 1593 1493 1653 Romanos
1559 1596 1732 1655 fuisse
1789 1607 2040 1656 autumat

461 1681 869 1753 Tillemontius,
906 1686 959 1741 in
1006 1700 1073 1742 eo
1101 1687 1246 1743 haud
1287 1703 1482 1759 parum
1524 1688 1642 1746 falli
1682 1690 1900 1748 videtur
1953 1692 2039 1748 vir

458 1776 811 1834 doctissimus
846 1787 901 1833 et
947 1778 1003 1833 in
1052 1779 1411 1837 historiarum
1453 1783 1653 1838 veteris
1691 1784 1793 1838 aevi
1835 1799 2037 1840 monu-

460 1869 661 1925 mentis
688 1869 824 1926 alias
848 1871 1278 1928 versatissimus.
1316 1872 1393 1929 De
1413 1872 1789 1931 Romanorum
1818 1876 2039 1948 regibus

2224 752 2471 823 Magnam
2525 749 2756 807 fortasse
2802 751 3039 821 speciem
3093 752 3293 814 hauet,
3344 751 3493 821 quod
3549 752 3728 811 adhuc

2152 844 2445 917 objicitur,
2499 859 2676 915 neque
2703 843 3023 908 Eusebium,
3062 842 3542 915 diligentissimum
3593 846 3731 902 scri-

2150 949 2368 1008 ptorum
2414 952 2527 993 suae
2572 936 2748 993 aetatis
2792 936 3234 1006 investigatorem
3257 976 3274 1004 ,
3317 950 3499 1006 neque
3531 934 3731 993 Hiero-

2150 1045 2376 1102 nymum
2424 1029 2479 1084 in
2520 1026 2776 1100 Catalogo
2830 1029 3151 1099 scripton
3210 1028 3727 1097 ecclesiasticorum,

2149 1121 2458 1192 reliquosve
2487 1121 2652 1192 hujus
2685 1121 2902 1193 generis
2940 1120 3257 1191 scriptores,
3287 1120 3457 1176 ullam
3481 1136 3728 1192 unquam

2153 1213 2379 1271 Macarii
2433 1212 2695 1286 Magnetis
2752 1211 2948 1270 fecisse
2997 1213 3350 1279 mentionem,
3394 1213 3497 1269 sed
3558 1214 3729 1268 altum

2152 1305 2358 1377 ubique
2387 1305 2535 1362 illius
2564 1304 2793 1377 reperiri
2819 1304 3121 1360 silentium.
3146 1303 3518 1376 Praeterquam
3545 1316 3729 1361 autem

2147 1398 2293 1469 quod
2342 1413 2451 1454 non
2502 1398 2686 1453 omnia
2712 1398 2910 1453 veteris
2944 1396 3202 1453 Ecclesiae
3249 1405 3614 1453 monumenta
3657 1395 3732 1453 ad

2150 1489 2369 1547 Eusebii
2435 1497 2492 1546 et
2549 1487 2865 1562 Hieronymi
2909 1504 3109 1547 manus
3150 1497 3516 1561 pervenerunt
3537 1530 3557 1555 ,
3615 1497 3729 1544 tum

2149 1584 2357 1639 multos
2386 1582 2525 1640 alios
2553 1596 2772 1654 quoque
2803 1581 3101 1653 scriptores
3131 1582 3331 1653 prisca:
3362 1582 3545 1637 aetatis
3580 1580 3735 1636 ﬁdei-

2147 1690 2256 1746 que
2296 1675 2523 1730 minime
2560 1673 2760 1740 dubiae,
2792 1688 2844 1730 e.
2899 1688 2951 1729 c.
3001 1670 3358 1745 Hymenaeum
3387 1681 3445 1728 et
3486 1671 3733 1728 Athena-

2146 1782 2359 1839 goram,
2373 1766 2590 1823 silentio
2610 1765 2681 1822 ab
2708 1765 2901 1823 iisdem
2920 1764 3315 1836 praetermissos
3339 1778 3487 1831 esse,
3507 1763 3736 1820 cuilibet

2148 1860 2459 1916 accuratius
2478 1859 2673 1931 legenti
2688 1874 2756 1930 pa
2763 1857 3262 1929 tebit.Quapropter
3274 1865 3328 1912 et
3340 1855 3731 1943 Bellayninns,

457 1976 523 2016 es
569 1960 810 2034 Dionysii
846 1960 1350 2021 Halicarnasseusis
1397 1965 1511 2037 (59)
1555 1967 1872 2024 testimonio
1907 1984 2040 2025 con—

2150 1951 2226 2007 De
2255 1950 2600 2023 scriptoribus
2637 1951 3042 2016 ecclesiasticis,
3076 1949 3147 2005 ad
3178 1949 3594 2022 Athenagoram
3636 1949 3733 2004 ob-

459 2062 589 2120 stat,
632 2054 778 2124 qund
814 2052 1147 2126 Tarquinius
1176 2057 1504 2114 transmissa
1536 2058 1642 2115 sibi
1685 2060 1754 2115 ab
1792 2059 2039 2118 Etruscis

458 2143 694 2215 insignia
730 2144 900 2217 regia,
937 2159 1200 2202 coronam
1240 2147 1364 2204 scil.
1397 2162 1646 2214 auream,
1676 2157 1733 2204 et
1759 2157 2039 2221 sceptrum

456 2235 759 2291 eburneum
809 2237 863 2292 in
910 2238 1226 2294 summitate
1254 2240 1495 2311 aquilam
1548 2241 1794 2307 habens,
1834 2243 2041 2314 pariter

457 2334 624 2396 atque
651 2326 827 2397 ipsius
852 2344 1224 2396 successores,
1251 2340 1466 2404 gestare
1499 2334 1910 2391 consueverint.
1945 2333 2041 2391 Sic

456 2419 623 2474 etiam
666 2421 734 2475 de
791 2422 996 2492 popqu
1051 2423 1300 2482 Romano
1346 2425 1490 2482 idem
1539 2426 1772 2499 scriptor
1816 2428 2041 2486 insimul

457 2511 742 2567 memoriae
789 2513 1055 2583 prodidit,
1099 2515 1247 2586 quod
1298 2525 1614 2575 exterorum
1650 2535 1844 2594 regum
1884 2531 2039 2592 pote—

457 2610 654 2657 statem
688 2605 1103 2675 conﬁrmaturi,
1150 2617 1367 2681 sceptra
1412 2619 1465 2668 et
1497 2611 1807 2668 diademata
1846 2612 2039 2670 iisdem

456 2695 712 2763 mittere,
745 2697 800 2753 in
843 2715 997 2757 more
1043 2702 1356 2759 habuerint.
1387 2702 1608 2761 Scilicet
1639 2714 1902 2777 potestas,
1929 2705 2041 2762 for-

455 2798 613 2855 tuna,
649 2802 705 2846 et
732 2790 975 2849 eliicacia
1026 2794 1262 2864 auspicii
1306 2796 1639 2867 consiliique
1671 2796 1830 2867 regii,
1864 2812 1896 2852 a
1931 2797 2042 2854 Deo

456 2883 740 2954 profecta,
788 2887 990 2957 sceptri
1052 2887 1303 2958 symbolo
1356 2888 1546 2943 debuit
1600 2889 1776 2944 notari
1826 2908 1840 2945 :
1883 2889 2042 2960 cujus

459 2986 724 3049 tanquam
784 2979 921 3049 regii
964 2980 1273 3035 ornamenti
1326 2995 1437 3035 non
1497 2980 1683 3036 minus
1747 2981 2044 3038 meminere

459 3071 760 3140 scriptores
811 3085 982 3126 aureo
1035 3071 1265 3141 Augusti
1308 3087 1425 3127 sevo
1457 3072 1722 3129 celebres.
1774 3073 1853 3131 Ita
1894 3076 2043 3132 enim

459 3157 603 3214 inter
643 3158 868 3224 Priami,
906 3159 1271 3231 Trojanorum
1315 3162 1481 3232 regis,
1525 3160 1794 3232 insignia,
1843 3164 2044 3234 quibus

460 3251 765 3307 instructus
809 3252 933 3322 jura
986 3254 1194 3309 vocatis
1244 3252 1411 3310 dabat
1463 3255 1718 3326 populis,
1766 3265 2041 3330 sceptrum

460 3345 667 3415 pariter
692 3343 953 3418 Virgilius
983 3346 1099 3418 (60)
1124 3358 1447 3404 enumerat:

498 3479 616 3554 [ioc
639 3479 850 3536 Priami
876 3491 1142 3554 gestamen
1171 3493 1307 3550 erat,
1341 3499 1460 3538 cum
1474 3484 1604 3554 jura
1634 3487 1829 3551 vocatis

497 3550 648 3628 More
669 3558 820 3607 daret
851 3550 1083 3628 populis,
1112 3550 1491 3625 sceptrumque,
1513 3550 1759 3628 sacerque
1776 3560 1969 3623 tiaras,

498 3620 1036 3695 Iliadutnque'labor,
1073 3620 1352 3681 vestes...”

461 3781 530 3837 Et
560 3781 693 3853 quid
745 3784 920 3857 magis
964 3784 1295 3843 conﬁrmant
1342 3786 1552 3841 nummi
1603 3786 1872 3853 Adriani,
1910 3787 2039 3842 item

461 3876 726 3932 Antonini
754 3875 865 3942 Pii,
892 3888 947 3933 et
986 3877 1281 3935 Alexandri
1324 3877 1509 3936 Severi
1545 3880 1942 3952 Augustorum,
1984 3879 2039 3934 in

464 3968 669 4038 quibus
698 3968 919 4025 iustitia
950 3970 1192 4027 sedentis
1231 3982 1317 4027 est
1346 3972 1559 4038 habitu,
1585 3972 1809 4029 sinistra
1830 3973 2039 4044 virgam

463 4069 692 4127 tenens,
728 4062 918 4118 dextra
969 4078 1100 4120 vero
1152 4074 1400 4134 pateram
1446 4066 1709 4135 gestans?
1755 4062 2041 4137 Sceptrum

464 4153 674 4211 scilicet
693 4154 944 4226 designat
986 4156 1276 4227 imperium
1327 4157 1515 4213 mundi
1557 4173 1622 4214 ac
1649 4158 1785 4231 reip.
1811 4159 2043 4214 admini-

466 4248 823 4316 strationem;
866 4251 1222 4319 quamobrem
1266 4258 1320 4306 et
1357 4251 1565 4323 virgam
1595 4259 1814 4323 gestat:
1855 4262 2041 4324 patera

464 4356 595 4397 vero
626 4340 975 4398 Divinitatcm
1020 4343 1313 4414 signiﬁcat,
1345 4343 1643 4415 interprete
1672 4344 1911 4402 Antonio
1931 4344 2043 4400 Au-

464 4432 686 4503 gustino
723 4434 780 4489 in
809 4435 1023 4508 dialogo
1060 4435 1096 4490 2
1123 4434 1516 4506 Antiquitatum
1557 4435 1950 4501 Romanarum,
1987 4438 2042 4493 in

468 4523 709 4580 nummis
737 4534 1075 4597 veterum,p.
1104 4541 1179 4582 m.
1217 4524 1304 4586 19.
1343 4525 1577 4584 Unicum
1617 4529 1798 4583 adhuc
1844 4529 2039 4584 addam

465 4616 775 4685 exemplum
806 4617 1088 4684 Gordiani,
1125 4634 1322 4675 nomen
1348 4620 1696 4692 imperatoris
1726 4620 2043 4696 cultumque

466 4709 744 4777 gerentis,
789 4710 843 4765 in
896 4711 1057 4782 cujus
1110 4727 1309 4783 pompa
1362 4722 1525 4783 atque
1579 4711 1841 4767 comitatu
1892 4713 2044 4783 regio

466 4800 649 4870 virgas
683 4802 975 4863 identidem
1032 4806 1308 4862 laureatas
1341 4812 1740 4861 commemorat
1777 4802 2042 4861 Herodia-

466 4909 574 4951 nus
601 4892 744 4963 (61);
797 4898 997 4967 quippe
1027 4913 1141 4968 quo
1185 4898 1387 4967 insigni
1432 4897 1708 4968 principes
1739 4912 1769 4953 a
1816 4896 2044 4969 privatis

467 4985 881 5056 dignoscuntur.
940 4988 1021 5043 Ex
1072 4991 1273 5062 quibus
1314 4990 1572 5048 omnibus
1620 4989 1859 5046 dilucide
1908 4990 2044 5047 satis

466 5078 786 5144 coniicitur,
851 5081 1273 5152 descriptionem
1310 5084 1514 5155 regiam
1559 5100 1591 5140 a
1635 5082 1877 5139 Macario
1923 5081 2040 5137 Ma-

467 5181 629 5242 gnete
680 5187 846 5243 supra
886 5156 1107 5229 allatam
1160 5190 1191 5230 a
1244 5176 1643 5233 consuetudine
1679 5191 1744 5232 ac
1795 5175 2043 5232 moribus

466 5263 555 5320 sui
602 5264 788 5321 saeculi
840 5264 1265 5336 haudquaquam
1326 5281 1450 5323 esse
1503 5267 1777 5335 alienam;
1829 5281 1955 5323 cum
1989 5268 2043 5323 id

468 5355 629 5411 nobis
658 5356 920 5424 suﬂiciat,
952 5355 1122 5413 fuisse
1149 5373 1213 5413 ea
1245 5367 1402 5414 aetate
1439 5374 1594 5431 reges
1632 5368 1896 5431 purpura,
1924 5360 2045 5415 dia-

467 5448 681 5504 demate
718 5458 882 5520 atque
923 5459 1137 5522 sceptro
1187 5458 1447 5522 tanquam
1486 5451 1652 5526 regiis
1703 5453 2043 5510 ornamentis

471 5542 814 5612 conspicuos.

2069 3331 2111 3389 C

2078 4698 2122 4752 Ι)

2145 2053 2365 2104 servat:
2411 2042 2613 2099 Mirum
2655 2050 2831 2097 autem
2856 2051 2956 2109 est,
3003 2059 3100 2097 cur
3136 2040 3397 2097 Eusebius
3430 2039 3737 2110 diligatis-

2145 2142 2310 2202 simus
2356 2146 2674 2217 scriptorum
2716 2145 3096 2216 investigator,
3144 2143 3300 2214 huius
3349 2143 3593 2198 auctoris
3632 2156 3737 2195 non

2146 2238 2461 2292 meminerit.
2487 2237 2642 2303 Quod
2686 2245 2864 2293 autem
2910 2235 2970 2292 S.
3020 2234 3377 2307 Hieronymus
3425 2235 3573 2289 hunc
3601 2236 3736 2290 scri-

2145 2340 2348 2400 ptorem
2405 2330 2663 2396 omiserit,
2709 2345 2815 2384 non
2865 2337 2943 2383 est
2978 2329 3109 2383 adeo
3155 2328 3371 2395 mirum,
3422 2342 3549 2381 eum
3599 2326 3737 2381 satis

2147 2430 2370 2488 constet,
2397 2421 2703 2493 catalogum
2734 2419 2793 2476 S.
2830 2419 3143 2491 Hieronymi
3170 2435 3235 2476 ex
3265 2419 3491 2474 historia
3516 2417 3741 2473 Eusebii

2146 2531 2256 2569 esse
2276 2514 2630 2584 desumptum,
2656 2513 2831 2584 quoad
2852 2513 2975 2569 illos
2996 2512 3298 2583 scriptores,
3324 2513 3417 2583 qui
3440 2511 3740 2566 Eusebium

2147 2615 2548 2677 pracesserunt.
2590 2604 2793 2662 Eadem
2845 2605 3012 2678 igitur
3058 2605 3201 2661 ratio
3253 2606 3417 2660 etiam
3464 2605 3574 2661 hoc
3613 2605 3742 2661 loco

2147 2699 2369 2764 valebit,
2403 2708 2460 2755 et
2505 2698 2654 2755 haud
2689 2698 2890 2754 mirum
2913 2739 2929 2763 ,
2978 2697 3024 2754 si
3054 2712 3158 2753 nec
3199 2695 3425 2753 Macarii
3465 2696 3739 2769 Magnetis

2149 2790 2258 2845 ulla
2284 2791 2353 2847 ab
2377 2790 2614 2847 Eusebio
2639 2799 2804 2861 atque
2834 2789 3170 2863 Hieronymo
3212 2790 3353 2848 facta
3380 2791 3456 2846 sit
3482 2793 3737 2859 mentio;

2150 2898 2276 2939 cum
2307 2883 2391 2939 vel
2423 2883 2540 2953 ipse
2575 2881 2847 2940 Eusebius
2883 2882 2993 2957 (62)
3026 2882 3281 2950 fateatur,
3313 2896 3371 2938 se
3407 2898 3519 2937 non
3550 2885 3739 2939 omnia

2150 2990 2346 3042 nosse,
2395 2991 2518 3048 qua:
2570 2990 2637 3031 ex
2672 2984 2918 3032 veterum
2964 2975 3465 3032 ecclesiasticarum
3516 2974 3741 3046 scriptis

2151 3083 2254 3126 suo
2284 3069 2467 3125 adhuc
2509 3078 2752 3141 tempore
2778 3070 2924 3141 apud
2965 3068 3167 3127 multos
3199 3069 3567 3126 servabantur
3612 3070 3743 3125 lau-

2151 3162 2349 3218 dabilis
2392 3162 2689 3235 diligentiae
2728 3174 3125 3230 monumenta;
3166 3163 3467 3219 multorum
3518 3177 3745 3236 quoque

2151 3254 2557 3311 lucubrationes
2583 3255 2650 3311 ad
2674 3270 2733 3311 se
2753 3255 2974 3326 quidem
3001 3255 3239 3322 venisse,
3267 3271 3508 3326 quorum
3553 3267 3741 3314 tamen

2149 3362 2218 3402 ne
2275 3347 2394 3417 ipsa
2450 3346 2671 3417 quidem
2726 3348 2950 3405 nomina
3000 3362 3289 3404 recensere
3332 3351 3633 3419 potuerit,
3689 3358 3743 3405 et

2148 3454 2385 3510 quorum
2410 3446 2687 3506 auctores,
2710 3440 2962 3512 quamvis
2983 3439 3273 3496 orthodoxi
3297 3450 3351 3495 et
3369 3441 3741 3497 ecclesiastici

2149 3532 2339 3597 fuere,
2374 3531 2595 3588 obscuri
2643 3540 2824 3587 tamen
2883 3531 3166 3603 ignotique
3223 3530 3431 3588 fuerint
3469 3531 3738 3598 Eusebio,

2148 3633 2433 3696 propterea
2464 3622 2611 3695 quod
2644 3623 2745 3694 ipsi
2796 3623 2920 3678 libri
2962 3632 3251 3681 auctorum
3286 3639 3400 3679 non
3439 3623 3739 3696 praeferant

2149 3719 2392 3776 nomina.
2425 3718 2569 3788 Quin
2594 3726 2649 3774 et
2682 3717 2974 3791 Nicephori
3016 3718 3123 3774 (ΞΡ.
3153 3728 3314 3776 aetate
3346 3720 3503 3776 hunc
3549 3732 3739 3777 aucto-

2148 3827 2266 3867 rem
2310 3811 2539 3882 ejusque
2588 3810 2892 3867 doctrinam
2944 3820 3001 3867 et
3052 3812 3257 3883 scripta
3316 3814 3571 3881 nondum
3609 3814 3739 3870 satis

2149 3902 2323 3963 fuisse
2370 3903 2626 3974 cognita,
2675 3902 3006 3973 perspicitur
3040 3918 3109 3961 ex
3163 3902 3551 3975 indignatione
3596 3906 3735 3961 anti-

2149 3997 2338 4052 stitum
2372 3995 2805 4051 orthodoxorum
2842 3995 2897 4049 in
2945 4010 3096 4061 eum,
3129 3994 3222 4065 qui
3259 3994 3586 4051 testimonia
3628 3996 3737 4051 Ma-

2148 4091 2327 4162 gnetis
2369 4089 2619 4145 mutilata
2658 4078 3045 4160 excerpserat:
3091 4088 3207 4142 υὺκ
3253 4087 3481 4160 εἴχομεν
3526 4088 3610 4152 δὲ,
3652 4089 3729 4143 in-

2149 4185 2366 4256 quiunt,
2386 4184 2416 4239 ὃ
2464 4201 2516 4238 τι
2536 4180 2839 4254 δράσαιμεν
2863 4180 2972 4235 τῶν
2995 4181 3091 4259 νῦν
3120 4178 3507 4254 προελθουσῶν
3535 4180 3732 4234 εἵνεκεν

2149 4276 2398 4349 χρήσεων
2419 4291 2433 4302 ⁸
2468 4274 2586 4331 λίαν
2615 4274 2724 4346 γὰρ
2757 4272 3109 4345 θαυμάζομεν
3151 4272 3245 4327 καὶ
3276 4271 3727 4344 ἐκπεπλήγμεθα,

2149 4369 2298 4431 ὅστις
2331 4366 2464 4422 ποτὲ
2496 4368 2582 4438 ειη
2621 4367 2650 4419 ὁ
2689 4365 2894 4430 ταύτας
2932 4363 3362 4437 ἀναλεξάμενος,
3406 4364 3486 4432 ὡς
3520 4366 3624 4432 τὰς
3653 4364 3729 4436 βε-

2150 4460 2310 4523 ϐλους
2345 4458 2514 4523 αὐτὰς
2546 4460 2647 4514 οὐκ
2693 4456 2991 4529 ἐξέπεμψε.
3034 4458 3268 4529 Πότερον
3293 4458 3393 4529 τῆς
3424 4460 3735 4530 ἐπιστήμης

2149 4555 2243 4608 καὶ
2263 4553 2363 4625 τῆς
2388 4551 2734 4616 διδασκαλίας
2754 4550 2852 4627 τοῦ
2878 4551 3236 4623 συγγραφέως
3269 4550 3555 4623 φθονήσας
3583 4552 3729 4624 ἡμῖν,

2149 4649 2262 4710 τοῖς
2314 4645 2520 4716 ταύτης
2566 4644 2874 4716 ἐφιεμένοις
2921 4644 3018 4699 καὶ
3070 4641 3453 4715 γλιχομένοιςς
3516 4644 3594 4698 ’Ἠ
3645 4641 3733 4697 τὸν

2152 4737 2354 4793 σκοπὸν
2395 4738 2490 4791 καὶ¹
2521 4737 2619 4808 τὴν
2647 4736 2906 4793 ὑπόθεσιν
2936 4733 3352 4808 ἀποκρύψασθαι
3388 4733 3728 4806 βουλόμενος,

2146 4831 2226 4896 ὼς
2247 4831 2313 4901 δὴ
2346 4829 2507 4894 εὐθὺς
2545 4847 2605 4884 τε
2649 4829 2741 4884 καὶ
2774 4831 2839 4887 ἐκ
2880 4827 3106 4902 πρώτης
3153 4826 3411 4899 ἐπιϐολῆς
3457 4824 3732 4900 ὲμφαωῦς

2152 4924 2246 4979 καὶ
2275 4921 2440 4995 δήλης
2470 4923 2583 4986 τοῖς
2606 4920 3017 4992 ἐπευξαμένοις
3054 4918 3569 4991 καταστησομένης,
3602 4918 3729 4972 κάν-

2151 5013 2340 5071 τεῦΘεν
2364 5012 2651 5087 διαδρᾶσαι
2688 5013 2798 5067 τῶν
2835 5011 3431 5085 δραματουργηθέντων
3463 5011 3562 5065 τὸν
3589 5011 3737 5079 ἕλετ-

2151 5124 2264 5178 χον.
2300 5104 2355 5161 Id
2376 5114 2497 5161 est:
2528 5106 2613 5161 Ad
2647 5104 2860 5176 prolata
2890 5105 3193 5161 testimonia
3217 5103 3356 5175 quod
3385 5105 3606 5172 attinet,
3628 5119 3736 5157 non

2151 5200 2286 5255 satis
2317 5198 2554 5255 constitit
2589 5198 2764 5265 nobis,
2791 5197 2918 5270 quid
2948 5198 3259 5268 faceremus.
3286 5196 3562 5251 Mirantur
3593 5195 3742 5252 enim

2153 5288 2302 5345 valde
2327 5298 2376 5344 et
2415 5287 2830 5359 obstupescimus
2848 5328 2865 5355 ,
2908 5287 3149 5358 quisquis
3189 5286 3280 5341 ille
3310 5297 3389 5341 est
3420 5288 3517 5356 qui
3541 5303 3605 5341 ea
3627 5299 3741 5339 ea;-

2151 5383 2365 5453 cerpsit,
2396 5398 2493 5436 cur
2522 5380 2663 5452 ipsos
2692 5381 2854 5436 libros
2884 5396 2992 5434 non
3014 5379 3239 5434 miserit.
3267 5379 3352 5433 An
3384 5379 3517 5449 quia
3551 5378 3738 5432 scien-

2152 5475 2282 5528 tiam
2300 5473 2702 5543 doctrinamque
2722 5471 2867 5525 illius
2888 5468 3101 5524 laudati
3126 5470 3403 5541 scriptoris
3419 5466 3742 5540 optantibus

2151 5567 2299 5621 nobis
2341 5564 2863 5635 desiderantibusque
2909 5562 3144 5619 invidit?
3188 5565 3272 5621 An
3318 5563 3449 5634 quia
3498 5570 3745 5620 meum

542 5713 654 5817 (53)
693 5748 749 5803 In
795 5751 893 5825 lib:
940 5752 1013 5807 De
1053 5769 1328 5825 regnorum
1390 5770 1451 5808 ac
1502 5763 1791 5825 temporum
1836 5772 2040 5811 succes-
2147 5769 2202 5811 v.
2232 5751 2361 5825 206.

474 5819 638 5879 sione.
673 5835 794 5889 cap.
824 5822 914 5875 87.

540 5889 651 5962 (5‘);
695 5892 953 5962 A_t_ttiquit.
996 5891 1240 5957 Romam,
1272 5894 1367 5949 lii).
1398 5912 1479 5961 III,
1510 5911 1629 5962 cap.
1670 5895 1757 5949 Η.

542 5958 653 6029 ((ὶθ)
694 5958 916 6015 Ᾱῐηεῑίι.
942 5963 1035 6019 lib.
1070 5980 1165 6032 vn,
1203 5982 1253 6020 ν.
1284 5966 1410 6023 247.
1448 5958 1608 6021 (Leni.
1648 5964 1780 6022 ibid.
1814 5966 1906 6022 lib.
1938 5983 2035 6035 xu,

2221 5823 2335 5963 ἒϐη
2376 5820 2583 5904 Histor.
2617 5820 2714 5877 lib.
2742 5837 2844 5903 vit,
2870 5835 2920 5877 c.
2949 5819 3004 5884 6,
3033 5835 3088 5889 p.
3112 5834 3186 5874 m.
3215 5815 3358 5876 505:

2247 5892 2337 5963 ϐξ)
2379 5892 2523 5949 Hist.
2558 5891 2685 5948 εισι.
2720 5892 2814 5948 lib.
2841 5907 2894 5958 v,
2927 5906 3046 5961 cap.
3081 5888 3172 5949 27.

2247 5892 2337 5965 62)
2379 5892 2523 5949 Hist.
2558 5891 2685 5948 εισι.
2720 5892 2814 5948 lib.
2841 5907 2894 5958 v,
2927 5888 3046 5961 cap.
3081 5888 3172 5949 27.
