3972 6318
321 367 460 423 1565

1470 365 1751 425 ΝΟΤΙῙῙΊΑ
1790 363 1878 422 ΕΤ
1918 361 2370 423 FRAGMENTA.

3422 372 3562 428 l366

319 487 554 542 auctoris
583 498 1047 560 argumentumque
1071 491 1262 559 operis,
1286 492 1424 562 quod
1461 494 1526 547 ab
1559 491 1672 562 ipso
1697 490 1880 544 statim

1994 504 2210 560 τραμμα
2267 491 2574 562 εὑρίσκεται
2627 495 2689 548 ὲν
2744 495 2903 550 πέντε
2957 493 3179 566 βιϐλίοις
3237 493 3563 567 διῃρημένον

317 583 536 636 exordio
565 580 770 638 evidens
800 583 1236 654 manifestumque
1268 583 1550 639 lectoribus
1576 584 1884 650 exstitisset,

319 674 606 742 occultare,
652 684 807 747 atque
837 677 914 731 ita
964 677 1263 747 facinorum
1302 692 1519 730 suorum
1556 677 1809 730 indicium
1837 685 1887 730 et

320 767 695 821 convictionem
730 769 902 822 uitare
928 769 1095 823 voluit
1120 770 1142 823 ?
1169 777 1274 824 etc.
1305 767 1462 835 Quod
1499 769 1544 824 si
1570 767 1804 839 denique
1831 767 1887 821 in

319 859 588 930 originem
623 860 851 916 istorum
883 875 1131 916 errorum
1155 861 1318 931 paulo
1340 860 1583 916 curatius
1610 860 1888 930 inquirere

320 951 570 1018 velimus,
612 952 705 1022 qui
742 951 980 1008 Macario
1020 952 1252 1023 Magneti
1287 962 1476 1008 nostro
1517 952 1880 1022 imputantur,

321 1052 375 1098 et
397 1042 464 1098 de
485 1042 686 1112 quibus
705 1043 963 1115 deinceps
989 1044 1288 1100 disserendi
1316 1044 1470 1100 locus
1496 1045 1631 1111 erit;
1667 1045 1888 1114 majoris

320 1133 459 1190 forte
489 1134 671 1191 adhuc
726 1136 1093 1206 antiquitatis,
1139 1153 1300 1207 quam
1349 1136 1567 1207 quidem
1599 1137 1783 1191 saeculi
1827 1151 1887 1190 ut

320 1225 385 1279 ad
414 1225 576 1280 linem
608 1228 879 1296 vergentis
920 1227 1059 1282 ratio
1087 1229 1310 1298 patitur,
1354 1228 1503 1283 varia
1545 1227 1724 1297 colligi
1765 1242 1889 1296 pos-

320 1328 442 1374 sent
489 1318 725 1386 indicia,
775 1335 898 1389 quae
951 1319 1325 1388 superioribus
1367 1320 1700 1389 argumentis
1740 1318 1887 1373 haud

317 1425 511 1480 parum
557 1409 814 1466 adderent
867 1411 1103 1469 roboris.
1135 1411 1300 1468 iubet
1330 1420 1510 1468 autem
1558 1411 1885 1477 necessitas,

320 1509 380 1556 ut
425 1500 572 1556 hanc
618 1501 1054 1571 disquisitionem
1102 1502 1170 1558 de
1229 1511 1385 1558 aetate
1432 1502 1675 1558 auctoris
1716 1501 1889 1557 nostri

319 1596 578 1651 finiamus
626 1595 944 1666 aequissimo
998 1596 1239 1666 satisque
1273 1596 1502 1667 probato
1546 1594 1629 1651 Cl.
1662 1592 1889 1648 Joannis

318 1691 550 1747 Boivinii
580 1690 809 1761 judicio,
838 1690 984 1761 quod
1017 1706 1084 1748 ex
1107 1689 1446 1762 autographo
1473 1689 1575 1746 viri
1614 1697 1739 1758 post
1777 1685 1886 1742 fata

317 1785 632 1858 superstitis
659 1786 764 1842 hoc
795 1785 916 1840 loco
957 1785 1288 1858 subiungere
1333 1784 1479 1840 haud
1525 1784 1880 1856 injucundum

1993 582 2128 654 πρὸς
2161 583 2421 656 ’Έλληνας
2454 586 2522 639 πὲ
2557 621 2618 642 ..,.
2642 587 2702 640 ἐν
2732 591 2849 653 ταῖς
2884 589 3028 659 ρήστι.
3049 626 3065 642 .
3090 627 3104 640 .
3148 603 3215 658 με
3250 627 3264 640 .
3285 626 3299 641 .
3323 627 3337 640 .
3375 587 3405 641 λ
3434 629 3447 641 .
3468 626 3484 642 .
3507 629 3520 642 .
3542 629 3558 643 .

1992 669 2050 724 ln
2085 670 2374 743 Nicephori
2419 675 2525 731 (ΖΡ.
2577 677 2977 744 Anti-rrlteticis,
3004 692 3070 733 ex
3099 677 3299 747 quibus
3340 679 3562 747 potissi-

1993 779 2142 820 mum
2171 767 2411 824 auctoris
2434 768 2608 824 nostri
2642 768 2946 840 fragmenta
2967 769 3421 839 deprompsimus,
3448 770 3564 825 lucc

1993 858 2220 915 habetur
2247 861 2531 932 inscriptio
2565 881 2579 917 :
2611 861 2717 917 Τοῦ
2747 863 2901 932 ἁγίου
2928 863 3212 936 Μακαρίου
3252 866 3323 919 ἐκ
3343 864 3446 935 τῆς
3471 882 3563 919 τε·

1992 951 2194 1024 τάρτης
2227 953 2410 1025 βίϐλου
2436 955 2544 1010 τῶν
2583 956 2996 1028 Ἀποκριτικῶν,
3026 960 3198 1012 sancti
3240 957 3471 1013 Macarii
3497 973 3563 1014 es

1992 1057 2180 1116 quarto
2209 1046 2342 1101 libro
2367 1047 2809 1119 Apoeriticorum.
2853 1051 2908 1104 ln
2941 1048 3063 1107 aliis
3107 1051 3386 1108 codicibus
3423 1066 3558 1107 mss.

1991 1139 2229 1194 citantur
2261 1140 2479 1196 Macarii
2526 1141 2903 1212 Ἀποκρίσεις;
2947 1143 3406 1212 quemadmodum
3455 1144 3561 1199 hoc

1993 1246 2132 1302 opus
2159 1232 2554 1302 apologetieum
2587 1248 2636 1288 e.
2663 1248 2714 1287 c.
2743 1233 2796 1287 in
2817 1234 2939 1289 cod.
2973 1231 3103 1304 Reg.
3130 1234 3285 1301 l986,
3312 1234 3406 1290 fol.
3429 1235 3557 1302 237,

1993 1338 2204 1378 necnon
2237 1324 2291 1378 in
2318 1323 2439 1380 cod.
2464 1324 2627 1390 2955,
2652 1326 2898 1396 sequenti
2921 1328 3118 1397 gaudet
3142 1327 3299 1383 titulo
3327 1345 3342 1380 :
3368 1329 3562 1386 Μακα-

1997 1415 2110 1488 ριου
2151 1414 2435 1487 Μάγνητος
2481 1418 2545 1470 ὲκ
2586 1417 2694 1472 τῶν
2727 1419 2865 1489 πρὸς
2894 1419 3160 1491 ’Έλληνας
3190 1420 3354 1473 αὑτοῦ
3397 1421 3560 1476 Ἀπο-

1993 1507 2248 1578 κρίσεων,
2277 1507 2330 1562 id
2359 1517 2440 1564 est
2468 1507 2694 1562 Macarii
2727 1509 2987 1580 Magnetis
3019 1527 3083 1566 ea:
3105 1512 3217 1581 ejus
3249 1512 3318 1566 ad
3347 1509 3556 1568 Crazcos

1992 1599 2295 1671 Responsis.
2325 1599 2402 1656 De
2437 1616 2548 1672 quo
2584 1602 2744 1658 titulo
2778 1603 2966 1658 audire
3009 1604 3160 1660 lubet
3190 1605 3366 1674 ipsum
3399 1604 3560 1661 Nice-

1994 1691 2229 1761 phorum
2265 1691 2340 1746 ita
2364 1692 2671 1763 loquentem
2711 1710 2724 1746 :
2751 1694 2824 1748 Τὸ
2848 1694 2905 1748 δὲ
2934 1694 3042 1748 τῶν
3082 1695 3472 1768 Ἀποκριτικῶν
3494 1697 3562 1752 ὲν

1993 1785 2058 1854 τῇ
2101 1785 2378 1856 ἐπιγραφῇ
2422 1786 2796 1857 προκείμενον,
2823 1786 3007 1860 ἐπειδὴ
3050 1787 3191 1844 κατὰ
3225 1789 3493 1862 διαφόρων
3511 1793 3555 1862 σή

319 1879 434 1935 fore
461 1867 878 1935 e'iistimamus:
921 1892 1052 1932 sane
1093 1877 1137 1932 si
1171 1885 1402 1942 constet,
1428 1875 1724 1948 Magnetem
1757 1885 1883 1932 ante

1994 1849 2131 1942 λέξις
2176 1849 2588 1946 aquarii-0M:va
2620 1849 2897 1949 ’φέρεταη
2951 1849 3151 1944 tiam;
3194 1849 3566 1951 ὲπετὲραττεν

317 1970 569 2042 Origenis
626 1980 869 2040 tempora
917 1968 1202 2037 ﬂoruisse,
1235 1978 1298 2025 ut
1337 1969 1556 2040 quidam
1606 1969 1885 2025 existima-

318 2072 445 2120 runt
478 2063 611 2134 (63),
645 2062 896 2118 ﬂoruisse
935 2076 1057 2117 eum
1091 2076 1316 2118 necesse
1345 2069 1429 2118 est
1471 2076 1537 2116 ea
1562 2060 1677 2130 ipsa
1703 2071 1880 2126 aetate,

319 2169 425 2225 qua
468 2154 752 2209 erroribus
806 2153 915 2209 illis
955 2168 1075 2218 ,non
1129 2153 1348 2209 defuere
1389 2152 1569 2222 magni
1607 2162 1878 2209 auctores.

321 2245 426 2302 Sed
454 2246 669 2302 interim
702 2246 830 2300 dum
863 2255 1026 2302 tautae
1051 2246 1334 2301 vetustatis
1381 2255 1698 2316 argumenta
1727 2246 1884 2302 nobis

318 2346 468 2393 certa
492 2346 802 2408 suppetant,
829 2338 1000 2393 tutius
1034 2337 1196 2393 fuerit
1217 2354 1340 2393 cum
1382 2337 1689 2409 Nicephoro
1716 2338 1883 2408 patri-

318 2430 489 2485 archa
526 2440 582 2484 et
633 2430 756 2485 aliis
805 2428 1287 2485 Ieonomachorum
1331 2429 1659 2486 adversariis
1704 2429 1886 2485 Maca-

317 2521 463 2574 rium
508 2517 810 2590 Magnetem
839 2517 1039 2575 saeculo
1068 2520 1280 2590 integro
1312 2527 1548 2576 statuere
1584 2520 1890 2590 juniorem,

321 2620 386 2667 ut
411 2611 643 2684 Origene
671 2611 891 2682 quidem
933 2620 986 2667 et
1024 2610 1359 2668 Tertulliano
1391 2612 1679 2680 recentior,
1713 2611 1883 2668 Atha—

323 2703 481 2757 nasio
525 2710 703 2758 autem
741 2710 794 2757 et
840 2701 1055 2757 concilii
1100 2699 1302 2757 Niczeni
1356 2699 1610 2758 Patribus
1657 2700 1886 2772 aequalis

323 2795 606 2851 habeatur.

611 2885 639 2956 ᾗ
676 2884 816 2940 XIV.
853 2884 1080 2939 Macarii
1107 2884 1365 2956 Magnetis
1394 2885 1612 2955 scripta.

391 2980 719 3035 Accedimus
745 2995 890 3035 nunc
912 2979 977 3033 ad
1011 2978 1382 3034 reccnsiouem
1417 2977 1742 3047 scriptorum
1775 2976 1886 3032 Ma-

322 3073 457 3130 carii
491 3070 780 3141 Magnetis,
810 3085 1043 3142 quorum
1070 3070 1496 3126 hactenusinter
1526 3071 1767 3126 eruditos
1795 3071 1886 3124 vix

321 3165 431 3220 ulla
461 3163 666 3219 exstitit
689 3162 976 3223 memoria,
1002 3160 1200 3216 nedum
1224 3169 1368 3216 certa
1390 3159 1635 3231 quaedam
1664 3161 1884 3229 notitia;
1916 3203 1958 3262 ϐ

323 3257 522 3328 quippe
550 3256 691 3311 inter
717 3253 1210 3311 vetustissimorum
1235 3259 1515 3308 auctorum
1537 3261 1885 3308 monumenta

322 3346 604 3418 deperdita
647 3345 761 3417 (64)
812 3346 1094 3416 hucusque
1147 3344 1344 3415 injuria
1398 3353 1704 3415 temporum
1755 3344 1889 3399 deli-

322 3440 494 3495 tuisse
535 3438 646 3508 jam
699 3453 864 3508 supra
912 3436 1293 3492 indicavimus.
1328 3435 1396 3492 Et
1420 3435 1668 3507 quamvis
1697 3434 1886 3490 hodie-

326 3545 458 3584 num
487 3528 663 3584 adhuc
697 3529 904 3599 integra
937 3527 1110 3599 ipsius
1155 3542 1318 3597 opera
1349 3527 1417 3582 ad
1444 3542 1641 3583 manus
1673 3531 1889 3581 nostras

325 3621 470 3676 haud
519 3621 904 3691 pervenerint,
947 3620 1186 3691 pretiosa
1234 3629 1416 3676 tamen
1463 3618 1888 3690 ἀποσπασμάτια

326 3715 752 3786 quamplurima,
779 3714 991 3785 aliaque
1009 3713 1254 3784 ejusdem
1279 3715 1558 3785 scriptoris
1586 3713 1887 3785 iragmenta

324 3807 394 3862 ad
426 3806 728 3862 doctrinam
753 3805 1173 3861 ecclesiasticam
1204 3820 1463 3877 perquam
1503 3805 1675 3867 utilia,
1700 3814 1887 3860 nostro

325 3897 542 3952 tandem
580 3897 780 3952 saeculo
819 3897 874 3952 in
911 3897 1372 3968 prmstantissimis
1394 3895 1740 3952 bibliothecis
1771 3895 1888 3952 feli-

324 3989 462 4045 citer
501 3988 752 4055 inventa,
801 4003 833 4044 e
877 3997 960 4044 tot
1006 3990 1329 4045 saeculorum
1377 3989 1618 4045 tenebris
1668 3990 1885 4045 demum

321 4075 612 4131 emersisse
642 4076 1010 4147 maximopere
1044 4079 1360 4150 gaudemus.
1391 4078 1539 4148 Opus
1567 4078 1744 4149 ipsum
1781 4079 1885 4135 hu-

319 4168 412 4236 jus
434 4168 728 4237 pervetusti
758 4169 995 4225 auctoris
1017 4170 1174 4225 titulo
1193 4170 1464 4242 Apologite
1485 4171 1792 4243 evangelica:
1817 4174 1887 4226 ad

329 4258 702 4315 Theosthenem
739 4260 987 4315 adversus
1032 4262 1249 4332 gentiles
1292 4261 1565 4334 Evangelii
1592 4263 1885 4318 calumnia-

325 4359 462 4406 tores
507 4352 824 4423 insignitum
853 4352 1072 4422 quidem
1107 4353 1334 4423 legimus
1384 4369 1414 4409 a
1457 4353 1720 4410 Zacharia
1756 4353 1888 4410 Cre-

327 4444 491 4509 tensi,
521 4442 811 4510 Turriano,
840 4442 1156 4513 Posseviuo,
1192 4445 1420 4516 aliisque
1445 4446 1837 4503 recentioribus
1871 4466 1883 4500 :

1987 1965 2096 2021 τῶν
2139 1965 2443 2021 ἀκουόντων
2492 1967 2589 2039 τὴν
2640 1968 2924 2040 αἴσθησιν,
2968 1970 3174 2024 ἔννοιαν
3215 1971 3259 2024 δ’
3288 1967 3380 2025 οὖν
3409 1972 3560 2042 ὅμως

1988 2057 2218 2112 ἐνταῦθα
2260 2061 2518 2131 παρεῖχεν
2541 2059 2621 2131 τῷ
2652 2061 3052 2132 ἐντυγχάνοντι,
3089 2061 3164 2127 ὡς
3194 2063 3286 2116 ἐπὶ
3316 2080 3561 2135 προηπο-

1991 2150 2240 2222 prmi-5va
2266 2151 2299 2222 ἢ
2323 2151 2689 2223 προτεθέντων
2729 2155 2808 2217 εἰς
2849 2154 3070 2226 ζήτησιν
3113 2154 3374 2227 πρότερον
3398 2155 3565 2210 τινῶν

1988 2241 2161 2311 λόγων
2191 2243 2476 2312 ἐπάγεται,
2510 2243 2607 2316 τὴν
2642 2244 2794 2297 λύσιν
2840 2243 2873 2315 ἢ
2915 2245 3014 2318 τὴν
3056 2245 3328 2317 ἐπίκρισιν
3357 2246 3566 2302 τούτων

1989 2336 2421 2409 ὑπαγορεύουσα,
2455 2355 2508 2391 κ.
2551 2355 2602 2391 τ.
2641 2337 2690 2390 λ.
2727 2337 3168 2394 Apocm'rtconuu
3194 2350 3370 2395 autem
3401 2356 3558 2396 voca--

1991 2426 2191 2492 bulum,
2222 2429 2359 2498 quod
2382 2430 2438 2482 in
2467 2429 2623 2483 titulo
2662 2430 2915 2494 occurrit,
2943 2431 3068 2500 quia
3093 2431 3164 2485 ad
3191 2433 3364 2486 varias
3391 2433 3563 2503 signi-

1989 2518 2261 2587 ﬁcationes
2303 2520 2633 2588 producitur,
2680 2531 2904 2576 mentem
2948 2522 3276 2576 audientium
3318 2538 3420 2577 non
3456 2539 3559 2592 pa-

1991 2625 2108 2662 rum
2144 2611 2414 2679 torquebat
2445 2627 2463 2664 :
2490 2612 2654 2668 dabat
2683 2623 2860 2666 tamen
2900 2613 3082 2667 lectori
3124 2614 3259 2668 hanc
3303 2616 3562 2684 suspieio‘

1991 2715 2131 2765 nem,
2165 2701 2423 2770 quasdam
2467 2703 2628 2770 fuisse
2669 2705 2983 2772 quwstiones
3022 2717 3144 2760 ante
3179 2715 3560 2772 controversas,

1991 2790 2067 2845 uel
2097 2791 2165 2845 ad
2194 2792 2593 2861 disceptandum
2631 2796 2951 2863 propositas,
2988 2794 3056 2847 ad
3089 2811 3219 2864 quas
3254 2796 3559 2850 vocabulum

1992 2881 2128 2936 illud
2156 2883 2456 2950 pertineret,
2489 2893 2538 2937 et
2564 2900 2788 2953 quorum
2829 2886 2934 2939 sive
2964 2885 3274 2940 solutiOuem
3300 2887 3405 2941 sive
3433 2901 3563 2942 etta-

1994 2989 2108 3027 men
2140 2973 2420 3041 indicaret,
2441 2985 2546 3030 etc.
2577 2974 2711 3045 (65).

2085 3067 2113 3138 §
2144 3065 2259 3121 XV.
2292 3067 2503 3122 Notitia
2532 3068 2774 3123 codicum
2801 3085 2926 3123 mss.
2955 3072 3125 3140 aperis
3153 3069 3474 3124 Macariani.

2064 3159 2282 3216 Exstitit
2315 3161 2444 3216 olim
2475 3161 2744 3234 integrum
2772 3177 2910 3233 opus
2932 3163 3323 3236 apologeticum
3352 3162 3564 3234 Magne.

1997 3253 2085 3318 tis,
2113 3252 2354 3322 quinque
2394 3252 2550 3309 libris
2595 3265 2873 3321 constans,
2902 3255 3044 3311 inter
3072 3269 3204 3310 mss.
3236 3254 3450 3310 codices
3475 3254 3564 3308 bi—

1996 3343 2278 3399 bliothecae
2307 3342 2547 3412 Venetae,
2582 3360 2692 3415 quo
2725 3346 2908 3401 codice
2941 3361 2999 3402 se
3028 3361 3186 3402 usum
3214 3361 3335 3402 esse
3356 3348 3568 3416 passim

1996 3436 2280 3504 proﬁtetur
2305 3432 2629 3500 Turrianus,
2676 3436 2804 3491 dum
2837 3437 2988 3492 varia
3037 3437 3232 3492 exinde
3268 3436 3570 3508 publicavit

1995 3535 2244 3597 excerpta
2272 3527 2468 3597 partim
2502 3525 2710 3593 Griece,
2747 3532 2946 3597 partim
2983 3528 3173 3585 Latine
3207 3538 3415 3584 tantum
3443 3529 3562 3585 edi-

1994 3627 2072 3673 ta.
2100 3615 2341 3675 Unicum.
2376 3625 2586 3672 tantum
2618 3616 2791 3686 ipsius
2823 3616 3001 3673 locum
3029 3617 3208 3673 citabo
3231 3632 3297 3672 ex
3328 3625 3566 3672 tractatu

1994 3723 2094 3779 pro
2121 3707 2424 3766 canonibus
2465 3707 2696 3778 apostol.
2743 3716 2930 3763 contra
2963 3707 3370 3765 Centuriatores
3410 3707 3564 3779 Mag-

1994 3799 2140 3865 deb.,
2173 3797 2267 3852 lib.
2303 3813 2376 3862 tv,
2415 3812 2469 3866 p.
2497 3812 2569 3852 In.
2602 3797 2706 3852 517
2743 3797 2854 3868 (66)
2886 3817 2898 3852 :
2936 3795 3057 3851 Non
3085 3799 3274 3869 pigebit
3304 3799 3388 3852 hic
3422 3815 3566 3868 repe-

1994 3900 2119 3956 tere,
2148 3889 2344 3959 inquit,
2374 3904 2490 3958 quaz
2534 3905 2597 3943 ea:
2635 3889 2769 3943 libro
2797 3905 2829 3942 v
2874 3888 3134 3960 Magnetis
3182 3901 3364 3944 contra
3398 3889 3563 3946 Theo-

1994 3982 2224 4035 stltenem
2254 3982 2309 4034 in
2335 3980 2644 4051 Dogmatico
2669 3991 2846 4036 nostra
2871 3981 2933 4035 de
2961 3981 3347 4051 justiﬂcatione
3372 3980 3566 4035 Latine
3625 4039 3642 4058 ο

1993 4076 2366 4143 interpretatus
2409 4090 2546 4138 sum,
2581 4090 2698 4128 cum
2725 4074 2788 4127 de
2828 4074 2932 4144 ﬁde
2975 4073 3200 4129 Abrahae
3233 4075 3558 4129 dissererem.

1996 4167 2054 4223 Si
2088 4169 2205 4238 quis
2231 4165 2414 4222 Graeca
2446 4167 2680 4236 conferre
2721 4168 2962 4234 uoluerit,
2993 4167 3111 4221 inde
3145 4176 3304 4237 petat.
3334 4165 3565 4236 Scripsit

1994 4265 2078 4318 hic
2111 4271 2298 4317 auctor
2319 4271 2438 4316 ante
2476 4260 2619 4314 mille
2659 4269 2707 4315 et
2746 4261 3152 4331 quadringentos
3202 4277 3366 4316 annos
3395 4260 3560 4315 libros

1993 4359 2218 4428 quinque
2243 4356 2590 4426 apologeticos
2618 4371 2713 4425 pro
2738 4353 3044 4424 Evangelia,
3067 4356 3159 4424 qui
3202 4371 3360 4425 usque
3393 4355 3446 4408 in
3469 4355 3563 4408 Iw-

1993 4449 2232 4504 diernum
2262 4451 2401 4503 diem
2434 4450 2486 4501 in
2511 4448 2816 4502 bibliotheca
2851 4447 3039 4501 Veneta
3077 4457 3365 4500 servantur.
3391 4446 3564 4517 Cujus

326 4545 382 4591 et
425 4550 494 4592 ex
543 4536 815 4592 Turriano
869 4536 1147 4606 speciatim
1181 4545 1414 4603 constat,
1459 4539 1682 4609 quinque
1719 4537 1890 4595 fuisse
1921 4555 1964 4611 ι)
1994 4540 2366 4596 testimonium
2403 4541 2447 4596 si
2473 4542 2567 4611 qui
2603 4550 2663 4596 ut
2690 4541 2806 4595 leve
2845 4555 2909 4595 ac
2939 4547 3252 4610 suspectum
3283 4539 3560 4610 rejiciunt,

323 4625 489 4681 libros
534 4627 944 4696 Ἀποκριτικῶν
984 4629 1099 4685 sive
1140 4627 1552 4699 Responsionum
1589 4629 1822 4700 scriptos
1854 4645 1886 4685 a

321 4717 573 4791 Magnete
604 4719 908 4776 hierarcba.
938 4719 1096 4787 Quod
1120 4730 1174 4777 et
1202 4721 1406 4777 diserto
1433 4721 1589 4793 longe
1616 4721 1889 4792 antiquio-

323 4812 403 4866 ris
433 4813 718 4882 scriptoris
752 4812 1106 4868 contirmatur
1138 4813 1446 4869 testimonio
1475 4813 1531 4868 in
1561 4813 1747 4869 codice
1781 4830 1884 4870 ms.

323 4902 666 4958 bibliothecae
693 4901 873 4973 Regia:
900 4903 1224 4960 Parisiensis
1255 4905 1473 4976 optimae
1495 4914 1637 4961 notae
1664 4915 1718 4961 et
1748 4907 1888 4962 anti-

325 4995 552 5064 quitatis
578 5011 808 5050 numero
834 4995 996 5061 5502,
1023 4993 1116 5050 fol.
1159 4995 1288 5062 205,
1335 4997 1388 5051 in
1429 5011 1540 5067 quo
1579 4997 1644 5052 de
1673 4996 1827 5053 libris
1857 5013 1888 5052 a

323 5085 564 5142 Macario
614 5085 864 5158 Magnete
911 5087 1126 5157 scriptis
1175 5087 1293 5143 haec
1341 5089 1572 5158 paucula
1623 5086 1692 5143 ad
1735 5104 1888 5147 oram

327 5178 535 5235 codicis
561 5179 729 5235 minio
778 5187 967 5235 notata
995 5179 1266 5252 leguntur,
1308 5196 1429 5251 qua:
1467 5181 1648 5252 quoad
1700 5181 1890 5237 ultima

324 5268 489 5323 verba
520 5269 806 5325 vetustatis
833 5270 965 5325 vitio
992 5270 1208 5340 penitus
1234 5267 1344 5326 fere
1370 5270 1652 5327 obliterata
1682 5271 1882 5327 inveni-

325 5376 452 5416 mus
493 5376 509 5413 :
545 5360 653 5416 Τοῦ
704 5361 989 5434 Μακαρίου
1037 5361 1327 5434 Μάγνητος
1377 5362 1471 5416 καὶ
1520 5361 1705 5434 ἓτερον
1757 5361 1886 5431 σύγ-

397 5515 512 5588 (65)
541 5515 750 5588 Confer
785 5515 1051 5588 judicium
1096 5513 1423 5588 'l‘illemontii
1456 5531 1521 5570 ex
1564 5516 1601 5569 ι.
1638 5529 1686 5569 c.
1732 5530 1887 5585 repe-

330 5584 503 5642 titum'
537 5587 592 5656 in
626 5584 676 5641 .l.
711 5584 1050 5641 A.'Fabricii
1098 5585 1310 5639 Delectu
1362 5584 1800 5656 argumentorum
1828 5588 1889 5640 de

328 5655 659 5728 uerit.rrelig.
692 5656 913 5725 Christ,
942 5672 1066 5728 pag.
1100 5657 1188 5728 70.

399 5727 510 5807 (64)
535 5724 873 5807 Quapropter
900 5724 964 5782 et
1001 5724 1050 5807 I.
1092 5727 1156 5780 A.
1195 5724 1474 5807 Eabricius
1513 5727 1664 5807 hunc
1698 5735 1888 5807 aucto-

328 5797 441 5854 rem
492 5797 628 5853 inter
675 5797 975 5868 scriptores
1020 5797 1328 5869 depcrditos
1363 5797 1547 5854 satculi
1595 5812 1666 5851 ιιι·
1696 5798 1886 5856 merito

1992 4629 2214 4688 credant
2255 4630 2443 4685 saltem
2490 4631 2729 4700 antiquis
2775 4628 3115 4684 bibliotheca:
3153 4627 3371 4686 Veneta:
3410 4640 3563 4686 cata-

1990 4721 2149 4791 logis,
2182 4736 2247 4774 ex
2279 4720 2477 4787 quibus
2510 4719 2856 4790 perspicitur,
2888 4719 3058 4776 libros
3100 4719 3224 4776 illos
3267 4719 3320 4774 in
3364 4720 3561 4776 biblio-

1989 4811 2145 4867 theca
2177 4809 2236 4864 D.
2269 4809 2431 4865 Marci
2477 4809 2664 4880 utique
2704 4819 3015 4865 asservatos
3057 4807 3262 4878 fuisse,
3312 4817 3560 4871 notatos-

1989 4919 2094 4974 que
2123 4917 2351 4958 numero
2384 4903 2448 4956 A.
2482 4902 2569 4968 14,
2603 4903 2765 4972 idque
2795 4904 2852 4956 in
2892 4919 3092 4973 papyro
3117 4914 3165 4959 et
3202 4906 3314 4958 sine
3339 4904 3568 4967 tabulis,

1989 4995 2042 5050 id
2079 5003 2181 5060 est,
2224 4993 2343 5050 sine
2388 4995 2644 5064 tegmine.
2679 4993 2894 5052 Similes
2942 4995 3216 5065 catalogos
3252 4995 3358 5051 hoc
3381 4995 3558 5064 ipsum

1989 5087 2396 5152 confirmantes,
2425 5101 2595 5141 unum
2629 5085 2684 5140 in
2735 5084 2868 5140 bibl.
2903 5083 3069 5157 Regia
3096 5083 3296 5152 Paris.,
3326 5085 3554 5138 alterum

1989 5178 2044 5232 in
2088 5177 2421 5246 Colbertina,
2474 5192 2534 5234 se
2580 5176 2782 5233 vidisse
2828 5184 3060 5232 testatur
3116 5177 3188 5232 cl.
3241 5173 3556 5238 Boivinius;

1988 5269 2324 5341 proindeque
2363 5269 2507 5324 haud
2538 5267 2769 5334 dubitat,
2794 5268 2926 5339 quin
2953 5267 2991 5322 ii
3020 5267 3165 5332 libri,
3195 5265 3241 5320 si
3266 5263 3424 5319 hodie
3445 5277 3554 5318 non

1989 5362 2354 5432 reperiuntur,
2385 5360 2470 5415 vel
2509 5358 2654 5415 furto
2681 5359 2943 5430 perierint
2965 5400 2980 5426 ,
3006 5368 3066 5413 ut
3094 5358 3185 5412 alii
3223 5356 3551 5427 compmres,

1988 5520 2172 5576 retulit
2210 5520 2264 5574 in
2313 5518 2638 5574 Bibliotheca
2664 5516 2870 5581 Greca,
2900 5515 3006 5569 vol.
3046 5511 3110 5575 V,
3151 5528 3201 5568 c.
3246 5514 3308 5578 l,
3334 5528 3388 5581 p.
3423 5513 3550 5571 276.

2062 5591 2172 5662 (65)
2199 5589 2398 5646 Confer
2420 5590 2585 5646 etiam
2610 5603 2730 5659 quae
2762 5603 2920 5656 supra
2958 5584 3069 5655 jam
3103 5592 3216 5639 tum
3249 5584 3302 5638 in
3335 5584 3362 5656 ᾗ
3397 5584 3430 5641 8
3459 5587 3554 5642 ad-

1987 5661 2157 5714 ducta
2178 5670 2324 5716 sunt.

2062 5730 2171 5802 (66)
2205 5730 2345 5788 Edit.
2379 5730 2603 5787 Lutetia:
2639 5729 2793 5796 1575,
2823 5727 2981 5782 ill-8°.
