3930 7156
483 383 620 440 1567

1777 374 2132 434 MACARIUS
2169 375 2467 432 MAGNES.

3599 376 3730 432 1368

482 504 567 558 vel
612 503 719 558 sitv.
755 499 1061 570 consumpti
1097 499 1226 563 sint,
1272 499 1408 555 viles
1457 499 1664 556 scilicet
1695 499 1886 564 habili,
1909 508 1961 552 et
1991 499 2058 551 ab
2090 504 2130 558 Α
2166 495 2453 567 Magnetis)
2497 513 2615 566 qua:
2658 512 2756 550 non
2807 497 3006 551 sincere
3054 506 3238 551 contra
3273 512 3459 552 sacras
3488 496 3742 566 imagines

483 597 620 667 ipsis
647 593 1075 650 bibliothecariis
1113 592 1362 662 neglecti,
1401 601 1684 662 propterea
1715 590 1860 661 quod
1893 591 2055 646 char-

487 686 628 742 taeei
665 694 720 740 et
767 684 908 739 male
955 683 1245 754 eompacti,
1282 692 1335 739 et
1383 682 1616 738 fortasse
1663 683 1838 737 mutili
1882 697 1946 738 ac
1980 682 2044 736 la.

483 779 595 833 ceri
634 788 809 832 erant.
843 775 1086 847 Eamque
1129 778 1300 846 ipsam
1333 792 1456 832 cum
1494 775 1738 831 Boivinio
1771 775 2059 845 opinamur

484 884 708 923 causam
749 866 940 932 fuisse,
976 883 1076 922 cur
1125 868 1177 922 in
1211 883 1306 923 eos
1347 867 1646 937 catalogos,
1688 867 1781 937 qui
1827 868 2057 923 nuncin

481 960 809 1015 bibliotheca
859 958 1062 1014 Veneta
1113 969 1272 1026 sunt,
1328 975 1434 1012 non
1483 959 1639 1014 relati
1690 959 1958 1015 fuerunt:
2003 959 2056 1012 in

482 1053 683 1120 quibus
715 1053 921 1107 nullam
951 1062 1166 1108 exstare
1193 1052 1456 1122 Magnetis
1490 1053 1843 1116 mentionem,
1873 1052 2057 1107 Boivi-

481 1145 634 1198 nium
670 1145 798 1199 olim
849 1145 1112 1198 docuerat
1156 1144 1271 1211 ipse
1316 1144 1761 1200 bibliotlteearius
1799 1144 2056 1210 Venetus,

481 1235 891 1289 eruditissimus
939 1233 1122 1290 Letus.
1161 1233 1317 1300 Quod
1364 1235 1506 1289 idem
1543 1235 1856 1304 nuperrime
1882 1236 2061 1292 adhuc

482 1343 546 1379 ex
573 1326 769 1381 litteris
816 1326 1120 1382 doctissimi
1161 1326 1445 1396 cujusdam
1495 1327 1678 1394 amici,
1714 1326 1956 1384 Venetiis
1981 1329 2064 1382 vi-

485 1428 593 1471 tam
629 1418 860 1488 agentis,
886 1433 986 1488 ope
1017 1419 1344 1488 promotoris
1379 1427 1540 1488 atque
1579 1419 1798 1489 collegae
1832 1420 2060 1490 conjun-

483 1508 715 1563 ctissimi
766 1508 828 1562 Ι).
883 1508 1150 1564 Feuerlini
1218 1511 1613 1580 perspeximus.
1667 1510 1871 1566 Prteter
1916 1513 2061 1568 hunc

483 1601 725 1655 codicem
761 1599 1049 1668 Venetam,
1082 1603 1172 1672 qui
1204 1617 1396 1658 omnes
1428 1604 1668 1674 quinque
1697 1604 1864 1660 libros
1902 1606 2061 1658 Ἀπο-

485 1691 749 1762 κριιτικῶν
783 1693 1066 1763 complecti
1092 1694 1313 1759 dicitur,
1361 1695 1415 1748 in
1457 1694 1709 1766 Catalogo
1740 1712 1867 1750 mss.
1898 1697 2061 1751 libro-

485 1803 602 1839 rum
655 1785 978 1840 bibliotheca:
1034 1784 1324 1851 Vaticame,
1364 1786 1456 1855 qui
1489 1787 1616 1842 olim
1658 1802 1824 1858 penes
1849 1789 2061 1859 episeo-

483 1893 613 1946 pum
647 1875 1034 1933 Norviccnsem
1064 1879 1334 1950 in-Anglia
1370 1877 1486 1943 fuit,
1519 1878 1765 1934 similiter
1793 1881 2062 1950 reperitur

485 1969 575 2023 hic
633 1970 823 2024 titulus
860 1970 981 2024 libri
1013 1989 1026 2024 :
1053 1971 1343 2041 Μάγνητος
1386 1974 1451 2025 ὲκ
1495 1972 1602 2026 τῶν
1630 1969 1766 2044 πρὸς
1797 1972 2062 2044 ’Έλληνας

484 2065 864 2136 ἀποκρίσεων,
907 2080 1068 2135 quem
1111 2082 1178 2120 ex
1225 2066 1326 2120 fide
1375 2076 1754 2137 excerptorum
1797 2065 1882 2122 Jo.
1928 2066 2058 2123 Ern.

487 2156 672 2212 Grabii
699 2157 806 2212 huc
836 2158 1185 2213 referendum
1232 2158 1512 2228 duximus,
1541 2169 1602 2215 ut
1641 2161 1883 2216 curatius
1911 2161 2061 2215 illum

486 2251 725 2305 codicem
770 2251 1127 2323 investigandi
1169 2251 1613 2309 subministretur
1646 2255 1885 2310 occasio.
1923 2246 2060 2308 Dum

487 2340 654 2410 igitur
693 2341 848 2410 plura
885 2357 948 2397 ac
981 2345 1215 2400 certiora
1244 2347 1311 2401 de
1344 2346 1556 2418 integro
1597 2361 1760 2417 opere
1801 2345 2064 2416 Magnetis

487 2431 781 2501 aliquando
833 2434 1134 2499 tradantur.
1180 2438 1451 2508 jacturam
1506 2440 1667 2494 istam
1719 2440 2062 2510 aliquatenus

487 2528 755 2584 resarcire
805 2527 1039 2598 juvabit,
1087 2531 1134 2586 si
1187 2532 1484 2602 pleniorem
1519 2530 1946 2605 fragmentorum
1996 2547 2062 2588 ex

489 2617 593 2672 hoc
626 2619 882 2674 thesauro
910 2621 1190 2691 deperdito
1223 2631 1602 2694 excerplorum
1654 2625 1900 2679 notitiam
1937 2640 2060 2679 cum

487 2709 704 2763 erudito
751 2711 884 2765 orbe
932 2712 1558 2782 communicaverimus,
1620 2713 1937 2785 fontesque,
1994 2731 2061 2771 ex

484 2801 687 2870 quibus
711 2803 819 2857 ista
856 2803 1077 2859 haurire
1115 2806 1289 2873 licuit,
1325 2805 1768 2862 indicaverimus.
1797 2807 2063 2863 Latebant

485 2895 692 2951 scilicet
739 2896 792 2950 in
827 2897 1172 2954 bibliothecis
1219 2913 1382 2969 opera
1418 2897 1474 2952 S.
1510 2897 1797 2969 Nicephori
1832 2901 2063 2970 patriar-

487 2990 604 3044 cha:
632 2989 738 3044 CP.
774 2992 1101 3062 dogmatica,
1130 2998 1245 3048 slve
1275 2992 1424 3046 Libri
1450 2994 1782 3048 antirrhetici
1816 3011 1916 3066 pro
1958 2994 2063 3051 ﬁde

484 3082 784 3136 orthodoxa
808 3083 1070 3139 adversus
1100 3082 1586 3140 lconomachorum
1617 3085 1783 3142 falsas
1805 3087 2063 3142 crimina-

2162 602 2413 660 usurpata
2441 599 2583 645 sunt.

2414 682 2441 754 ξ
2469 681 2609 738 XVI.
2644 682 2841 754 Scopus
2867 684 3181 753 scriptorum
3206 681 3492 754 Magnetis.

2240 772 2476 845 Scopam
2508 777 2675 832 totius
2702 777 2880 846 Operis
2913 776 3131 830 Macarii
3167 776 3362 843 nostri,
3403 777 3477 832 de
3509 791 3626 846 quo
3652 793 3743 833 su-

2161 881 2258 936 pra
2287 866 2402 935 jam
2445 875 2558 920 tum
2594 866 2621 938 §
2667 867 2699 921 9
2734 867 2994 922 nonnulla
3028 867 3281 920 adnotata
3331 881 3459 921 esse
3491 867 3741 926 memini.

2161 958 2364 1026 optime
2405 957 2815 1028 dijudicandum
2863 971 2987 1012 esse
3033 957 3267 1012 arbitror
3294 971 3362 1011 ex
3402 956 3499 1010 illa
3531 954 3743 1009 descri-

2165 1050 2370 1120 ptione,
2402 1065 2565 1119 quam
2619 1047 2961 1118 Nicephorus
3005 1048 3312 1118 patriarcha
3353 1063 3484 1102 eum
3519 1046 3746 1117 reliquis

2168 1142 2526 1208 antistitibus,
2545 1141 2872 1212 quisumma
2895 1157 3024 1197 cura
3054 1142 3156 1196 hoc
3185 1141 3449 1211 scriptum
3478 1139 3746 1212 Magnetis

2165 1234 2471 1304 perlegendi
2533 1245 2695 1304 atque
2751 1234 2896 1289 haud
2958 1232 3322 1304 perfunctorie
3376 1234 3737 1288 examinandi

2163 1343 2386 1383 causam
2415 1329 2675 1391 habuere,
2700 1336 3015 1398 sequentem
3048 1327 3102 1381 in
3135 1327 3355 1386 modum
3385 1327 3445 1380 in
3467 1327 3746 1381 Antirrbe-

2163 1422 2283 1476 ticis
2335 1420 2452 1475 suis
2495 1419 2792 1490 exposuit:
2842 1417 3122 1472 Θεοσθένει
3165 1417 3224 1470 δέ
3273 1435 3375 1471 τινι
3434 1420 3748 1489 προσφωνεῖ

2161 1516 2269 1569 τῶν
2298 1515 2435 1584 ἄγαν
2465 1512 2829 1568 εὐνουστάτων
2862 1510 3010 1582 αὐτῷ
3047 1511 3142 1564 καὶ
3189 1509 3390 1579 φίλων,
3422 1511 3523 1563 καὶ
3560 1509 3742 1582 ὥσπερ

2161 1607 2270 1661 τῶν
2299 1608 2472 1677 λόγων
2499 1607 2761 1678 διορθωτῇ
2803 1606 2897 1659 καὶ
2940 1607 3101 1677 κριτῇ
3136 1604 3454 1675 ὑπὰρχσντν
3482 1604 3514 1656 ὁ
3543 1603 3601 1656 δὲ
3628 1620 3742 1656 σκο-

2163 1702 2263 1764 πὸς
2289 1700 2436 1771 αὐτῷ
2474 1701 2578 1770 τῆς
2619 1697 2998 1773 πραγματείας
3032 1696 3175 1750 κατὰ
3212 1697 3480 1768 Ἐλλήνων
3511 1697 3740 1767 προάγε-

2163 1813 2274 1859 ται,
2303 1795 2396 1848 καὶ
2429 1793 2634 1846 τούτων
2667 1791 2899 1863 μάλιστα
2924 1791 3059 1862 πρός
3090 1807 3210 1844 τινα
3239 1789 3349 1843 τῶν
3380 1791 3444 1842 ὲκ
3471 1789 3576 1858 τῆς
3601 1790 3737 1859 ’Δρι-

2168 1887 2447 1951 στοτέλους
2475 1884 2754 1958 διατριϐῆς
2796 1886 2926 1938 ὄντα
2960 1883 3204 1955 ἐπιφέρει
3246 1881 3345 1947 τὰς
3374 1882 3738 1953 ἀντιρρήσεις,

2163 1980 2320 2051 δόξης
2353 1981 2451 2051 μὲν
2495 1978 2602 2033 τῶν
2647 1977 2944 2050 μοναρχίαν
2974 1976 3382 2048 πρεσϐευόντων
3407 1975 3740 2046 ὑπάρχοντα,

2169 2074 2310 2144 μέγα
2339 2073 2396 2125 δὲ
2435 2071 2528 2124 ἐπὶ
2566 2070 2724 2143 σοφίᾳ
2769 2072 2834 2142 τῇ
2881 2068 3112 2141 Θύραθεν
3154 2068 3493 2140 κεκτημένον
3526 2067 3587 2119 τὸ
3619 2066 3745 2136 φρό·

2164 2183 2333 2238 νημα,
2366 2165 2459 2218 καὶ
2505 2163 2693 2227 δεινῶς
2738 2162 2840 2235 τὴν
2880 2162 3052 2234 ὀφρὺν
3082 2161 3223 2216 κατὰ
3257 2160 3369 2214 τῶν
3413 2160 3584 2230 ἱερῶν
3615 2160 3744 2212 ava-

2167 2258 2386 2312 σπῶντα
2431 2257 2734 2326 δογμάτων,
2780 2253 3009 2318 καὶτοῖς
3058 2256 3123 2308 ὲκ
3159 2254 3261 2324 τῆς
3298 2252 3508 2316 οἰκείας
3549 2251 3746 2321 τέχνης

2167 2349 2462 2420 σοφίσμασι
2491 2365 2550 2401 τε
2582 2349 2675 2401 καὶ
2701 2347 3021 2418 πιθανότησι
3051 2346 3151 2416 τῆς
3185 2345 3487 2415 ἁπλότητος
3514 2343 3615 2396 τοῦ
3653 2361 3749 2414 μυ-

2166 2441 2387 2514 στηρίου
2434 2439 2528 2494 τοῦ
2572 2439 2693 2494 καθ’
2725 2440 2877 2511 ἡμᾶς
2918 2437 3490 2508 κατακομῲευόμενον,
3525 2434 3588 2489 Id
3621 2445 3745 2490 est:

2165 2535 2436 2604 Scriptum
2480 2549 2631 2587 suum
2666 2539 2932 2601 nuncupat
2965 2529 3260 2604 (Macarius
3299 2527 3543 2599 Magnes)
3585 2526 3748 2583 Theo-

2164 2629 2335 2683 stheni
2372 2627 2584 2680 cuidam
2627 2625 2995 2679 amantissimo
3023 2622 3459 2691 charissimaque,
3499 2632 3549 2675 et
3597 2622 3748 2688 quasi

2164 2722 2421 2776 librorum
2472 2735 2686 2773 suorum
2729 2717 3056 2771 emendatori
3122 2730 3185 2767 ac
3245 2712 3444 2782 judici.
3498 2709 3744 2766 Instituti

2165 2831 2281 2868 vero
2313 2813 2483 2882 operis
2531 2826 2718 2879 scapus
2770 2819 2955 2862 contra
2990 2804 3200 2860 Grtccos
3252 2803 3534 2872 dirigitur,
3587 2813 3641 2856 et
3685 2819 3744 2857 α

2165 2905 2404 2961 omnibus
2435 2919 2597 2958 unum
2626 2901 2857 2955 maxime
2883 2897 3224 2953 Aristowlica
3254 2895 3548 2964 disciplina
3577 2896 3745 2949 iniba-

2167 3009 2278 3052 tum
2311 2996 2546 3066 refellere
2583 2993 2872 3055 contendit,
2901 2990 3050 3044 illius
3079 2989 3289 3060 quidem
3322 2988 3598 3058 opinionis
3630 2987 3746 3057 [au-

2167 3100 2366 3156 torem,
2421 3103 2538 3158 gnte
2582 3084 2943 3139 monarchiam
2992 3083 3221 3146 statuit,
3265 3080 3521 3133 doctrina
3577 3089 3747 3132 autem

483 3175 660 3228 tiones
689 3183 742 3227 et
765 3190 1020 3243 perversa
1051 3176 1303 3246 dogmata
1320 3175 1530 3247 (67),in
1560 3179 1761 3249 quibus
1785 3181 1925 3235 inter
1957 3181 2060 3236 alia
2089 3182 2130 3239 C
2165 3181 2391 3251 profana
2428 3177 2712 3243 tumidum,
2745 3185 2793 3228 et
2831 3175 2886 3229 in
2912 3190 3069 3228 sacra
3101 3173 3351 3242 dogmata
3385 3170 3631 3226 terribile
3658 3186 3747 3223 su-

482 3265 750 3335 reperitur
779 3266 1082 3337 Disputatio
1125 3270 1188 3323 de
1234 3269 1463 3324 Macarii
1512 3271 1777 3344 Magnetis
1824 3275 2060 3329 testimo-

484 3361 607 3426 niis,
642 3377 806 3428 quam
837 3376 899 3416 ex
937 3361 1110 3417 tribus
1150 3362 1434 3419 codicibus
1470 3379 1601 3419 mss.
1644 3367 1861 3436 Optimae
1894 3375 2055 3431 notze,

484 3453 652 3525 Regio
680 3453 996 3522 Parisiensi,
1027 3455 1343 3513 Colbertino
1386 3467 1440 3512 et
1469 3457 1805 3515 Coisliniano
1848 3459 2055 3514 descri-

481 3555 627 3618 ptam
677 3564 742 3603 ac
790 3549 1106 3604 ﬁdelissima
1161 3565 1293 3606 cura
1346 3551 1599 3606 collatam
1656 3551 2053 3607 (exhibebimus.

477 3637 828 3696 Colbertinus
880 3642 1049 3698 codex
1105 3643 1591 3710 membranaccus,
1641 3645 1800 3715 cujus
1852 3637 2058 3700 deseri-

478 3731 638 3787 liendi
687 3735 899 3802 copiam
951 3734 1020 3790 cl.
1079 3732 1162 3790 Jo'.
1215 3733 1463 3790 Boivinio
1513 3737 1627 3806 jam
1686 3747 1801 3791 tum
1859 3736 2058 3792 fecerat

481 3823 670 3895 Steph.
706 3825 982 3893 Baluzius,
1006 3811 1352 3898 pervetustus
1393 3838 1496 3894 est,
1533 3835 1825 3896 annorum,
1851 3840 1912 3884 ut
1940 3831 2057 3900 opi-

480 3918 712 3972 nabatur
759 3919 1063 3987 Boivinius,
1095 3921 1483 3990 sagacissimus
1530 3924 1872 3992 antiquitatis
1915 3923 2056 3979 litte-

479 4009 640 4063 rarim
687 4022 1091 4080 perscrutator,
1141 4012 1312 4068 ferme
1364 4016 1821 4086 octingentorum.
1855 4016 2056 4086 Regius

480 4102 934 4160 membranaceus
986 4106 1160 4161 eidem
1191 4108 1363 4163 multo
1405 4109 1680 4163 recentior
1703 4118 1916 4164 attatem
1952 4107 2056 4165 500

477 4207 749 4249 annorum
786 4211 895 4266 prae
945 4213 1003 4253 se
1036 4197 1196 4261 ferre,
1229 4207 1282 4252 et
1305 4214 1370 4253 ex
1400 4200 1571 4270 priori
1607 4199 1910 4272 descriptus
1933 4212 2056 4259 eSSe

478 4285 709 4341 videtur.
747 4287 1116 4344 Coislinianus
1146 4290 1505 4362 bombycinus
1549 4292 1788 4361 quidem,
1818 4295 1911 4349 sed
1940 4297 2055 4351 exi-

477 4380 602 4434 mite
647 4381 1004 4438 nihilominus
1055 4391 1217 4446 notae,
1261 4393 1314 4436 et
1360 4383 1640 4454 antiquus,
1689 4385 1940 4443 videlicet
1997 4407 2050 4444 χι

477 4472 695 4528 circiter
745 4475 952 4541 szeculi,
984 4474 1170 4544 judice
1215 4473 1382 4529 celeb.
1429 4474 1494 4531 ι).
1547 4475 1953 4533 Montfauconio
1995 4481 2048 4535 in

475 4563 807 4621 Bibliotheca
833 4565 1182 4632 Coisliniana,
1213 4566 1332 4621 cod.
1369 4582 1521 4630 xcnt,
1550 4583 1671 4639 pag.
1704 4569 1826 4622 M5.
1853 4568 1911 4624 In
1949 4572 2050 4628 hac

475 4655 849 4727 Disputatione
876 4660 1026 4715 varia
1067 4661 1317 4731 leguntur
1349 4644 1600 4730 excerpta
1627 4676 1690 4716 ex
1724 4662 1877 4718 libris
1908 4663 2053 4733 Apo-

475 4751 680 4806 criticis
723 4751 943 4808 Macarii
981 4755 1093 4810 sive
1140 4770 1206 4810 ex
1255 4756 1374 4826 ejus
1420 4755 1651 4827 diaIOgis
1697 4773 1822 4813 cum
1863 4757 2052 4815 Graeco

475 4843 591 4896 sive
641 4840 859 4899 etlinieo
910 4847 1258 4918 philosopho,
1311 4850 1512 4919 quibus
1553 4854 1833 4922 prannissa
1885 4860 1970 4906 est
2019 4869 2050 4907 a

473 4935 780 5007 Nicephoro
819 4939 1121 5010 Ἐπίκρισις
1157 4942 1274 5013 ἦτοι
1307 4942 1633 5016 διασάφησις
1659 4945 1768 4999 τῶν
1800 4945 1898 4999 οὐκ
1928 4946 2051 5000 εὐα-

473 5031 583 5100 γῶς
614 5031 981 5103 ὲκληφθεισῶν
1014 5034 1154 5086 κατὰ
1178 5034 1284 5087 τῶν
1316 5031 1474 5107 ἱερῶν
1523 5038 1747 5091 εἰκόνων
1782 5033 2047 5111 χρήσεων,

461 5125 738 5195 ,γενομένη
765 5123 912 5195 παρὰ
940 5123 1047 5177 τῶν
1083 5124 1440 5197 προεστώτων
1473 5128 1564 5182 τοῦ
1593 5129 1753 5202 ὀρθοῦ
1791 5131 1889 5202 τῆς
1931 5131 2051 5184 Ἐκ-

473 5216 699 5288 κλησίας
729 5217 1020 5287 δόγματος,
1047 5215 1099 5270 id
1136 5229 1219 5272 est
1246 5237 1257 5272 :
1285 5219 1600 5274 Antistitum
1638 5223 2047 5277 ort/zodoxorum

470 5311 732 5376 iudicium
761 5311 866 5366 sive
897 5310 1190 5364 declaratio
1221 5311 1285 5365 de
1309 5314 1620 5368 testimoniis
1651 5313 1795 5386 (scil.
1828 5314 2048 5370 Macarii

539 5557 653 5626 (67)
673 5557 860 5642 Euius
884 5559 1066 5629 operis
1105 5559 1292 5642 inedia
1332 5573 1692 5642 conspectuin
1713 5572 1876 5642 atque
1899 5566 2046 5642 eleu-

468 5628 634 5680 chum
668 5627 894 5684 Parisiis
923 5627 1076 5684 anno
1104 5630 1242 5685 1705
1279 5627 1517 5690 vulgavit
1547 5631 1615 5686 Ii.
1654 5631 1716 5688 P.
1757 5627 2048 5690 A'nselmus

467 5673 1125 5764 iiiii'tiiiiiiisl"u'u€£{i"i3.'
1147 5673 1241 5755 ’ἱῗ
1256 5673 1677 5758 ᾸΪῬ’Ξί›ἶίὲἷι]ε”
1702 5673 2048 5761 ὶῖὲἱιῖίῖἦὶὲἕέἇ

467 5767 666 5842 (ἐναίρω
695 5767 924 5842 _vol.__Vl,
948 5786 1070 5842 pag.
1106 5771 1210 5825 640
1238 5786 1414 5842 seqq.,
1443 5774 1694 5830 inseruit.

535 5835 648 5908 (68)
695 5837 753 5894 In
784 5835 1079 5897 Exercitdt.
1113 5844 1287 5899 select.
1318 5835 1463 5914 part.
1498 5853 1726 5914 poster.,
1757 5860 1879 5916 pag.
1919 5846 2042 5902 255.

2162 3272 2437 3343 percilium
2487 3269 2835 3331 attollentem,
2864 3282 3074 3337 squue
3102 3266 3237 3318 artis
3280 3262 3580 3333 fallacibus
3625 3279 3744 3315 con-

2161 3363 2508 3418 clusiunculis
2537 3360 2997 3431 probabilibusque
3034 3356 3593 3429 argumentationibus
3619 3356 3744 3410 sial-

2158 3459 2392 3530 plicitati
2426 3457 2548 3519 ﬁdei
2595 3465 2790 3510 nostra:
2823 3452 3150 3507 illudentem.
3184 3450 3398 3505 Exinde
3431 3449 3606 3520 igitur
3631 3448 3737 3520 pri-

2160 3567 2308 3605 mum
2357 3551 2411 3604 in
2442 3562 2697 3618 promptu
2747 3556 2831 3600 est
2863 3544 3258 3600 Theosmenem
3297 3558 3410 3597 non
3445 3541 3622 3596 fuisse
3649 3542 3733 3595 ad-

2158 3641 2456 3696 versarium
2505 3638 2722 3694 Macarii
2774 3637 3038 3707 Magnetis
3069 3651 3194 3691 cum
3241 3650 3354 3706 quo
3394 3635 3449 3689 in
3492 3635 3732 3704 disputa-

2161 3735 2306 3789 tione
2359 3748 2457 3789 sua
2495 3731 2858 3796 contenderit,
2899 3729 2994 3785 sed
3041 3729 3278 3784 amicum
3327 3728 3734 3789 charissimam.

2159 3827 2223 3881 ad
2259 3840 2421 3896 quem
2475 3837 2571 3879 ceu
2628 3822 2895 3894 optimum
2928 3820 3166 3891 jndieem
3214 3819 3535 3889 Apologiam
3585 3833 3731 3872 suam

2157 3934 2258 3989 pro
2287 3917 2536 3973 doctrina
2567 3913 2880 3971 Christiana
2930 3921 3118 3969 contra
3169 3911 3400 3982 gentiles
3445 3909 3735 3977 Evangelia

2158 3999 2556 4065 calumniantes
2591 4008 2944 4078 conscripsit,
2997 4007 3228 4076 ejusque
3275 4003 3486 4058 nomini
3519 4003 3731 4057 dicavit.

2158 4104 2386 4159 Fallitur
2416 4097 2701 4174 propterea
2737 4102 3040 4158 Turriauus
3083 4110 3198 4156 tum
3234 4102 3290 4156 in
3322 4099 3646 4172 praefatione
3672 4100 3731 4154 ad

2158 4197 2572 4252 Constitutianes
2606 4187 2946 4266 apostolicus,
2983 4204 3095 4249 tum
3129 4194 3181 4249 in
3209 4194 3377 4248 lib..u
3405 4209 3510 4264 pro
3534 4195 3731 4264 episto-

2156 4291 2222 4345 lis
2255 4289 2592 4360 pontificum,
2621 4305 2740 4360 cap.
2768 4289 2822 4352 5,
2849 4304 2903 4359 p.
2946 4304 3021 4342 m.
3064 4287 3168 4341 120
3217 4288 3273 4355 b,
3304 4288 3396 4357 qui
3432 4285 3730 4342 Theostbe»

2155 4401 2279 4441 nem
2337 4383 2491 4438 illum
2548 4393 2808 4452 tanquam
2860 4381 3245 4452 philosophum
3313 4373 3727 4449 Peripateticum

2155 4478 2349 4540 Celso,
2385 4475 2688 4546 Porphyrio
2742 4483 2796 4529 et
2842 4473 3092 4540 Juliano,
3139 4471 3439 4528 Christiani
3499 4472 3728 4525 nominis

2159 4569 2424 4632 hostibus,
2479 4557 2761 4638 perperam
2812 4565 2991 4636 jungit
3025 4583 3038 4618 :
3075 4563 3347 4634 simulque
3383 4563 3439 4616 in
3482 4563 3728 4617 eumdem

2156 4677 2398 4716 errorem
2431 4676 2460 4714 a
2494 4658 2766 4714 Turriano
2790 4657 2998 4712 inducti
3023 4662 3149 4712 Sunt
3177 4647 3515 4721 Blondellus,
3545 4655 3728 4708 Alber-

2155 4754 2338 4818 tinus,
2370 4751 2618 4818 Caveas,
2655 4745 2922 4817 Sandius,
2955 4759 3012 4805 et
3053 4748 3222 4803 Wilh.
3267 4747 3397 4803 Ern.
3445 4745 3728 4802 Tenzelias

2157 4845 2293 4917 (68),
2340 4853 2649 4901 asserentes
2687 4839 2990 4915 Magnetem
3030 4842 3403 4897 Christianum
3445 4839 3728 4911 scripsisse

2153 4937 2414 4993 adversus
2481 4936 2882 4992 Theostheuem
2948 4935 3243 5006 gentilem,
3300 4933 3726 5002 discrepantiam

2152 5031 2609 5102 evangelistarum
2684 5039 2739 5084 et
2809 5029 2913 5083 alia
2979 5029 3033 5082 in
3084 5026 3391 5098 Evangeliis
3451 5037 3725 5081 notantem

2152 5122 2592 5192 Christianisque
2634 5121 3005 5199 objicientem.
3037 5121 3261 5176 Rectius
3307 5129 3490 5175 autem
3519 5117 3725 5171 Zacha-

2151 5217 2264 5270 rias
2289 5216 2566 5271 Cretensis
2591 5215 2719 5271 citat
2749 5215 3014 5287 Magnetis
3059 5213 3373 5283 Ἀπολογίαν
3415 5211 3513 5265 τοῦ
3563 5213 3727 5278 Εὐαγ-

2153 5308 2333 5377 γελίου
2383 5309 2519 5382 πρὸς
2562 5308 2858 5380 Θεοσθένη,
2913 5323 3071 5379 quem
3117 5316 3338 5363 secutus
3383 5315 3471 5360 est
3523 5305 3721 5359 Anton.

2153 5560 2475 5617 Conferatur
2496 5563 2658 5617 etiam
2685 5561 2734 5617 J.
2764 5562 2828 5617 A.
2853 5561 3087 5618 Fabricii
3135 5561 3404 5618 Salutaris
3427 5561 3528 5617 lux
3555 5560 3724 5616 Euan-

2152 5634 2292 5702 gelii,
2341 5649 2461 5702 pag.
2499 5633 2621 5696 154,
2668 5643 2722 5686 et
2749 5649 2872 5687 ven.
2926 5633 2987 5688 D.
3033 5633 3317 5688 Moshemii
3353 5633 3720 5689 Institutione:

2153 5703 2413 5777 ρίῃονὶαξ⁸
2437 5702 2760 5777 Christiana:
2804 5705 3142 5777 antiquioris,
3196 5721 3321 5761 δαὶς.
3374 5721 3458 5774 tu,
3508 5716 3648 5777 part.
3684 5721 3718 5772 I,

2156 5772 2184 5844 §
2218 5773 2269 5843 7,
2295 5791 2347 5844 p.
2387 5773 2484 5828 ΞΗ
2521 5775 2778 5832 editionis
2812 5772 3155 5846 nuperi-imas.
