3972 6318
357 405 495 462 i369

1539 400 1828 458 NOTITIA'
1856 401 1944 456 ET
1983 401 2423 458 FRAGMENTA.

3468 401 3606 456 15m

351 516 684 574 Possevinus
719 514 1021 588 Apparatus
1050 518 1190 573 sacri
1221 527 1352 575 tom.
1383 518 1450 584 ll,
1483 535 1537 591 p.
1565 535 1641 575 ιιι.
1679 519 1767 586 50,
1793 517 1928 576 scri-
1955 522 2000 581 Α
2031 519 2120 576 isti
2146 518 2358 575 Platoni
2389 535 2498 590 pra:
2537 519 2747 576 caeteris
2795 518 3069 582 faverent,
3101 527 3155 572 et
3186 517 3268 571 vel
3295 514 3605 572 Platonico.

352 611 486 666 hens
518 610 586 664 de
611 608 1233 682 MagnetezEvangelicte
1262 612 1530 684 Apologiae
1559 612 1723 668 libros
1748 611 1928 668 Graece

350 702 562 769 scripsit
602 700 671 755 ad
707 700 1075 757 Tlteostltenem
1115 703 1361 759 adversus
1397 704 1613 775 gentiles
1655 704 1926 777 Evangelii

349 793 792 848 calumniatores.
825 792 997 849 Porro
1025 811 1224 866 sc0pus
1257 797 1438 867 operis
1467 795 1699 852 refertur
1733 799 1799 852 ad
1825 814 1924 868 op-

348 885 673 955 pugnandos
703 884 943 952 Graecos,
990 887 1381 958 spcciatimque
1423 889 1490 942 ad
1535 889 1923 944 confutandam

350 977 615 1032 celebrem
650 978 937 1047 quemdam
969 979 1088 1048 ejus
1129 979 1302 1034 artatis
1337 980 1739 1049 phiIOSOphum,
1764 997 1923 1052 quem

349 1067 690 1140 Nicephorus
724 1078 1009 1140 propterea
1049 1069 1394 1127 Aristotelica
1421 1071 1708 1142 disciplina
1747 1072 1924 1127 imbu-

347 1168 462 1218 tum
489 1162 756 1225 nominat,
792 1163 936 1232 quod
971 1163 1224 1217 insanum
1262 1163 1560 1218 dialecticae
1586 1165 1826 1219 studium
1858 1179 1921 1219 ex

351 1251 641 1308 Aristotele
685 1253 955 1317 hauserit,
990 1255 1283 1323 multisque
1314 1255 1708 1311 subtilitatibus
1733 1255 1923 1327 logicis

351 1344 750 1414 simplicitatem
784 1344 1112 1400 Christiana}
1152 1345 1274 1403 ﬁdei
1305 1346 1378 1401 sit
1418 1348 1737 1403 insectatus.
1767 1346 1925 1404 llunc

347 1452 476 1494 vero
505 1436 888 1506 philosophum
914 1437 1091 1507 ipsum
1116 1436 1287 1494 fuisse
1309 1436 1674 1509 Porphyrium
1701 1437 1920 1510 Syrum,

345 1543 442 1584 seu
481 1527 729 1600 Tyrium,
775 1530 1107 1585 acerrimum
1139 1529 1577 1585 Christianorum
1617 1531 1920 1600 inimicum,

344 1629 545 1692 praeter
577 1631 824 1676 exactam
858 1622 1033 1678 aetatis
1062 1622 1218 1693 juxta
1246 1630 1409 1693 atque
1439 1621 1700 1678 doctrinae
1723 1637 1924 1679 conve-

346 1713 627 1780 nientiam,
665 1714 894 1770 suadent
915 1713 1171 1784 plurima,
1203 1731 1325 1785 quae
1357 1715 1411 1769 in
1442 1713 1758 1787 fragmentis
1786 1714 1922 1770 scri-

343 1814 561 1876 ptorum
612 1803 834 1859 Macarii
889 1805 1156 1876 Magnetis
1211 1816 1542 1876 occurrunt,
1590 1808 1734 1862 haud
1788 1822 1921 1862 sane

343 1897 645 1967 spernenda
700 1896 914 1952 indicia.
979 1895 1136 1964 Quod
1164 1896 1209 1953 si
1245 1899 1390 1953 enim
1433 1899 1608 1954 aetatis
1655 1899 1921 1955 rationem

343 1990 714 2054 attendamus,
741 1993 902 2061 supra
931 1991 1042 2060 jam
1089 1999 1201 2044 tum
1233 1991 1668 2046 demonstratum
1699 2000 1804 2057 est,
1841 1991 1921 2045 vi-

345 2085 493 2140 xisse
521 2083 828 2156 Magnetem
865 2096 1113 2139 nostrum
1158 2083 1305 2139 circa
1349 2085 1586 2139 medium
1613 2084 1697 2140 vel
1729 2086 1920 2140 saltem

345 2174 506 2229 ﬁnem
552 2175 736 2230 saechli
765 2190 886 2229 tera:
917 2174 1240 2230 Christianae
1287 2175 1450 2229 tertii.
1484 2176 1660 2244 Atque
1690 2174 1756 2229 de
1794 2173 1924 2232 Por-

341 2267 538 2338 phyrio
587 2267 789 2336 pariter
836 2275 1073 2333 constat,
1119 2281 1244 2322 eum
1275 2265 1344 2320 50
1388 2281 1562 2321 annos
1610 2274 1798 2320 natum
1854 2265 1923 2320 ab

341 2368 489 2413 anno
535 2357 741 2414 Christi
770 2358 876 2412 265
919 2357 1108 2414 Romae
1164 2357 1336 2413 fuisse
1378 2356 1576 2413 Plotini
1610 2356 1922 2428 phiIOSOphi

340 2448 607 2504 Platonici
648 2448 951 2503 auditorem
972 2486 987 2513 ,
1020 2447 1330 2518 ibidemque
1359 2446 1776 2518 septuagenario
1800 2462 1920 2500 ma-

335 2541 509 2610 jorem
541 2553 688 2595 anno
715 2538 918 2596 Christi
957 2539 1064 2594 505
1095 2539 1236 2594 diem
1266 2537 1464 2594 obiisse
1492 2538 1625 2609 (69).
1661 2537 1921 2604 Quamvis

341 2632 510 2702 igitur
539 2631 877 2704 Porphyrius
927 2635 1073 2686 anno
1124 2640 1246 2700 post
1289 2630 1514 2685 Adriani
1562 2631 1771 2685 obitum
1817 2629 1921 2684 120

341 2723 548 2791 ﬁoruit,
597 2724 765 2778 istum
818 2732 1000 2779 tamen
1056 2723 1438 2794 imperatorem
1485 2723 1831 2793 potissimum
1864 2723 1921 2777 in

343 2815 712 2886 disputatione
743 2833 843 2872 sua
873 2815 948 2870 De
975 2815 1284 2870 monarchia
1310 2815 1490 2870 divina
1524 2816 1577 2868 in
1610 2815 1920 2885 exemplum

342 2908 662 2978 imperantis
711 2907 1020 2964 monarchte
1075 2909 1297 2964 adducit
1362 2923 1487 2964 cum
1554 2921 1619 2963 eo
1682 2916 1921 2977 tempore

337 2998 566 3054 Adriani
594 3001 858 3054 memoria
891 2999 1072 3055 adhuc
1100 2999 1322 3070 vigeret,
1362 3001 1599 3054 maxime
1625 2999 1768 3068 apud
1801 2998 1920 3069 phi-

341 3089 618 3160 losophos,
671 3105 810 3160 quos
851 3090 941 3145 ille
983 3090 1039 3144 in
1092 3091 1274 3145 aulam
1333 3091 1544 3161 primus
1602 3090 1918 3156 introduxit,

2029 628 2150 666 rum
2197 613 2281 667 vel
2326 605 2790 684 Pythagoreorum
2839 611 3256 680 appellationem
3293 609 3606 666 aﬁectarent

2030 703 2162 776 (72).
2192 702 2330 758 Cum
2378 718 2542 771 porro
2592 699 2932 770 Nicephorus
2979 700 3140 756 istum
3184 700 3602 771 philosophum,

2027 805 2214 851 contra
2250 811 2410 866 quem
2445 794 2713 849 Macarius
2743 794 2982 863 scripsit,
3024 795 3128 849 hoc
3159 796 3474 849 charactere
3503 793 3600 846 de-

2027 887 2224 957 signat,
2256 887 2398 957 quod
2445 885 2607 939 fuerit
2650 885 2894 938 doctrina
2930 885 3159 954 profana
3202 877 3434 938 tumidas
3463 894 3511 937 et
3545 883 3601 937 in

2025 995 2179 1032 sacra
2206 979 2454 1048 dogmata
2483 975 2716 1029 terribile
2750 977 3092 1044 supercilium
3137 974 3382 1028 attollens
3415 988 3432 1027 :
3462 973 3599 1028 Par--

2025 1073 2219 1145 phyrio
2249 1072 2436 1143 utique
2476 1085 2583 1125 non
2631 1069 2865 1124 sublime
2891 1069 3066 1122 solum
3099 1084 3163 1122 ac
3189 1069 3426 1121 validum
3453 1067 3603 1137 inge-

2025 1164 2176 1217 nium
2214 1162 2403 1227 fuisse,
2436 1160 2530 1217 sed
2561 1169 2614 1214 et
2657 1159 2950 1214 vehemens
2999 1167 3162 1228 atque
3190 1158 3387 1228 'aliquo
3417 1156 3603 1210 lurore

2025 1255 2344 1321 admistum,
2369 1269 2435 1308 ex
2471 1255 2691 1324 scriptis
2725 1253 2898 1322 ipsius
2928 1250 3313 1319 superstitibus
3345 1250 3477 1305 satis
3506 1264 3603 1318 ap-

2027 1357 2200 1418 paret.
2230 1348 2573 1417 Quapropter
2598 1356 2652 1402 et
2677 1346 2915 1401 Eusebio
2939 1343 3051 1414 (73)
3083 1343 3307 1397 τοιαῦτα
3331 1359 3604 1413 κατακομ-

2025 1442 2207 1513 πήσας
2228 1440 2450 1504 dicitur,
2478 1441 2528 1495 id
2562 1450 2664 1502 est,
2692 1437 2838 1508 quod
2867 1438 2933 1492 ad
2966 1436 3170 1492 fastum
3197 1445 3251 1490 et
3283 1436 3604 1489 ostentatio-

2024 1550 2146 1589 nem
2187 1533 2351 1588 verba
2384 1548 2482 1588 sua
2505 1532 2876 1603 composuerit
2905 1551 2919 1586 :
2951 1539 3004 1586 et
3041 1530 3097 1586 S.
3123 1529 3325 1602 Cyrillo
3356 1528 3468 1598 (74)
3499 1544 3600 1582 au-

2023 1625 2104 1682 dit
2151 1629 2180 1680 ὀ
2222 1625 2428 1698 θρασὺς
2474 1624 2596 1678 καθ’
2625 1623 2782 1695 ἡμῶν
2831 1623 3160 1696 Πορφύριος.
3211 1620 3396 1690 Neque
3439 1620 3602 1674 aliam

2023 1734 2125 1790 ego
2154 1733 2375 1773 causam
2412 1715 2582 1772 fuisse
2614 1715 2844 1770 dixerim
2881 1717 3124 1784 (perapte
3170 1713 3356 1767 scribit
3389 1710 3604 1768 Holste-

2023 1812 2150 1867 nius
2181 1811 2218 1866 l.
2249 1826 2297 1866 c.
2326 1825 2381 1880 p.
2411 1809 2562 1878 254),
2606 1807 2779 1862 rabidi
2828 1807 2975 1862 illius
3005 1805 3146 1871 odii,
3187 1821 3298 1874 quo
3337 1805 3603 1861 adversus

2023 1902 2388 1960 Christianam
2418 1900 2732 1968 religionem
2779 1913 2889 1968 prae
2927 1898 3136 1952 caeteris
3175 1895 3408 1963 furebat,
3436 1912 3600 1966 quam

2021 1994 2168 2066 quod
2196 1994 2414 2048 animus
2455 1999 2586 2044 atrae
2618 1988 2743 2044 bilis
2775 1988 3042 2042 fermento
3083 1995 3329 2057 turgens,
3352 1995 3405 2042 et
3433 1986 3600 2040 nimia

2021 2084 2343 2139 eruditionis
2396 2080 2549 2150 copia
2599 2077 2823 2133 inﬂatus
2889 2077 3243 2144 semetipsum
3321 2091 3430 2130 non
3502 2090 3595 2132 ca-

2023 2187 2192 2250 peret.
2244 2174 2564 2244 Opinionem
2651 2179 2894 2225 nostram
2968 2168 3250 2224 conﬁrmat
3299 2167 3598 2234 doctrinae,

2023 2284 2186 2338 quam
2218 2267 2442 2322 tradidit
2481 2265 2852 2338 Porphyrius,
2891 2279 3016 2318 cum
3047 2260 3262 2333 placitis
3291 2259 3602 2330 philosophi

2021 2358 2316 2415 Macariani
2364 2358 2722 2429 comparatio.
2785 2355 2959 2427 Hujus
3025 2354 3172 2410 enim
3233 2352 3482 2408 doctrina
3538 2351 3602 2407 de

2021 2453 2331 2509 monarchia
2377 2451 2592 2518 divina,
2635 2465 2800 2521 quam
2848 2447 3119 2504 Macarius
3160 2445 3381 2518 Magnes
3427 2444 3605 2514 impu-

2020 2554 2170 2617 gnat,
2206 2545 2260 2598 in
2307 2558 2372 2599 eo
2419 2543 2674 2599 consistit
2707 2562 2721 2596 :
2762 2541 2934 2598 Deum
2986 2542 3205 2612 proprie
3246 2537 3601 2593 monarcham

2022 2634 2166 2689 haud
2210 2633 2316 2688 dici
2364 2647 2559 2703 posse,
2599 2632 2705 2688 nisi
2741 2633 3034 2702 imperaret
3076 2631 3210 2697 diis;
3258 2627 3404 2684 istud
3457 2626 3601 2682 enim

2022 2724 2359 2794 majestatem
2395 2722 2635 2777 divinam
2683 2721 3072 2790 caelestemque
3115 2734 3179 2774 ac
3219 2731 3488 2772 summam
3519 2715 3604 2770 di-

2021 2815 2279 2885 gnitatem
2313 2813 2509 2868 decere
2539 2827 2552 2864 :
2584 2828 2724 2882 quos
2753 2827 2881 2867 vero
2912 2809 3210 2866 Christiani
3252 2807 3475 2877 angelos
3500 2821 3601 2860 vo-

2021 2918 2166 2974 cant,
2195 2907 2287 2978 qui
2319 2922 2421 2962 nec
2450 2906 2586 2976 pati,
2623 2922 2723 2961 nec
2750 2906 2911 2971 mori,
2959 2920 3058 2961 nec
3097 2904 3372 2975 corrumpi
3409 2914 3602 2958 natura

2021 3015 2120 3056 sua
2146 3008 2398 3070 possunt,
2423 3015 2538 3066 eos,
2565 2999 2695 3069 quia
2740 2998 3018 3053 Divinitati
3059 2997 3344 3068 propiores
3385 3003 3535 3061 sunt,
3568 3009 3602 3050 a

2022 3093 2312 3164 gentilibus
2338 3093 2472 3148 deos
2499 3091 2783 3162 appellari.
2814 3089 2992 3160 Atque
3037 3091 3150 3145 haec
3179 3096 3370 3145 exacte
3401 3102 3602 3143 conve-

337 3192 394 3239 et
428 3179 892 3238 familiarissimos
942 3182 1152 3237 habuit.
1200 3184 1347 3236 Inter
1394 3183 1736 3238 characteres
1763 3182 1922 3238 istius
1948 3219 1990 3277 Ο
2024 3183 2324 3240 niunteum
2354 3183 2642 3254 Porphyrii
2671 3182 2965 3248 sententia,
3001 3182 3092 3254 qui
3129 3183 3284 3252 juxta
3314 3197 3438 3235 cum
3477 3179 3603 3235 aliis

337 3275 688 3345 philosophi,
760 3290 884 3330 eum
966 3290 1074 3345 quo
1115 3274 1348 3346 Magneti
1416 3284 1602 3330 nostro
1662 3289 1751 3330 res
1793 3284 1913 3342 est,

337 3362 680 3434 Nicephorus
710 3365 930 3434 quidem
968 3366 1243 3432 observat,
1267 3380 1394 3420 eum
1425 3365 1769 3420 Aristotelica
1797 3366 1919 3435 phi-

340 3455 588 3526 losophia
637 3455 908 3510 imbutum
959 3453 1164 3524 fuisse;
1197 3457 1344 3526 quod
1389 3465 1567 3511 tamen
1618 3455 1919 3526 Porphyrio

341 3549 666 3620 philosopho
711 3547 991 3605 Platonico
1043 3550 1466 3621 haudquaquam
1509 3551 1805 3605 convenire
1833 3551 1918 3604 vi-

341 3641 555 3697 deatur.
604 3639 805 3696 Verum
853 3649 1007 3696 tanto
1052 3643 1296 3700 veritatis
1343 3643 1527 3700 studio
1584 3641 1921 3716 Porphyrius

347 3733 622 3800 excelluit,
654 3741 715 3788 ut
757 3749 867 3788 non
897 3743 1101 3790 temere
1133 3735 1200 3789 ad
1244 3750 1409 3790 unam
1443 3735 1684 3804 aliquam
1718 3745 1920 3790 sectam

346 3829 496 3883 velut
518 3827 583 3882 ad
613 3827 897 3898 scepulum
945 3826 1253 3894 adhmserit,
1288 3842 1389 3881 nec
1418 3827 1685 3897 juraverit
1725 3826 1778 3880 in
1823 3842 1922 3881 cu-

340 3919 599 3990 jusquam
632 3919 878 3988 magistri
909 3918 1094 3973 verba.
1138 3917 1356 3972 Interim
1391 3918 1530 3973 duos
1558 3917 1664 3972 sibi
1707 3917 1924 3988 potissi-

348 4027 498 4066 mum
541 4010 779 4080 elegerat
827 4009 1028 4074 duces,
1077 4022 1312 4078 quorum
1358 4008 1586 4079 vestigia
1634 4015 1921 4076 premeret,

346 4102 624 4157 Platonem
654 4108 819 4171 atque
847 4099 1215 4166 Aristotelem,
1245 4113 1385 4169 quos
1413 4099 1466 4153 in
1512 4098 1800 4169 praecipuis
1828 4096 1927 4152 do-

348 4197 538 4252 ctrina:
577 4195 850 4264 capitibus
880 4194 1022 4248 inter
1066 4207 1126 4247 se
1166 4191 1480 4246 consentire
1515 4192 1728 4261 prolixo
1764 4203 1925 4259 opere

349 4289 690 4362 probandum
707 4295 1018 4358 susceperat
1042 4284 1273 4354 (70-71).
1290 4284 1366 4339 Ita
1384 4298 1616 4354 namque
1632 4282 1796 4339 refert
1809 4280 1928 4337 Sui-

347 4381 479 4448 das.
529 4379 888 4451 Porphyrium
938 4376 1268 4444 defendisse,
1319 4389 1485 4430 unam
1521 4389 1642 4430 esse
1685 4373 1926 4430 Platonis

2023 3275 2362 3346 phil050phis
2401 3274 2674 3344 ejusmodi
2723 3272 3012 3328 πολυθεϊαν
3049 3274 3432 3338 venerabatur,
3459 3273 3601 3344 qua‘,

2021 3378 2080 3423 ut
2104 3367 2322 3422 Maximi
2351 3366 2498 3440 Tyrii
2529 3367 2710 3422 verbis
2750 3375 2875 3422 utar
2917 3367 3064 3437 (75),
3095 3366 3260 3421 Deum
3287 3382 3397 3422 esse
3438 3381 3602 3420 unum

2020 3461 2313 3524 statuebat,
2342 3477 2510 3530 regem
2533 3462 2766 3516 omnium
2795 3473 2842 3515 et
2870 3460 3109 3523 Patrem,
3140 3459 3334 3513 multos
3361 3474 3478 3512 vero
3511 3458 3610 3511 ad-

2019 3551 2160 3606 ditos
2192 3566 2302 3605 esse
2331 3550 2454 3605 deos
2485 3551 2640 3617 alios,
2673 3553 2765 3622 qui
2797 3553 3027 3621 supremi
3071 3550 3218 3604 illius
3264 3550 3366 3619 ﬁlii
3395 3551 3521 3614 sint,
3549 3549 3601 3604 el

2020 3643 2172 3712 quasi
2204 3643 2260 3696 in
2284 3642 2502 3711 imperio
2541 3641 2775 3713 collegia.
2810 3643 3088 3713 Legantur
3115 3641 3402 3714 Porphyrii
3437 3641 3602 3697 verba

2020 3748 2086 3786 ex
2124 3733 2218 3788 lib.
2271 3748 2310 3788 ιι
2356 3731 2434 3787 De
2467 3732 2808 3797 abstinentia,
2854 3749 2909 3803 p.
2959 3749 3034 3787 ιιι.
3085 3732 3189 3799 50,
3242 3734 3368 3788 edit.
3402 3731 3604 3788 Graecas

2022 3823 2352 3880 Florentium
2399 3833 2453 3880 et
2508 3823 2781 3880 Eusebius
2830 3824 2906 3879 De
2952 3825 3342 3895 praeparatione
3391 3840 3600 3894 evang.,

2023 3919 2120 3973 lib.
2151 3933 2226 3983 tv,
2255 3933 2374 3987 cap.
2405 3917 2493 3984 l9,
2536 3933 2592 3988 p.
2623 3933 2699 3972 ιιι.
2747 3916 2886 3984 166;
2934 3932 3057 3972 cum
3105 3917 3306 3986 quibus
3351 3916 3604 3973 conferre

2019 4010 2194 4081 juvat,
2227 4026 2350 4080 qua:
2379 4025 2445 4066 ex
2494 4010 2722 4080 reliquis
2771 4009 3056 4081 Porphyrii
3107 4009 3325 4080 scriptis
3359 4010 3503 4064 hanc
3547 4010 3600 4064 in

2022 4116 2138 4156 rem
2180 4101 2407 4157 adduxit
2461 4100 2690 4157 lluetius
2733 4101 2786 4156 in
2843 4099 3235 4166 Quwstionibus
3283 4101 3601 4170 Alnetanis,

2023 4209 2078 4265 p.
2105 4210 2181 4250 ιιι.
2217 4194 2319 4250 108
2342 4210 2495 4265 seqq.
2524 4193 2656 4262 Quae
2683 4194 2946 4266 peculiari
2981 4209 3146 4264 opera
3185 4193 3362 4251 fusius
3392 4201 3602 4265 pertra-

2023 4286 2217 4341 ctanda
2260 4296 2454 4354 erunt,
2501 4302 2626 4342 cum
2674 4287 2791 4357 ipsa
2842 4288 3287 4357 Θεολογούμενα
3336 4285 3602 4356 Magnetis

2022 4376 2493 4447 perlustrabimus.
2524 4377 2767 4432 Similem
2797 4393 3125 4433 consensum
3152 4377 3441 4433 verborum
3467 4376 3602 4432 Por-

346 4486 403 4533 et
433 4474 742 4531 AriStotelis
769 4481 972 4530 sectam
1011 4490 1024 4527 :
1053 4471 1197 4527 unde
1227 4485 1349 4525 cum
1376 4468 1661 4538 utriusque
1690 4467 1930 4538 philoso—
2025 4468 2202 4538 phyrii
2233 4467 2307 4522 De
2337 4467 2656 4538 imaginibus
2689 4469 2909 4523 deorum
2940 4469 3076 4539 (76),
3106 4470 3287 4539 qualia
3316 4485 3385 4526 ex
3408 4484 3475 4524 eo
3504 4468 3601 4524 ad-

347 4570 492 4642 phim
521 4579 675 4638 teque
705 4567 915 4638 peritus
942 4573 1106 4632 esset,
1132 4562 1477 4619 Aristotelica
1507 4561 1708 4630 ubique
1737 4558 1920 4613 Plato-
1953 4563 1995 4618 ι)
2023 4560 2181 4615 duxit
2205 4559 2474 4616 Eusebius
2505 4560 2640 4631 (77),
2663 4561 2952 4617 observare
2981 4562 3166 4617 licebit
3193 4577 3317 4616 cum
3359 4563 3446 4626 iis,
3478 4578 3601 4632 qua:

349 4661 489 4716 nicis
522 4658 833 4715 admiscuit.
864 4656 1020 4725 Quod
1049 4665 1102 4711 et
1137 4655 1362 4710 Proclus
1387 4653 1482 4708 lib.
1516 4653 1608 4708 lin
1643 4651 1919 4716 Timarum,

348 4771 404 4825 p.
442 4754 530 4818 18,
560 4760 813 4818 testatur,
851 4750 942 4805 ubi
977 4750 1054 4805 ait
1086 4747 1448 4820 Porphyrium
1484 4742 1924 4818 Περιπατητικὰς

349 4844 633 4909 ἀποδόσεις
655 4843 1068 4915 παρεσφέροντα
1091 4841 1239 4895 λύειν
1281 4839 1380 4902 τὰς
1409 4838 1758 4903 Πλατωνικὰς
1791 4838 1921 4892 ἀπο-

353 4938 496 5012 ρίας.
529 4938 706 5006 Atque
754 4936 880 4990 hoc~
902 4933 1237 4988 liberrimum
1271 4931 1688 5003 philosophandi
1728 4943 1921 4999 genus,

349 5028 497 5103 quod
531 5027 694 5098 paulo
725 5035 851 5080 ante
903 5024 973 5079 ab
1008 5022 1300 5078 Ammonio
1345 5020 1717 5076 Alexandrino
1747 5018 1924 5075 fuerat

352 5119 746 5184 introductum,
769 5117 1010 5172 maxime
1039 5117 1361 5185 probaverat
1383 5111 1738 5184 Porphyrius,
1767 5110 1925 5165 adeo-

355 5229 463 5286 que
494 5212 561 5270 ad
609 5213 842 5270 classem
875 5208 1266 5265 Eclecticorum
1304 5206 1494 5262 referri
1545 5204 1764 5269 maluit,
1799 5203 1924 5258 licet

426 5441 537 5514 (69)
574 5442 692 5498 Vid.
730 5439 1201 5514 Lucte‘Holsterlii
1225 5438 1360 5514 d_is_s_.
1392 5437 1479 5514 Qe
1500 5437 1612 5514 vita
1633 5445 1683 5491 et
1706 5435 1920 5514 scriptis

356 5505 662 5636 Po'rph'vurii,
707 5528 828 5582 cap.
878 5511 948 5579 2,
992 5511 1047 5566 in
1099 5509 1340 5565 Fabricii
1391 5507 1645 5563 Biblioth.
1697 5505 1919 5574 Greca,

356 5586 465 5637 vol.
488 5585 514 5637 ,ι
569 5628 583 5637 .
609 5599 664 5637 n.
685 5582 791 5637 217
819 5598 934 5637 seu.

355 5586 465 5642 vol.
488 5585 583 5646 νιν,
609 5599 664 5646 p.
685 5585 791 5637 217
819 5598 934 5646 seq.

430 5598 465 5638 ι.
488 5598 583 5646 νιν,
609 5599 664 5653 p.
685 5598 787 5637 ‘zu
819 5598 934 5652 seq.

429 5654 641 5724 (70-71)
670 5652 900 5724 Notante
927 5651 1058 5724 Luc.
1083 5649 1361 5724 ﬂolstenio
1392 5650 1506 5724 l.__c.
1532 5664 1587 5720 p.
1612 5649 1744 5724 5255.

429 5717 540 5796 (72‘,-
570 5717 728 5796 Conf.
760 5723 940 5796 Celeb.
1085 5721 1365 5796 quhemii
1414 5717 1552 5796 diss;
1597 5717 1921 5796 Qe_turbata

423 5789 452 5850 ιλ
480 5789 790 5850 recentiores
809 5792 1110 5862 Platonico;
1139 5791 1397 5854 Ecclesia,
1423 5789 1450 5862 §
1479 5791 1515 5862 2
1538 5798 1593 5843 et
1610 5789 1663 5862 5,
1687 5790 1923 5862 itemque

359 5859 415 5925 in
451 5867 594 5922 notis
629 5865 694 5921 ad
720 5863 1034 5922 Cudworthi
1065 5861 1307 5934 Sgslema
1339 5859 1712 5929 intéllectuale,
1739 5877 1793 5931 p.
1819 5859 1922 5915 642

2024 4653 2276 4711 inGraeci
2303 4653 2610 4724 philosophi
2639 4654 3112 4724 argumentatione
3153 4671 3254 4724 pro
3293 4655 3598 4710 idololatria

2024 4749 2078 4801 in
2117 4746 2487 4815 disputatione
2541 4744 2763 4800 Macarii
2820 4747 2992 4801 nostri
3056 4748 3424 4816 reperiuntur.
3486 4745 3598 4802 Nec

2023 4836 2206 4890 minus
2237 4851 2324 4896 ea,
2355 4851 2476 4906 quae
2503 4834 2775 4891 Macarius
2815 4835 3036 4906 Magnes
3067 4837 3206 4892 libre
3238 4853 3300 4892 ιιι
3341 4838 3598 4905 Ἀποκρι-

2001 4973 2004 4976 .
2033 4924 2214 4980 τικῶν
2243 4926 2310 4981 de
2325 4924 2609 4981 sacriﬁciis
2631 4934 2683 4980 et
2717 4924 2783 4980 de
2817 4925 3155 4983 daemonibus
3183 4928 3441 4998 disputat,
3470 4943 3594 4983 cum

2021 5018 2247 5074 oraculo
2270 5018 2555 5088 Apollinis,
2580 5019 2725 5088 quod
2756 5017 3027 5074 Eusebius
3047 5036 3111 5075 ex
3139 5019 3423 5092 Porphyrii
3456 5020 3596 5076 libro

2021 5109 2216 5180 λογίων
2250 5111 2568 5181 φιλοσοφίας
2596 5109 2780 5166 retulit
2821 5108 2954 5181 (78),
2990 5110 3225 5180 perfecte
3255 5110 3590 5180 conspirant.

2021 5201 2168 5259 Nihil
2219 5205 2496 5276 apertius,
2546 5217 2711 5274 quam
2755 5201 2904 5273 quod
2950 5202 3018 5257 ad
3065 5201 3350 5273 Porphyrii
3395 5199 3594 5271 placita

2022 5446 2076 5495 et
2097 5435 2219 5492 682.

2119 5507 2204 5575 73)
2237 5505 2482 5576 Prwpar.
2511 5522 2692 5576 evang.
2719 5505 2814 5560 lib.
2851 5521 2936 5567 ιιι,
2960 5519 3080 5576 σοι).
3099 5503 3166 5576 [7.

2120 5572 2204 5648 74)
2236 5572 2396 5648 Lib.)
2434 5587 2618 5648 contra
2642 5572 2940 5648 lulianum,
2968 5572 3145 5648 p.718.

2092 5642 2207 5717 (75')
2239 5648 2318 5703 Ex
2351 5647 2570 5717 dissert.
2588 5647 2650 5717 1,
2679 5661 2732 5714 p.
2762 5661 2836 5717 m_.
2867 5644 2900 5696 6
2921 5642 3050 5717 edit.
3082 5642 3306 5717 Davisii.

2094 5714 2206 5789 (76)
2232 5716 2390 5773 Conf.
2424 5716 2558 5773 Luc.
2587 5715 2900 5789 Holstenius
2932 5714 2969 5766 ι.
2999 5727 3048 5768 c.
3077 5729 3144 5789 p._
3165 5714 3286 5789 Ξβδ,

2120 5781 2208 5856 77)
2247 5789 2486 5857 I’rwpar.
2521 5804 2697 5856 evang.
2726 5786 2817 5857 lib.
2849 5800 2929 5848 ιιι,
2956 5781 3145 5857 οιιιιίξι
3174 5785 3241 5840 ab
3271 5781 3450 5842 initio.

2120 5795 2208 5856 77)
2247 5795 2486 5857 I’ra’par.
2521 5804 2697 5856 evang.
2726 5795 2817 5839 Ill).
2849 5800 2929 5848 ιιι,
2956 5799 3076 5854 cap.
3114 5795 3143 5837 Ἰ

2094 5795 2206 5932 ὶ78)
2238 5858 2476 5917 Ρηευαν.
2514 5873 2695 5928 evang.
2730 5855 2824 5912 lib.
2857 5871 2929 5922 IV,
2964 5869 3084 5925 cap.
3115 5854 3166 5911 7.
