3930 7156
533 397 663 451 1571

1805 393 2164 452 MACARIUS
2203 392 2503 451 MAGNES.

3570 402 3673 455 1372

527 515 844 584 respiciant,
880 515 972 586 qui
1014 515 1166 570 solus
1195 513 1308 572 fere
1340 531 1405 571 ex
1442 509 1723 587 gentilium
1761 515 2098 586 philosophis
2125 519 2173 576 Α
2199 514 2310 570 tius
2332 512 2700 586 polyarchiam
2730 511 2954 567 deorum
2991 507 3407 581 gentilium,cum
3430 517 3674 573 monarchia

525 608 920 662 sacrificiorum
967 608 1263 680 primordia
1309 607 1636 678 investigare
1669 623 1959 680 aggressus
1989 617 2093 673 est,

518 707 579 756 Et
609 700 726 769 ipse
757 699 976 753 deruunt
1006 699 1384 769 pervulgatum
1419 698 1700 771 gentilium
1733 713 1974 756 errorem
2008 697 2100 768 ju-

526 791 754 862 gulavit,
791 791 921 845 dum
967 791 1235 846 sacrificia
1273 799 1328 845 et
1368 791 1725 846 mactationes
1765 805 1796 845 a
1823 805 1949 845 vera
1984 790 2098 860 pie-

527 889 636 937 tate
661 882 834 936 aliena
865 897 1006 946 esse,
1039 897 1366 952 crassosque
1397 897 1460 937 ac
1491 882 1803 937 materiales
1825 883 2097 938 daemones

525 992 646 1031 esse
669 976 1060 1046 pronuntiavit,
1091 975 1183 1045 qui
1214 975 1516 1030 hostiarum
1543 991 1793 1045 vaporem
1831 974 2099 1031 fmtidum-

524 1082 631 1137 que
683 1059 927 1121 nidorem
981 1075 1270 1137 expetant;
1319 1066 1398 1121 uti
1447 1075 1676 1121 testatur
1725 1065 2096 1124 Theodoretus

527 1156 842 1228 Therapeut.
884 1173 1048 1214 serm.
1102 1158 1150 1210 7.
1205 1158 1426 1213 Accedit
1459 1173 1643 1229 porro,
1717 1159 1864 1230 quod
1921 1159 2099 1229 philo-

524 1250 732 1319 sophus
782 1249 892 1314 ille,
929 1232 1053 1304 cum
1105 1266 1212 1320 quo
1261 1250 1598 1306 conflictatur
1631 1251 1927 1317 Macarius,
1970 1253 2096 1308 reli-

525 1341 704 1411 gionis
735 1341 1062 1396 Christiana:
1102 1351 1156 1396 et
1203 1341 1498 1411 Scriptura:
1527 1358 1698 1398 sacrae
1741 1353 1852 1398 tum
1887 1344 2096 1401 Veteris

524 1442 639 1487 tum
693 1431 827 1487 Novi
885 1433 1215 1490 Testamenti
1261 1434 1429 1504 probe
1481 1451 1684 1506 gnarus
1730 1435 1911 1492 fuerit.
1960 1437 2084 1492 Fre-

525 1535 754 1595 quenter
782 1542 908 1580 eum
940 1527 1006 1582 ad
1035 1525 1332 1596 Scriptum
1364 1543 1533 1584 sacra:
1562 1530 1870 1586 testimonia
1899 1546 2095 1601 provo-

527 1635 653 1674 care
682 1620 962 1688 videmus,
995 1621 1244 1690 interque
1290 1620 1396 1675 alia
1448 1622 1728 1690 speciatim
1783 1623 1850 1677 ad
1903 1621 2091 1677 Matth.

527 1721 664 1771 χχιι,
692 1708 784 1772 29,
812 1708 913 1774 '50;
953 1708 1123 1764 Exod.
1153 1724 1303 1776 χχιιι,
1337 1709 1436 1776 18;
1469 1709 1605 1765 Gen.
1637 1728 1790 1780 xvm,
1826 1712 1891 1767 16
1916 1728 2092 1782 seqq.;

528 1795 700 1854 Exod.
753 1816 897 1866 χιιι,
941 1800 1046 1868 28;
1091 1801 1290 1871 quibus
1342 1803 1622 1872 gentilium
1661 1804 1980 1860 idololatriae
2009 1805 2094 1860 fu-

527 1906 654 1944 cum
699 1891 865 1946 veluti
901 1893 1172 1949 obducere
1220 1897 1464 1953 tentavit.
1504 1897 1703 1968 Ecquis
1734 1913 1862 1953 vero
1899 1897 2093 1965 nescit,

527 1981 883 2054 Porphyrium
922 1985 1065 2040 inter
1110 2002 1223 2042 suae
1265 1989 1439 2044 aetatis
1467 1989 1816 2060 philosophos
1843 1989 1897 2045 in
1925 1991 2095 2048 sacris

525 2073 720 2128 litteris
749 2076 1180 2132 versatissimum
1209 2077 1417 2134 fuisse?
1448 2095 1608 2149 quem
1640 2096 1746 2135 non
1776 2078 1978 2134 Mosem
2004 2095 2095 2135 so-

526 2167 660 2231 lum,
698 2167 790 2222 sed
823 2169 1132 2223 universam
1167 2169 1224 2224 S.
1255 2169 1590 2241 Scripturam
1618 2172 1835 2228 assidua
1870 2173 2096 2229 lectione

525 2258 762 2323 trivisse,
811 2269 864 2314 et
912 2260 966 2314 in
1017 2261 1397 2318 subvertendis
1428 2263 1626 2318 divinis
1666 2264 1902 2319 oraculis
1930 2266 2093 2319 vehe-

525 2359 733 2405 menter
759 2353 1070 2407 exercuisse
1099 2354 1397 2424 ingenium,
1416 2370 1524 2409 non
1553 2371 1664 2411 uno
1683 2356 1802 2412 loco
1829 2367 2096 2412 testantur

523 2439 790 2498 Eusebius
837 2442 972 2514 (79),
1010 2443 1384 2502 Theodoretus
1429 2445 1564 2518 (80),
1612 2456 1776 2518 atque
1825 2447 2092 2521 Hierony-

524 2548 647 2588 mus
681 2533 812 2604 (8|).
849 2533 957 2591 Nec
988 2535 1124 2591 adeo
1161 2537 1380 2603 mirum,
1415 2539 1560 2608 quod
1591 2546 1646 2593 et
1677 2554 1886 2594 sacram
1922 2538 2096 2594 Evan-

525 2623 784 2689 geliorum
819 2624 1100 2681 historiam
1134 2626 1410 2694 falsitatis,
1441 2628 1852 2691 inconstantiae,
1881 2637 1936 2683 et
1963 2643 2095 2684 con—

525 2714 861 2771 tradictionis
895 2717 1249 2783 accusaverit,
1283 2733 1513 2789 eamque
1543 2733 1650 2772 non
1675 2734 1706 2772 a
1738 2717 1866 2783 Deo,
1897 2718 1988 2773 sed
2025 2718 2094 2773 ab

525 2805 837 2862 hominibus
862 2807 1156 2878 profectam
1182 2825 1302 2864 esse
1327 2810 1692 2864 calumniatus
1722 2810 1790 2864 sit
1824 2825 1837 2860 :
1870 2808 1922 2863 id
1947 2808 2093 2879 quod

523 2909 694 2964 pauca
741 2896 831 2950 illa
887 2897 1186 2968 fragmenta
1219 2914 1284 2952 ex
1331 2898 1486 2954 libris
1515 2898 1686 2968 ipsius
1716 2907 1902 2953 contra
1931 2897 2094 2952 Chri-

524 2985 732 3042 stianos
760 2988 976 3059 scriptis
1006 2989 1349 3050 confirmant,
1381 3004 1502 3057 quae
1528 2988 1743 3059 collegit
1766 2973 1940 3044 Lucas
1967 2986 2095 3043 Hol—

523 3077 732 3133 stenius
765 3078 800 3132 l.
833 3095 883 3135 c.
919 3095 1039 3150 cap.
1087 3079 1173 3145 Η,
1219 3095 1341 3150 pag.
1375 3079 1481 3133 Ἧι
1520 3095 1672 3149 seqq.
1711 3077 1863 3134 Unde
1909 3081 2092 3138 nullus

2199 605 2440 674 supremi
2469 601 2722 658 Numinis
2744 603 2846 656 hac
2875 602 3090 655 ratione
3114 599 3389 655 conciliare
3403 603 3675 670 annisusest,

2198 696 2345 766 quod
2385 695 2684 750 monarcha
2708 710 2818 749 non
2847 695 2932 758 sit,
2973 693 3070 764 qui
3097 691 3246 747 solus
3284 699 3378 757 est,
3405 694 3485 746 sed
3506 698 3579 763 qui
3604 697 3680 750 im.

2196 796 2348 858 perat
2398 787 2583 853 solus;
2619 801 2719 841 nec
2750 786 2893 841 Deus
2921 783 3144 856 proprie
3179 784 3452 839 monarcha
3481 786 3680 846 dicendus

2198 880 2289 944 sit,
2336 880 2442 935 nisi
2477 880 2769 949 imperaret
2799 877 2924 943 diis,
2954 876 3053 947 qui
3087 876 3325 930 eamdem
3354 891 3462 930 cum
3489 892 3542 932 eo
3562 879 3681 935 habe-

2171 981 2318 1026 ‘rent
2352 979 2622 1026 naturam.
2653 970 2784 1040 Cap.
2819 971 2852 1024 5
2876 967 3256 1037 complectitur
3297 965 3604 1037 fragmentum
3638 988 3679 1038 ιι,

2198 1061 2312 1115 sive
2340 1061 2748 1131 responsionem
2780 1059 3004 1114 Macarii
3038 1057 3109 1111 ad
3153 1071 3216 1111 ea
3249 1071 3360 1125 qua:
3386 1056 3573 1114 Graecus
3597 1063 3681 1130 phi-

2196 1149 2459 1220 los0phus
2501 1149 2568 1204 de
2621 1148 2937 1203 monarchia
2983 1146 3175 1202 divina
3216 1146 3680 1215 disputaveratzscil.

2195 1257 2308 1297 non
2353 1243 2430 1296 rei
2475 1257 2543 1297 ex
2585 1241 2824 1307 nomine,
2861 1241 2952 1295 sed
3003 1239 3247 1294 nominis
3283 1253 3345 1293 ex
3381 1255 3434 1293 re
3471 1242 3686 1299 veritatem

2195 1333 2453 1404 pendere,
2491 1343 2655 1404 atque
2697 1333 3000 1404 apostolum
3047 1331 3280 1387 Paulum
3326 1330 3482 1388 ICor.
3507 1349 3585 1389 vm
3620 1353 3684 1392 ve-

2194 1438 2310 1477 ram
2369 1423 2706 1478 divinitatem
2761 1421 2828 1476 ab
2878 1421 3238 1493 homonymia
3289 1435 3555 1486 secernere,
3591 1425 3682 1480 dum

2193 1530 2382 1570 verum
2413 1515 2583 1570 Deum
2603 1516 2838 1571 essentia
2871 1514 3039 1578 Deum
3069 1528 3196 1570 esse
3216 1515 3422 1584 proprie
3441 1511 3682 1585 Dominum,

2195 1608 2336 1672 alios
2363 1617 2542 1662 autem
2573 1607 2866 1677 improprie
2893 1615 2948 1662 et
2975 1605 3204 1661 nomine
3239 1613 3436 1659 tantum
3473 1606 3579 1661 deos
3611 1610 3686 1665 dici

2193 1699 2406 1755 asserit.
2425 1698 2557 1770 Cap.
2583 1700 2617 1754 4
2641 1698 2857 1754 exhibet
2885 1697 3257 1770 fragmentum
3288 1711 3369 1763 ιιι,
3397 1696 3446 1751 in
3469 1713 3558 1766 quo
3578 1700 3685 1755 sisti-

2196 1799 2285 1846 tur
2312 1789 2483 1846 ϐιωθὶ
2515 1789 2822 1860 philosophi
2848 1786 3252 1859 argumentatio
3298 1801 3392 1856 pro
3433 1786 3683 1855 idololatria,

2127 1862 2168 1917 Β
2195 1881 2361 1952 petita
2386 1896 2458 1940 ex,
2480 1879 2807 1935 testimoniis
2835 1877 3136 1948 Scripturaa
3159 1890 3348 1941 sacras,
3378 1875 3685 1946 speciatimque

2197 1975 2318 2030 loco
2352 1973 2586 2028 Matthaei
2615 1988 2735 2042 cap.
2765 1986 2900 2037 xxn,
2929 1969 3022 2034 29,
3067 1967 3163 2035 50,
3209 1979 3261 2022 et
3301 1966 3460 2022 Exod.
3481 1970 3684 2036 χιιι,ἱᾷ

2194 2081 2259 2121 ex
2291 2064 2490 2135 quibus
2533 2062 2755 2135 angelos
2785 2061 2898 2117 sive
2927 2059 3061 2114 deos
3108 2065 3357 2112 naturam
3395 2057 3565 2112 habere
3587 2059 3686 2113 divi-

2193 2173 2343 2224 nam,
2373 2155 2542 2211 Deum
2590 2170 2718 2210 vero
2758 2152 2959 2208 habere
2987 2149 3194 2221 digitos
3233 2147 3512 2220 colligebat.
3537 2147 3685 2218 Cap.5

2193 2247 2543 2318 subjungitur
2576 2246 2936 2317 fragmentum
2968 2258 3042 2308 Iv,
3093 2241 3150 2298 in
3183 2254 3294 2310 quo
3321 2238 3551 2294 Macarius
3573 2239 3686 2309 obje-

2194 2349 2280 2396 cta
2306 2339 2428 2395 loca
2465 2329 2761 2409 Scriptura:
2788 2335 3047 2398 vindicat,
3081 2342 3139 2388 et
3166 2340 3411 2386 naturam
3433 2330 3688 2400 incorrupti-

2193 2429 2431 2486 bilitatis
2465 2437 2628 2500 atque
2669 2420 3098 2482 immortalitatis
3152 2421 3476 2492 angelorum.
3521 2421 3623 2490 quin
3648 2430 3688 2478 et

2193 2521 2602 2576 similitudinem
2625 2533 2748 2575 cum
2780 2532 3034 2587 supremo
3064 2513 3303 2571 Numine
3329 2513 3541 2583 exponit.
3559 2513 3685 2582 Atque

2194 2613 2248 2668 in
2306 2613 2412 2668 hoc
2462 2610 2772 2667 testimonio
2821 2608 3043 2664 Macarii
3095 2604 3362 2677 Magnetis
3407 2604 3686 2675 pervertendo

2195 2706 2436 2763 fraudem
2467 2704 2943 2762 lconomachorum
2966 2703 3316 2774 potissimum
3334 2711 3567 2757 versatam
3584 2716 3683 2765 esse,

2193 2799 2403 2870 prolixe
2424 2805 2818 2853 commemorat
2847 2794 3212 2865 Nicephorus.
3247 2793 3377 2864 Cap.
3406 2793 3437 2847 6
3469 2791 3686 2846 adducitur

2193 2890 2554 2960 fragmentum
2588 2904 2642 2954 v,
2674 2887 2728 2942 in
2760 2902 2869 2958 quo
2901 2886 3316 2942 laudatissimus
3345 2895 3516 2939 auctor
3555 2890 3686 2936 noster

2191 2980 2466 3036 irridendo
2489 2979 2935 3051 explodendoque
2958 2977 3371 3033 idololatrarum
3397 2973 3686 3038 stoliditatem,

2190 3081 2341 3129 muto
2374 3073 2630 3144 figmento
2682 3086 2869 3143 preces
2919 3069 3352 3134 admoventium,
3381 3067 3498 3137 quin
3533 3073 3686 3121 saxoet

524 3170 731 3236 dubito,
763 3169 852 3224 illa
893 3171 1080 3238 etiam,
1123 3186 1244 3240 quae
1281 3169 1500 3241 Magnes
1527 3170 1666 3226 libro
1699 3187 1736 3226 ιι
1775 3181 1829 3226 et
1857 3187 1888 3224 v
1932 3173 2093 3226 Ἀπο-
2117 3203 2158 3261 C
2192 3165 2339 3236 ligno
2383 3163 2594 3221 Numen
2629 3165 2888 3261 incubare
2917 3163 3301 3261 statuentium,
3330 3159 3686 3261 Christianorum

522 3259 797 3328 κριτικῶν
830 3271 1019 3316 contra
1066 3261 1340 3332 gentilem,
1370 3261 1787 3331 discrepantiam
1819 3262 2090 3333 evangeli-

523 3361 731 3407 starum
757 3361 811 3406 et
836 3353 942 3407 alia
973 3353 1132 3409 nobis
1161 3353 1298 3408 falso
1324 3353 1375 3407 in
1401 3352 1692 3424 Evangelia
1719 3354 2087 3424 objicieutem,

523 3444 760 3513 scripsit,
791 3444 916 3499 huic
941 3445 1043 3514 ipsi
1073 3445 1374 3517 Porphyrio
1407 3445 1576 3501 fuisse
1608 3447 1876 3516 opposita.

631 3536 658 3606 §
690 3535 850 3589 XVII.
896 3536 1144 3608 Analysis
1188 3539 1602 3609 fragmentorum
1637 3539 1978 3592 ineditorum.

591 3627 726 3682 Cum
763 3628 826 3682 Β.
859 3629 919 3685 Ρ.
954 3630 1244 3687 Anselmus
1269 3631 1574 3687 Bandurius
1602 3632 1705 3686 levi
1727 3631 1982 3701 penicillo
2004 3645 2094 3701 ge-

522 3719 723 3774 neralia
753 3730 958 3776 tantum
987 3723 1162 3794 capita
1189 3724 1353 3793 hujus
1381 3732 1643 3779 tractatus
1676 3723 1865 3778 inediti
1897 3722 2092 3793 attige-

523 3814 593 3868 rit
627 3814 760 3884 (82),
785 3815 928 3871 haud
950 3816 1046 3871 abs
1070 3831 1129 3871 re
1150 3815 1273 3883 erit,
1301 3816 1347 3871 si
1371 3816 1702 3871 succinctam
1725 3815 1884 3870 istius
1907 3813 2094 3883 dispu-

522 3908 762 3975 tationis,
780 3924 900 3978 quae
915 3907 1214 3978 fragmenta
1227 3907 1488 3980 Magnetis
1510 3908 1680 3964 nostri
1696 3907 2092 3978 complectitur,

522 3999 913 4070 subjungamus
944 4000 1209 4072 aualysin,
1246 4009 1304 4055 ut
1333 4010 1446 4055 tum
1475 4001 1589 4070 ipsa
1614 4000 1850 4056 auctoris
1885 4002 2093 4054 Θεολο-

521 4091 799 4160 τούμενα,
825 4100 938 4145 tum
968 4106 1034 4146 ex
1064 4091 1262 4160 quibus
1289 4092 1441 4148 libris
1475 4090 1886 4160 Ἀποκριτικῶν
1913 4107 1975 4146 ea
2003 4092 2093 4147 de-

521 4192 740 4253 sumpta
770 4185 900 4250 sint,
937 4183 1217 4253 aliquanto
1245 4184 1470 4255 prOpius
1496 4183 1760 4253 dispicere
1788 4183 2088 4252 possimus.

521 4273 578 4328 lu
609 4275 874 4346 prooemio
917 4284 1190 4342 monetur,
1223 4292 1329 4330 non
1364 4289 1486 4330 esse
1518 4283 1721 4328 temere
1744 4275 1963 4329 cuilibet
1994 4275 2092 4329 do-

520 4366 708 4420 ctrinae
740 4365 1087 4429 credendum,
1135 4364 1230 4418 sed
1259 4365 1309 4419 ei
1345 4373 1552 4418 tantum
1590 4378 1712 4432 qua:
1739 4363 1912 4418 sacris
1940 4362 2090 4418 Scri-

521 4457 694 4525 pturis
727 4471 966 4525 congrua
1004 4455 1094 4510 sit.
1130 4452 1231 4508 Ubi
1280 4454 1442 4509 simul
1469 4454 1536 4508 de
1564 4455 1705 4508 mala
1757 4452 1860 4507 ﬁde
1904 4452 2092 4508 lcono-

2191 3257 2352 3312 fidem
2401 3270 2592 3326 puram
2640 3255 2878 3310 declarat
2927 3269 2983 3310 et
3029 3254 3097 3310 ab
3141 3253 3294 3309 omni
3326 3259 3560 3307 creatura:
3582 3247 3686 3301 cultu

2190 3348 2525 3413 immunem;
2556 3355 2611 3401 et
2641 3346 2983 3400 Christianos
3014 3344 3200 3414 potius
3249 3343 3303 3397 in
3349 3341 3401 3396 id
3446 3337 3688 3394 incumbere

2187 3438 2407 3506 asserit,
2439 3447 2499 3493 ut
2545 3438 2843 3509 angelicam
2890 3437 3053 3491 vitam
3096 3436 3397 3498 imitentur,
3425 3447 3519 3487 non
3558 3438 3686 3484 autem

2201 3531 2361 3602 lignis
2393 3540 2448 3586 et
2479 3531 2627 3586 saxis
2659 3530 2875 3600 aliaque
2920 3528 3149 3584 materia
3197 3525 3384 3583 effictis
3429 3521 3686 3592 imaginibus

2190 3633 2425 3678 mentem
2458 3622 2691 3677 habeant
2729 3621 2972 3676 inﬁxam.
3005 3619 3085 3674 Ex
3115 3619 3321 3691 quibus
3348 3617 3510 3673 verbis
3532 3611 3686 3667 antisti-

2192 3726 2272 3771 tes
2326 3715 2613 3771 orthodoxi
2669 3730 2776 3770 una
2829 3730 2954 3769 cum
3013 3711 3322 3782 Nicephoro
3378 3701 3686 3763 lconomachos

2191 3816 2514 3879 coarguunt,
2545 3821 2850 3862 sermonem
2899 3803 3110 3859 auctori
3166 3809 3356 3856 nostro
3387 3811 3486 3852 non
3511 3807 3606 3849 esse
3637 3790 3683 3844 de

2191 3899 2521 3970 imaginibus
2549 3898 2738 3964 sacris,
2764 3912 2952 3952 verum
2983 3897 3049 3950 de
3076 3893 3356 3964 gentilium
3383 3889 3540 3946 idolis.
3561 3885 3684 3951 Quam

2191 3993 2245 4047 in
2273 4007 2385 4048 rem
2418 4007 2536 4063 cap.
2565 3993 2598 4048 8
2628 3992 2806 4047 adhuc
2829 3991 2990 4046 aliam
3021 3989 3273 4047 fraudem
3305 3989 3424 4044 huic
3449 3978 3685 4040 testimonio

2189 4083 2450 4156 Magnetis
2473 4086 2541 4139 ab
2563 4085 2873 4140 adversario
2902 4084 3105 4138 illatam
3137 4084 3444 4143 observant,
3470 4075 3590 4148 quod
3610 4069 3684 4127 sci-

2190 4177 2316 4232 licet
2347 4185 2469 4246 post
2499 4177 2591 4231 illa
2619 4177 2899 4246 scriptoris
2917 4176 3080 4230 verba
3111 4193 3125 4230 :
3160 4173 3286 4229 Non
3310 4181 3474 4227 autem
3496 4165 3684 4235 imagines

2189 4268 2401 4322 illorum
2431 4269 2688 4338 efﬁngens,
2715 4282 2908 4323 rursus
2951 4282 3018 4321 ex
3059 4266 3307 4322 oratione
3348 4253 3685 4318 subtraxeritil-

2189 4361 2296 4415 lam
2329 4360 2638 4426 formulam,
2674 4361 2750 4424 ὡς
2783 4357 2890 4432 φὴς
2916 4359 3097 4427 αὑτός,
3128 4372 3184 4414 ιιι
3214 4361 3324 4429 ipse
3353 4356 3458 4418 ais;
3487 4364 3576 4422 qua
3598 4345 3684 4416 qui-

2191 4453 2312 4508 dem
2347 4467 2453 4506 non
2508 4453 2859 4523 semetipsum
2913 4451 3210 4507 introducit
3269 4452 3579 4520 loquentem,
3620 4434 3682 4492 sed

522 4549 838 4601 machorum
866 4546 1175 4612 disseritur,
1201 4546 1295 4617 qui
1321 4545 1629 4600 testimonia
1659 4553 1850 4600 trunca
1877 4561 1941 4598 ac
1969 4561 2090 4598 mu-
2119 4553 2164 4608 ι)
2193 4543 2363 4599 Grteci
2394 4544 2700 4614 philosophi
2732 4543 3012 4615 impugnat
3048 4544 3380 4614 opinionem.
3412 4526 3682 4593 lconomachi

520 4638 634 4703 tila,
679 4639 764 4692 vix
818 4639 1071 4694 indicatis
1125 4638 1462 4700 auctoribus,
1517 4637 1877 4692 examinanda
1929 4635 2087 4692 Nice-

520 4727 689 4796 phoro
727 4729 1005 4784 miserant.
1042 4729 1173 4798 Cap.
1208 4729 1235 4783 1
1272 4729 1382 4800 agit
1429 4727 1711 4800 speciatim
1753 4727 1819 4782 de
1867 4725 2086 4781 Macarii

520 4818 853 4887 Apocrilicis,
888 4819 1322 4891 testimoniisque
1369 4820 1495 4875 inde
1543 4821 1795 4890 sumptis.
1827 4816 1930 4873 Ubi
1975 4818 2089 4888 pri-

518 4925 667 4964 mum
711 4909 1035 4979 disquiritur
1063 4911 1129 4966 de
1158 4911 1529 4982 manuscripto
1571 4912 1758 4967 codice
1785 4911 2088 4966 vetustissi-

519 5015 628 5066 mo,
665 5000 721 5054 in
750 5015 858 5069 quo
892 5001 1306 5056 continebantur
1334 5003 1636 5071 Apocritica
1663 5001 1904 5068 Macarii,
1940 5001 2088 5056 dein-

518 5096 584 5149 de
636 5093 706 5150 de
753 5092 872 5162 ipso
920 5101 1164 5160 auctore,
1196 5095 1348 5164 cujas
1385 5094 1565 5157 fuerit,
1593 5102 1646 5148 ct
1695 5108 1804 5163 quo
1846 5101 2087 5163 tempore

517 5183 736 5249 vixerit,
755 5197 968 5237 necnon
994 5181 1061 5235 de
1092 5197 1256 5252 scopo
1286 5183 1456 5252 ipsius
1473 5183 1654 5252 Operis
1679 5186 1744 5237 ad
1771 5197 2087 5253 oppugnan-

516 5267 616 5324 dos
642 5268 861 5324 Graecos
891 5268 1105 5324 directi.
1141 5267 1276 5339 Cap.
1307 5269 1343 5323 2
1377 5271 1698 5339 proponitur
1725 5270 2085 5340 fragmentum

515 5361 750 5432 primum
779 5378 845 5418 ex
873 5361 1186 5432 Apocrilicis
1215 5362 1458 5430 Macarii,
1491 5365 1635 5435 quod
1668 5365 1908 5421 continet
1941 5365 2088 5421 Gne-

514 5453 563 5509 ci
596 5454 903 5524 philosophi
951 5462 1006 5508 et
1049 5453 1350 5510 idololatra:
1379 5456 1541 5511 verba
1590 5456 1658 5512 ad
1697 5455 1993 5513 Macarium
2023 5457 2088 5512 de

516 5550 833 5605 monarchia
859 5549 1063 5617 divina,
1093 5550 1292 5620 quippe
1324 5549 1418 5619 qui
1449 5551 1847 5616 monarchiam,
1881 5549 1962 5605 vel
1993 5566 2087 5622 po-

732 5695 972 5821 ;prar.
999 5717 1196 5799 erang.‘
1215 5701 1308 5755 lib.
1337 5717 1390 5765 κ,
1415 5718 1532 5772 cap.
1560 5703 1611 5758 9.

740 5833 752 5836 Α
797 5780 1074 5834 levarunt,
1108 5787 1273 5826 selm.
1309 5771 1360 5825 7.

737 5767 1274 5845 ΤΙιιειγιριιιιιηΑιῑριΊιιἶ

587 5833 698 5908 (8t)
737 5833 794 5891 ln
817 5836 1174 5929 epistolawl
1212 5841 1276 5897 ad
1308 5841 1736 5898 Pammachium.
1764 5841 1920 5900 Conf.
1947 5841 2088 5900 Ten~

2187 4637 2334 4692 enim
2383 4637 2636 4692 mutilum
2683 4653 2748 4693 ac
2799 4646 3112 4693 truncatum
3161 4636 3483 4708 protulerant
3520 4619 3680 4681 Macarii

2186 4730 2583 4796 testimonium,
2615 4731 3014 4801 supprimentes
3043 4729 3309 4801 quidquid
3341 4737 3513 4781 eorum
3542 4729 3683 4790 pI‘OPO‘

2187 4823 2292 4878 sito
2338 4837 2504 4893 scopo
2550 4822 2692 4877 haud
2743 4822 3046 4879 conducere
3073 4823 3251 4878 visum
3286 4819 3383 4876 fuit
3413 4836 3426 4872 :
3451 4813 3561 4870 hinc
3578 4820 3681 4878 qua?

2187 4911 2312 4966 dam
2353 4911 2407 4965 in
2441 4910 2901 4982 medio,quaedam
2931 4912 2985 4966 in
3025 4911 3130 4966 fine
3155 4909 3411 4966 orationis
3435 4903 3682 4960 omiserant.

2186 5015 2308 5070 quas
2339 5001 2636 5073 imaginum
2679 5017 2958 5057 sacrarum
2989 5002 3304 5058 defensores
3347 4995 3550 5056 sollicita
3587 4999 3679 5044 cura

2186 5092 2484 5162 supplenda
2518 5092 2810 5149 duxerunt.
2834 5092 2967 5164 Cap.
2991 5093 3024 5148 8
3048 5092 3324 5164 profertur
3343 5074 3683 5160 fragmentumﬁ

2185 5191 2241 5237 et
2269 5183 2324 5247 7,
2353 5182 2406 5237 in
2434 5198 2545 5253 quo
2569 5184 2636 5239 de
2663 5183 2974 5240 Abrahamo
2998 5194 3052 5241 et
3077 5185 3284 5256 angelis
3308 5183 3374 5239 ab
3389 5195 3449 5238 eo
3471 5175 3582 5232 visis
3596 5168 3678 5240 agi-

2186 5280 2334 5328 tatur
2381 5274 2632 5344 quzestio.
2664 5272 2779 5330 Etsi
2809 5275 2864 5328 in
2892 5275 3132 5330 humana
3164 5283 3226 5330 ut
3256 5273 3524 5346 plurimum
3550 5257 3679 5332 ερεείθ

2187 5363 2316 5418 olim
2373 5364 2548 5434 angeli
2597 5375 2987 5435 apparuerunt,
3035 5374 3275 5422 attamen
3327 5378 3429 5421 non
3474 5358 3519 5414 id
3551 5355 3676 5424 ipsum

2185 5467 2362 5524 erant,
2395 5455 2540 5527 quod
2572 5458 2899 5528 apparebat;
2949 5458 3042 5514 sed
3079 5458 3228 5529 quod
3254 5464 3420 5519 erant,
3447 5451 3496 5508 id
3521 5439 3675 5539 visibilt

2189 5565 2296 5604 non
2365 5557 2501 5605 erat.
2551 5549 2884 5621 Quapropter
2951 5551 3293 5608 Abrahamus
3364 5558 3560 5608 eorum,
3610 5546 3674 5603 συί

2189 5704 2624 5778 zeliiExerciIat.
2666 5705 2888 5773 Select.,
2925 5716 3066 5778 part.
3094 5719 3336 5778 poster“
3378 5697 3543 5778 p.235
3565 5701 3675 5778 εέᾚ

2261 5775 2374 5844 (82)
2418 5777 2794 5850 ln_conspectu
2824 5773 3048 5849 operum
3082 5773 3140 5834 S.
3174 5773 3448 5850 Nicepbbri
3470 5777 3602 5839 supra
3618 5773 3672 5813 α’

2190 5855 2320 5916 tato,
2354 5862 2406 5918 p.
2443 5845 2546 5900 670
2578 5863 2692 5918 seq.
