3972 6318
380 415 520 473 I373

1538 417 1837 487 (NOTITIA
1877 419 1964 474 ΕΤ
2005 419 2444 476 FRAGMENTA.

3471 417 3604 472 i374

375 533 479 589 visi
512 541 687 600 erant,
720 547 820 588 nec
875 535 1108 604 speciem
1163 536 1436 606 exprimit,
1463 552 1563 593 nec
1593 539 1945 595 simulacrum
1977 549 2023 602 Α
2055 540 2211 610 plane
2241 539 2500 610 Magnetis
2529 538 2700 592 nostri
2736 538 3104 593 testimonium
3147 550 3234 591 me
3269 534 3463 606 legisse
3495 551 3606 590 mc-

375 624 594 694 sculpit,
631 639 731 679 nec
764 624 1052 697 imaginem
1085 629 1140 681 in
1174 628 1370 684 tabella
1409 629 1613 700 pingit;
1657 645 1781 686 cum
1832 648 1940 686 non

375 717 590 772 deceret
620 717 1007 786 patriarcham,
1044 719 1151 774 Deo
1176 721 1434 788 amicum,
1467 721 1748 776 hominum
1784 723 1941 779 istius

374 809 550 864 aatatis
589 809 1093 878 superstitiosorum
1139 811 1313 866 errori
1344 811 1618 866 addictum
1667 828 1809 880 esse,
1858 813 1941 868 in-

374 909 538 956 eunte
583 898 697 955 fere
730 900 1057 956 idololatria.
1115 901 1368 958 Succedit
1415 902 1483 958 de
1529 903 1718 958 eodem
1773 919 1939 975 argu-

376 999 558 1046 mento
606 989 967 1062 fragmentum
1010 1008 1129 1060 vm,
1175 995 1228 1048 in
1275 1009 1385 1064 quo
1430 993 1696 1050 Macarius
1741 994 1942 1052 Graecis

374 1083 667 1152 exprobrat
693 1084 1160 1154 impudentissima
1186 1086 1410 1141 deorum
1438 1101 1662 1142 suorum
1691 1085 1831 1142 facta
1855 1097 1938 1143 at-

376 1189 480 1242 que
531 1174 818 1230 simulacra
853 1194 867 1231 :
901 1177 1353 1247 quemadmodum
1396 1194 1515 1249 cap.
1547 1179 1580 1233 9
1624 1180 1941 1248 producitur

377 1265 734 1335 fragmentum
773 1282 849 1333 rx,
885 1268 940 1322 in
991 1282 1101 1338 quo
1145 1277 1336 1325 auctor
1379 1273 1590 1340 probat,
1627 1286 1726 1327 nec
1752 1272 1940 1326 mundi

373 1356 660 1422 elementa,
688 1366 909 1424 terram,
943 1374 1165 1430 aquam,
1197 1375 1400 1428 aerem,
1434 1362 1566 1419 deos
1594 1362 1775 1418 vocari
1808 1377 1938 1432 pos-

373 1462 471 1514 se;
515 1463 620 1525 nec.
657 1450 839 1516 astris,
869 1449 964 1506 sed
995 1449 1124 1517 Deo,
1158 1451 1253 1521 qui
1287 1451 1379 1506 illa
1401 1468 1430 1508 e
1453 1453 1590 1508 coelo
1635 1451 1936 1522 suspendit,

373 1553 534 1593 suum
571 1539 776 1594 cultum
806 1540 1074 1610 integrum
1107 1556 1228 1597 esse
1253 1542 1610 1608 servandum;
1641 1543 1812 1597 multo
1837 1543 1940 1596 mi-

374 1646 478 1685 nus
504 1639 684 1684 autem
731 1631 1040 1690 simulacris
1070 1634 1152 1689 vel
1182 1635 1376 1690 statuis
1397 1633 1644 1689 divinum
1676 1633 1938 1688 honorem

372 1737 494 1777 csse
525 1723 912 1792 praestandum,
945 1738 1067 1778 cum
1097 1739 1185 1781 res
1223 1725 1534 1781 inanimatae
1565 1740 1664 1780 nec
1693 1723 1938 1788 honoris,

374 1827 474 1868 nec
504 1813 846 1868 contumelia:
875 1829 1096 1869 sensum
1131 1815 1297 1869 ullum
1332 1816 1577 1886 accipere
1595 1812 1936 1886 possint.Ubi

373 1903 536 1960 simul
588 1904 752 1959 verba
795 1903 960 1960 Mosis
998 1923 1010 1959 :
1047 1904 1166 1960 Diis
1211 1923 1312 1960 non
1348 1906 1647 1970 maledices,
1681 1905 1939 1970 vindicat,

371 1990 519 2060 quod
545 1991 612 2048 de
644 1992 750 2048 diis
789 2008 951 2049 sensu
991 1990 1302 2049 carentibus
1347 2009 1455 2048 non
1502 1994 1710 2064 possint
1748 1993 1938 2064 accipi.

373 2082 452 2138 Ex
501 2085 702 2155 quibus
757 2086 1013 2142 omnibus
1067 2084 1407 2158 Nicephorus
1463 2085 1721 2154 ostendit,
1772 2095 1940 2142 totam

373 2176 595 2232 Macarii
621 2178 792 2232 nostri
819 2178 1238 2248 disputationem
1267 2193 1374 2233 non
1406 2178 1676 2248 pertinere
1705 2179 1771 2233 ad
1807 2179 1942 2234 ima-

372 2269 526 2338 gines
552 2268 755 2324 Christi
782 2270 868 2326 vel
893 2279 1228 2336 sanctorum,
1264 2271 1357 2326 sed
1393 2269 1460 2325 ad
1485 2269 1741 2340 profanas
1771 2270 1944 2340 genti-

373 2359 506 2414 lium
535 2359 761 2416 deorum
794 2361 1079 2432 imagines.
1112 2360 1244 2431 Cap.
1274 2359 1340 2415 10
1386 2361 1564 2416 adhuc
1593 2360 1941 2432 subiungitur

374 2450 624 2505 ultimum
650 2449 869 2505 Macarii
894 2450 1274 2522 fragmentum,
1300 2466 1368 2506 ex
1396 2451 1572 2521 primo
1597 2450 1840 2520 eiusdem
1872 2451 1941 2505 li-

373 2540 458 2596 bri
490 2541 904 2610 Apocriticorum
936 2557 1185 2598 sermone
1213 2543 1388 2612 capite
1425 2549 1579 2598 sexto
1607 2542 1854 2612 petitum,
1887 2543 1941 2597 in

373 2647 484 2702 quo
527 2647 652 2687 eum
679 2632 746 2688 de
779 2634 1074 2700 miraculis,
1117 2650 1240 2706 qua:
1287 2649 1318 2689 a
1361 2634 1582 2690 Christo
1612 2633 1753 2690 facta
1791 2643 1940 2702 sunt,

375 2714 534 2794 agere
566 2723 729 2780 refert
757 2723 1126 2795 Nicephorus;
1159 2727 1547 2798 speciatimque
1579 2727 1750 2798 ipsius
1787 2727 1941 2784 testi-

378 2813 621 2868 monium
669 2813 736 2868 de
775 2811 1031 2870 Berenice
1061 2815 1343 2871 immundo
1368 2817 1649 2886 sanguinis
1678 2817 1944 2887 profluvio

375 2903 692 2967 laborante,
729 2911 782 2958 et
823 2918 856 2958 a
904 2902 1189 2960 Servatore
1239 2920 1335 2975 per
1374 2905 1667 2961 salutarem
1718 2907 1944 2963 ﬁmbrias

376 2995 550 3064 ipsius
577 3002 782 3050 tactum
807 2995 1133 3051 miraculose
1159 3005 1347 3051 sanata
1371 2997 1609 3065 adducit,
1637 2997 1793 3068 cujus
1814 2997 1942 3054 facti

379 3085 670 3157 imaginem
706 3086 901 3141 mulier
948 3102 1056 3142 aere
1103 3102 1415 3158 expressam
1445 3090 1679 3162 posteris
1709 3091 1944 3147 tradide-

293 3182 301 3188 '
375 3179 445 3234 rit
470 3177 602 3251 (85).
633 3177 765 3251 Cap.
797 3179 854 3236 Η
893 3179 1196 3234 antistitum
1245 3178 1500 3236 Ecclesia:
1530 3182 1730 3252 quibus
1774 3197 1936 3253 praee-

375 3278 461 3324 rat
495 3268 855 3340 Nicephorus,
885 3271 1140 3341 panditur
1160 3269 1424 3341 judicium
1454 3274 1520 3328 de
1546 3274 1798 3329 doctrina
1830 3273 1941 3329 Ma-

377 3359 530 3425 carii,
559 3375 685 3416 eum
715 3361 924 3416 scilicet
965 3375 1073 3415 non
1120 3360 1175 3415 in
1203 3362 1458 3419 omnibus
1490 3364 1663 3421 sacris
1688 3363 1947 3420 Ecclesiae

376 3449 722 3520 dogmatibus
755 3450 922 3507 fuisse
970 3450 1356 3517 orthodoxum,
1407 3453 1501 3509 sed
1549 3469 1761 3512 errores
1807 3471 1946 3511 non-

379 3539 558 3594 nullos
586 3553 710 3594 cum
738 3537 1070 3605 Manichaeis,
1105 3539 1322 3597 Arianis
1346 3550 1400 3597 et
1427 3541 1658 3614 Origene
1687 3544 1947 3601 habuisse

379 3645 721 3694 communes,
757 3630 1148 3701 speciatimque
1191 3632 1376 3698 istum,
1404 3633 1550 3706 quod
1583 3649 1778 3705 poenae,
1807 3651 1947 3706 quas

382 3722 562 3793 impiis
596 3722 910 3779 hominibus
936 3724 1080 3783 Deus
1128 3727 1368 3782 minatus
1396 3737 1478 3781 est
1507 3741 1572 3782 ac
1600 3728 1943 3798 praeparavit,

379 3814 537 3870 tinem
568 3813 696 3868 olim
728 3812 994 3871 habitura:
1020 3819 1147 3871 sint.
1175 3816 1307 3886 Cap.
1369 3819 1437 3873 12
1461 3817 1768 3876 contiuctur
1826 3817 1944 3890 epi-

378 3906 535 3977 logus
597 3905 1020 3976 disputationis,
1077 3907 1132 3961 in
1192 3923 1300 3978 quo
1348 3907 1617 3963 antistites
1661 3909 1944 3964 orthodoxi

378 3998 814 4054 Christianorum
874 4001 1118 4066 cultum,
1183 4015 1346 4071 quem
1396 4001 1724 4072 imaginibus
1775 4003 1945 4060 sacris

379 4100 659 4162 prmstant,
693 4106 721 4146 a
755 4091 986 4162 profano
1016 4093 1296 4163 gentilium
1320 4094 1468 4150 cultu
1494 4091 1856 4165 distinguunt,
1881 4111 1945 4152 ea

379 4186 599 4255 quidem
651 4186 887 4250 ratione,
923 4194 980 4239 nt
1028 4185 1098 4240 ab
1144 4184 1472 4256 imaginibus
1517 4185 1584 4240 ad
1628 4185 1946 4257 archetypos

379 4294 476 4349 per
520 4279 785 4334 inlinitam
832 4277 988 4348 quasi
1035 4278 1308 4333 notionem
1359 4293 1526 4332 manu
1578 4277 1868 4346 ducantur,
1893 4287 1948 4334 et

380 4372 643 4426 memoria
688 4371 932 4442 ipsorum
977 4387 1042 4427 eo
1089 4370 1423 4440 splendidius
1471 4371 1757 4437 excitetur,
1786 4379 1947 4442 atque

378 4478 589 4529 eorum,
619 4464 714 4534 qui
746 4464 997 4518 ardenter
1021 4471 1207 4518 amant
1239 4471 1294 4518 et
1323 4463 1534 4518 sincera
1565 4463 1668 4520 fide
1697 4464 1944 4533 credunt,

382 4554 584 4611 animis
613 4563 767 4610 tanto
797 4555 961 4611 altius
991 4554 1266 4626 inligatur.

413 4667 444 4740 ς
474 4667 658 4726 XVIII.
697 4668 915 4725 Summa
948 4670 1359 4739 frugmentorum
1390 4682 1454 4722 ea:
1481 4683 1628 4738 opere
1658 4667 1916 4740 Magnetis

1040 4740 1322 4797 editorum.

451 4828 611 4886 Hisce
638 4829 958 4902 fragmentis
989 4830 1408 4900 Apocriticorum
1435 4829 1654 4885 Macarii
1683 4827 1947 4900 Magnetis

383 4919 648 4976 hactenus
663 4921 899 4985 incditis,
921 4935 1153 4993 quorum
1169 4921 1384 4975 brevem
1410 4919 1571 4974 modo
1596 4917 1947 4974 exhibuimus

383 5013 656 5086 analysin,
696 5029 843 5070 nunc
875 5013 1075 5085 pariter
1106 5010 1514 5068 annumeranda
1541 5020 1702 5066 erunt
1735 5010 1945 5080 reliqua

381 5105 540 5161 istius
564 5106 745 5176 operis
777 5104 1043 5176 deperditi
1065 5103 1514 5176 ἀποσπασμάτια,
1545 5117 1665 5172 quae
1685 5116 1715 5156 a
1746 5100 1942 5157 Franc.

379 5195 668 5265 Turriano,
697 5197 903 5254 Thoma
924 5197 1104 5264 Bozio,
1121 5195 1242 5252 Jod.
1274 5196 1492 5260 Coccio,
1516 5207 1568 5251 et
1584 5196 1704 5251 aliis
1723 5195 1950 5266 quibus-

377 5288 507 5346 dam
539 5290 932 5346 recentioribus
971 5288 1350 5358 scriptoribus,
1382 5289 1577 5359 partim
1615 5287 1804 5342 Latine
1831 5296 1950 5342 tan-

377 5387 519 5447 tum,
542 5379 739 5449 partim
778 5387 1002 5448 utraque
1029 5377 1208 5444 lingua
1237 5376 1380 5432 edita
1408 5384 1556 5440 sunt,
1583 5385 1636 5430 et
1663 5375 1790 5430 hinc
1821 5374 1948 5430 inde

380 5470 628 5542 dispersa
659 5471 928 5542 leguntur.
961 5469 1040 5524 Ex
1067 5470 1207 5525 libro
1241 5485 1256 5525 ι
1285 5469 1704 5538 Apocriticorum
1737 5468 1943 5522 nullum

457 5618 572 5753 (85;
614 5619 748 5702 Vide
777 5637 940 5692 supra
965 5621 1029 5677 ad
1065 5619 1092 5693 ᾗ
1125 5621 1210 5677 I0.

457 5691 550 5753 (84
601 5689 720 5746 Lib.
749 5708 812 5753 ιι,
844 5692 952 5746 Pro
983 5693 1210 5753 epistolis

456 5689 812 5766 (§{)__Lib.__u,
844 5689 1215 5766 Bro‘epistolis
1247 5694 1588 5766 pontiﬁcum,
1632 5695 1840 5766 cap._‘5,
1889 5711 1942 5764 p.

659 5763 804 5886 8edit.
857 5761 1052 5834 Paris,
1101 5778 1165 5819 ex
1205 5759 1423 5825 officina
1473 5759 1944 5821 beli’asthivcllii

2043 632 2214 697 mini;
2252 631 2352 686 nisi
2393 630 2538 701 quod
2564 631 2703 684 inter
2724 629 2983 683 ἀνέκδοτα
3020 627 3185 683 modo
3215 627 3446 682 indicata
3492 625 3604 681 fra-

2041 732 2318 795 gmentum
2364 736 2397 775 x
2450 737 2517 777 ex
2562 721 2734 791 primo
2761 721 2999 791 ejusdem
3031 719 3154 774 libri
3201 715 3608 786 Ἀποκριτικῶγ

2041 828 2292 870 sermone
2321 813 2550 881 ejusque
2589 810 2764 879 capite
2803 819 2956 864 sexto
2995 809 3372 878 depromptum
3401 805 3606 861 refera-

2043 911 2147 957 tur.
2167 903 2245 957 Ex
2267 902 2405 957 libro
2422 918 2458 956 ιι
2482 909 2584 956 etv
2599 897 3005 967 Ἀποκριτικῶν
3024 900 3154 954 citat
3173 898 3472 954 Turrianus
3491 897 3604 968 (8'4)

2040 1010 2104 1050 ea
2133 994 2396 1065 Magnetis
2420 992 2605 1057 verba,
2655 991 2854 1061 quibus
2896 989 3171 1045 ethnicum
3198 989 3601 1060 philosophum,

2041 1084 2464 1155 discrepantiam
2510 1082 2964 1154 evangelistarum
2996 1080 3318 1135 Christianis
3347 1080 3606 1150 objicien-

2042 1185 2170 1241 tcm,
2197 1175 2462 1240 confutat,
2510 1175 2898 1244 speciatimque
2938 1173 3082 1228 dicta
3121 1171 3412 1242 Scriptura:
3435 1170 3500 1226 N.
3536 1169 3599 1226 Τ.

2041 1267 2230 1322 Matth.
2283 1283 2452 1332 xxvu,
2504 1265 2604 1333 48;
2642 1265 2803 1320 Marc.
2837 1281 2928 1329 xv,
2976 1264 3078 1330 23;
3109 1263 3240 1320 Luc.
3293 1281 3449 1329 χχιιι,
3494 1264 3602 1330 ’56;

2039 1360 2197 1418 Joan.
2230 1376 2345 1428 xix,
2367 1359 2458 1424 29,
2484 1359 2757 1425 conciliat,
2782 1357 3098 1413 existimans
3124 1357 3406 1411 historiam
3435 1373 3602 1412 evan-

2040 1456 2268 1527 gelicam
2310 1453 2460 1510 onmi
2498 1451 2809 1522 suspicione
2842 1451 3134 1505 carituram
3162 1464 3317 1517 esse,
3347 1449 3393 1504 si
3427 1449 3604 1504 littera

2039 1547 2283 1603 historiae
2312 1561 2419 1600 non
2447 1544 2684 1610 curiosa,
2715 1543 2807 1600 sed
2849 1542 3075 1612 simplex
3121 1540 3467 1611 reperiretur.
3524 1538 3603 1593 Ex

2041 1634 2180 1690 libro
2211 1648 2272 1688 ιιι
2315 1632 2488 1700 varia,
2537 1646 2709 1701 eaque
2763 1631 2997 1686 maxime
3029 1629 3400 1686 memorabilia
3445 1629 3606 1686 nobis

2041 1731 2360 1780 conservata
2390 1730 2518 1778 sunt
2543 1720 2762 1776 Macarii
2790 1719 3048 1792 Magnetis
3069 1728 3438 1786 monumenta,
3466 1719 3607 1775 inter

2040 1829 2163 1885 qua:
2200 1813 2544 1884 potissimum
2567 1811 2766 1867 eminet
2786 1810 3277 1866 luculentissimum
3319 1810 3489 1881 ipsius
3526 1818 3607 1864 te-

2045 1907 2360 1963 stimonium
2391 1905 2458 1960 de
2485 1918 2612 1960 vera
2637 1903 2922 1975 prmsentia
2945 1901 3193 1972 corporis
3231 1910 3287 1956 et
3324 1901 3605 1972 sanguinis

2043 1995 2247 2052 Christi
2277 1998 2331 2051 in
2359 1996 2417 2052 S.
2446 1995 2817 2050 Eucharistia:
2855 1993 2967 2049 Οὐκ
2992 1993 3107 2046 ἐστι
3132 1993 3465 2067 Εὐχαριστια
3508 1994 3604 2048 τύ-

2044 2107 2143 2152 πος
2175 2087 2267 2142 τοῦ
2307 2087 2557 2158 σώματος
2585 2085 2796 2139 καὶτοῦ
2827 2085 3074 2156 αἵματος,
3104 2087 3240 2156 ὅπερ
3261 2085 3401 2150 τινὲς
3440 2088 3606 2160 ἐρῤα-

2040 2180 2294 2252 ψῴδησαν
2320 2176 2704 2248 πεπηρωμένοι
2731 2177 2820 2231 τὸν
2849 2176 2994 2242 νοῦν,
3027 2175 3226 2248 μᾶλλον
3253 2177 3309 2230 δὲ
3337 2177 3494 2248 σῶμα
3509 2181 3606 2233 καὶ

2041 2265 2204 2340 αἷμα·
2235 2267 2339 2322 hoc
2365 2275 2446 2322 est
2469 2283 2483 2320 :
2511 2265 2851 2319 Eucharistia
2875 2281 2978 2318 non
3001 2275 3078 2320 est
3103 2277 3256 2336 typus
3284 2265 3388 2336 (vel
3408 2267 3604 2338 figura)

2041 2363 2273 2430 corporis
2321 2369 2370 2414 et
2421 2358 2716 2429 sanguinis,
2767 2359 2907 2428 quod
2943 2359 3160 2430 quidam
3206 2359 3436 2429 fabulati
3479 2371 3605 2414 sunt

2041 2462 2209 2507 mente
2237 2451 2400 2522 capti,
2433 2451 2522 2505 sed
2547 2451 2720 2520 potius
2743 2465 2929 2520 corpus
2959 2459 3011 2504 et
3046 2451 3280 2521 sanguis.
3331 2452 3604 2522 lntegrum

2042 2553 2222 2599 autem
2255 2543 2418 2613 hujus
2442 2543 2546 2597 loci
2585 2550 2896 2597 contextum
2935 2556 3044 2596 non
3067 2539 3366 2596 Turrianus
3395 2551 3606 2598 tantum

2040 2652 2107 2692 ex
2124 2635 2308 2691 codice
2330 2634 2670 2690 bibliotheca:
2692 2631 2910 2688 Venetae
2931 2631 2984 2686 in
3015 2633 3245 2688 diversis
3275 2632 3426 2688 libris
3453 2635 3609 2689 exhi-

2043 2729 2180 2796 buit,
2215 2743 2404 2783 verum
2438 2737 2492 2782 et
2529 2725 2769 2781 Thomas
2794 2723 2990 2780 Bozius
3010 2724 3348 2795 Eugubinns,
3379 2741 3608 2798 congre-

2043 2820 2274 2891 gationis
2299 2819 2539 2874 Oratorii
2571 2818 2867 2888 presbyter,
2902 2815 2979 2871 De
3016 2818 3177 2887 signis
3209 2816 3460 2872 Ecclesia!
3485 2818 3604 2883 Dei,

2043 2921 2190 2969 tonto
2214 2911 2280 2978 Il,
2309 2912 2404 2967 lib.
2427 2927 2538 2976 xlv,
2566 2925 2618 2980 p.
2657 2910 2720 2965 7i
2745 2908 3143 2984 (85),eumdem
3175 2909 3378 2978 locum,
3425 2920 3606 2965 muta-

2046 3003 2114 3059 tis
2145 3003 2270 3059 hinc
2298 3003 2423 3058 inde
2461 3001 2785 3072 quibusdam
2831 3001 3075 3066 vocibus,
3110 3016 3176 3056 ex
3217 3001 3325 3055 alio
3372 3001 3605 3071 quodam

2045 3097 2190 3152 fonte
2215 3091 2552 3151 bibliotheca
2583 3093 2806 3148 Achillis
2833 3091 2989 3147 Statii
3017 3092 3309 3162 produxit;
3346 3109 3508 3163 quem
3554 3104 3610 3149 et

2043 3185 2281 3241 Jodocus
2305 3184 2535 3239 Coccius
2563 3184 2617 3237 in
2645 3182 2912 3238 Thesauro
2942 3181 3221 3248 catholico,
3256 3183 3350 3236 lib.
3382 3199 3457 3246 vt,
3483 3198 3610 3238 nec-

2045 3290 2150 3331 non
2183 3275 2360 3330 Julius
2387 3273 2572 3330 Caesar
2595 3273 2926 3345 Bulengerus
2955 3273 3010 3328 in
3033 3273 3272 3330 Diatribe
3296 3275 3330 3328 5
3355 3274 3420 3328 ad
3445 3274 3610 3328 Exer-

2045 3369 2320 3423 citationes
2349 3366 2419 3423 Is.
2459 3367 2766 3422 Casauboni
2797 3367 3055 3422 adversus
3078 3365 3391 3433 Baroninm,
3410 3367 3611 3436 aliique

2045 3460 2216 3514 secuti
2249 3469 2394 3514 sunt.
2423 3456 2501 3511 Ex
2528 3457 2717 3512 eodem
2752 3455 2892 3510 libro
2929 3471 2990 3510 ιιι
3040 3456 3461 3526 Apocriticorum
3509 3472 3609 3510 no-

2045 3550 2227 3606 tabilis
2255 3558 2338 3606 est
2356 3550 2510 3605 locus
2536 3548 2604 3602 de
2632 3546 2915 3603 sacriﬁciis
2945 3547 3284 3601 daemonibus
3328 3547 3608 3617 gentilium

2047 3641 2332 3706 mactatis;
2365 3639 2433 3694 ad
2459 3653 2622 3710 quem
2654 3639 2796 3692 idem
2823 3635 3126 3692 Turrianus
3157 3637 3211 3690 in
3241 3637 3335 3691 lib.
3374 3652 3470 3706 pro
3506 3635 3612 3691 Ca-

2045 3734 2282 3788 nonibus
2308 3740 2484 3802 apost.
2518 3741 2706 3785 contra
2728 3728 2951 3784 Centur.
2979 3729 3224 3802 Magdeb.
3246 3769 3261 3795 ,
3287 3730 3380 3785 lib.
3417 3747 3455 3796 r,
3486 3745 3606 3801 cap.

2045 3829 2099 3893 5,
2125 3843 2176 3897 p.
2203 3843 2276 3883 m.
2309 3827 2397 3890 15,
2420 3833 2696 3898 provocat,
2726 3825 2952 3895 ipsaque
2981 3824 3247 3897 Magnetis
3270 3826 3455 3894 verba,
3482 3826 3608 3895 qui—

2049 3919 2444 3973 bus-decretum
2477 3915 2835 3986 apostolicum
2867 3914 2988 3970 Act.
3012 3931 3103 3980 xv,
3133 3915 3226 3981 20,
3249 3914 3316 3970 de
3344 3915 3611 3986 sanguine

2044 4017 2098 4065 et
2125 4007 2392 4064 sull‘ocato
2419 4004 2764 4062 immolatitio
2790 4004 3045 4076 explicat,
3073 4004 3264 4060 Latine
3285 4014 3491 4060 tantum
3513 4005 3611 4060 ad-

2045 4100 2215 4155 ducit.
2251 4097 2463 4165 Quibus
2509 4109 2769 4170 praeterea
2790 4097 3034 4153 addenda
3066 4106 3196 4152 sunt
3248 4112 3314 4152 ea
3346 4095 3610 4168 Magnetis

2048 4190 2379 4254 testimonia,
2411 4189 2730 4259 quaeGraace
2750 4189 2992 4259 vulgavit
3021 4187 3324 4243 Turrianus
3352 4187 3407 4241 in
3448 4187 3612 4242 scho-

2046 4280 2133 4336 liis
2157 4279 2508 4350 apologeticis
2536 4277 2738 4333 Graecis
2760 4279 2828 4333 ad
2853 4277 3266 4334 Constitutiones
3291 4277 3610 4348 apostolicos

2045 4373 2338 4430 Clementis
2372 4373 2601 4430 Romani
2647 4373 2830 4430 Grzece
2867 4375 3041 4430 editas
3077 4372 3316 4429 Venetiis
3351 4373 3512 4439 1565,
3552 4388 3608 4442 p.

2048 4482 2121 4520 ιιι.
2158 4465 2283 4522 182.
2325 4465 2404 4521 Ex
2436 4466 2575 4520 libro
2626 4481 2678 4520 tv
2707 4465 3080 4537 Apologiarum
3112 4464 3375 4534 Magnetis
3426 4464 3610 4518 itidem

1973 4566 2018 4622 Ῑ)
2045 4557 2494 4627 ἀποσπασμάτιον
2523 4557 2739 4628 aliquod
2777 4556 3116 4614 conservavit
3156 4556 3459 4611 Turrianus
3502 4553 3612 4608 Pro

2047 4650 2198 4718 epist.
2245 4649 2583 4718 pontiﬁcum,
2619 4649 2711 4703 lib.
2748 4664 2809 4715 ιι,
2837 4664 2886 4704 c.
2923 4649 3010 4712 15,
3047 4663 3099 4718 p.
3129 4663 3203 4702 m.
3234 4647 3368 4710 154,
3403 4646 3494 4701 ubi
3525 4663 3613 4700 ra-

2048 4738 2251 4793 tionem
2288 4739 2466 4792 reddit
2512 4737 2781 4793 Macarius
2809 4753 2906 4792 cur
2957 4736 3157 4792 Paulus
3188 4752 3247 4791 se
3277 4736 3482 4806 alioqui
3527 4735 3611 4789 vi-

2047 4837 2262 4884 ventem
2279 4829 2510 4884 mortuis
2535 4827 2654 4897 (vel
2679 4829 2880 4898 potius,
2910 4829 2997 4895 iis,
3039 4829 3126 4897 qui
3159 4829 3347 4882 victuri
3396 4838 3518 4881 sunt
3559 4827 3612 4880 in

2047 4922 2131 4974 die
2143 4919 2490 4991 judicii)'(86)
2512 4921 2949 4974 annumeraverit
2971 4919 2993 4973 I
3012 4919 3204 4976 Thess.
3233 4937 3308 4986 tv,
3331 4919 3396 4974 17
3420 4935 3433 4971 :
3459 4917 3614 4972 οὕτω

2047 5011 2176 5082 γὰρ,
2216 5011 2415 5081 inquit,
2446 5011 2512 5066 ἄν
2531 5027 2614 5073 τις
2643 5008 2970 5079 φιλέταιρος,
2996 5009 3091 5063 καὶ
3123 5009 3234 5065 τῶν
3281 5007 3612 5078 ὁμοστοίχων

2046 5101 2274 5172 ἀγαπῶν
2302 5101 2401 5173 τὴν
2444 5097 2760 5168 συγγένειαν
2782 5098 2958 5151 δοκεῖ·
3007 5099 3059 5153 id
3085 5107 3202 5153 est:
3235 5096 3326 5152 Sic
3347 5095 3484 5148 enim
3527 5094 3610 5161 ﬁt,

2049 5203 2106 5244 ut
2168 5191 2412 5246 videatur
2454 5190 2648 5260 aliquis
2687 5189 2907 5256 amicos,
2961 5189 3145 5260 quibus
3174 5205 3228 5244 se
3277 5193 3610 5250 annumerat,

2049 5300 2256 5354 eosque,
2285 5285 2376 5354 qui
2398 5283 2480 5338 sui
2507 5282 2708 5336 ordinis
2729 5293 2872 5348 sunt,
2900 5283 3135 5352 diligere.
3159 5278 3279 5344 Quo
3307 5275 3614 5333 testimonio

2049 5392 2174 5432 cum
2207 5376 2521 5430 abuteretur
2548 5375 2849 5432 Turrianus
2887 5374 2952 5429 ad
2983 5369 3361 5427 vindicandam
3397 5368 3612 5441 γνησιό-

2049 5483 2187 5538 τητα
2222 5465 2466 5536 epistolae
2488 5464 3014 5536 pseudo-Clementis
3038 5462 3106 5518 ad
3122 5460 3382 5517 Iacobum
3401 5459 3614 5530 cpisco~

2121 5623 2238 5692 (85)
2266 5621 2410 5692 ﬁdit.
2434 5623 2627 5680 Colon.
2654 5622 2882 5692 Agripp.
2909 5617 3067 5692 1.626.
3091 5618 3144 5671 ι.

3223 5695 3272 5744 et
3318 5684 3612 5743 Turrianus

2051 5753 2360 5835 copulantes
2385 5803 2399 5821 .
2423 5753 2649 5836 p."55.'
