3972 6318
398 369 537 425 I375

1674 338 2032 429 ascanius
2069 371 2370 430 manus.

3509 370 3649 429 1378

398 502 525 560 pum
583 486 1106 559 iierosolymitanum
1136 488 1249 557 jam
1281 498 1394 543 tum
1424 499 1700 545 mortuum
1724 491 1970 547 conscri-
1998 494 2046 553 Δ
2073 502 2197 548 ante
2246 490 2636 548 deliberatione
2688 488 2929 560 supremi
2992 488 3289 554 Creatoris,
3358 503 3471 543 non
3529 489 3648 544 solo

398 591 522 651 ptre,
567 579 725 650 quasi
777 578 916 633 nihil
964 579 1270 646 interesset,
1300 582 1653 635 annumerari
1698 584 1966 637 viventem
2069 584 2586 649 verbo,'utic:eterze
2607 594 2890 648 creaturas,
2916 580 3093 637 factus
3117 582 3207 637 sit.
3232 579 3435 635 Filium
3465 590 3648 634 autem

398 673 651 739 mortuis,
686 687 757 725 an
791 682 1066 725 mortuum
1092 672 1431 737 viventibus;
1459 671 1627 727 David
1660 671 1971 730 Blondellus

399 779 454 819 tu
486 752 941 817 l’seudo-Isidoro
968 773 1016 816 et
1049 761 1310 818 Turriano
1341 766 1739 834 vapulantibus,
1785 782 1840 836 p.
1874 766 1967 830 53,

398 855 604 910 adhaac
631 852 796 909 verba
828 852 1049 909 Macarii
1093 853 1357 925 Magnetis
1406 857 1736 927 respondet:
1792 854 1971 926 Ignoti

398 946 648 999 hactenus
679 945 913 1000 auctoris
939 945 1257 998 sententiam
1283 961 1384 999 non
1428 945 1808 1015 improbemus,
1838 943 1973 998 nihil

399 1039 519 1093 inde
567 1036 831 1089 Turriano
864 1036 1140 1106 praesidii;
1196 1034 1394 1091 Paulus
1430 1037 1569 1090 enim
1595 1044 1860 1090 mortuum
1897 1037 1975 1091 vi-

399 1128 631 1183 ventibus
679 1143 785 1181 non
830 1127 1219 1194 annumeravit,
1274 1143 1365 1181 nec
1423 1128 1674 1183 viventem
1720 1128 1971 1196 mortuis,

398 1218 538 1290 quod
574 1218 626 1271 in
655 1216 1151 1286 pseudmClem‘ente
1180 1219 1534 1289 coarguimus.

468 1307 548 1362 Ex
582 1309 721 1363 libro
744 1325 776 1363 v
803 1308 1038 1378 denique
1067 1309 1295 1379 ejusque
1327 1309 1434 1366 line
1476 1309 1747 1379 prolixum
1793 1308 1975 1365 Maea-

400 1400 468 1455 rii
491 1400 755 1470 Magnetis
792 1400 1159 1471 fragmentum
1190 1399 1267 1455 De
1292 1401 1398 1472 [ide
1434 1399 1702 1466 Abrahae,
1760 1401 1816 1456 in
1866 1415 1976 1472 quo

401 1495 469 1575 de
500 1494 811 1550 arctissimo
843 1493 1062 1575 vinculo
1085 1493 1207 1549 fidei
1237 1504 1402 1565 atque
1450 1508 1676 1564 Operum
1725 1490 1972 1564 disserit,

403 1572 588 1642 Graece
602 1596 655 1643 et
678 1586 871 1643 Latine
894 1572 1124 1642 inseruit
1145 1586 1449 1644 Turrianus
1472 1587 1623 1659 operi
1640 1602 1741 1643 suo
1761 1587 1983 1659 dogma-

404 1679 513 1734 tico
544 1677 620 1733 De
641 1678 1050 1749 justiﬁcatione,
1075 1678 1263 1735 Romae
1287 1676 1417 1735 1551
1454 1679 1620 1735 edito.
1651 1679 1806 1747 Quod
1825 1679 1980 1735 dein-

404 1785 533 1840 ceps
563 1770 704 1825 inter
736 1771 1183 1840 Θεολογούμενα
1203 1769 1444 1827 auctoris
1474 1770 1648 1825 nostri
1677 1770 1747 1825 ad
1775 1769 1979 1824 articu-

2072 672 2165 728 Dei
2201 675 2570 747 unigenitum,
2611 689 2777 744 quem
2821 671 2972 727 Patri
3029 670 3354 741 ισοδύναμον
3396 679 3455 726 et
3478 669 3652 739 Λόγον

2072 765 2432 821 ὑποστατικὺν
2459 781 2582 822 esse
2610 764 2830 827 asserit,
2848 762 3225 819 consiliarium
3259 763 3415 817 illum
3482 759 3655 816 fuisse

2073 858 2388 928 pronuntiat
2427 872 2536 928 quo
2563 855 2724 911 Pater
2756 855 2811 910 in
2847 854 3175 910 formatione
3219 853 3468 909 hominis
3523 866 3658 907 usus

2074 951 2164 1006 sit.
2193 948 2424 1017 Quando
2472 963 2635 1019 porro
2687 947 2922 1017 primum
2961 945 3237 1001 hominem
3281 946 3339 1000 in
3382 943 3657 998 mundum

2075 1052 2333 1112 tanquam
2363 1056 2540 1113 regem
2572 1040 2966 1105 introductum,
2995 1048 3049 1093 et
3093 1038 3159 1092 ad
3204 1036 3302 1091 Dei
3358 1036 3659 1105 imaginem

2077 1133 2280 1189 factum
2334 1148 2456 1189 esse
2495 1132 2706 1197 scribit,
2737 1132 2878 1187 hanc
2899 1128 3312 1185 similitudinem
3373 1126 3529 1196 regis
3552 1140 3665 1178 non

2076 1225 2131 1280 in
2165 1240 2411 1296 purpura
2436 1232 2489 1278 et
2520 1233 2734 1293 sceptro
2777 1232 2832 1278 et
2859 1221 3165 1277 diademate
3198 1219 3397 1289 quaerit
3420 1258 3438 1284 ,
3474 1216 3576 1273 sed
3608 1214 3665 1269 in

2077 1325 2277 1372 ornatu
2308 1313 2860 1385 incorruptibilitatis,
2894 1310 3319 1366 immortalitatis
3346 1325 3414 1365 ac
3441 1307 3667 1362 virtutis

2079 1408 2343 1473 collocat;
2378 1414 2437 1461 ut
2473 1407 2753 1462 brevitatis
2783 1418 2950 1460 causa
2998 1413 3195 1459 caetera
3243 1417 3395 1456 nunc
3438 1398 3667 1455 silentio

2079 1508 2419 1569 praeteream.
2466 1496 2545 1552 Ex
2577 1513 2830 1553 sermone
2872 1495 2940 1551 i7
2989 1495 3044 1550 iu
3092 1493 3328 1551 Genesin
3363 1490 3669 1564 singularis

2079 1590 2301 1647 Macarii
2328 1589 2500 1646 nostri
2524 1589 2579 1643 in
2609 1604 2834 1644 censum
2869 1587 3019 1643 venit
3046 1583 3337 1657 explicatio
3358 1583 3428 1639 de
3461 1581 3666 1638 tunicis

2081 1680 2340 1753 pelliceis,
2374 1680 2576 1751 quibus
2604 1678 2851 1735 Adamus
2876 1686 2931 1733 et
2950 1675 3061 1731 Eva
3090 1688 3217 1746 post
3236 1676 3456 1746 lapsum
3486 1671 3668 1753 induti

2084 1770 2267 1827 fuere:
2295 1786 2418 1842 qua:
2442 1770 2609 1826 verba
2645 1783 2753 1824 non
2785 1768 3102 1824 bistoricam
3123 1806 3138 1833 ,
3174 1766 3267 1823 sed
3310 1764 3667 1837 allegoricam

404 1863 516 1917 lum
546 1863 613 1917 de
642 1862 747 1918 llde
773 1870 827 1918 et
849 1861 1241 1932 justiticatione
1286 1861 1431 1917 haud
1472 1860 1722 1916 infimum
1750 1875 1983 1930 occupa—
2016 1850 2056 1903 Β
2088 1865 2354 1920 rationem
2390 1863 2619 1918 innuero
2641 1860 2798 1931 juxta
2825 1875 2949 1916 cum
2974 1860 3099 1914 aliis
3122 1857 3541 1927 antiquioribus
3575 1870 3667 1909 ar-

404 1954 485 2009 bit
514 1953 727 2009 locum:
781 1953 872 2008 ubi
908 1954 1072 2009 simul
1100 1954 1336 2025 singula,
1380 1968 1503 2024 qua:
1554 1952 1718 2008 modo
1750 1952 1981 2024 allegata

405 2053 553 2105 sunt,
585 2042 885 2115 fragmenta
914 2044 967 2098 in
998 2044 1201 2100 classes
1225 2060 1353 2100 suas
1382 2046 1693 2115 redigenda,
1717 2055 1772 2101 et
1798 2044 1866 2101 ab
1889 2060 1985 2100 ex-

404 2135 746 2205 ceptionibus
776 2135 1215 2191 adversariorum
1245 2136 1567 2193 vindicanda
1608 2145 1788 2193 erunt.

482 2246 511 2318 §
547 2244 692 2302 XIX.
724 2245 959 2302 Macarii
1002 2247 1265 2318 Magnetis
1298 2264 1561 2304 sermones
1601 2250 1656 2304 in
1691 2247 1916 2304 Genesin

1106 2318 1317 2373 inediti.

480 2406 679 2465 Prteter
737 2408 979 2481 quinque
1039 2410 1175 2466 istos
1223 2409 1392 2466 libros
1458 2409 1867 2479 Ἀποκριτικῶν
1916 2410 1985 2465 ad

407 2498 808 2557 Theostbenem
842 2509 1032 2558 contra
1058 2501 1286 2574 gentiles
1318 2501 1596 2575 Evangelii
1621 2502 1985 2559 calumniato-

406 2610 520 2658 res,
564 2608 801 2664 quorum
848 2593 1114 2649 hactenus
1143 2604 1398 2665 excerpta
1422 2594 1672 2664 quaedam
1711 2593 1984 2658 dedimus,

407 2683 707 2754 scripserat
758 2684 922 2739 etiam
962 2683 1233 2739 Macarius
1278 2683 1501 2756 Magnes
1553 2685 1984 2746 commentarios,

406 2790 527 2840 seu,
559 2785 620 2831 ut
648 2775 752 2832 fert
769 2778 982 2841 titulus,
1018 2793 1281 2832 sermones
1316 2779 1373 2831 in
1402 2775 1649 2842 Geuesin,
1679 2776 1773 2845 qui
1806 2784 1859 2829 et
1882 2775 1986 2845 ipsi

406 2869 475 2923 ad
505 2868 610 2924 hoc
640 2884 816 2939 usque
834 2879 1048 2941 tempus
1069 2870 1299 2925 eruditis
1327 2868 1497 2939 ignoti
1526 2865 1986 2922 fueruntJlorum

407 2976 727 3017 sermonum
756 2960 1060 3032 fragmenta
1105 2978 1173 3017 ex
1224 2959 1644 3016 eminentissimi
1694 2959 1988 3016 cardinalis

408 3051 670 3108 Ottoboni
695 3055 1067 3122 manuscripto
1088 3052 1275 3109 codice
1298 3052 1618 3121 deprompta
1648 3048 1714 3105 Β.
1741 3050 1803 3108 P.
1832 3050 1985 3107 Dom.

411 3142 802 3213 Stephanotius
827 3143 893 3198 ad
915 3142 1359 3198 lsudatissimum
1387 3141 1489 3196 Dn.
1516 3140 1824 3196 Boiviuium
1854 3156 1987 3196 mss.

409 3234 592 3306 Regia:
618 3234 962 3291 bibliothecae
1013 3233 1341 3291 Parisiensis
1374 3234 1654 3290 custodem
1694 3234 1990 3290 transmitti

409 3326 655 3382 curavit:
697 3325 792 3396 qui
837 3326 1028 3382 eadem
1078 3325 1268 3382 Latine
1305 3341 1461 3382 versa
1492 3335 1656 3398 atque
1704 3325 1990 3381 emendata

411 3432 539 3473 cum
571 3416 717 3472 .aliis
775 3415 1096 3487 fragmentis
1147 3415 1394 3488 ejusdem
1437 3414 1680 3471 auctoris
1708 3414 1766 3470 in
1812 3414 1988 3470 lucem

411 3510 574 3567 edere
600 3510 979 3577 constituerat,
1007 3510 1112 3566 nisi
1141 3517 1470 3581 praematura
1504 3523 1653 3564 mors
1681 3506 1809 3563 huic
1828 3505 1990 3561 insti-

417 3611 536 3658 tuto
572 3601 785 3658 obicem
813 3603 1107 3673 posuisset.
1144 3600 1301 3658 Haud
1339 3602 1482 3657 ultra
1530 3600 1815 3656 historiam
1845 3611 1998 3653 crea-

416 3692 584 3749 tionis
628 3702 682 3747 et
711 3694 896 3765 lapsus
928 3692 1211 3749 hominum
1263 3706 1324 3747 se
1366 3689 1666 3747 extendunt
1702 3689 1821 3745 istae
1847 3701 1997 3743 com-

415 3784 782 3840 mentationes
815 3783 1110 3857 Magnetis,
1158 3784 1213 3838 in
1244 3782 1447 3853 quibus
1476 3781 1621 3837 inter
1664 3779 1770 3835 alia
1814 3777 1996 3835 excel-

414 3877 641 3935 lentiam
685 3877 925 3935 hominis
975 3878 1105 3934 inde
1160 3870 1533 3943 demonstrat,
1590 3873 1737 3946 quod
1803 3872 1991 3928 habita

428 4124 619 4138 ___.___.

2088 1958 2319 2014 bitratus
2346 1968 2464 2025 est;
2487 1958 2552 2013 de
2572 1970 2681 2027 qua
2708 1953 2963 2026 opinione
2987 1951 3217 2009 inferius
3243 1951 3407 2022 plura“
3434 1948 3669 2006 dicenda

2087 2057 2269 2107 erunt.

2408 2140 2436 2213 §
2464 2138 2581 2194 XX.
2609 2139 2892 2196 Conclusio
2922 2135 3335 2192 dissertationis.

2159 2232 2527 2290 Constitutum
2549 2231 2767 2303 quidem
2796 2229 2993 2295 fuerat,
3017 2228 3136 2298 ipsa
3216 2221 3675 2293 Θεολογσύμενσ

2091 2326 2311 2383 Macarii
2337 2324 2623 2395 Magnetis,
2665 2336 2789 2395 quae
2834 2335 2901 2378 ex
2954 2318 3276 2391 fragmentis
3304 2316 3557 2388 ejusdem
3600 2313 3675 2369 ab

2092 2419 2315 2475 interitu
2341 2416 2632 2473 vindicatis
2660 2413 2840 2487 colligi
2880 2419 3155 2485 poterant,
3177 2409 3367 2467 eadem
3419 2407 3529 2463 hac
3560 2406 3675 2462 dis-

2092 2511 2391 2570 sertatione
2423 2507 2730 2580 inaugurali
2769 2505 3031 2563 exhibere
3069 2504 3125 2559 in
3168 2512 3299 2559 suas
3330 2501 3547 2557 classes
3586 2514 3677 2554 re-

2092 2601 2272 2668 dacta,
2306 2609 2365 2656 ut
2402 2614 2471 2654 ex
2520 2598 2590 2654 iis
2626 2611 2828 2654 nexum
2859 2595 3100 2665 aliquem
3152 2591 3420 2648 doctrina:
3455 2589 3675 2644 theolo-

2094 2692 2229 2765 gicae
2262 2689 2428 2761 hujus
2464 2689 2706 2746 auctoris
2752 2688 3065 2760 perspicere
3113 2684 3321 2741 liceret.
3353 2683 3497 2738 Cum
3543 2696 3677 2736 vero

2093 2790 2292 2853 prater
2320 2781 2631 2851 opinionem
2673 2789 2823 2835 tanta
2868 2779 3006 2833 mihi
3051 2776 3283 2833 subnata
3311 2774 3386 2831 sit
3413 2771 3677 2829 dicendo.

2092 2890 2216 2931 rum
2247 2873 2425 2944 copia,
2453 2888 2577 2945 quae
2610 2881 2872 2944 angustos
2894 2866 3296 2926 dissertationis
3325 2866 3535 2920 limites
3559 2865 3672 2935 jam

2093 2975 2209 3022 tum
2245 2974 2631 3037 praetergressa
2670 2963 2915 3030 videtur;
2942 2970 2998 3018 et
3018 2963 3075 3017 in
3106 2967 3431 3032 argumento
3461 2972 3493 3012 a
3523 2957 3678 3012 nullo

2094 3060 2434 3115 eruditorum
2461 3058 2724 3114 hactenus
2750 3065 3019 3127 occupato
3059 3053 3288 3125 singulm
3314 3052 3682 3106 circumstan-

2095 3150 2184 3206 tia:
2208 3149 2371 3205 altius
2414 3148 2753 3219 aliquantum
2808 3146 3143 3218 repetenda,
3171 3159 3386 3215 suoque
3432 3142 3679 3215 pondere

2093 3238 2426 3295 aestimandae
2440 3246 2655 3294 essent:
2680 3236 2971 3308 specialem
2995 3236 3313 3307 dogmatum
3336 3245 3504 3304 atque
3525 3245 3695 3288 error

2095 3346 2217 3386 rum
2242 3330 2487 3388 auctoris
2529 3330 2706 3386 nostri
2752 3329 3233 3400 pertractationem
3269 3328 3441 3382 altera
3483 3325 3682 3395 dispu-

2094 3425 2297 3480 tatione
2341 3424 2664 3493 complecti,
2692 3423 2776 3478 vel
2807 3423 2857 3478 si
2905 3420 3316 3478 convenientia:
3378 3420 3457 3474 ita
3492 3419 3677 3473 visum

2096 3514 2283 3583 fuerit,
2312 3532 2421 3571 una
2451 3532 2575 3573 cum
2618 3516 2754 3588 ipsis
2794 3515 2980 3586 operis
3020 3504 3286 3584 deperditi
3327 3512 3680 3582 fragmentis,

2102 3620 2359 3679 tanquam
2389 3608 2593 3665 relictis
2616 3624 2688 3663 ex
2713 3605 3003 3678 naufragio
3031 3602 3231 3660 tabulis
3249 3643 3264 3668 ,
3306 3602 3530 3673 publico
3553 3616 3683 3656 eru-

2099 3700 2338 3756 diturum
2380 3699 2655 3756 desiderio
2687 3695 3108 3765 satisfacturos,
3156 3694 3347 3750 Graece
3377 3708 3447 3750 ac
3485 3690 3683 3748 Latine

2099 3809 2373 3867 exponere
2403 3792 2549 3849 haud
2575 3791 2915 3865 r’efragabor.

2492 4098 2493 4101 η
3008 4098 3013 4103 .

1558 4268 2355 4365 DlSSERTATIO
2456 4268 2586 4366 ΙΙ,

1056 4472 1190 4539 Qut!
1241 4466 1636 4539 θεολογούμενα
1660 4465 1894 4521 auctoris
1919 4480 1985 4520 ea:

2091 4463 2247 4535 opriis
2274 4462 2441 4533 ipsius
2470 4461 2683 4530 scriptis
2711 4461 2943 4532 exponit.

1008 4764 1400 4830 PRIEFATIO.

492 4870 783 4941 lnterrupti
837 4868 1079 4933 laboris,
1137 4867 1230 4938 qui
1289 4867 1346 4922 in
1390 4866 1729 4939 explicandis
1771 4863 1998 4922 Macarii

423 4967 687 5041 Magnetis
731 4963 1173 5036 Θεολογουμένοις
1199 4973 1472 5029 versatur,
1505 4964 1550 5021 si
1582 4979 1779 5021 causas
1806 4958 1995 5034 requi-

424 5062 523 5126 ris,
556 5057 751 5115 Lector
779 5054 1058 5118 benevole,
1093 5055 1209 5111 hmc
1240 5055 1357 5111 sola
1389 5054 1529 5112 forte
1559 5053 1816 5120 subiciet,
1849 5053 1997 5125 quod

423 5151 655 5209 certiora
684 5147 933 5220 quaedam
963 5145 1031 5201 de
1054 5146 1425 5203 monumentis
1446 5146 1611 5216 hujus
1632 5146 1874 5203 auctoris
1897 5146 1996 5202 de-

426 5243 621 5316 perditi
668 5243 935 5298 hactenus
970 5254 1037 5296 ex
1085 5238 1254 5294 ltalim
1282 5238 1599 5307 regionibus
1640 5250 1996 5309 exspectave-

422 5337 564 5403 rim,
595 5333 709 5405 jam
735 5347 864 5389 vero
898 5341 1013 5388 tum
1044 5346 1075 5387 a
1106 5328 1459 5385 celeberrimo
1512 5329 1563 5384 ιι.
1602 5329 1791 5385 Lamio
1819 5331 1872 5385 in
1903 5329 2002 5384 De-

424 5426 566 5481 liciis
616 5425 942 5480 eruditorum
1003 5421 1291 5479 Florcntiaa
1337 5421 1476 5476 i758
1518 5421 1713 5489 editis,
1773 5429 1886 5475 tum
1931 5434 1998 5475 ex

427 5516 711 5588 splendido
737 5515 994 5588 Catalogo
1029 5515 1373 5571 bibliothecae
1418 5508 1637 5569 Veneta:
1681 5512 1745 5566 Ι).
1792 5511 1996 5580 Marci,

429 5609 524 5680 qui
551 5624 714 5680 opera
753 5608 824 5663 M.
873 5610 1000 5664 Ant.
1030 5606 1263 5663 Zanettii
1288 5608 1342 5661 et
1367 5605 1588 5660 Antonii
1623 5603 1997 5676 Bonojoannis

427 5699 585 5776 jussu
627 5706 853 5757 senatus
879 5687 1071 5756 Veneti
1118 5706 1405 5755 contextus
1448 5697 1761 5768 nuperrime
1798 5695 2000 5767 prodiit

433 5791 593 5855 I740.
622 5791 754 5850 satis
781 5791 1005 5848 edoctus
1036 5790 1139 5849 sim
1160 5831 1176 5859 ,
1209 5791 1344 5847 nihil
1371 5788 1668 5861 quidquam
1691 5786 1758 5843 de
1790 5787 2000 5858 integro

2030 4774 2076 4832 D
2105 4783 2271 4841 opere
2295 4765 2559 4839 Magnetis
2585 4762 2823 4821 Venetiis
2867 4762 3103 4833 amplius
3126 4762 3375 4833 reperiri,
3408 4762 3505 4817 sed
3535 4762 3683 4817 codi-

2096 4875 2215 4918 cem
2250 4860 2401 4914 illum
2426 4899 2442 4925 ,
2493 4872 2603 4928 quo
2642 4855 2839 4911 Franc.
2879 4852 3183 4909 Turrianus
3211 4854 3341 4908 olim
3378 4867 3517 4908 usus
3559 4862 3681 4916 est,

2099 4953 2368 5028 probabili
2398 4950 2721 5021 conjectura
2748 4949 2803 5004 in
2827 4945 3146 5017 Hispaniam
3182 4944 3509 5000 translatum
3534 4959 3680 4999 esse.

2098 5047 2175 5104 Ita
2199 5046 2344 5103 enim
2383 5043 2639 5098 laudatus
2666 5038 2924 5107 Lamius,
2958 5045 3246 5109 postquam
3277 5037 3331 5090 in
3361 5034 3683 5107 praefatione

2098 5138 2229 5194 torni
2257 5135 2324 5192 IV
2349 5134 2672 5189 Deliciarum
2705 5144 2929 5189 suarum
2974 5144 3026 5200 p.
3053 5118 3159 5196 i9,
3193 5126 3524 5187 Turria’num
3558 5125 3683 5194 qui-

2101 5232 2223 5289 dem
2271 5226 2422 5284 nulla
2473 5227 2623 5281 venia
2661 5225 2880 5297 dignum
2923 5239 3046 5280 esse
3075 5222 3318 5288 dixerat,
3348 5210 3499 5291 quod
3539 5233 3681 5291 opus

2101 5323 2366 5396 Magnetis
2394 5337 2426 5377 a
2452 5335 2512 5376 se
2542 5319 2743 5375 lectum
2776 5332 2887 5372 non
2921 5314 3177 5382 ediderit,
3203 5329 3305 5369 nec
3333 5313 3514 5369 locum
3532 5354 3548 5378 ,
3584 5310 3677 5368 ubi

2101 5423 2376 5482 exstaret,
2417 5409 2755 5476 indicaverit,
2785 5406 3107 5467 sententiam
3143 5420 3301 5462 suam
3326 5404 3515 5476 postea
3550 5418 3676 5459 mue

2100 5509 2232 5565 tavit
2258 5508 2313 5562 in
2340 5503 2658 5576 praefatione
2691 5500 2823 5558 tomi
2851 5499 2923 5554 IX
2953 5500 3030 5569 (in
3069 5513 3181 5568 quo
3210 5496 3432 5551 Maximi
3460 5494 3679 5565 Marga-

2103 5599 2180 5654 nii
2209 5594 2453 5667 epistolae
2479 5589 2768 5660 habentur)
2794 5604 2849 5660 p.
2880 5588 2952 5645 29
2978 5589 3050 5643 ita
3083 5587 3332 5643 scriberis
3360 5600 3375 5638 :
3408 5583 3515 5640 Sed
3550 5600 3675 5637 num

2102 5688 2309 5743 Jesuita
2351 5684 2643 5739 Turrianus
2689 5681 2960 5737 mendax?
2996 5679 3172 5733 Absit.
3223 5675 3328 5733 Sed
3366 5677 3414 5732 si
3449 5676 3678 5730 mendas:

2106 5798 2209 5838 non
2229 5789 2327 5850 est,
2352 5787 2489 5834 certe
2519 5776 2719 5833 codices
2747 5774 2963 5846 quidam
2987 5772 3312 5830 bibliothecis
3349 5769 3556 5826 Veneta
3587 5767 3680 5823 tio-
