3972 6318
259 366 393 423 1377

1436 359 1715 419 ΝΟΤΙΤΙΑ
1753 361 1841 418 ΕΤ
1879 360 2326 420 FRAGMENTA.

3370 369 3393 424 1
3404 367 3510 429 373

255 484 450 556 perditi
483 492 629 540 sunt.
673 482 775 538 Ille
822 482 981 538 etiam
1017 483 1166 538 venia
1200 483 1426 554 dignus;
1456 501 1580 538 nam
1620 486 1666 538 si
1712 484 1832 538 Ma-
1859 491 1904 548 Α
1931 484 2290 554 expediundis
2334 485 2566 557 singulis
2610 487 2953 557 argumentis
2995 487 3318 560 dogmaticis
3366 491 3511 547 haud

255 579 421 650 gnetis
460 593 588 647 opus
638 593 670 630 a
711 593 764 630 se
803 576 996 632 lectum
1051 579 1264 632 minime
1304 577 1509 645 edidit,
1552 588 1726 632 tamen
1771 579 1828 631 in

267 669 460 736 Veneta
487 668 802 728 bibliotheca
835 679 1045 723 exstare
1081 669 1253 736 dixit,
1302 677 1487 722 contra
1518 685 1676 738 quam
1721 670 1827 738 ipse

253 761 380 817 olim
407 761 854 815 existimaveram.
909 759 1095 814 Verum
1129 775 1268 814 nunc
1299 769 1504 814 tantum
1542 759 1717 812 dicam
1747 776 1826 814 me

251 853 552 924 suspicari,
600 868 729 921 opus
771 851 908 913 illud
950 851 1212 924 Magnetis
1251 852 1758 908 desideratissimam
1788 870 1826 909 .e

252 946 566 1000 bibliotheca
610 943 803 999 Veneta
853 945 910 998 in
954 944 1250 1017 Hispanam
1285 945 1343 1001 S.
1373 945 1653 1002 Laurentii
1696 945 1825 1001 Sco-

251 1034 497 1093 rialensis
536 1036 909 1096 bibliothecam
951 1037 1272 1092 translatum
1325 1037 1490 1107 fuisse
1535 1054 1654 1091 cum
1699 1038 1822 1094 aliis

250 1129 540 1196 codicibus,
571 1146 698 1200 quos
726 1129 854 1183 illuc
877 1129 1006 1184 olim
1042 1131 1382 1184 transmissos
1411 1131 1574 1200 fuisse
1615 1131 1818 1185 rescivi.

251 1221 524 1278 Fortassis
570 1222 709 1277 inter
748 1237 844 1278 eos
875 1222 1088 1279 codices
1133 1223 1288 1278 fuere
1327 1223 1382 1278 hi
1424 1222 1546 1277 libri
1601 1222 1821 1278 Macarii

251 1315 534 1387 Magnetis,
559 1330 698 1384 quos
726 1312 1228 1386 Hispaniavlegatus
1257 1317 1363 1371 don
1390 1316 1554 1388 Diego
1580 1315 1820 1373 llurtado

249 1409 302 1464 di
333 1408 625 1462 Mendozza
647 1423 712 1462 ex
739 1409 1066 1465 bibliotheca
1093 1408 1294 1465 Veneta
1327 1410 1583 1476 abstulit;
1615 1410 1681 1464 de
1710 1424 1820 1479 quo

247 1502 484 1570 graviter
511 1502 872 1570 conqueritur
902 1501 1232 1558 Domenicus
1265 1501 1467 1558 lilolino
1505 1502 1558 1556 in
1591 1502 1818 1572 epistola

250 1593 490 1650 Venetiis
520 1593 586 1648 ad
617 1593 882 1649 Joannem
915 1593 1212 1650 Meursium
1243 1595 1382 1650 1622
1428 1596 1629 1665 scripta
1651 1637 1664 1659 .
1698 1610 1821 1665 quae

246 1687 516 1755 reperitur
555 1685 696 1740 inter
737 1685 999 1756 epistolas
1035 1685 1345 1756 Marquardi
1388 1684 1548 1741 Gudii
1581 1701 1611 1740 a
1647 1687 1816 1742 celeb.

245 1776 404 1834 Petro
435 1777 750 1832 Burmanno
775 1779 950 1834 editas
1008 1795 1062 1850 p.
1103 1780 1228 1844 150,
1260 1779 1381 1834 151.
1417 1778 1673 1848 Spectant
1714 1779 1819 1834 huc

243 1871 589 1944 potissimum
653 1872 933 1941 sequentia
988 1871 1151 1926 verba
1202 1888 1216 1926 :
1278 1869 1423 1924 Farb
1481 1871 1572 1925 che
1623 1882 1820 1941 quanto

245 1969 418 2036 prima
449 1967 497 2019 vi
523 1964 688 2034 capiti
720 1963 760 2016 il
788 1963 1032 2034 catalogo
1072 1963 1150 2017 dc’
1174 1963 1298 2017 libri
1333 1962 1516 2027 Greci,
1551 1965 1641 2018 cite
1680 1963 1820 2017 nella

243 2055 488 2127 pubblica
521 2055 833 2109 bibliotheca
873 2054 920 2108 si
955 2055 1258 2118 ritrovano;
1301 2053 1342 2106 li
1389 2053 1539 2125 quali
1564 2055 1686 2124 peri)
1717 2070 1819 2108 non

242 2165 372 2204 sono
415 2149 540 2202 tutti
571 2147 733 2218 quelli
752 2189 766 2212 ,
793 2148 884 2201 che
913 2147 1004 2200 dal
1033 2147 1275 2201 cardinal
1333 2146 1600 2202 Benevone
1629 2148 1818 2218 furono

243 2241 458 2296 lasciati
501 2241 642 2294 nella
678 2239 1016 2308 serenissima
1042 2240 1379 2310 repubblica,
1414 2257 1506 2310 per
1544 2241 1635 2294 clté
1668 2243 1817 2295 molli

242 2333 384 2404 dein
422 2330 656 2402 migliozi
679 2332 724 2385 si
754 2333 1018 2385 ritrovano
1053 2333 1363 2401 trasportati
1399 2333 1452 2386 in
1481 2331 1695 2403 Spagna
1739 2336 1816 2387 ri-

241 2427 379 2495 posti
406 2425 545 2478 nella
573 2421 789 2478 libreria
814 2425 955 2495 regia
981 2423 1072 2478 all’
1103 2423 1402 2491 Escuriale,
1447 2426 1624 2480 rubati
1647 2427 1718 2480 da
1747 2443 1818 2480 un

241 2517 496 2571 scelerato
525 2517 752 2585 infame,
796 2517 1163 2570 antbassiador
1193 2515 1498 2588 Spagnuolo
1540 2519 1818 2573 nominato

243 2612 349 2665 don
389 2609 555 2680 Diego
599 2609 848 2664 Ilurtado
871 2609 928 2663 di
961 2609 1275 2677 Mendozza,
1321 2611 1362 2664 il
1403 2612 1560 2682 quale
1588 2611 1817 2666 liaeendo

241 2703 443 2757 ltavuta
477 2711 675 2756 cortese
705 2701 908 2755 licensa
931 2702 998 2755 da
1017 2703 1228 2773 ’signori
1275 2719 1307 2756 a
1330 2701 1479 2774 quali
1505 2720 1595 2758 era
1637 2720 1819 2758 racco-

241 2796 500 2850 mandata
546 2795 600 2850 la
635 2812 763 2849 cura
793 2795 936 2850 della
967 2797 1311 2864 bibliotheca,
1349 2799 1405 2852 di
1435 2809 1584 2869 pater
1613 2810 1795 2855 entrar

237 2891 300 2944 ed
325 2891 468 2943 uscir
487 2908 518 2943 a
541 2906 636 2942 suo
663 2889 872 2959 piaccre
902 2906 994 2960 per
1031 2890 1231 2961 leggere
1251 2907 1277 2944 e
1301 2892 1558 2959 studiare,
1587 2909 1691 2947 non
1730 2910 1817 2948 es-

238 2983 401 3038 sendo
443 2983 514 3035 da
551 2983 785 3035 ministri
819 2983 1056 3036 assistito
1075 3022 1089 3046 ,
1117 3000 1208 3052 per
1232 2983 1322 3037 clté
1344 3000 1444 3036 non
1472 2985 1519 3037 si
1540 3001 1818 3055 presuppo-

237 3091 368 3128 neva
404 3074 457 3127 in
495 3089 649 3136 nomo
677 3073 733 3126 di
758 3090 858 3127 sua
899 3074 1206 3128 condicione
1257 3092 1362 3128 una
1393 3075 1643 3132 bassezza
1671 3078 1776 3131 tale
1797 3119 1812 3143 ,

1935 575 2247 631 suffecerint
2307 575 2710 646 circumscripti
2747 579 3133 649 disputationis
3176 579 3415 645 limites,
3459 590 3513 636 et

1932 666 2181 735 quaedam
2210 667 2387 722 adhuc
2419 667 2698 736 supersint
2719 667 2939 724 Macarii
2960 669 3224 741 Magnetis
3247 671 3513 726 doctrina:

1932 758 1998 813 de
2021 759 2126 827 ﬁde
2141 769 2190 813 et
2200 759 2606 830 justificatione,
2626 761 2692 816 de
2708 760 3072 829 Eucltaristia,
3088 763 3155 818 ad
3172 779 3398 819 examen
3425 780 3513 819 re-

1931 851 2207 918 vocandae,
2244 852 2311 906 de
2347 854 2724 907 resurrectione
2761 863 2811 908 et
2835 854 2940 907 vita
2965 863 3162 910 (eterna
3187 857 3396 926 primus
3427 857 3513 913 his

1929 941 2148 996 dabitur
2179 943 2332 998 locus
2362 943 2414 996 in
2450 944 2810 998 subsecutura
2843 943 3238 1000 Dissertatione
3265 946 3363 1015 ΙΙΙ,
3391 964 3513 1018 qua:

1929 1031 2225 1090 Macarium
2281 1036 2346 1090 de
2392 1036 2670 1091 erroribus
2727 1051 2793 1092 ac
2860 1036 3029 1091 naevis
3084 1035 3510 1105 Manichteismi,

1929 1126 2250 1190 Arianismi,
2275 1125 2699 1198 Origenianismi
2729 1137 2784 1183 et
2819 1128 3257 1197 Nestorianismi,
3277 1148 3511 1203 quorum

1929 1217 2277 1274 insimulatus
2304 1217 2424 1287 fuit,
2456 1221 2701 1276 absolvet
2734 1220 2870 1291 (88).

1932 1351 1959 1422 ᾗ
1996 1352 2038 1408 1.
2085 1352 2206 1426 Non
2238 1356 2858 1426 systemaaliquodﬁed
2891 1354 3293 1426 Θεολογούμενοι
3324 1360 3509 1412 δαιτί-ην

1996 1425 2403 1496 exjmﬂmentis
2445 1425 2676 1496 Macarii
2696 1425 2971 1496 Magnetis
3010 1425 3395 1496 proponuntur.
3443 1459 3499 1468 -

2001 1492 2027 1563 §
2058 1493 2119 1548 ll.
2162 1493 2409 1565 Theologi
2439 1497 2626 1550 titulus
2659 1492 2891 1565 Magtieti
2927 1492 3227 1551 vindicatus
3276 1515 3307 1550 a
3348 1497 3500 1553 Nice-

1995 1565 2159 1633 phoro
2197 1565 2308 1619 GP.
2349 1567 2682 1638 patriarcha.
2711 1597 2777 1606 —
2807 1567 2833 1638 §
2861 1566 2949 1620 ΙΙΙ.
2995 1568 3254 1621 Doctrina
3305 1570 3367 1622 de
3409 1587 3509 1622 aut.

1998 1637 2246 1710 claritate
2260 1638 2438 1690 divina
2457 1636 2749 1706 Scriptura:
2765 1636 2930 1691 sacrm
2951 1649 3138 1692 contra
3156 1640 3510 1710 Porphyrium

1998 1705 2288 1760 vindicata.

1995 1816 2214 1873 Initium
2248 1820 2444 1876 merito
2479 1819 2716 1876 facimus
2747 1820 2815 1876 ab
2850 1821 3178 1878 auctoritate
3220 1830 3274 1878 et
3316 1823 3503 1878 divini-

1931 1917 2040 1964 tate
2089 1911 2384 1982 Scriptum
2440 1927 2651 1978 saem,
2711 1927 2878 1984 quam
2929 1913 3166 1983 scriptor
3217 1923 3404 1970 noster
3457 1916 3510 1968 in

1926 2003 2351 2076 quamplurimis
2418 2002 2714 2074 Scriptum
2779 2003 3066 2059 divinioris
3117 2005 3253 2060 locis
3331 2005 3510 2060 citatis

1924 2097 2172 2166 agnoscit
2222 2095 2372 2167 (89),
2417 2097 2776 2166 eamdemque
2805 2096 3005 2151 diserte
3049 2095 3146 2168 τὴν
3189 2095 3339 2149 θείαν
3373 2097 3510 2169 Γραο

1925 2187 2032 2258 φή)
2061 2187 2174 2260 (90)
2221 2197 2276 2244 et
2311 2188 2470 2258 λόγον
2510 2188 2646 2243 Θεοῦ
2678 2188 2789 2261 (91)
2833 2189 3100 2258 appellat,
3133 2197 3298 2258 atque
3326 2187 3510 2243 divina

1925 2278 2096 2349 ipsius
2130 2280 2351 2336 oracula
2385 2281 2650 2336 adversus
2715 2281 2998 2351 gentilium
3052 2279 3509 2350 philosophorum

1925 2371 2229 2426 calumnias
2253 2373 2468 2443 egregie
2499 2371 2758 2426 vindicat.
2785 2372 3128 2441 Quapropter
3157 2379 3212 2426 et
3229 2370 3356 2446 jure
3388 2387 3510 2425 me-

1924 2462 2140 2532 ritoque
2187 2479 2219 2517 a
2272 2461 2578 2533 Nicephoro
2629 2462 2941 2533 patriarcha
3007 2461 3114 2516 (ΣΡ.
3176 2462 3512 2532 reliquisque

1923 2553 2256 2610 antistitibus
2294 2552 2612 2612 orthodoxis
2651 2551 2901 2610 laudatur
2928 2562 3188 2623 tanquam
3238 2553 3510 2624 scriptor,

1924 2645 2018 2714 qui
2065 2643 2369 2699 doctrinam
2423 2643 2798 2715 evangelicam
2839 2653 3134 2700 veneretur
3181 2655 3348 2716 atque
3402 2646 3511 2700 im-

1925 2734 2150 2804 pensius
2179 2733 2390 2800 liveat;
2441 2736 2550 2790 imo
2577 2735 2669 2806 qui
2719 2737 2968 2808 magistri
3001 2751 3229 2793 munere
3274 2736 3512 2808 fungens

1925 2821 2128 2877 fastum
2175 2839 2240 2878 ac
2285 2832 2564 2894 stuporem
2605 2841 2833 2890 eorum,
2873 2827 2970 2896 qui
3005 2837 3198 2882 contra
3259 2828 3508 2883 divinum

1924 2912 2276 2985 Evangelium
2347 2917 2702 2986 pronuntiare
2766 2918 3000 2985 audent,
3059 2919 3306 2975 mascule
3379 2936 3510 2988 pre-

1923 3007 2178 3076 scripsit,
2210 3016 2371 3078 atque
2407 3007 2647 3064 infamia:
2680 3011 2934 3080 exposuit
2962 3031 2974 3065 :
3009 3010 3198 3082 [Ιολλῷ
3216 3011 3282 3064 -δὲ
3316 3009 3507 3078 πλέον,

1923 3097 2130 3167 ittquit,
2178 3099 2206 3150 ὁ
2253 3101 2606 3171 συγγραφεὺς
2649 3093 2834 3165 οὗτος,
2880 3101 3039 3174 εἴπερ
3090 3105 3148 3156 ὲν
3189 3103 3509 3158 διδασκάλου

236 3168 290 3221 in
316 3168 520 3221 diverse
548 3167 682 3221 volte
704 3165 924 3222 levando
952 3167 1094 3222 dalle
1131 3168 1298 3222 tavole
1320 3170 1616 3224 incatenate
1645 3169 1694 3224 le
1723 3187 1813 3224 co-

1933 3187 2074 3252 εάξει
2139 3189 2646 3261 προκαθεζόμενος,
2697 3191 2806 3245 τῶν
2853 3191 3177 3264 τολμώντων
3229 3195 3370 3246 κατὰ
3417 3193 3509 3247 τοῦ

233 3263 367 3325 dici,
386 3277 414 3315 e
438 3261 777 3332 riponendovi
800 3272 949 3315 carta
966 3261 1036 3315 da
1057 3263 1304 3329 straccio,
1324 3263 1370 3317 si
1391 3263 1544 3335 porto
1571 3263 1612 3316 il
1640 3262 1810 3317 buono

1933 3278 2066 3332 Beloe
2108 3281 2440 3350 Εὑαγγελίου
2471 3284 2741 3337 ποιεῖσθαι
2770 3283 2868 3355 τὴν
2902 3261 3242 3358 adessem
3261 3325 3276 3349 ,
3329 3285 3512 3358 στηλι-

231 3352 280 3408 cl
329 3353 604 3424 migliore;
635 3370 795 3412 sensa
819 3353 908 3406 clte
933 3369 1026 3423 per
1060 3353 1152 3407 all’
1191 3355 1322 3410 hora
1351 3394 1364 3418 ,
1406 3370 1434 3408 e
1481 3371 1573 3424 per
1595 3353 1813 3424 qualche

240 3455 410 3515 'empo
443 3445 577 3513 dopo
619 3445 809 3500 alcuno
833 3462 888 3501 se
910 3463 972 3500 ne
994 3445 1285 3512 avvedesse,
1327 3444 1390 3499 ne
1412 3447 1460 3502 si
1482 3443 1695 3500 sarebbe
1721 3460 1815 3515 per

234 3547 521 3591 avventura
545 3537 761 3592 credulo
807 3537 847 3592 il
887 3539 1032 3608 furto
1065 3538 1200 3608 [atto
1243 3537 1314 3592 da
1341 3537 1457 3604 lui,
1500 3554 1556 3593 se
1596 3537 1637 3592 il
1677 3538 1814 3608 [atto

234 3640 405 3684 stesso
431 3647 531 3684 non
557 3629 608 3684 lo
636 3630 907 3701 palesava,
931 3648 960 3686 e
989 3647 1093 3686 non
1123 3630 1173 3685 lo
1195 3631 1362 3702 palesi
1392 3640 1530 3686 tutta
1552 3633 1660 3698 via,
1677 3647 1703 3684 e
1722 3647 1816 3701 per

237 3724 426 3778 adesso
456 3739 484 3777 e
524 3739 618 3797 per
655 3739 857 3793 sempre
891 3739 987 3777 con
1009 3733 1189 3778 eterna
1215 3740 1312 3778 sua
1334 3725 1588 3794 infamia,
1617 3737 1816 3779 mentre

234 3817 280 3870 si
311 3816 508 3870 vedono
538 3814 586 3870 le
629 3816 799 3868 codici
828 3830 922 3868 con
951 3815 990 3868 il
1019 3832 1169 3870 name
1198 3825 1247 3870 et
1285 3833 1443 3887 segno
1466 3817 1520 3871 di
1547 3817 1813 3872 Benevone

235 3910 377 3964 nella
413 3909 629 3963 libreria
660 3909 785 3963 dell‘
812 3909 1092 3965 Escuriale
1117 3910 1251 3982 (87).

306 4003 759 4073 Quandoquidem
792 4005 956 4074 igitur
983 4005 1187 4066 nullam
1224 4021 1373 4075 spem
1411 4005 1543 4059 mihi
1571 4005 1812 4062 relictam

232 4112 361 4153 esse
401 4096 650 4150 videbam
686 4100 956 4166 integrum
1003 4111 1142 4166 opus
1188 4097 1602 4165 Ἀποκριτικῶν
1633 4113 1698 4153 ex
1732 4108 1812 4153 te-

235 4187 423 4244 nebris
443 4187 691 4251 eruendi,
718 4187 784 4241 ad
815 4187 1113 4258 fragmenta
1137 4188 1284 4243 illius
1313 4187 1451 4243 bene
1477 4189 1670 4255 multa,
1691 4205 1814 4260 qua:

233 4298 304 4338 ex
339 4280 512 4336 tribus
541 4279 822 4336 codicibus
843 4296 976 4336 mss.
1002 4278 1289 4349 Nicephori
1319 4281 1643 4350 patriarcha:
1670 4281 1816 4335 Con-

235 4374 740 4444 stantinopolitani,
790 4374 1006 4444 alioque
1054 4375 1182 4428 item
1231 4374 1420 4430 codice
1468 4389 1573 4428 ms.
1631 4373 1817 4429 Italico

234 4468 533 4522 cardinalis
578 4466 839 4522 Ottoboni
877 4467 1004 4521 hinc
1035 4467 1159 4521 inde
1183 4466 1428 4536 dispersa
1470 4467 1812 4536 cullegeram,

1917 3369 2127 3424 τεύσειε
2155 3371 2216 3423 τὸ
2245 3371 2474 3443 σοϐαρόν
2514 3389 2573 3425 τε
2612 3374 2704 3426 καὶ
2744 3373 3059 3446 ἔμπληκτον
3089 3375 3221 3447 (9‘2).
3250 3375 3509 3442 Quando-

1921 3461 2145 3532 quidem
2174 3463 2339 3517 etiant
2370 3465 2600 3534 gentiles
2631 3465 2942 3536 philosophi
2989 3468 3148 3523 istius
3195 3469 3374 3524 astatis
3402 3507 3418 3533 ,
3455 3477 3512 3523 et

1915 3569 1984 3609 ex
2030 3569 2223 3609 eorum
2268 3571 2499 3611 numero
2531 3558 2812 3627 speciatim
2851 3557 3220 3630 Porphyrius,
3251 3561 3318 3614 ad
3350 3576 3507 3615 ever-

1915 3645 2136 3700 tendam
2191 3645 2486 3718 Scriptum
2537 3664 2709 3703 sacm
2752 3650 3131 3704 auctoritatem
3203 3651 3508 3722 saepissime

1916 3751 2131 3792 sacram
2181 3735 2596 3808 Evangeliorunt
2633 3737 2920 3794 historiam
2976 3738 3234 3794 falsitatis
3278 3749 3332 3794 et
3374 3755 3508 3794 con-

1916 3827 2260 3884 tradictionis
2285 3844 2516 3900 arguere
2542 3830 2788 3885 solebant
2819 3845 2831 3881 :
2869 3828 3168 3884 Macarium
3196 3829 3502 3902 Magnetem

1916 3918 2225 3990 apologiam
2261 3919 2537 3990 Evangelii
2588 3921 2854 3976 adversus
2886 3921 3169 3991 gentilium
3201 3921 3506 3976 calumnias

1917 4012 2308 4082 conscripsisse
2339 4020 2569 4068 testatur
2595 4012 2712 4082 ipsa
2744 4013 3030 4083 inscriptio
3062 4009 3504 4080 Ἀποκριτικῶν,

1916 4101 2183 4173 siquidem
2227 4102 2423 4159 Franc.
2455 4102 2763 4160 Turrianus
2791 4103 3042 4161 Graecum
3078 4104 3296 4159 titulunt
3339 4103 3506 4175 hujus

1917 4193 2100 4263 operis
2149 4195 2222 4250 ita
2269 4195 2528 4264 exprimit
2569 4195 2724 4262 (95):
2769 4195 2854 4258 Ὠς
2886 4194 3027 4266 φησὶ
3054 4194 3284 4268 Μάγνης
3330 4195 3358 4246 ὁ
3394 4212 3504 4246 πα-

1915 4284 2196 4348 λαιότατος
2230 4285 2580 4355 συγγραφεὺς
2610 4285 2668 4338 ὲν
2694 4283 2770 4355 τῷ
2804 4284 2976 4356 τρίτῳ
3011 4284 3204 4354 βιϐλίῳ
3239 4281 3346 4336 τῶν
3376 4283 3506 4354 περὶ

1917 4377 2250 4445 Εὐαγγελίου
2294 4375 2602 4444 ἀπολογιῶν
2637 4375 2773 4449 πρὸς
2802 4375 3093 4447 Θεοσοένη.
3140 4375 3219 4430 Ac
3251 4375 3503 4430 eumdem

1921 4467 2142 4542 quidem
2193 4468 2334 4522 inter
2389 4467 2496 4520 alia
2539 4467 2702 4521 etiam
2751 4467 3059 4536 istiusmodi
3107 4466 3504 4538 discrepantias

233 4574 325 4620 me
358 4559 554 4613 iterum
583 4558 795 4614 accinxi
819 4598 834 4622 ,
864 4567 921 4612 ιιι
954 4573 1189 4628 quorum
1223 4558 1473 4614 notitiam
1499 4559 1813 4615 historicam
1850 4574 1892 4630 ι)
1921 4561 2375 4633 evangelistarum
2405 4561 2473 4614 ab
2509 4559 2760 4614 hostibus
2784 4556 3058 4629 Evangelii
3092 4559 3336 4629 objectas
3367 4559 3500 4613 sub-

233 4659 289 4706 et
323 4651 569 4706 criticam
618 4651 672 4705 in
708 4651 875 4722 priori
903 4650 1299 4707 Dissertatione
1337 4651 1590 4706 dederam
1618 4691 1633 4719 ,
1671 4665 1817 4705 nunc

232 4740 400 4795 etiam
433 4741 788 4808 theologicam
822 4749 986 4810 atque
1026 4742 1348 4811 polemicam
1376 4741 1591 4796 duabus
1621 4741 1817 4796 sectio-

235 4834 403 4892 nibus
453 4834 836 4903 pertexendam
887 4850 1171 4900 curarem;
1229 4849 1459 4904 quarum
1522 4834 1696 4903 prima
1750 4833 1816 4886 de

233 4926 571 4996 dogmatibus
597 4942 627 4979 a
659 4923 895 4980 Macario
921 4923 1167 4996 Magnete
1195 4924 1493 4994 propositis
1523 4923 1605 4979 vel
1635 4924 1819 4978 defen-

235 5017 351 5084 sis,
393 5019 563 5072 altera
593 5017 662 5072 de
692 5017 961 5080 erroribus
998 5031 1062 5070 ac
1092 5017 1251 5069 navis
1283 5015 1526 5084 ejusdem
1567 5015 1651 5069 vel
1691 5029 1818 5070 vere

236 5113 325 5165 vel
356 5107 497 5165 falso
525 5109 807 5179 imputatis
845 5108 1103 5162 distincta
1133 5121 1297 5176 opera
1325 5116 1467 5177 aget.
1502 5106 1640 5161 Cum
1679 5120 1812 5160 vero

307 5337 426 5414 (87)
463 5334 978 5414 tionieraturuetiam
1024 5332 1192 5387 Andr.
1228 5333 1440 5389 Schotti
1489 5333 1815 5388 Bibliotheca

235 5405 334 5467 Ili};
349 5405 543 5478 ponite,
576 5423 627 5476 p.
654 5421 743 5478 Am.
775 5405 880 5460 545
914 5419 1029 5474 seq.

305 5473 429 5550 (88)
480 5473 778 5532 Promissis
823 5491 930 5530 non
979 5473 1128 5530 stetit
1171 5484 1406 5550 auc_t_or;_
1464 5474 1556 5530 sed
1599 5490 1705 5545 qua
1749 5473 1819 5530 de

262 5547 439 5615 ansa,
484 5565 554 5604 an
593 5557 770 5603 morte
799 5555 1146 5618 pmvcntus,
1187 5548 1346 5602 nobis
1395 5547 1814 5616 incompertum.

261 5638 304 5674 ,ο
324 5640 401 5676 ιτ.
444 5620 615 5674 Pun.

315 5694 427 5760 (89)
473 5692 568 5744 Ex.
618 5702 842 5760 causa;
893 5682 1068 5760 [Corn
1107 5699 1240 5750 vin,
1273 5686 1342 5760 5;
1384 5684 1551 5760 Marc.
1595 5701 1661 5751 ν,
1712 5685 1816 5760 ὃρξ

243 5754 435 5815 Matth.
463 5777 602 5824 ιιιι,
627 5759 722 5823 29,
757 5755 858 5822 5ος
890 5754 1061 5824 Exptl.
1095 5771 1244 5820 χχιιι,
1270 5755 1370 5815 ts;
1408 5757 1541 5810 Gen.
1571 5771 1728 5821 xvnr,
1753 5756 1820 5809 16

243 5841 405 5900 ut“
433 5822 606 5886 Exod.
638 5822 772 5898 χιιι,
801 5827 915 5896 ‘28;
947 5822 1053 5882 Job
1085 5841 1142 5897 ι,
1171 5825 1272 5895 11;
1302 5824 1437 5882 Gen.
1477 5842 1542 5898 ~t,
1577 5843 1616 5882 ιι
1645 5836 1700 5880 et
1732 5842 1811 5880 ιιι.

1920 4649 2046 4705 inde
2093 4652 2146 4703 in
2182 4648 2287 4704 isto
2333 4664 2497 4718 opere
2543 4649 2897 4715 conciliasse,
2938 4646 3222 4716 nodosque
3263 4646 3503 4702 maxime

1919 4741 2249 4812 impeditos,
2280 4742 2374 4812 qui
2411 4741 2705 4795 hodienum
2759 4741 2941 4796 adhuc
2973 4741 3314 4797 eruditorum
3349 4743 3504 4811 inge-

1921 4830 2010 4885 nia
2038 4841 2332 4900 torquent,
2365 4830 2518 4896 haud
2561 4830 2852 4886 infeliciter
2879 4831 3110 4886 solvisse
3139 4831 3502 4902 deprehendi-

1924 4937 2066 4976 mus.
2094 4922 2265 4991 Cujus
2307 4923 2384 4976 rei
2411 4925 2717 4993 exemplum
2750 4924 2992 4993 praebent
3022 4940 3108 4990 ea,
3139 4940 3260 4999 quae
3292 4923 3495 4979 Franc.
3568 4994 3570 4996 ν

1927 5011 2232 5074 Turrianus
2259 5012 2313 5066 in
2331 5013 2660 5083 Defensione
2700 5032 2794 5084 pro
2823 5015 3118 5070 canonibus.
3144 5016 3511 5085 apostolorum

1918 5116 1968 5160 et
2005 5105 2238 5176 epistolis
2268 5106 2578 5176 pontiﬁcum
2602 5149 2617 5174 ,
2646 5106 2741 5162 lib.
2774 5123 2852 5175 ιι,
2881 5123 2932 5163 c.
2967 5109 3021 5170 5,
3049 5123 3102 5178 p.
3134 5123 3209 5162 m.
3235 5105 3339 5160 120
3370 5110 3502 5179 (91),

1991 5333 2103 5406 (90)
2146 5331 2202 5390 In
2239 5347 2442 5388 comm.
2476 5332 2543 5387 ad
2578 5331 2714 5389 Gen.
2753 5349 2792 5387 t.

1995 5420 2107 5492 (9|)
2149 5419 2204 5473 In
2245 5417 2548 5488 fragmento
2577 5415 2669 5470 IX.

1993 5503 2107 5575 (9‘2)
2151 5502 2268 5558 Vid.
2298 5517 2418 5572 cap.
2453 5503 2485 5555 6
2515 5500 2804 5570 fragment.
2834 5497 2902 5553 ν.
3541 5551 3546 5556 .

1994 5588 2106 5659 (93)
2167 5587 2224 5641 In
2274 5585 2500 5659 scjtoliis
2558 5578 3506 5659 apo.loge_ticis__ad_ﬁgastitutioncs

1923 5650 2278 5785 qggstoloram
2317 5656 2504 5712 Gmce
2543 5650 2992 5710 editas'Venetiis
3022 5650 3195 5718 1565,
3237 5651 3294 5714 4,
3335 5668 3386 5721 p.
3428 5668 3503 5708 tn.

1996 5827 2110 5898 (9t)
2151 5824 2292 5886 Edit.
2324 5822 2504 5881 Latet.
2535 5820 2677 5893 apud
2705 5818 2833 5876 Seb.
2869 5816 3156 5874 Nivellium
3196 5817 3357 5887 1575,
3386 5817 3442 5876 8.
