3930 7156
551 267 574 322 Ι
586 265 689 323 379

1839 271 2196 330 MACARIUS
2230 272 2534 332 MAGNES.

3595 299 3694 362 nu

549 394 604 440 et
635 400 702 439 ex
730 398 798 439 eo
823 381 885 439 Β.
927 381 979 439 J.
1013 383 1133 439 Alb.
1175 383 1460 445 Fabricius
1490 390 1544 446 in
1587 353 1801 447 Delectu
1833 410 2114 464 argumen-
2146 407 2190 464 Α
2219 395 2308 453 hic
2359 397 2524 467 igitur
2589 397 2788 468 injuria
2844 397 3088 458 Macario
3138 399 3359 473 Magueti
3405 419 3430 459 a
3485 408 3692 476 Turrino

463 509 466 512 -
550 484 725 529 torum
773 485 824 530 et
865 475 1069 546 syllaba
1119 479 1435 547 scriptorum
1474 482 1539 537 de
1577 486 1792 538 veritate
1842 487 2114 556 religionis

549 566 898 634 Christiane,
928 583 984 638 p.
1014 568 1084 622 65
1102 609 1117 634 ,
1153 586 1219 625 ex
1257 571 1494 628 Macario
1521 573 1768 646 Magnete
1795 586 1983 634 nostro
2015 593 2117 649 pro

547 659 908 716 conciliandis
959 662 1416 732 evangelistarum
1478 667 1822 724 sermonibus
1874 671 2118 740 protule-

549 759 678 805 runt
702 769 716 805 :
752 748 870 804 Imo
900 752 1100 806 accedit
1130 754 1291 808 etiam
1313 755 1414 809 huc
1441 757 1734 827 exemplum
1767 760 2116 831 evangelista-

548 857 668 895 rum
700 841 866 912 (sunt
891 843 1057 898 verba
1094 843 1382 916 Turriani)
1404 889 1419 915 ,
1445 865 1573 919 quos
1601 851 1888 921 aliquando
1918 869 2021 908 non
2054 868 2120 908 ea:

547 935 664 1003 ipsa
692 935 908 989 veritate
932 935 1028 1004 rei,
1049 937 1140 991 sed
1163 954 1228 992 ea:
1250 939 1393 1009 vulgi
1411 943 1788 997 consuetudine
1806 952 1855 998 et
1875 945 2120 1014 opinione

548 1043 732 1080 nomen
759 1029 1044 1096 sumpsisse
1063 1069 1077 1093 ,
1112 1037 1299 1084 auctor
1325 1041 1403 1084 est
1435 1031 1700 1103 Magnetes
1736 1037 2117 1092 vetustissimus

547 1119 775 1186 scriptor
801 1118 1214 1188 ecclesiasticus,
1249 1121 1341 1176 lib.
1371 1138 1408 1175 ll
1432 1131 1483 1176 et
1510 1139 1542 1177 v
1576 1140 1705 1194 quos
1730 1137 1913 1180 contra
1953 1126 2118 1182 Theo-

546 1208 778 1263 sthenem
806 1209 1047 1281 gentilem
1093 1211 1205 1284 (95)
1237 1214 1647 1285 discrepantiam
1677 1219 2118 1290 evangelistarum

546 1309 594 1354 et
623 1298 732 1354 alia
761 1301 908 1354 nobis
939 1302 1077 1371 [also
1105 1304 1157 1357 in
1186 1302 1470 1375 Evangelia
1507 1307 1836 1375 objicientem
1885 1311 2116 1378 scripsit.

547 1393 637 1445 Ait
667 1395 836 1458 enim,
859 1411 953 1463 pro
979 1411 1038 1449 eo
1057 1437 1072 1462 ,
1096 1397 1232 1466 quod
1281 1415 1415 1452 unus
1452 1400 1770 1470 evangelista
1800 1401 1936 1456 dixit
1970 1401 2118 1473 (96).

551 1485 786 1539 «calamo
809 1489 1081 1556 spongiam
1105 1491 1550 1560 circumponentes
1563 1494 1788 1548 idixisse
1801 1496 1965 1548 alium
1983 1496 2118 1568 (97),

545 1584 756 1643 propter
807 1576 1211 1631 similitudinem
1270 1580 1512 1646 arbusti,
1574 1583 1843 1653 «hyssopo
1896 1585 2122 1639 circum-

545 1675 812 1734 ponentes,
839 1687 857 1719 ι
885 1684 1003 1721 cum
1033 1670 2122 1741 dicendmn,inquit,essettcalamoaltem

2218 487 2362 542 illata
2397 487 2473 556 (l)

2217 599 2244 672 §
2271 599 2360 656 ιν.
2381 599 2455 655 De
2480 600 2632 654 modo
2665 601 3051 681 interpretandi
3077 601 3404 681 §cripturant
3424 625 3609 681 sacram,
3627 621 3696 673 ad.

2581 688 2759 727 versus
2789 674 3029 727 eumdem
3068 672 3429 746 Porphyrium.

2288 766 2572 839 Proposito
2615 785 2761 826 nunc
2793 771 3095 841 specimine
3144 772 3324 844 aliquo
3361 781 3595 847 exegetico
3619 784 3701 842 lla-

2218 859 2351 915 carii
2401 859 2695 931 Magnetis,
2738 862 2791 916 in
2842 878 2953 933 quo
2989 863 3300 920 dissensum
3334 872 3698 940 evangelistarum

2217 964 2247 1004 a
2283 949 2585 1022 Porphyrio
2612 951 2888 1023 obiectum
2924 954 3077 1009 haud
3121 954 3318 1011 infelici
3345 974 3493 1029 opera
3516 978 3542 1018 a
3568 966 3702 1025 divino

2221 1056 2394 1096 sacrae
2441 1040 2738 1113 Scriptura;
2795 1044 2933 1101 libro
3002 1046 3224 1101 amoliri
3287 1051 3518 1119 tentavit;
3561 1061 3702 1126 paucis

2218 1129 2395 1184 adhuc
2421 1131 2774 1188 observamus
2792 1173 2807 1199 ,
2835 1132 3206 1205 Porphyrium
3236 1135 3612 1199 infensissimum
3639 1149 3698 1202 di-

2218 1221 2459 1290 sciplinae
2483 1222 2809 1279 Christianae
2840 1225 3054 1280 hostem
3076 1265 3092 1291 ,
3133 1241 3258 1281 cum
3299 1228 3434 1298 ipsas
3474 1247 3623 1292 sacras
3649 1241 3707 1295 lit-

2218 1317 2365 1365 teras
2381 1311 2686 1368 convellere
2705 1327 2812 1367 non
2836 1323 3044 1384 posset,
3065 1315 3301 1372 subinde
3323 1319 3468 1374 etiam
3483 1323 3705 1384 damnasse

2218 1401 2441 1456 modum
2472 1403 2861 1474 interpretandi
2897 1404 3236 1461 Christianis
3292 1409 3600 1480 scriptoribus
3626 1420 3705 1472 usi-

2220 1501 2390 1547 tatum
2411 1535 2425 1560 ,
2455 1510 2568 1564 quo
2594 1495 2743 1550 varia
2779 1495 3084 1567 Scriptura
3113 1500 3356 1566 oracula,
3392 1505 3574 1559 arcanis
3595 1508 3706 1576 plena

2217 1585 2524 1652 mysteriis,
2563 1601 2726 1642 sensu
2754 1589 3084 1659 quandoque
3135 1592 3366 1661 mystico
3403 1603 3453 1648 et
3491 1596 3706 1667 allegorica

2219 1670 2492 1739 explicare
2535 1674 2796 1730 solebant.
2849 1673 2996 1731 Istud
3040 1681 3436 1736 commentandi
3482 1699 3616 1753 genus
3641 1703 3706 1756 per

545 1759 684 1826 quod
712 1775 845 1812 unus
885 1761 1205 1831 evangelista
1242 1763 1354 1834 (98)
1382 1765 1551 1832 dixit,
1587 1783 1607 1816 ‹
1643 1767 1816 1820 vinum
1837 1809 1850 1834 ,
1883 1787 1901 1820 ι
1935 1785 2116 1824 rursus
2149 1755 2193 1814 Β
2219 1763 2587 1832 εκροεὶιίοιιεε
2613 1767 2818 1838 typicas
2847 1780 2901 1823 et
2932 1769 3263 1841 allegoricas
3292 1770 3605 1844 Porphyrium
3621 1794 3706 1847 gra-

544 1846 744 1899 dictum
775 1864 882 1901 esse
915 1868 932 1898 ι
960 1863 1165 1904 acetum
1188 1853 1322 1926 (99),
1355 1872 1372 1905 ι
1413 1856 1470 1908 in
1495 1873 1646 1910 cruce
1669 1859 1752 1926 (ea:
1779 1859 1958 1913 eodem
1979 1863 2117 1915 enim

545 1953 665 1990 vase
693 1941 860 2007 posito
888 1940 1208 2010 hauserunt,
1246 1962 1364 1998 cum
1393 1959 1694 2016 perventum
1727 1961 1804 2005 est
1833 1952 1902 2006 ad
1924 1951 2118 2007 Calva-

545 2025 682 2079 riam
714 2039 763 2082 et
793 2029 849 2082 in
878 2033 1062 2100 cruce)
1091 2036 1414 2102 prwsertim,
1439 2038 1645 2108 inquit,
1687 2057 1806 2095 cum
1839 2043 2000 2114 legem
2037 2045 2119 2098 hi-

543 2120 724 2174 storia:
761 2123 1091 2192 evangelista:
1127 2137 1412 2194 servarent,
1457 2130 1686 2202 nihilque
1731 2135 1877 2189 ultra
1923 2136 2118 2191 scribe-

544 2221 694 2278 rent,
739 2230 896 2283 quant
923 2217 1062 2286 quod
1103 2227 1227 2272 tunc
1269 2221 1542 2277 dicebatur
1581 2227 1635 2279 in
1662 2227 1756 2280 illo
1787 2229 2015 2283 tumultu
2055 2247 2118 2286 ac

544 2301 746 2370 furore.
781 2303 869 2358 Sic
897 2309 1035 2360 enim
1066 2309 1442 2366 existimarunt
1471 2315 1602 2384 fore,
1643 2326 1698 2370 ut
1727 2320 1951 2374 historia
1976 2325 2118 2378 omni

543 2396 842 2463 suspicione
865 2411 1086 2466 careret,
1110 2401 1158 2452 ei
1186 2401 1258 2472 μὴ
1277 2406 1695 2479 περιεργότερον
1711 2409 1826 2462 ἀλλ’
1847 2411 2117 2470 ἄπλαστον

541 2486 790 2560 εὑρεθείη
813 2489 913 2559 τῆς
941 2491 1181 2563 ἱστορίας
1203 2495 1264 2546 τὸ
1293 2497 1527 2568 γράμμα
1548 2539 1563 2562 ,
1609 2499 1666 2552 id
1711 2511 1818 2569 est,
1861 2505 1907 2557 si
1939 2505 2118 2561 littera

542 2578 780 2634 historia:
812 2597 914 2634 non
950 2584 1180 2652 curiosa,
1205 2585 1295 2639 sed
1329 2587 1551 2657 simplex
1585 2593 1917 2659 reperiretur.

614 2669 874 2737 Quamvis
915 2689 1045 2745 ergo
1093 2677 1436 2747 evangelistae
1470 2695 1536 2734 ex
1580 2684 1844 2738 sententia
1895 2685 2116 2742 Macarii

541 2758 806 2832 Magnetis
850 2763 1023 2834 legem
1081 2765 1325 2822 historia:
1368 2771 1738 2836 servaverint,
1785 2775 2116 2848 simplicitati

541 2851 834 2919 factorum,
864 2872 973 2911 non
1001 2857 1303 2914 curiositati
1326 2860 1951 2938 indulgentes,nihilque
1973 2870 2114 2926 ultra

540 2946 894 3016 scripserint,
926 2965 1089 3019 quam
1121 2952 1266 3022 quod
1312 2955 1415 3010 ista
1443 2965 1600 3011 aetate
1637 2961 2000 3016 communiter
2031 2962 2115 3017 di-

540 3040 768 3095 cebatur
793 3040 848 3094 in
879 3041 972 3096 illo
1001 3045 1236 3098 tumultu
1268 3061 1333 3100 ac
1359 3045 1544 3103 furore
1573 3051 1793 3119 populi;
1828 3053 1992 3108 nimis
2017 3071 2114 3109 au-

2219 1854 2358 1910 viter
2385 1855 2437 1910 in
2463 1856 2790 1915 Christianis
2823 1860 3102 1931 culpasse,
3147 1864 3303 1920 testis
3330 1876 3404 1920 est
3431 1865 3646 1924 Eusebius
3669 1871 3704 1924 iu

2217 1946 2648 2006 lnculentissimo
2679 1951 2772 2006 illo
2797 1952 2944 2018 loco,
2968 1970 3138 2025 quem
3166 1971 3234 2010 ex
3253 1955 3512 2029 Porphyrii
3539 1959 3642 2013 libro
3665 1977 3704 2015 ιιι

2217 2046 2405 2092 contra
2431 2037 2775 2099 Christianos
2805 2045 3035 2100 adduxit
3069 2045 3125 2100 in
3155 2046 3392 2102 Historia
3414 2049 3706 2116 ecclesiastica,

2216 2124 2310 2179 lib.
2342 2141 2424 2191 vt,
2462 2142 2583 2199 cap.
2631 2129 2717 2185 19.
2783 2129 3004 2188 Nullum
3045 2134 3211 2205 plane
3250 2146 3334 2192 est
3361 2137 3585 2204 dubium,
3615 2141 3709 2210 quin

2216 2215 2485 2274 Macarius
2535 2229 2723 2276 noster
2770 2223 2823 2277 in
2896 2225 3113 2298 integro
3174 2242 3336 2298 opere
3391 2228 3709 2298 Ἆποαριτικῶγ

2215 2309 2377 2363 etiam
2409 2310 2552 2366 hanc
2591 2312 2953 2382 ignorantiam
2988 2332 3180 2372 rerum
3223 2333 3488 2373 sacrarum
3530 2320 3708 2374 callidis-

2217 2401 2358 2456 simo
2385 2401 2700 2459 adversario
2727 2406 3001 2472 retexerit,
3026 2423 3198 2478 quem
3221 2409 3450 2479 alioquin
3480 2426 3568 2466 non
3589 2411 3708 2467 latere

2215 2501 2466 2562 poterat,
2506 2494 2623 2564 ipsa
2649 2498 2930 2567 gentilium
2965 2515 3129 2555 sacra
3173 2502 3435 2558 abstrusis
3464 2505 3706 2575 plerumque

2215 2583 2469 2639 sensibus
2517 2586 2721 2656 repleta
2763 2603 2885 2644 esse
2911 2589 3024 2661 (2);
3064 2591 3196 2648 licet
3228 2593 3283 2647 in
3334 2591 3602 2665 fragmentis
3625 2598 3706 2666 ejus

2215 2676 2599 2745 superstitibus
2630 2678 2766 2734 nihil
2795 2682 3098 2752 quidquam
3132 2685 3353 2742 obvium
3380 2687 3475 2751 sit,
3526 2688 3635 2757 quod
3659 2689 3703 2742 ad

2214 2765 2380 2837 hujus
2402 2770 2702 2840 argumenti
2729 2775 3216 2842 pertractationem
3241 2775 3423 2832 referri
3443 2787 3581 2848 queat
3601 2792 3612 2830 :
3634 2780 3704 2834 nisi

2220 2863 2368 2933 quod
2418 2876 2609 2921 auctor
2651 2876 2839 2922 noster
2888 2869 2942 2922 in
2972 2856 3228 2926 oratione
3260 2887 3370 2926 xvn
3418 2872 3468 2925 in
3505 2871 3703 2934 Genesin,

2213 2971 2340 3011 cum
2375 2956 2443 3012 de
2488 2957 2688 3014 tunicis
2714 2959 2953 3029 pclliceis
2980 2961 3293 3030 primorum
3329 2971 3579 3032 parentum
3605 2962 3703 3030 agit,

2215 3047 2357 3102 haud
2403 3048 2635 3104 obscure
2685 3060 2933 3114 asserat,
2969 3053 3203 3122 reperiri
3249 3053 3480 3123 quaedam
3523 3052 3568 3106 in
3605 3051 3706 3105 Scri-

539 3130 725 3185 dacter
751 3141 931 3187 tamen
956 3134 1151 3190 exinde
1182 3136 1386 3208 colligit
1413 3137 1738 3207 Turrianus,
1765 3158 1953 3200 sacros
1979 3147 2113 3200 scri-
2139 3113 2182 3173 θ
2215 3147 2374 3209 ptum
2404 3155 2558 3195 sacra
2579 3179 2594 3205 ι
2629 3157 2746 3211 qua:
2803 3159 2904 3196 ηοη
2935 3143 3230 3197 ("immani
3273 3143 3554 3197 "Maricam
3593 3144 3705 3195 im"

538 3233 722 3294 plores
760 3225 1055 3296 aliquando
1093 3243 1201 3282 non
1238 3245 1306 3284 ex
1345 3231 1462 3300 ipsa
1494 3234 1722 3290 veritate
1751 3237 1866 3304 rei,
1909 3239 2003 3294 sed
2045 3255 2112 3294 ex

538 3315 685 3385 vulgi
725 3319 1126 3374 consuetudine
1158 3329 1212 3375 ct
1242 3322 1500 3392 opinione
1543 3341 1743 3382 nomen
1787 3331 2109 3400 sumpsisse.

541 3404 717 3472 Quam
769 3411 1326 3469 accommodationem
1379 3414 1672 3487 Scriptura:
1729 3419 1797 3474 ad
1856 3437 2112 3478 erroneas

541 3500 825 3570 Opiniones
858 3511 914 3558 et
948 3506 1371 3564 consuetudines
1405 3510 1587 3580 vulgi,
1622 3528 1746 3567 cum
1773 3515 1999 3572 veritate
2033 3519 2111 3574 rei

542 3602 848 3664 pugnantes
873 3637 887 3659 ,
921 3596 1236 3666 neutiquam
1267 3614 1391 3654 cum
1421 3603 1669 3671 superius
1698 3605 1860 3660 allata
1889 3605 2109 3678 Magne-

542 3685 613 3740 tis
641 3685 812 3740 nostri
854 3684 1297 3756 iuterpretatione
1350 3700 1513 3762 atque
1554 3696 1933 3754 conciliatione
1979 3716 2111 3756 con-

537 3778 745 3845 venire,
763 3777 936 3834 cuivis
959 3779 1074 3835 haec
1101 3782 1336 3850 penitius
1367 3787 1730 3844 consideranti
1761 3793 2109 3862 perspicuum

539 3879 625 3925 est
653 3885 665 3922 :
701 3871 971 3940 siquidem
999 3873 1102 3927 alia
1136 3876 1360 3932 omnino
1389 3881 1655 3934 censenda
1688 3892 1772 3936 est
1802 3899 2110 3941 accommo-

538 3960 686 4016 datio
710 3961 778 4016 ad
806 3963 1122 4034 popularem
1156 3982 1370 4037 usuque
1399 3981 1672 4041 receptam
1701 3974 1956 4044 loquendi
1999 3975 2109 4032 for-

539 4066 721 4116 mam,
756 4053 860 4108 alia
888 4069 1018 4109 vero
1068 4057 1134 4110 ad
1171 4057 1374 4113 indocti
1407 4061 1554 4131 vulgi
1600 4063 1913 4133 praajudicia
1945 4075 2108 4138 atque

538 4158 784 4214 errores,
815 4146 930 4202 sive
959 4147 1014 4202 in
1047 4149 1211 4204 rebus
1243 4152 1614 4218 naturalibus,
1650 4155 1764 4210 sive
1807 4156 2106 4228 historicis,

539 4237 657 4292 sive
699 4239 1036 4307 moralibus,
1083 4239 1197 4296 sive
1243 4242 1564 4316 tbeologicis
1596 4257 1902 4304 versentur.
1951 4251 2108 4308 Absit

2213 3232 2600 3299 pretationem,
2665 3237 2756 3286 sed
2815 3234 3161 3304 allegoricam
3225 3238 3469 3290 rationem
3509 3235 3704 3306 exigant:

2224 3321 2476 3393 Ἐπειδὴ,
2510 3323 2704 3393 inquit,
2733 3325 2794 3378 τὸ
2817 3326 2943 3397 περὶ
2974 3327 3082 3382 τῶν
3108 3327 3354 3400 χιτώνων
3379 3329 3471 3400 τὴν
3498 3328 3706 3399 ἱστορικὴν

2212 3413 2468 3483 ἐκφεύγει
2495 3415 2746 3481 διάνοιαν,
2773 3416 2865 3470 καὶ
2893 3419 3193 3493 ἀναγωγῆς
3225 3422 3376 3491 λόγον
3407 3423 3606 3484 ἀπαιτεῖ,
3632 3429 3703 3474 etc.

2213 3521 2240 3592 ς
2268 3519 2333 3577 ν.
2363 3521 2618 3578 Doctrina
2647 3525 2709 3580 de
2738 3525 2865 3592 Deo,
2900 3538 2948 3582 et
2980 3546 3099 3584 vera
3135 3533 3446 3586 monarchia:
3464 3532 3622 3584 divina!
3650 3530 3704 3582 iu-

2405 3593 2539 3658 dole,
2571 3596 2820 3650 adversus
2848 3599 3259 3668 polgtheismum
3286 3603 3554 3672 gentilium.

2278 3681 2336 3737 in
2409 3682 2710 3755 fragmento
2767 3685 2812 3740 ll
2879 3691 3057 3760 operis
3135 3690 3529 3762 Ἀποκριτικῶν
3578 3689 3696 3744 Deum

2208 3776 2514 3832 rectissime
2544 3778 2618 3832 ita
2647 3781 2930 3848 describit,
2954 3784 3100 3853 quod
3133 3785 3288 3841 solus
3308 3785 3374 3840 sit
3396 3783 3619 3854 ἀγένητος
3638 3780 3701 3832 καὶ

2205 3864 2478 3930 δεσπόζων
2505 3867 2615 3922 τῶν
2639 3870 2904 3943 γενητῶν,
2929 3889 3032 3926 non
3059 3878 3269 3945 genitus
3299 3885 3346 3930 et
3373 3877 3424 3928 in
3443 3891 3538 3940 eos,
3556 3875 3624 3942 qui
3640 3887 3700 3940 ge-

2207 3958 2308 4012 niti
2329 3968 2470 4024 sunt,
2495 3961 2770 4031 imperium
2797 3965 3025 4032 habens;
3055 3955 3403 4039 mentemque
3428 3981 3561 4022 suam
3584 3963 3699 4034 paulo

2205 4060 2329 4121 post
2352 4051 2611 4108 disertius
2635 4055 2913 4125 explicans
2942 4058 3092 4113 addit
3123 4077 3137 4114 :
3169 4061 3301 4124 Θεὸς
3322 4059 3378 4112 δὲ
3408 4059 3547 4130 μόνος
3568 4057 3700 4126 ἅρχων

2207 4143 2301 4197 καὶ
2335 4145 2630 4217 μοναρχίαν
2655 4145 2793 4217 ἔχων
2819 4148 2960 4202 κατὰ
2990 4150 3252 4223 ἀλήθειαν
3282 4150 3508 4223 κυριεύει
3529 4147 3613 4200 τῶν
3638 4161 3700 4212 τε·

2205 4234 2402 4306 νητῶν,
2438 4237 2698 4308 ὑπάρχων
2730 4239 2991 4312 ἀγένητος
3011 4258 3024 4272 ο
3071 4247 3267 4314 κρατεί
3305 4243 3407 4296 τῶν
3437 4237 3697 4311 κτισμάτων,

524 4431 530 4452 ι
591 4435 720 4559 .895)
754 4437 902 4520 .Lege
920 4439 1124 4509 potius,
1148 4442 1217 4495 ad
1239 4440 1818 4526 Theosthenem-contra
1835 4449 2097 4532 gentilem.
2134 4457 2178 4514 D
2201 4472 2300 4512 aue
2322 4457 2459 4511 enim
2482 4459 2620 4527 quod
2649 4458 2906 4541 scriptum
2928 4470 3026 4542 est,
3051 4472 3209 4559 atque
3240 4465 3293 4516 in
3318 4462 3479 4540 prima
3495 4464 3571 4540 est
3595 4451 3696 4559 poti;

540 4502 605 4559 νι
652 4546 665 4559 .
707 4507 846 4559 DISS.
878 4521 1060 4559 nostra
1097 4510 1136 4559 Ι-
1169 4511 1195 4559 8
1226 4513 1312 4559 16-
1349 4512 1463 4559 th
1491 4531 1710 4559 rmmmp.
1742 4519 1948 4559 ηρηηιη
1972 4536 2102 4559 νην-η
2209 4538 2313 4559 ...ω
2345 4528 2614 4559 nutum...“
2648 4528 2815 4559 ι’..ηηιη
2875 4531 2929 4559 ,Α
2959 4547 3092 4559 μη...
3145 4543 3293 4559 μη..-
3319 4543 3360 4559 η.
3409 4531 3579 4559 Αηηυ..
3637 4540 3671 4559 «ι

591 4523 665 4559 ιιι.

707 4507 863 4586 υἱξεῖ
878 4507 1136 4586 nostra],
1169 4511 1196 4583 §
1226 4513 1312 4567 l6.
1349 4512 1463 4569 Sub
1491 4515 1710 4570 nomine
1741 4507 1948 4586 geniilis
1972 4536 2102 4575 vero

537 4575 896 4659 Porphyrium
953 4575 1194 4659 intelligi
1229 4591 1479 4659 tamen
1498 4587 1709 4641 ratione
1741 4575 1957 4653 aetatis,
1995 4606 2101 4659 qua

541 4647 796 4730 scripsit2
833 4656 951 4730 tum
975 4666 1063 4730 _ex
1106 4647 1227 4708 aliis
1273 4654 1409 4710 locis
1454 4653 1881 4724 fragmentorum
1929 4647 2103 4730 ips-ius

537 4715 832 4771 verisimile
862 4719 1122 4775 redditur.

759 4786 945 4863 Matth.
979 4806 1147 4863 xxvii,
1179 4792 1275 4863 48;
1305 4793 1472 4859 Marc,
1501 4811 1592 4863 xv,
1627 4797 1716 4853 56.

757 4855 903 4932 ἕως.-
927 4873 1080 4924 xxtu,
1113 4855 1399 4925 56:10am
1431 4855 1547 4932 xIx,
1577 4855 1675 4922 ἐξ).

629 4857 718 4925 97)
757 4857 890 4910 Luc.
927 4873 1080 4924 xxtu,
1113 4862 1214 4925 56;
1240 4862 1399 4919 Joan.
1431 4857 1547 4932 xIx,
1577 4857 1675 4922 ἐξ).

755 4925 945 5004 Matth.
974 4945 1150 5004 xxvi},
1183 4932 1272 5001 54,
1297 4935 1404 5001 48;
1435 4936 1602 4992 Marc.
1639 4953 1728 5004 xv,
1765 4937 1852 4994 25.

605 4995 718 5066 (99)
755 4995 914 5052 Joan.
947 5014 1057 5064 xIx,
1087 5001 1181 5057 29.

605 5064 684 5151 (ξ)
725 5067 1070 5151 Contrarium
1111 5069 1293 5151 potius
1333 5075 1530 5151 asserit
1575 5074 1846 5151 Macarius
1881 5078 2102 5151 Magnes

533 5134 599 5213 in
621 5135 924 5213 fragmento
953 5137 999 5213 ιι
1017 5134 1290 5213 ὀιιἹίιιι-ῇε
1319 5143 1767 5213 μἈποκριτικῶν,
1813 5152 1942 5203 dum
1971 5134 2097 5206 3n;

533 5207 608 5288 οι)
642 5206 746 5277 μὴν
776 5206 918 5286 λέξις
941 5209 1205 5294 ονοματος
1240 5211 1447 5294 βεϐαιοῖ
1471 5206 1889 5294 τῖε-λεγόμενον,
1923 5220 2036 5274 ἀλλ’
2062 5223 2096 5294 ἡ

531 5275 814 5357 (priuigno?)
848 5275 1169 5357 npdyttaxog
1202 5275 1484 5357 ubpoijrilv
1512 5275 1786 5357 ἀλήθειαν.
1834 5275 1956 5342 Non
1983 5275 2099 5345 verb

533 5347 760 5426 nominis
797 5347 1081 5426 appellatio
1107 5347 1289 5426 verum
1312 5347 1461 5426 efﬁcit
1486 5357 1562 5419 id,
1587 5347 1725 5426 quod
1753 5360 1973 5425 dicitur,
2006 5362 2098 5417 sed

530 5414 759 5497 ipsq‘re'i
795 5414 989 5497 natura
1015 5420 1264 5497 dictionis
1294 5414 1564 5497 veritatem
1597 5414 1897 5497 conﬁrmat.

603 5486 680 5554 (Ξ)
719 5485 835 5564 Qua
874 5490 940 5544 de
985 5505 1042 5544 re
1075 5491 1333 5562 legendus
1375 5496 1430 5548 in
1482 5497 1675 5564 primis
1696 5485 1794 5554 'est
1823 5499 2098 5558 Arnobius

528 5553 688 5637 nus
710 5557 973 5637 Adversus
1001 5553 1208 5637 gente},
1240 5579 1293 5633 p.
1331 5579 1404 5618 ιιι.
1443 5553 1545 5621 {"79
1573 5582 1726 5637 seqq.
1755 5553 2096 5635 Errasrin:

529 5625 670 5692 quit,
687 5637 749 5706 et.
765 5626 958 5706 laberis
972 5671 987 5694 ,
1002 5625 1256 5703 'satisque'
1276 5644 1323 5687 te
1348 5651 1458 5689 esse
1479 5625 1803 5706 imperitum,
1827 5625 2096 5695 indoctum

517 5709 595 5774 .ac
618 5697 870 5752 rusticum
901 5701 1015 5769 ipsa
1047 5697 1219 5758 rerum
1250 5697 1590 5763 insectatione
1615 5697 1964 5768 demonstras.
1985 5710 2095 5789 Ne-

2207 4479 2300 4512 oue
2322 4479 2459 4511 emm
2482 4479 2618 4527 quoa
2649 4479 2906 4528 scriptum
2928 4479 3026 4526 est,
3051 4479 3104 4516 at
3147 4479 3209 4517 ue
3240 4480 3293 4516 ιη
3318 4479 3479 4531 prima
3503 4479 3568 4512 eu
3595 4479 3696 4523 post-

2207 4538 2315 4581 tum
2345 4528 2616 4602 verborum
2643 4528 2844 4602 ﬂante,
2875 4531 2929 4582 id
2955 4479 3293 4602 signiﬁcatur
3314 4543 3360 4602 et
3406 4530 3602 4589 dicitur,
3634 4521 3696 4602 sed

2206 4597 2506 4676 allegoricis
2540 4598 2775 4676 sensibus
2804 4610 2853 4652 et
2867 4597 3158 4676 subditivjs
3198 4601 3540 4676 intelliguntur
3566 4597 3693 4676 efﬁgia

2206 4667 2300 4744 illa
2313 4661 2552 4721 secretis.
2581 4666 2608 4720 Ι
2616 4669 2878 4744 taquequi
2897 4670 3075 4744 dicit,¢
3087 4669 3220 4726 Cum
3249 4689 3342 4726 sua
3363 4661 3609 4744 concubuit
3624 4661 3694 4714 lu-

2204 4739 2343 4820 piter
2368 4747 2557 4818 matre,
2581 4756 2598 4788 ι
2620 4734 2736 4820 .non
2763 4734 2987 4820 incestas
3009 4734 3275 4820 signiﬁcat
3297 4750 3385 4820 aut
3417 4734 3691 4820 propudiosa

2217 4806 2425 4882 Veneris
2461 4809 2863 4882 complexiones,
2885 4810 2972 4863 sed
2995 4804 3177 4882 Jo'vem
3205 4829 3297 4882 pro
3322 4804 3510 4882 pluvia,
3526 4820 3604 4873 pro
3624 4804 3690 4853 tel-

2203 4877 2596 4956 lurenCererem
2623 4879 2892 4946 nominat,
2917 4890 3023 4956 etc.
3054 4877 3215 4936 Coan
3244 4877 3580 4956 Theodoretus
3604 4886 3691 4956 cog:

2204 4955 2288 5000 tra
2316 4946 2710 5026 ercos_serm.
2729 4963 2829 5026 ιιι..
2944 4951 3016 5005 44
3055 4966 3170 5026 seq.
3197 4970 3211 5019 ;
3243 4952 3347 5026 Jul.
3377 4946 3608 5026 irmicns

2201 5033 2379 5096 inore
2422 5017 2632 5096 profari.
2665 5016 3013 5096 religionum,
3045 5016 3264 5096 aliique,
3298 5021 3429 5096 Quin
3466 5016 3688 5096 (ξείνου-ιιι

2199 5085 2558 5156 Porphyrium
2594 5102 2702 5167 non
2739 5085 2848 5141 uno
2874 5089 3013 5144 libro
3051 5085 3264 5147 Homeri
3293 5085 3492 5167 tabulas
3526 5085 3687 5167 integtt'

2205 5151 2851 5230 merita:pt:aestantiorum
2882 5175 3003 5214 esse
3051 5176 3232 5216 rerum
3254 5203 3269 5227 ,
3314 5163 3365 5215 in
3395 5156 3565 5230 quibus
3586 5151 3682 5230 908'

2201 5235 2345 5280 mata
2367 5227 2434 5308 de
2454 5225 2576 5308 Deg
2589 5227 2862 5308 rebusque
2899 5230 3212 5308 cmlcstibus
3239 5225 3682 5308 lateanthdocuissrfz

2199 5297 2493 5352 ostendunt.
2534 5285 3372 5380 Qumstiohesgjus¥ﬂomericte,
3406 5285 3682 5380 libellai/1:

2198 5375 2351 5456 qntro
2379 5368 2725 5437 nympharum
2765 5379 2818 5423 et
2859 5369 3080 5425 Moralis
3115 5368 3682 5456 interpretationerrmjl:

2500 5439 2602 5456 ,μη
2989 5441 3022 5456 ν.
3225 5444 3236 5456 .
3500 5450 3547 5456 η
3611 5442 3659 5456 ,,,

2204 5433 2440 5522 μίυεεὶδ,
2499 5433 2610 5522 imo
2659 5439 2931 5522 peculiare
2977 5433 3396 5522 ejus_volurueu
3437 5433 3682 5522 ΛΠερξξῇς

2196 5498 2491 5580 ᾁλῖηγορου
2501 5498 2674 5580 μένηέ
2697 5507 2962 5580 Ἑλλήνων
2989 5498 3082 5564 δῖα).
3106 5511 3406 5580 Αἰγυπτίων
3429 5498 3678 5580 Decimii-ii

2196 5575 2275 5652 pe
2299 5574 2584 5652 allegorica
2608 5574 2910 5652 Graecorum
2930 5589 2980 5634 et
3009 5574 3375 5652 1Eggptiorum
3397 5574 3628 5652 theologi“

2196 5644 2333 5701 ﬁdes
2375 5633 2609 5701 Eusebio
2653 5649 2899 5704 habenda
2939 5633 3612 5709 festiit’dniiwCudwortlius
3642 5635 3681 5686 in

2197 5715 2492 5792 Systemate
2518 5717 2882 5788 intellectuali,
2906 5736 2957 5792 p.
2990 5737 3064 5777 m.
3092 5721 3214 5778 57!.
3710 5739 3715 5744 '
