3972 6318
310 369 445 425 1581

1470 375 1752 432 NOTITIA
1789 375 1878 432 ET
1915 373 2364 432 FRAGMENTA.

3413 374 3438 427 1
3449 373 3556 428 582

309 487 565 551 ἄκτιστος
589 485 663 540 ὣν
691 487 787 542 καὶ
815 489 1049 562 ἄναρχος
1070 530 1084 555 ,
1118 490 1180 545 οὐ
1209 490 1319 548 τῶν
1355 493 1577 564 ὁμοίων,
1600 493 1736 548 ἀλλὰ
1764 492 1874 548 τῶν

1981 491 2082 546 lius
2129 491 2460 565 monarchae,
2495 497 2645 547 tanto
2692 491 3023 548 luculentius
3054 505 3086 547 a
3112 489 3262 548 falsis
3296 491 3546 565 ﬂctisque

309 576 580 648 ἀνομοίων
606 579 930 652 ἡγεμονεύει
953 581 1268 652 κηδόμενος.
1300 581 1417 638 Hoc
1448 595 1532 640 est
1564 603 1578 639 :
1614 584 1754 640 Deus
1789 601 1883 639 au-

310 676 414 722 tem
439 667 584 722 solus
610 669 892 739 imperium
932 689 994 726 ac
1029 674 1390 729 monarchiam
1415 676 1630 739 habens,
1657 676 1756 744 iis,
1788 675 1879 745 qui

308 758 471 827 geniti
509 768 668 826 sunt,
696 776 802 814 non
823 762 1023 832 genitus
1056 772 1245 833 prteest
1265 806 1282 832 ,
1325 774 1594 820 creaturas
1617 765 1879 820 increatus

306 857 358 901 et
381 849 644 919 principio
671 866 854 905 carens
878 854 935 905 in
959 862 1213 921 potestate
1239 855 1411 921 habet,
1443 872 1506 910 ac
1532 872 1632 910 non
1654 855 1874 921 similes,

306 941 398 994 sed
427 941 712 996 dissimiles
733 943 979 1010 providus
1003 946 1156 1014 regit.
1177 944 1516 1016 Quapropter
1531 954 1586 1002 et
1603 947 1877 1012 eumdem,

305 1040 556 1101 respectu
586 1032 774 1088 habito
807 1035 875 1088 ad
904 1035 1324 1107 polytheismum
1357 1037 1637 1106 gentilium
1661 1077 1676 1100 ,
1717 1036 1876 1110 μόνον

306 1123 558 1194 ἀληθινὸν
595 1125 832 1196 ἄρχοντα
859 1123 1025 1195 Θεὸν,
1069 1129 1240 1184 solum
1284 1145 1461 1183 verum
1493 1130 1876 1186 dominatorem

307 1213 476 1268 Deum
518 1227 834 1286 nuncupat:
876 1233 1041 1288 quam
1083 1219 1307 1290 phrasin
1355 1229 1517 1291 atque
1559 1222 1734 1277 ideam
1782 1236 1876 1276 su-

307 1305 480 1373 premi
506 1304 759 1361 Numinis
786 1321 852 1362 ex
879 1307 1000 1376 ipso
1026 1307 1088 1361 D.
1129 1306 1296 1363 Paulo
1321 1308 1536 1378 repetiit
1565 1307 1584 1361 l
1612 1307 1754 1362 'l‘im.
1795 1324 1871 1374 vr,

305 1397 410 1461 15,
464 1397 558 1461 16,
608 1398 700 1452 ubi
747 1397 888 1454 Deus
928 1398 1128 1454 dicitur
1197 1401 1226 1455 ὁ
1264 1400 1529 1472 μακάριος
1571 1400 1666 1454 καὶ
1717 1399 1874 1470 μόνος

305 1487 574 1560 δυνάστης
593 1529 608 1553 ,
639 1489 839 1558 quibus
872 1488 1053 1543 verbis
1080 1488 1138 1545 S.
1165 1489 1462 1559 Apostolus
1492 1499 1871 1560 argumentum

303 1595 448 1636 verte
485 1579 736 1645 deitatis,
783 1581 1191 1650 omnipotentiae
1222 1588 1385 1651 atque
1427 1581 1761 1635 monarchias
1790 1581 1874 1635 di-

301 1673 445 1728 vinae
474 1671 800 1742 suppeditat.
846 1672 1022 1742 Atque
1055 1671 1107 1726 id
1138 1672 1314 1742 ipsum
1343 1678 1461 1738 est,
1503 1670 1649 1741 quod
1694 1669 1873 1725 Maca-

303 1764 420 1818 rius
453 1771 637 1818 noster
662 1761 817 1833 juxta
851 1777 974 1818 cum
1005 1762 1128 1818 aliis
1161 1761 1414 1818 Patribus
1449 1761 1738 1832 primitivae
1769 1761 1872 1816 Ec—

300 1855 486 1910 clesia:
531 1855 890 1908 monarchiam
937 1854 1034 1909 Dei
1065 1864 1260 1921 vocat,
1312 1854 1568 1909 nimirum
1607 1853 1870 1909 unitatem

303 1955 469 2016 atque
492 1945 854 2016 principatum
885 1947 997 2002 veri
1024 1956 1078 2002 et
1108 1946 1416 2002 essentialis
1451 1945 1568 2009 Dei,
1605 1946 1661 2000 in
1703 1960 1875 2016 oppo-

306 2037 508 2092 sitione
534 2036 601 2091 ad
634 2035 922 2091 πολυθείαν
948 2053 1042 2094 seu
1082 2037 1488 2093 multitudinem
1517 2036 1745 2092 deorum
1772 2034 1877 2091 fal-

298 2123 495 2186 Sor-um
527 2124 670 2199 apud
698 2125 950 2195 gentiles.

377 2239 405 2310 ᾗ
437 2237 525 2294 Vl.
566 2235 910 2294 Continuatio
931 2235 1164 2310 ejusdem
1198 2234 1515 2310 argumenti,
1543 2249 1610 2290 ea:
1632 2235 1802 2290 verbis

700 2310 768 2364 ι).
804 2305 962 2364 Pauli
993 2304 1020 2359 Ι
1049 2306 1173 2361 Cor.
1206 2304 1323 2371 Vill,
1355 2305 1409 2368 5,
1437 2304 1491 2359 6.

379 2401 830 2472 Quandoquidem
881 2401 1050 2472 igitur
1093 2397 1314 2455 Grazcus
1356 2397 1460 2456 iste
1516 2396 1876 2471 philosophus

306 2511 432 2551 cum
485 2494 724 2550 Macario
773 2502 965 2550 nostro
1010 2493 1298 2563 disputans
1346 2507 1414 2547 ex
1469 2486 1878 2562 comparatione

306 2587 529 2642 Adriani
561 2586 875 2641 monarchae
903 2601 1027 2642 cum
1061 2584 1173 2640 Deo
1215 2584 1507 2640 monarcha
1554 2585 1878 2648 afﬁrmabat,

306 2678 473 2734 Deum
514 2695 616 2732 non
649 2678 858 2748 proprie
893 2676 1231 2731 monarcham
1258 2685 1494 2730 vocatum
1524 2676 1614 2739 iri,
1643 2676 1745 2729 nisi
1776 2676 1879 2730 diis

306 2771 606 2841 imperaret,
631 2771 722 2840 qui
766 2769 1000 2839 ejusdem
1028 2783 1146 2822 cum
1171 2768 1286 2836 ipso
1317 2777 1488 2822 essent
1515 2774 1720 2822 natura:
1737 2783 1756 2830 ;
1785 2780 1880 2822 eos

306 2877 456 2929 vero,
500 2875 642 2930 quos
675 2858 970 2915 Christiani
1009 2857 1232 2928 angelos
1269 2866 1485 2921 vocant,
1514 2871 1546 2912 a
1591 2857 1882 2928 gentilibus

305 2951 440 3008 deos
467 2952 596 3018 dici,
619 2967 683 3007 ac
705 2959 914 3005 natura:
944 2949 1139 3004 divinae
1167 2957 1448 3004 consortes
1475 2963 1596 3004 esse
1629 2949 1706 3020 (5)
1744 2967 1758 3003 :
1791 2963 1883 3003 ve-

306 3059 424 3098 ram
463 3040 1016 3098 monarchias'divinae
1049 3039 1283 3094 indolem
1330 3045 1521 3094 contra
1568 3037 1882 3108 philosophi

306 3135 472 3206 hujus
521 3133 859 3204 sophismata
904 3131 1143 3186 vindicat
1187 3128 1458 3186 Macarius
1502 3129 1745 3201 Magnes,
1776 3144 1876 3184 nec

306 3229 384 3283 rei
413 3243 477 3282 ex
503 3227 744 3294 nomine,
774 3227 866 3282 sed
893 3225 1131 3282 nominis
1159 3240 1226 3280 ex
1254 3241 1312 3280 re
1339 3225 1618 3280 veritatem
1644 3223 1879 3295 pendere

305 3322 664 3376 demonstrat.
694 3318 775 3376 ita
801 3319 948 3376 enim
991 3319 1050 3374 in
1094 3317 1396 3390 fragmento
1422 3317 1468 3374 ll
1497 3319 1675 3389 operis
1715 3319 1880 3373 Ἀπο-

307 3410 586 3482 κριτικῶν
621 3411 911 3482 respondet
945 3429 959 3466 :
995 3409 1103 3465 Καὶ
1151 3409 1212 3463 οὐ
1260 3411 1476 3475 πάντως
1506 3412 1570 3464 ὲκ
1600 3411 1701 3481 τῆς
1731 3413 1878 3482 ὁμω-

305 3505 506 3576 νυμίας
532 3503 658 3575 μίαν
690 3505 821 3574 ἡμῖν
854 3503 950 3575 τὴν
983 3501 1143 3572 φύσιν
1163 3502 1192 3554 6
1213 3501 1369 3571 λόγος
1396 3502 1686 3574 ἐδήλωσεν.
1711 3543 1726 3556 .
1753 3541 1767 3556 .
1803 3503 1878 3558 Οὐ

311 3596 410 3666 μὲν
443 3593 588 3661 λέξις
613 3593 874 3664 ὀνόματος
911 3591 1114 3662 βεϐαιοῖ
1140 3591 1200 3645 τὸ
1226 3590 1536 3662 λεγόμενον,
1563 3591 1678 3646 ἀλλ’
1711 3591 1745 3662 ἠ
1776 3592 1879 3662 φύ-

308 3703 393 3750 σις
422 3685 516 3739 τοῦ
553 3685 877 3756 πράγματος
922 3684 1078 3754 κυροῖ
1113 3681 1213 3754 τὴν
1239 3680 1719 3754 ἀλήθειαν.”Αρχει
1751 3682 1880 3751 γοῦν

306 3777 370 3851 δὴ
421 3777 532 3832 τῶν
577 3777 736 3840 θεῶν,
770 3776 864 3830 καὶ
891 3773 1161 3839 δεσπόζει,
1187 3773 1282 3827 καὶ
1309 3776 1518 3846 κρατεῖ,
1556 3774 1653 3845 οὐχ
1699 3774 1774 3838 ὼς
1799 3771 1880 3840 εἷς

303 3867 488 3922 αὐτῶν
519 3868 778 3939 ὑπάρχων
813 3867 879 3920 ἐκ
908 3865 1007 3936 τῆς
1029 3864 1363 3936 ὁμωνυμίας,
1392 3864 1526 3918 ἀλλὰ
1563 3865 1720 3936 μόνος
1749 3865 1879 3934 ἀγέ-

309 3977 468 4032 νητος
495 3958 590 4024 ὢν,
617 3959 713 4012 καὶ
733 3955 1008 4020 δεσπόζων
1033 3954 1142 4008 τῶν
1169 3953 1435 4026 γενητῶν,
1464 3971 1516 4008 κ.
1551 3971 1602 4008 τ.
1630 3954 1680 4007 λ.
1701 3954 1881 4027 Neque

307 4067 528 4123 prorsus
561 4050 623 4105 ob
654 4049 882 4103 nominis
911 4046 1328 4100 comntunionem
1369 4046 1604 4100 eamdem
1646 4063 1755 4101 esse
1800 4063 1881 4101 re-

310 4161 431 4198 rum
454 4142 818 4212 cognominum
845 4147 1096 4192 naturam
1140 4139 1278 4191 ratio
1306 4137 1454 4191 nobis
1484 4137 1878 4193 demonstrat...

313 4234 496 4305 Neque
517 4251 636 4289 veru
669 4231 899 4288 nominis
932 4229 1217 4299 appellatio
1246 4245 1422 4283 verum
1448 4228 1599 4297 eﬁicit
1631 4228 1708 4294 id,
1743 4229 1904 4299 quod,

317 4329 537 4395 dicitur,
565 4326 655 4380 sed
684 4326 800 4395 ipsa
843 4325 916 4378 rei
961 4335 1155 4377 natura
1197 4321 1421 4374 nominis
1453 4321 1724 4375 veritatem
1754 4339 1879 4376 con-

311 4419 514 4489 ﬁrmat.
552 4415 786 4486 Imperat
814 4417 990 4480 itaque
1023 4413 1126 4466 diis
1157 4422 1206 4466 et
1233 4411 1561 4476 dominatur,
1589 4419 1640 4464 et
1665 4426 1751 4465 eos
1780 4411 1883 4466 sibi

1981 581 2265 652 gentilium
2303 581 2411 637 diis
2441 580 2826 649 distingueret,
2860 579 3143 650 ipsamque
3191 579 3552 637 substantiam

1980 673 2050 728 ab
2102 670 2450 743 homonymia
2499 678 2845 736 secerneret,
2901 669 3340 727 Christianorum
3387 687 3555 730 causa

1980 763 2261 834 subjungit
2303 762 2674 817 testimonium
2711 761 2770 819 S.
2803 760 2958 816 Pauli
2991 777 3056 817 ex
3102 761 3124 814 ι
3165 761 3293 817 Cor.
3331 779 3447 829 vm,
3497 765 3554 830 5,

1978 852 2034 919 6,
2064 853 2290 923 petitum
2319 871 2334 908 :
2363 851 2548 916 Οὕτως
2569 853 2598 905 6
2641 853 2962 918 Ἀπόστολος
2985 853 3073 906 ἵνα
3095 853 3193 924 τὴν
3224 853 3389 919 ὅντως
3418 855 3558 910 διδά-

1978 943 2045 1017 ξῃ
2065 943 2330 1015 Θεότητα,
2353 945 2448 999 καὶ
2473 945 2571 1014 τὴν
2594 943 2780 997 οὐσίαν
2808 946 2873 997 ὲκ
2897 943 2999 1014 τῆς
3023 944 3337 1014 ὁμωνυμίας
3358 946 3562 1018 διακρί-

1975 1049 2072 1098 νας
2120 1032 2336 1106 ἐλέγξῃ,
2363 1034 2479 1098 ,καὶ
2509 1036 2600 1087 τὸν
2634 1033 2733 1104 μὲν
2780 1034 2899 1086 κατ’
2925 1033 3115 1088 οὐσίαν
3146 1034 3298 1100 Θεὸν,
3335 1036 3428 1089 καὶ
3463 1053 3561 1090 κυ-

1978 1122 2109 1194 ρίως
2141 1123 2363 1194 Κύριον,
2405 1123 2530 1186 τοὺς
2560 1123 2618 1176 δὲ
2649 1125 2714 1194 τῇ
2755 1122 2900 1175 θέσει
2945 1122 3099 1186 θεοὺς
3130 1124 3223 1177 καὶ
3263 1125 3324 1177 οὑ
3356 1126 3559 1196 κυρίως

1974 1214 2041 1283 τῇ
2074 1211 2260 1283 κλήσει
2292 1211 2506 1285 μηνύσῃ
2535 1215 2648 1275 τοῖς
2679 1211 2967 1283 μαθηταῖς,
3000 1211 3166 1282 φησί’
3197 1214 3305 1267 Καὶ
3333 1216 3443 1284 γὰρ
3469 1218 3555 1268 ετ-

1975 1314 2088 1368 περ
2117 1299 2238 1355 εἰσί
2270 1301 2416 1364 θεοὶ,
2447 1298 2649 1369 ὥσπερ
2685 1295 2798 1354 οὖν
2828 1301 2944 1354 εἰσὶ
2977 1301 3075 1354 καὶ
3099 1303 3286 1370 κύριοι
3317 1305 3555 1382 πολλοὶ,

1973 1391 2109 1444 ἀλλ’
2142 1391 2284 1460 ἡμῖν
2312 1386 2401 1457 εἷς
2428 1390 2590 1456 Θεὸς,
2621 1391 2690 1455 ἐξ
2717 1387 2787 1446 οὗ
2833 1390 2904 1443 τὰ
2942 1391 3159 1455 πάντα,
3192 1394 3290 1446 καὶ
3320 1389 3407 1460 εἷς
3437 1397 3557 1449 Κύ-

1963 1499 2096 1549 ριος
2145 1482 2396 1550 Ἰησοῦς,
2443 1476 2611 1537 δι’οὗ
2659 1485 2731 1536 τὰ
2771 1481 2986 1536 πάντα.
3007 1473 3170 1556 Ὁρᾷς
3199 1486 3346 1548 ὅπως
3385 1486 3554 1554 λέγει,

1971 1572 2072 1626 καὶ
2104 1571 2212 1643 γὰρ
2248 1574 2416 1642 εἴπερ
2437 1575 2556 1628 εἰσὶ
2581 1574 2702 1629 θεοὶ
2733 1572 2874 1643 (ἀντὶ
2901 1573 3017 1637 τοῦ,
3065 1577 3136 1645 τῇ.
3177 1575 3360 1646 κλήσει
3397 1577 3559 1646 μόνον

1979 1661 2115 1727 θεοὶ,
2143 1663 2203 1716 ού
2237 1663 2340 1734 μὴν
2376 1664 2580 1736 κυρίως
2605 1663 2762 1735 θεοὶ),
2781 1665 2918 1719 ἀλλ’
2935 1665 3080 1734 ἡμῖν
3103 1659 3195 1733 εἷς
3217 1667 3379 1733 Gelo,
3405 1686 3560 1722 τουτυ

1973 1753 2120 1809 ἐστιν
2159 1755 2188 1807 6
2221 1755 2390 1819 ὅντως
2415 1755 2569 1822 Θεὸς,
2596 1748 2656 1808 οὗ
2694 1756 2793 1826 τῆς
2830 1757 3018 1820 οὐσίας
3038 1759 3066 1809 ὁ
3093 1757 3248 1826 λόγος
3290 1761 3559 1830 μαρτυρεῖ

1972 1847 2038 1916 τῇ
2063 1846 2306 1916 Θεότητι.
2335 1844 2449 1900 Hoc
2475 1854 2560 1900 est
2591 1864 2604 1899 :
2633 1845 2723 1900 Sic
2752 1847 3054 1915 Apostolus,
3105 1857 3161 1902 ut
3198 1866 3372 1902 verum
3407 1849 3556 1904 Divi-

1974 1937 2196 1990 nitatem
2239 1936 2548 2002 ostenderet,
2603 1936 3057 2009 substantiamque
3102 1938 3164 1992 ab
3215 1939 3552 2010 homonymia

1974 2043 2240 2082 secernens
2268 2026 2583 2090 declararet,
2612 2043 2673 2079 ac
2700 2026 2864 2080 Deum
2897 2029 3106 2098 quidem
3133 2029 3302 2099 ipsum
3326 2031 3551 2084 essentia

1975 2117 2145 2172 Deum
2193 2135 2304 2173 esse
2332 2127 2381 2173 et
2413 2119 2621 2189 praprie
2651 2118 2970 2184 Dominum;
3023 2120 3158 2174 alios
3205 2131 3381 2175 autem
3430 2120 3546 2174 ado-

1973 2211 2149 2280 ptione
2174 2212 2318 2278 deos,
2357 2229 2448 2265 nec
2471 2213 2684 2282 proprio
2710 2213 2915 2265 nomine
2951 2213 3242 2282 appellatos
3284 2212 3544 2276 inaueret,

1976 2301 2252 2372 discipulis
2296 2304 2407 2356 suis
2435 2303 2512 2357 ait
2549 2319 2566 2357 :
2599 2319 2620 2354 ι
2649 2301 2860 2356 Etenim
2901 2305 2948 2356 si
2991 2304 3068 2356 dii
3101 2314 3219 2356 sunt
3262 2320 3324 2357 ac
3351 2303 3553 2358 domini

1977 2394 2154 2463 multi,
2183 2405 2240 2451 ut
2289 2409 2344 2451 re
2389 2394 2504 2468 ipsa
2549 2403 2694 2464 sunt,
2727 2405 2782 2448 at
2821 2393 2966 2447 nobis
3011 2411 3145 2448 unus
3174 2395 3312 2448 Deus
3343 2405 3442 2458 est,
3488 2411 3554 2450 ea:

1975 2505 2077 2560 quo
2109 2490 2309 2554 omnia,
2335 2498 2384 2543 et
2405 2506 2538 2544 unus
2562 2489 2816 2544 Dominus
2833 2489 3007 2557 Iesus,
3033 2503 3125 2560 per
3144 2504 3295 2561 quem
3318 2489 3547 2544 omnia.»

1988 2580 2168 2644 Vides,
2213 2590 2269 2634 ut
2301 2581 2468 2644 dicat,
2519 2598 2538 2632 ι
2570 2581 2759 2634 etenim
2805 2582 2851 2634 si
2891 2581 2968 2635 dii
3001 2591 3122 2636 sunt
3163 2580 3318 2652 (pro,
3343 2584 3552 2636 nomine

1979 2679 2184 2726 tantum
2211 2670 2306 2735 dii,
2336 2687 2427 2726 nec
2453 2672 2660 2741 proprie
2685 2671 2878 2742 dii),at
2910 2672 3061 2726 nobis
3092 2689 3224 2727 unus
3257 2673 3418 2736 Deus,
3449 2692 3467 2724 ι
3496 2674 3553 2726 id

1977 2771 2078 2830 est,
2104 2779 2219 2818 vere
2249 2763 2411 2830 Deus,
2440 2764 2590 2834 cujus
2617 2764 2886 2818 divinitati
2916 2765 3033 2835 ipsa
3056 2765 3374 2821 substantia:
3409 2767 3550 2821 ratio

1978 2856 2325 2926 suffragatur.

2120 2985 2149 3058 ς
2182 2984 2290 3042 Vl].
2332 2987 2644 3058 Applicatiof
2673 2987 3074 3056 prarcedentium
3107 2989 3174 3040 ad
3205 2989 3405 3058 placita

2614 3057 2918 3127 Porphyrii.

2051 3207 2165 3265 Nec
2199 3223 2632 3265 commemorare
2675 3217 2832 3266 vacat
2873 3207 3163 3280 Porphyrii
3210 3209 3553 3267 distributto-

1980 3316 2104 3356 ncm
2128 3301 2351 3356 deorum
2383 3301 2439 3354 in
2468 3301 2749 3367 caelestes,
2790 3308 3094 3367 terrestres,
3133 3302 3331 3368 aerios,
3379 3319 3554 3373 aqua-

1980 3395 2139 3457 ticos,
2167 3403 2222 3448 et
2267 3393 2653 3450 subterraneos
2688 3393 2800 3464 (4);
2851 3393 3051 3463 quibus
3095 3393 3296 3450 diversi
3340 3396 3555 3466 generis

1981 3485 2267 3542 mactanda
2305 3495 2460 3540 erant
2501 3484 2792 3541 sacriticia.
2825 3484 2950 3538 Alia
2977 3487 3135 3550 enim,
3168 3487 3345 3557 inquit
3374 3486 3554 3541 Maca-

1980 3578 2097 3633 rius
2127 3575 2345 3648 Magnes
2372 3576 2512 3632 libro
2538 3590 2601 3630 ιιι
2637 3573 3047 3643 Ἀποκριτικῶν
3070 3575 3167 3646 (5),
3187 3577 3556 3631 ntactabantur

1980 3670 2254 3740 spiritibus
2289 3669 2471 3732 aeriis,
2492 3667 2605 3721 alia
2634 3667 2872 3730 terrenis,
2898 3665 3012 3720 alia
3035 3667 3410 3722 subterraneis.
3433 3667 3556 3740 Spi-

1981 3762 2171 3816 ritibus
2201 3762 2338 3816 aeris
2370 3757 2784 3814 immolabantur
2813 3759 3048 3814 volucres
3074 3775 3093 3813 :
3125 3759 3472 3829 ἐπιχθονίοις,
3499 3761 3553 3815 itl

1980 3864 2064 3912 est
2103 3851 2711 3926 terrenis,quadrupedes
2748 3851 2908 3922 nigri,
2936 3851 3063 3921 quia
3091 3852 3158 3904 sit
3189 3861 3329 3905 terra
3359 3864 3553 3905 natura

1981 3946 2136 4017 nigra
2169 3961 2188 3999 :
2219 3941 2574 4013 ὑποχθονίοις,
2604 3940 2655 3994 id
2679 3947 2760 3994 est
2787 3938 3294 4003 subterraneis,itent
3319 3938 3552 4008 quadru-

1979 4037 2134 4110 pedes
2175 4036 2311 4105 nigri
2357 4035 2410 4088 in
2450 4031 2740 4096 scrobibus,
2767 4031 2872 4084 sive
2916 4030 3097 4100 foveis.
3131 4028 3342 4095 Quibus
3374 4029 3552 4085 verbis

1980 4129 2171 4200 procul
2201 4126 2348 4183 omni
2382 4123 2548 4180 dubio
2579 4120 2801 4191 respicit
2829 4119 2895 4174 ad
2920 4122 3097 4176 locum
3132 4120 3280 4173 illum
3311 4118 3555 4190 Porphy.

1983 4221 2049 4277 rii
2087 4219 2157 4274 De
2184 4227 2335 4272 antro
2367 4217 2738 4287 nympharum,
2774 4214 2866 4268 fol.
2895 4213 2918 4268 1
2949 4213 3072 4275 εὨς
3094 4213 3205 4274 τοῖς
3231 4210 3330 4282 μὲν
3361 4211 3554 4282 Ὀλυμ-

1983 4311 2126 4374 πίοις
2157 4308 2297 4371 θεοῖς
2327 4305 2485 4370 ναούς
2517 4323 2576 4359 τε
2623 4304 2719 4357 καὶ
2754 4302 2966 4374 βωμοὺς
2993 4299 3294 4372 ἱδρύσαντο,
3323 4297 3553 4369 χθονίοις

1981 4403 2039 4456 δὲ
2069 4401 2163 4454 καὶ
2192 4400 2396 4472 ἥρωσιν
2425 4398 2682 4468 ἐσχάρας,
2715 4394 3053 4466 ὑποχθονίοις
3093 4393 3148 4445 δὲ
3197 4391 3419 4462 βόθρους
3459 4390 3553 4444 καὶ

310 4482 648 4577 mancipatos
665 4502 837 4570 habet,
869 4517 971 4556 non
1005 4510 1254 4570 tanquam
1295 4514 1476 4552 eorum
1525 4514 1659 4552 unus
1708 4498 1777 4552 sit
1817 4496 1878 4551 ob
1913 4514 1955 4569 υ
1988 4491 2221 4564 μέγαρα.
2262 4489 2314 4544 ltl
2346 4498 2430 4544 est
2455 4507 2469 4544 :
2493 4485 2948 4577 Quemadmodum
2973 4482 3264 4537 cuzleslibus
3291 4482 3392 4535 diis
3422 4492 3550 4577 tem-

311 4600 725 4656 communionem
754 4594 1002 4658 nominis,
1033 4592 1121 4645 sed
1151 4591 1277 4661 quia
1303 4587 1447 4643 solus
1486 4588 1533 4642 is
1559 4599 1634 4643 est
1664 4604 1765 4642 non
1793 4604 1880 4657 ge-

313 4693 479 4757 nitus,
499 4698 551 4744 et
576 4689 629 4742 in
657 4702 765 4752 eos,
795 4685 884 4756 qui
904 4683 1065 4754 geniti
1092 4691 1233 4745 sunt,
1264 4680 1544 4750 imperium
1571 4679 1748 4744 habet,
1773 4689 1876 4736 etc.

312 4782 490 4852 Atque
513 4788 574 4836 ut
595 4777 886 4835 essentiam
911 4776 1024 4832 veri
1054 4773 1170 4840 Dei,
1199 4770 1526 4844 proprioque
1550 4770 1768 4828 nomine
1795 4787 1882 4826 so-

388 4936 466 5008 (5)
506 4932 838 5008 Porphyrius
861 4930 915 4984 in
941 4926 1279 5008 Epistolagd
1304 4925 1599 5008 Anebonem
1621 4923 1761 5008 hanc
1783 4923 1883 4978 du-

315 4995 462 5064 bium
493 4995 847 5078 quastionem
876 4995 1140 5078 sacerdoti
1169 4995 1423 5078 @gyptig
1453 4995 1725 5078 proponit,
1760 5008 1882 5078 qua;

316 5063 386 5133 ab
419 5063 527 5131 ista.
555 5074 774 5129 notione
801 5069 1131 5126 monarchia)
1162 5063 1358 5123 divina:
1374 5063 1544 5120 Graeci
1576 5063 1881 5133 philosophi

315 5148 489 5202 nostri
546 5143 689 5198 haud
740 5143 970 5196 multum
1010 5139 1236 5194 abludit.
1269 5135 1474 5203 Quaerit
1503 5132 1645 5189 enint
1679 5151 1692 5186 :
1729 5132 1803 5186 Τί
1822 5132 1884 5187 τὸ

316 5218 534 5288 πρῶτον
581 5212 751 5267 αἴτιον
803 5209 1058 5292 ᾐγοῦνται
1105 5205 1240 5262 εἶναι
1286 5205 1602 5275 Αίγύπτιοι;
1649 5204 1883 5275 Πότερον

316 5287 462 5348 νοῦν,
507 5285 540 5348 ἢ
584 5284 724 5348 ὑπὲρ
752 5297 908 5344 νουν;
948 5279 1059 5333 Καὶ
1093 5279 1269 5348 μόνον,
1307 5278 1341 5348 ἦ
1380 5275 1494 5348 μετ’
1522 5273 1702 5348 ἄλλου,
1731 5272 1883 5348 qui.

315 5285 462 5352 νοῦν,
507 5285 540 5356 ἢ
584 5285 724 5354 ὑπὲρ
752 5285 908 5344 νοῦνς
950 5285 1059 5333 Καὶ
1087 5285 1269 5403 μόνον,
1307 5285 1341 5348 ἢ
1363 5285 1494 5418 ιιζιμεαιςν
1522 5285 1702 5355 autcf»,
1731 5285 1764 5343 ἢ
1792 5285 1884 5326 αλ.

316 5359 460 5422 λων;
487 5395 500 5409 .
529 5395 542 5408 .
571 5395 582 5408 .
613 5355 723 5406 Καὶ
749 5354 796 5405 εί
824 5351 883 5422 se
914 5349 1032 5422 ἑνὸς
1054 5367 1084 5402 τ
1140 5364 1336 5422 παντα,
1419 5348 1484 5399 ὲκ
1502 5344 1742 5407 πολλιυν;
1770 5341 1885 5398 Hoc

316 5437 403 5484 est
432 5419 454 5482 ε’
477 5425 744 5492 Quidnam
785 5420 1028 5492 {Egyplii
1068 5419 1292 5492 primum
1324 5431 1557 5492 causam
1603 5430 1714 5468 esse
1764 5429 1885 5492 cen:

317 5484 519 5552 scunt?
548 5494 736 5549 Utrum
778 5484 1022 5554 meniem,
1058 5484 1127 5542 an
1170 5487 1372 5556 aliquid
1416 5501 1576 5556 supra
1621 5484 1886 5556 mentem?

319 5567 544 5632 Deinde,
576 5581 644 5618 an
688 5561 986 5616 solitarium
1009 5552 1136 5629 quid
1166 5552 1268 5620 sit,
1292 5573 1361 5610 an
1394 5553 1558 5632 simul
1607 5570 1724 5632 cum
1751 5552 1882 5632 alio,

320 5646 414 5690 aut
446 5623 726 5706 pluribus?
759 5632 828 5685 Et
875 5646 1003 5706 num
1023 5623 1097 5706 "ab
1131 5644 1234 5706 uno
1265 5626 1462 5690 omnia,
1491 5641 1612 5706 anne
1642 5623 1882 5706 pluribus

323 5692 654 5776 producant?
688 5701 768 5756 Ad
795 5692 1882 5776 quas_tlubitationes‘responditsi-ambii-

325 5761 462 5833 cltus
509 5776 611 5831 sub
641 5761 869 5842 persona
899 5768 1253 5826 Abammonis
1288 5761 1524 5838 Egyptii
1554 5764 1607 5817 in
1637 5763 1776 5818 libro
1810 5761 1884 5817 De

1981 4584 2072 4656 pla
2105 4591 2154 4638 et
2202 4580 2455 4637 radiculas
2488 4589 2535 4633 et
2571 4577 2766 4631 altaria
2820 4574 3166 4635 collocarunt,
3220 4571 3550 4625 terrestribus

1981 4691 2101 4732 vero
2131 4683 2181 4729 et
2211 4672 2452 4727 heroibus
2486 4670 2648 4740 focos,
2687 4667 2872 4738 inferis
2904 4673 3077 4718 autem
3106 4662 3312 4717 scrobes
3345 4671 3395 4718 et
3433 4678 3552 4732 cry-

1981 4779 2121 4838 ptas.

1981 4918 2245 4990 mysteriis
2299 4913 2692 4990 ﬁgyptiorum,
2738 4919 2870 4990 sect.
2899 4921 3171 4990 vm,nca_p.
3208 4906 3247 4990 Ξ
3271 4915 3325 4960 et
3369 4921 3547 4990 seqq,

1984 4975 2172 5061 p.35?
2211 4975 2513 5061 seqqillh.
2549 4975 2727 5061 Oxon.
2759 4979 2983 5032 Thomm
3024 4976 3171 5061 (iale:
3206 4975 3551 5061 Enumeratis

1982 5047 2213 5129 denique
2270 5047 2645 5129 Egyptiorttm
2671 5051 2928 5129 nieorum
2971 5047 3252 5129 ordinibus
3277 5047 3443 5129 hanc
3474 5047 3549 5129 in

1984 5070 2213 5129 denique
2270 5070 2645 5176 mgfpuoruln
2698 5070 2922 5130 deorum
2971 5070 3252 5126 urmtttuus
3299 5070 3443 5125 Itum;
3494 5070 3549 5100 Ill

1984 5130 2205 5185 modum
2239 5141 2373 5180 conc
2400 5123 2515 5177 udit
2545 5119 2880 5175 Jamhltchus
2916 5118 3018 5172 loc.
3059 5125 3148 5171 ett.
3187 5132 3240 5184 p.
3271 5115 3372 5185 159
3402 5132 3416 5168 :
3454 5115 3551 5167 At-

1982 5184 2081 5272 que
2112 5200 2196 5272 ita
2231 5191 2877 5272 {Egyptiorum‘doctrin‘a
2915 5188 2978 5240 de
3008 5184 3550 5272 principiis-desuper

1985 5253 2070 5324 ddi
2104 5253 2385 5331 inferiora"
2408 5260 2765 5331 progrediens,
2797 5262 2861 5331 ab
2892 5253 3017 5331 uno:
3033 5257 3237 5325 incipit,
3278 5263 3328 5307 et
3358 5253 3552 5306 desinit

1985 5268 2054 5324 ad
2104 5268 2359 5390 in[eri0ra
2408 5268 2765 5331 progrediens,
2797 5268 2861 5312 ab
2892 5274 2994 5310 uno
3033 5268 3237 5325 tnctptt,
3278 5268 3328 5307 et
3358 5268 3414 5306 ae

1984 5343 2041 5395 in
2068 5356 2153 5392 mu
2182 5336 2459 5391 titudinem
2487 5332 2645 5386 unius
2671 5330 2890 5400 imperio
2921 5327 3280 5400 gubernatum,
3307 5331 3414 5376 etc.

2055 5390 2148 5480 (illi
2173 5390 2328 5462 conf.
2355 5401 2689 5458 Jamblichus
2722 5390 2798 5453 De
2820 5390 3103 5467 mysteriis,
3127 5404 3259 5450 sect.
3286 5409 3324 5459 I,
3351 5407 3469 5461 cap.
3490 5390 3548 5456 9,

1985 5496 2040 5552 Ρ.
2055 5477 2142 5620 (gi?
2171 5491 2713 5620 ragmelttum
2742 5531 3208 5620 Magttetisltqstri!
3324 5527 3550 5620 ipteritu

1984 5603 2277 5674 vitidic:t~vit
2320 5603 2517 5667 Fratic.
2549 5603 2854 5663 Turn-ianus
2897 5607 2950 5658 in
2998 5603 3307 5671 Defensione
3337 5614 3430 5674 pro
3459 5613 3553 5674 cu—

1987 5667 2592 5755 no'nibusrapostolorum
2626 5681 2870 5755 adversus
2902 5667 3294 5755 centuriatores
3338 5667 3550 5740 Magdes

1989 5744 2288 5829 burgenses',
2321 5754 2413 5810 lib.
2448 5768 2485 5822 ι,
2513 5767 2631 5821 cap.
2667 5749 2720 5816 5,
2748 5763 2802 5817 p.
2840 5761 2912 5800 m.
2945 5744 3032 5798 15.
