3972 6318
502 304 642 360 i385

1740 309 2097 368 MACARIUS
2133 311 2438 371 MAGNES.

3543 321 3649 375 ιεει

493 427 522 501 §
556 423 689 482 Vlll.
733 425 811 482 De
858 426 1000 498 falsa
1043 425 1326 482 divinitate
1347 427 1498 493 solis,
1530 428 1690 495 luna,
1715 430 1992 485 stellarum
2022 442 2072 486 ct
2105 441 2144 494 Α
2177 447 2420 496 versans;
2463 438 2790 485 mortuorum
2837 427 3258 483 lineamentorum
3297 441 3481 501 aspectu
3515 438 3650 490 oculo.

550 517 925 574 elementorum
959 517 1166 581 mundi,
1199 516 1428 572 Macarii
1455 519 1716 590 Magnetis
1743 521 2023 586 iudicium.

562 609 726 665 Falso
761 609 1020 680 jactatam
1049 625 1213 679 porro
1243 611 1399 677 solis,
1432 611 1593 678 lunae,
1625 613 1928 682 stellarum,
1966 617 2080 670 imo

493 711 892 757 elementorum
923 701 1115 755 mundi
1158 701 1497 758 divinitatem
1526 704 1766 775 graviter
1793 705 1868 760 ita
1903 717 2084 760 retun-

495 794 575 848 dit
601 792 872 848 Macarius
903 803 1089 848 noster
1115 794 1170 849 in
1199 793 1504 866 fragmento
1532 812 1586 850 ιι
1633 797 2046 866 Ἀποκριτικῶν
2065 800 2077 812 '

495 885 649 956 Μηδὲ
674 883 830 947 θεοὺς
870 884 1189 954 καλέσωμεν
1215 885 1284 938 τὰ
1316 889 1554 958 στοιχεῖα
1578 886 1672 941 τοῦ
1703 889 1930 958 κόσμου,
1954 891 2079 960 γῆν,

499 973 661 1048 ὕδωρ,
692 975 852 1047 ἀέρα,
881 975 984 1029 κᾶν
1015 974 1211 1029 θέωσιν
1249 978 1478 1051 ἀστέρες
1512 981 1605 1034 καὶ
1633 980 1898 1053 τρέχωσιν
1928 981 2083 1035 ἀπει-

499 1081 588 1138 ρα,
613 1065 834 1131 τούτους
859 1068 934 1139 μὴ
958 1067 1282 1138 θειάζωμεν.
1301 1069 1388 1133 Ὡς
1420 1070 1528 1142 γὰρ
1564 1072 1854 1143 τρέχοντας
1883 1074 2081 1138 ἵππους

495 1157 674 1221 οὐδεὶς
717 1159 1116 1226 ἐστεφάνωσεν,
1147 1157 1282 1212 ἀλλά
1329 1160 1420 1212 τὸν
1467 1162 1705 1232 ἐλατῆρα
1734 1163 1937 1217 τούτων
1986 1165 2081 1218 καὶ

495 1249 916 1320 ὴνίοχον,ξούτως
931 1249 1031 1302 οὐκ
1045 1248 1284 1320 ἄστροις,
1299 1250 1435 1304 ἀλλά
1449 1252 1655 1322 essm
1669 1253 1831 1318 σέϐας
1843 1255 2080 1325 γνησίως

493 1342 822 1413 τηρήσωμεν
847 1340 922 1410 τῷ
950 1339 1171 1404 τούτους
1201 1340 1479 1410 ἐξάψαντι.
1519 1343 1572 1397 ld
1603 1354 1687 1399 est
1713 1362 1731 1398 :
1766 1343 1876 1398 Nec
1898 1345 2080 1397 mundi

495 1434 772 1498 elementa,
801 1444 1020 1499 terram,
1051 1451 1262 1503 aquam,
1296 1452 1489 1501 aerem,
1516 1438 1639 1488 deos
1685 1452 1920 1490 vocemus
1938 1453 1957 1499 ;
1989 1437 2078 1490 sed

497 1541 590 1579 nec
619 1524 801 1579 stellas
851 1527 1013 1594 ipsas,
1049 1527 1148 1579 etsi
1181 1525 1293 1580 illa:
1326 1536 1568 1590 currunt,
1602 1536 1650 1580 et
1680 1537 1936 1581 a'ternum
1963 1528 2076 1582 vol-

495 1625 708 1682 vuntur,
743 1625 994 1687 tanquam
1027 1617 1150 1670 deos
1195 1634 1515 1672 veneremur.
1546 1617 1687 1672 Nam
1733 1618 2078 1688 quemadmo-

495 1707 622 1761 dum
650 1724 806 1778 equos
837 1717 1102 1762 currentes
1133 1726 1281 1764 nemo
1303 1726 1535 1781 unquam
1558 1713 1848 1776 coronavit,
1879 1712 1969 1765 sed
1993 1728 2079 1766 eo—

498 1817 615 1878 rum
654 1801 966 1870 agitatorem
991 1809 1040 1854 et
1073 1802 1315 1872 aurigam
1346 1817 1364 1855 :
1396 1803 1473 1856 ita
1512 1819 1604 1857 nos
1639 1819 1740 1856 non
1771 1805 1955 1871 astris,
1989 1806 2079 1858 sed
2111 1787 2152 1842 Β

499 1891 626 1959 Deo,
665 1895 756 1964 qui
792 1893 888 1946 illa
937 1909 962 1948 ε
1008 1894 1134 1948 caelo
1171 1895 1464 1966 suspendit,
1504 1913 1659 1950 suunt
1701 1897 1904 1951 cultum
1941 1899 2078 1952 inte—

495 2002 644 2056 grum
676 2003 954 2040 servemus.

661 2097 687 2170 §
724 2097 812 2152 ΙΧ.
857 2097 1119 2172 Magnetis
1151 2100 1409 2172 sententia
1439 2101 1503 2154 de
1532 2101 1852 2172 imaginibus
1881 2111 1932 2156 et

1000 2171 1302 2223 simulacris
1332 2171 1568 2225 deorum.

567 2258 925 2331 PrOgreditur
957 2260 1228 2316 Macarius
1255 2273 1442 2317 noster
1470 2263 1535 2316 ad
1558 2263 1919 2318 idololatriam
1945 2279 2078 2336 gen~

497 2353 671 2408 tilium
710 2355 777 2408 de
812 2354 1138 2426 imaginibus
1187 2365 1351 2426 atque
1391 2357 1702 2412 simulacris
1732 2357 1982 2424 deorum,
2011 2358 2079 2412 de

495 2445 697 2516 quibus
724 2445 796 2498 ita
820 2460 1124 2500 sermonem
1154 2447 1387 2502 instituit
1411 2447 1465 2500 in
1489 2445 1793 2518 fragmento
1821 2447 1892 2502 IX
1921 2448 2080 2502 Ἄπο-

496 2533 789 2605 κριτικῶν,
820 2545 881 2590 ut
908 2552 1125 2592 omnem
1154 2538 1263 2594 illis
1295 2538 1593 2594 divinitatis
1632 2541 1869 2610 speciem
1898 2541 2080 2596 detrao

500 2628 613 2692 bat,
655 2629 1027 2698 stolidumquc
1078 2643 1270 2684 eorum
1330 2630 1536 2684 cultum
1589 2631 1842 2698 explodat
1894 2649 1907 2685 :
1955 2633 2078 2685 Κᾶν

497 2717 810 2788 ἀγάλματα,
842 2719 1038 2790 inquit,
1079 2722 1228 2792 φωνῇ
1263 2720 1356 2774 καὶ⁴
1391 2720 1520 2791 δοκῇ
1547 2719 1910 2789 διαλέγεσθαι,
1943 2721 2079 2792 μηδὲ

497 2805 706 2872 τούτοις
737 2808 903 2879 τιμὴν
929 2807 1086 2872 ἀξίαν
1114 2810 1817 2881 προπίωμεν...¹Ἀνθρωποι
1842 2811 1898 2864 δὲ
1925 2829 2078 2864 κενο-

499 2903 820 2975 φρονοῦντες
845 2903 1046 2974 χρυσὸν
1072 2903 1464 2972 χωνεύσαντες,
1492 2904 1588 2956 καὶ
1623 2902 1819 2974 χαλκὸν
1855 2903 2082 2958 διαπλά-

497 3013 686 3060 σαντες
715 2997 998 3067 χρησμοὺς
1027 2995 1085 3060 ἐξ
1107 2995 1284 3047 αὐτῶν
1316 2995 1375 3047 τὸ
1401 2995 1552 3047 Θεῖον
1579 2995 1886 3067 ἀπῄτησαν,
1913 2997 2080 3069 πηροὶ

495 3088 558 3141 τὸ
603 3088 879 3159 φρόνημα,
911 3088 1004 3140 καὶ
1050 3088 1242 3156 τυφλοὶ
1273 3087 1370 3158 τὴν
1408 3086 1636 3140 ἔννοιαν.
1674 3089 1826 3161 Μηδὲ
1872 3092 1936 3143 ὲκ
1977 3090 2079 3160 τῆς
2107 3140 2148 3196 C

496 3178 853 3250 ἀναισθησίας
885 3179 993 3231 τῶν
1017 3177 1232 3231 λιθίνων
1266 3179 1466 3244 ξοάνων
1492 3178 1586 3251 τὴν
1609 3180 1785 3254 ψυχὴν
1803 3182 2080 3236 δυσωπού-

499 3283 670 3338 μενοι,
699 3269 793 3322 καὶ
824 3267 1100 3340 κρίνοντες
1125 3269 1302 3322 έκεῖνο
1342 3269 1434 3322 καὶ
1463 3271 1646 3337 καλῶς
1673 3273 2075 3344 δοκιμάζοντες,

493 3355 571 3418 ὡς
611 3355 733 3409 οὐδὲ
763 3355 932 3427 τιμῆς
960 3354 1236 3427 αἴσθησιν,
1265 3357 1372 3410 οὐδ’
1406 3352 1472 3411 αῦ
1504 3359 1665 3413 πάλιν
1699 3360 1910 3433 ὕϐρεως
1940 3363 2081 3434 λαμ-

495 3447 648 3501 ϐάνει
699 3447 762 3500 τὸ
805 3447 1010 3518 ἄψυχον
1033 3465 1045 3477 ·
1082 3447 1143 3500 ού
1169 3447 1260 3502 τὸν
1291 3449 1614 3519 εὐλογοῦντα
1645 3454 1799 3524 τιμᾷ,
1828 3455 1948 3508 οὐδὲ
1988 3454 2079 3508 τὸν

496 3536 899 3607 κακολογοῦντα
925 3539 1217 3610 τιμωρίαις
1244 3540 1528 3611 ἀμύνεται.
1555 3541 1871 3598 Simulacris
1901 3556 2078 3600 autem

495 3644 557 3682 ne
585 3629 816 3698 quidem,
848 3629 893 3682 si
924 3629 1128 3683 vocalia
1157 3632 1289 3697 sint,
1320 3649 1382 3686 ac
1406 3635 1724 3688 ratiocinari
1770 3637 2074 3706 videantur,

496 3722 742 3774 honorem
776 3720 946 3774 ullum
977 3738 1151 3776 verum
1179 3723 1548 3791 deferamus...
1580 3726 1649 3778 At
1684 3727 1917 3782 homines
1942 3745 2077 3783 vana

496 3810 806 3880 cogitantes,
842 3810 960 3879 {uso
984 3827 1114 3864 auro
1137 3812 1502 3884 fabricataque
1547 3831 1670 3881 tere,
1706 3818 1926 3871 oracula
1957 3819 2079 3873 inde

496 3919 530 3956 a
563 3899 795 3954 Numine
831 3911 1200 3971 poposcerunt,
1233 3920 1387 3957 sensu
1423 3907 1617 3974 orbati,
1647 3919 1696 3961 et
1732 3918 1953 3964 mentem
1985 3927 2074 3964 oc-

493 3994 699 4048 cacati.
745 3992 857 4047 Nec
883 3994 992 4062 ipse
1013 3995 1225 4048 quidem
1261 3997 1590 4066 lapidcarum
1618 4008 1918 4055 statuarum
1959 4012 2076 4056 stu-

493 4103 590 4155 por
621 4103 802 4141 eorum
832 4087 1023 4140 animis
1053 4087 1302 4154 pudorem
1334 4089 1552 4154 attulit;
1582 4107 1672 4145 nec
1708 4093 1845 4147 illud
1865 4095 2076 4163 judica-

495 4186 619 4230 runt
656 4185 851 4231 recteve
882 4175 1246 4243 observarunt,
1274 4194 1392 4248 quae
1423 4195 1503 4233 res
1527 4179 1822 4235 inanimato
1843 4193 2076 4250 est,eam

492 4284 587 4323 nec
621 4269 858 4335 honoris,
890 4284 981 4322 nec
1005 4269 1336 4324 contumelia:
1370 4287 1579 4325 sensum
1603 4272 1771 4327 ullum
1796 4277 2030 4345 accipere
2057 4293 2074 4331 :

492 4361 876 4416 benedicentem
906 4377 1008 4414 non
1040 4361 1286 4424 honorat,
1317 4362 1712 4417 maledicentem
1735 4381 1839 4418 non
1861 4367 2048 4420 ulcisci
2059 4397 2078 4409 -

495 4461 603 4507 tur.
639 4451 898 4519 Quinimo
920 4451 1231 4508 istiusmodi
1257 4453 1624 4519 idololatram,
1647 4456 1740 4525 qui
1766 4457 2074 4514 simulacris

491 4545 717 4599 deorum
749 4545 959 4600 cultum
994 4552 1234 4614 prmstat,
1271 4546 1526 4616 graphice
1559 4549 1852 4604 admodum
1886 4550 2073 4620 depin-

494 4635 571 4706 git
603 4635 955 4705 sequentibus
985 4637 1161 4692 verbis
1189 4637 1476 4709 fragmenti
1509 4641 1554 4696 ν
1587 4659 1600 4694 :
1636 4641 1714 4713 Τῇ
1751 4643 1878 4714 σκιᾷ
1907 4642 2073 4713 φθέγ-

492 4743 666 4795 γεται,
695 4727 789 4779 καλ¹
829 4725 907 4796 τῷ
955 4728 1199 4799 φάσματι
1233 4731 1513 4803 τέρπεται,
1544 4733 1773 4804 ἀψύχοις
1807 4733 1961 4798 ὕλαις
1999 4735 2074 4800 ὡς

490 4816 756 4888 ἐμψύχοις
779 4817 1060 4887 ἐνομιλῶν,
1092 4822 1301 4894 νεκρῶν
1333 4828 1696 4897 χαρακτήρων
1722 4826 1907 4897 ὄψεσιν
1936 4827 2072 4881 εὐω-

493 4908 775 4981 χούμενος,
818 4908 1018 4980 ἀφώνῳ
1051 4912 1326 4985 πλάσματι
1354 4917 1645 4987 προσάγων
1669 4917 1767 4989 τὴν
1796 4917 2031 4986 ἔντευξιν
2057 4937 2068 4950 ·

491 4999 626 5072 λίθῳ
653 4999 747 5053 καὶ
773 4998 914 5071 ξύλῳ
941 5001 1202 5070 φωλεύειν
1235 5006 1297 5058 τὸ
1337 5007 1490 5061 Θεῖον
1533 5009 1860 5080 νομοθετῶν,
1887 5011 2073 5083 χαλκῷ

494 5093 588 5147 καὶ
625 5092 824 5166 σιδήρῳ
853 5093 1168 5165 κρατεῖσθαι
1193 5097 1292 5168 τὴν
1316 5099 1624 5172 ἀκράτητον
1658 5099 1792 5172 ὕλην
1820 5104 2075 5172 φανταζό-

493 5200 681 5254 μενος⁹
728 5182 901 5254 θηρᾷν
943 5184 1002 5237 τὺ
1036 5183 1260 5240 ἀθέατον
1305 5189 1364 5242 ὲν
1404 5189 1607 5262 θεωρίᾳ
1649 5195 1821 5264 νεκρᾷ
1863 5195 2072 5264 ἀλόγως

491 5275 794 5331 ὐποτοπῶν.
820 5275 1073 5331 Umbram
1103 5278 1399 5350 alloquens,
1427 5299 1488 5336 ac
1505 5285 1790 5340 simulacro
1815 5289 2070 5357 gaudens,

489 5386 611 5425 cum
641 5370 952 5424 inanimatis
983 5371 1289 5441 corporibus
1337 5375 1493 5429 veluti
1520 5392 1638 5430 cum
1667 5380 1916 5434 animatis
1947 5398 2073 5434 catt-

561 5524 730 5603 (6)__.i.
793 5525 1044 5603 Stobaeus
1097 5527 1191 5603 lib.
1223 5547 1282 5603 _t_
1321 5528 1649 5603 Eclogarum
1702 5533 2065 5603 physicorum.

490 5608 614 5664 pag.
646 5597 709 5675 ξξι
760 5599 890 5653 edit.
921 5600 1136 5675 (lanteri
1174 5617 1188 5654 :
1221 5601 1447 5675 Πλάτων
1463 5597 1577 5675 ’τον
1626 5597 1820 5674 ὁρατδν
1863 5605 2069 5675 κόσμον

489 5667 770 5746 γεγονέναι
809 5669 1162 5746 παράδειγμα
1209 5672 1302 5724 τοῦ
1360 5671 1552 5746 νοητοῦ
1585 5667 1806 5746 κόσμου
1840 5674 1900 5739 ἐξ
1938 5667 2068 5746 ὁρα-

489 5734 602 5788 τοῦ.
631 5734 788 5791 Plato
838 5734 1096 5792 mundani
1135 5734 1507 5810 aspectabilém
1534 5744 1620 5815 ad
1664 5734 2067 5800 similitudinem

2184 539 2435 594 pascens;
2483 531 2627 576 muto
2675 522 2921 592 figmento
2961 534 3131 589 preces
3164 519 3449 585 admovens;
3482 539 3583 578 suo
3615 538 3653 581 et

2183 615 2325 685 ligno
2369 613 2579 668 Numen
2620 611 2871 666 incubare
2909 618 3174 673 statuens;
3213 626 3307 664 tere
3342 622 3386 665 et
3421 612 3537 680 {erro
3568 633 3656 669 con-

2183 707 2373 776 stringi
2422 704 2774 760 substantiam
2825 701 3370 770 incompreltensibilem
3412 707 3654 770 somnium;

2183 799 2620 869 deprelteusurum
2651 795 2872 865 denique
2894 810 2949 848 se
2975 794 3051 846 rei
3071 804 3283 848 mortua:
3303 797 3656 867 contemplatione

2185 904 2424 958 sperans,
2453 887 2510 940 id
2545 885 2681 956 quod
2707 885 2851 939 cerni
2882 885 3095 939 minime
3120 894 3300 953 potest.

2253 976 2505 1032 Nonnulli
2537 991 2602 1030 ex
2644 973 2936 1029 Platonica-'3
2971 975 3316 1044 philosOphiae
3339 975 3575 1047 principiis
3594 996 3660 1033 ve-

2185 1083 2300 1123 ram
2330 1068 2489 1124 istius
2512 1068 2689 1124 cultus
2714 1067 3129 1122 simulacrorum
3155 1066 3397 1136 originem
3418 1079 3553 1138 atque
3569 1087 3662 1139 pro-

2183 1160 2355 1229 priam
2383 1160 2620 1214 indolem
2644 1157 2911 1224 derivant,
2929 1157 3022 1227 qui
3049 1173 3115 1211 ex
3137 1166 3305 1211 mente
3327 1156 3535 1215 Platonis
3553 1161 3662 1216 hunc

2183 1253 2445 1307 mundum
2490 1252 2842 1307 simulacrum
2876 1265 2998 1305 esse
3025 1249 3248 1304 deorum
3290 1252 3505 1306 arbitrati
3532 1265 3659 1307 sunt:

2183 1343 2234 1397 id
2262 1341 2406 1411 quod
2443 1343 2497 1396 in
2524 1341 2714 1410 primis
2737 1357 2802 1394 ex
2829 1338 3075 1394 Platonis
3123 1337 3312 1392 Timteo
3335 1340 3570 1410 colligunt,
3595 1343 3661 1395 ubi

2182 1434 2445 1488 mundum
2490 1434 2622 1488 illud
2664 1432 2964 1488 divinitatis
3008 1434 3352 1488 simulacrum
3387 1447 3492 1487 esse
3525 1443 3666 1487 narrat

2180 1524 2354 1591 Plato,
2391 1525 2549 1595 cujus
2580 1535 2728 1580 motu
2754 1524 2896 1580 Deus
2928 1523 3228 1578 delectatus
3259 1523 3326 1578 sit
3352 1540 3365 1576 :
3397 1521 3534 1588 Ὠςζδὲ
3553 1539 3667 1592 κινη-

2181 1619 2271 1672 θέν
2295 1635 2354 1672 τε
2386 1619 2518 1671 αὐτὸ
2550 1617 2644 1672 καὶ
2668 1616 2775 1681 ζῶν
2799 1615 3047 1686 ἐνενόησε
3079 1615 3184 1669 τῶν
3211 1615 3382 1668 ἀϊδίων
3405 1614 3522 1668 θεῶν
3546 1633 3665 1684 γεγο-

2179 1710 2268 1774 νὸς
2318 1708 2538 1778 ἄγαλμα
2581 1709 2610 1760 ὁ
2651 1707 2915 1777 γεννήσας
2957 1705 3167 1776 Πατὴρ,
3199 1704 3394 1776 ἠγάσθη
3423 1721 3475 1757 τε
3501 1706 3575 1756 καὶ
3607 1705 3669 1759 εὑ-

2183 1799 2458 1872 φρανθείς.
2489 1799 2624 1852 Cum
2661 1797 2758 1850 hoc
2785 1814 2818 1849 a
2849 1811 2903 1849 se
2927 1796 3131 1865 factum
3163 1804 3553 1864 sempiternorum
3574 1799 3667 1851 deo-

2184 1906 2300 1942 rum
2327 1888 2600 1958 pulcltrum
2619 1885 2964 1940 simulacrum
2987 1885 3180 1938 moveri
3199 1894 3245 1938 et
3267 1886 3418 1938 virere
3439 1884 3574 1938 Pater
3589 1886 3667 1951 ille,

2182 1983 2271 2052 qui
2293 1981 2490 2052 genuit,
2516 1978 2977 2040 animadverteret,
3003 1975 3292 2029 delectatus
3313 1984 3382 2028 est
3400 1991 3546 2045 apere.
3569 1973 3669 2029 Huic

2182 2082 2361 2128 autem
2405 2072 2608 2125 mundo
2663 2068 2862 2124 visibili
2893 2078 2946 2122 et
2977 2067 3209 2123 visibilia
3252 2068 3668 2137 comprehendenti,

2183 2166 2324 2221 alius
2351 2179 2416 2218 ex
2439 2160 2707 2220 sententia
2734 2158 2974 2216 Platonis
2995 2160 3063 2214 ab
3099 2167 3299 2214 aeterno
3317 2158 3565 2227 respondet
3582 2175 3673 2227 νοη-

2180 2260 2293 2322 τός,
2306 2273 2400 2312 seu
2419 2257 2651 2311 mundus
2663 2255 2762 2310 soli
2777 2254 2958 2306 animo
2969 2253 3313 2322 conspicuus,
3327 2251 3466 2320 cujus
3479 2251 3531 2304 ad
3541 2266 3674 2304 exem-

2182 2345 2331 2420 plum
2363 2347 2672 2419 spectabilis
2701 2346 2815 2401 haec
2844 2359 3026 2400 rerum
3058 2343 3381 2398 universitas
3401 2358 3429 2396 a
3454 2341 3541 2396 Deo
3557 2357 3671 2396 COlll-

2181 2451 2370 2515 parata
2401 2449 2484 2498 est
2513 2440 2609 2512 (6).
2641 2438 2760 2506 Quo
2793 2445 3037 2507 spectant
3068 2437 3188 2491 haec
3211 2436 3365 2490 verba
3395 2433 3675 2500 Tinnei,qui-

2181 2537 2283 2594 bus
2335 2535 2597 2590 mundum
2645 2533 2718 2588 ita
2763 2531 3019 2588 describit
3049 2529 3499 2602 philosophusz'O
3522 2528 3674 2597 κόσμος

2181 2628 2319 2696 ζῶον
2362 2628 2576 2700 ὁρατὸν,
2608 2623 2678 2678 τὰ
2707 2623 2878 2697 ὁρατά
2907 2624 3184 2696 περιέχον,
3224 2622 3378 2676 εἰκὼν
3417 2619 3498 2675 τοῦ
3531 2615 3675 2688 νοητοῦ

2180 2721 2336 2788 Θεοῦ,
2368 2719 2642 2792 αἰσθητὸς,
2683 2717 2934 2789 μέγιστος
2959 2716 3053 2768 καὶ
3106 2716 3349 2788 ἀόρατος.
3377 2710 3570 2767 Mundus
3595 2709 3676 2761 ani-

2183 2813 2288 2866 mal
2338 2811 2560 2874 risibile,
2614 2808 2844 2862 visibilia
2888 2807 3346 2875 comprehendens,
3393 2800 3675 2870 intelligibilis

2185 2903 2280 2958 Dei
2315 2905 2509 2975 imago,
2537 2902 2818 2970 sensibilis,
2852 2898 3500 2962 ntatvimus,interminatus
3525 2891 3675 2963 (7H3

2181 2994 2288 3048 isto
2317 2993 2482 3064 igitur
2513 2990 2782 3062 principio
2811 2991 2876 3045 de
2909 2987 3138 3053 mundo,
3173 2997 3416 3054 tanquam
3453 2981 3678 3036 invisibilis

2184 3087 2276 3142 Dei
2328 3087 2582 3156 imagine,
2626 3083 2833 3139 cultum
2889 3081 3311 3138 simulacrorum
3359 3075 3600 3132 relativum
3639 3075 3677 3125 in

2182 3181 2325 3250 ipsos
2374 3179 2506 3233 deos
2558 3177 2950 3231 redundantem
2997 3173 3262 3238 stabilire,
3292 3182 3443 3247 atque
3486 3171 3605 3224 hunc
3641 3169 3679 3218 in

2181 3270 2402 3324 modum
2437 3283 2536 3338 pro
2561 3266 2863 3322 idololatria
2893 3265 3177 3336 gentilium
3209 3260 3545 3334 argumentari
3578 3258 3680 3311 nite-

2180 3361 2340 3415 batur
2389 3359 2610 3414 ϐιαίους»
2669 3357 2757 3412 ille
2813 3357 3192 3427 philosophus,
3243 3356 3352 3410 sive
3392 3351 3679 3421 Porpherus,

2179 3467 2302 3506 cum
2329 3466 2439 3520 quo
2467 3449 2737 3505 Macarius
2764 3461 2948 3504 noster
2977 3448 3296 3518 diSputabat
3326 3439 3681 3516 εὈμολογουμέ-

2179 3560 2270 3596 νου
2299 3541 2479 3596 τοίνυν
2513 3540 2662 3605 θείας
2705 3539 2918 3610 φύσεως
2943 3542 3067 3603 τοὺς
3093 3539 3357 3608 ἀγγέλους
3391 3536 3617 3607 μετέχειν,
3648 3531 3682 3583 oi

2178 3633 2238 3688 τὸ
2263 3634 2471 3706 πρέπον
2497 3633 2662 3696 σέϐας
2692 3635 2804 3695 τοῖς
2831 3631 2972 3696 θεοῖς
3000 3632 3280 3694 ποιοῦντες
3307 3631 3402 3683 οὑκ
3436 3633 3487 3683 ὲν
3509 3623 3680 3696 ﬁdium

2177 3723 2329 3795 λίθῳ,
2363 3723 2396 3794 ἢ
2425 3721 2629 3794 χαλκῷ,
2657 3721 2716 3786 ἐξ
2744 3718 2805 3777 οὗ
2837 3721 2898 3775 τὺ
2927 3721 3123 3793 βρέτας
3152 3722 3598 3784 κατασκευάζεται,
3621 3716 3684 3766 τὸν

2177 3815 2309 3868 Θεὸν
2353 3808 2492 3866 εἶναι
2533 3811 2863 3884 νομίζουσιν,
2895 3812 3003 3864 οὐδ’
3031 3812 3084 3864 εἴ
3130 3831 3187 3866 τι
3239 3813 3397 3884 μέρος
3434 3808 3684 3879 ἀγάλματος

2179 3904 2670 3977 ἀκρωτηριασθείη,
2700 3905 2798 3974 τῆς
2821 3904 2914 3958 τοῦ
2942 3904 3075 3958 Θεοῦ
3100 3905 3378 3976 δυνάμεως
3404 3896 3684 3971 ἀφαιρεῖσθαι

2177 3993 2483 4066 κρίνουσιν·
2521 3993 2879 4064 ὑμομνήσεως
2905 3995 3014 4066 γὰρ
3052 3994 3238 4048 ἕνεκεν
3273 3993 3338 4046 τὰ
3367 3994 3512 4057 ξόανα
3551 3988 3624 4041 καὶ
3649 3984 3685 4035 οἱ

2177 4084 2295 4138 ναοὶ
2333 4083 2435 4137 ὑπὸ
2463 4082 2570 4136 τῶν
2598 4082 2840 4136 παλαιῶν
2877 4083 3198 4154 ἱδρύνθησαν
3230 4083 3365 4154 ὑπὲρ
3391 4079 3477 4133 τοῦ
3509 4074 3686 4148 φοιτῶν-

2177 4195 2275 4241 τας
2305 4179 2482 4231 ἐκεῖσε
2507 4175 2632 4240 τοὺς
2667 4177 2989 4247 προσιόντας
3024 4179 3102 4241 είς
3143 4177 3348 4229 ἔννοιαν
3377 4169 3596 4244 γενέσθαι
3619 4162 3686 4216 τοῦ

2176 4269 2332 4334 Θεοῦ,
2361 4270 2393 4340 ἢ
2423 4268 2616 4340 σχολὴν
2649 4270 2880 4338 ἄγοντας
2917 4269 3011 4324 καὶ
3048 4269 3155 4322 τῶν
3200 4267 3398 4322 λοιπῶν
3420 4259 3689 4332 καθαρεύον-

2177 4379 2274 4426 τας
2305 4362 2493 4432 εὐχαῖς
2519 4363 2612 4414 καὶ
2644 4361 2874 4425 ἱκεσίαις
2903 4361 3157 4433 χρῆσθαι,
3193 4361 3464 4421 αἰτοῦντας
3492 4355 3602 4424 παρ’
3623 4351 3691 4404 αὖ·

2175 4456 2304 4521 τῶν,
2331 4451 2405 4513 ὧν
2449 4457 2678 4519 ἕκαστος
2722 4455 2931 4528 χρῄζει.
2972 4455 3081 4508 Καὶ
3109 4455 3220 4527 γὰρ
3248 4455 3301 4507 εἴ
3328 4471 3406 4516 τις
3435 4451 3594 4505 είκόνα
3619 4462 3690 4498 κι-

2177 4549 2530 4604 τασκευάσειε
2564 4548 2739 4617 φίλου,
2773 4549 2871 4600 οὐκ
2895 4549 2952 4599 ὲν
2982 4546 3163 4619 ἐκείνῃ
3201 4546 3457 4618 δήπουθεν
3480 4539 3605 4610 αὑτῷ
3626 4553 3688 4588 νο·

2181 4643 2327 4715 μίξει
2375 4641 2465 4694 τὸν
2515 4641 2664 4710 φίλον
2707 4635 2865 4704 εἶναι,
2893 4639 3012 4692 οὐδὲ
3057 4641 3125 4692 τὰ
3177 4639 3316 4710 μέρη
3360 4636 3448 4691 τοῦ
3493 4632 3687 4704 σώματος

2177 4731 2384 4785 ἐκείνου
2411 4732 2524 4794 τοῖς
2550 4730 2648 4800 τῆς
2671 4729 2890 4801 γραφῆς
2924 4729 3299 4797 ἐγκεκλεῖσθαι
3341 4727 3560 4799 μέρεσιν,
3592 4717 3691 4773 ἀλλὰ

2177 4825 2274 4895 τὴν
2315 4825 2393 4886 είς
2431 4822 2521 4874 τὸν
2567 4819 2717 4891 φίλον
2748 4821 2911 4891 τιμὴν
2953 4819 3020 4872 δι’
3049 4821 3255 4883 εἰκόνος
3285 4813 3593 4872 δείκνυσθαι·
3621 4809 3686 4868 sit

2175 4915 2232 4968 δὲ
2279 4913 2694 4986 προσαγομένας
2726 4915 2836 4977 τοῖς
2871 4912 3010 4976 θεοῖς
3039 4911 3251 4976 θυσίας,
3277 4912 3336 4964 οὐ
3378 4909 3600 4964 τοσοῦτον
3635 4918 3693 4952 τε·

2180 5004 2285 5074 μῆς
2334 5006 2414 5066 είς
2463 5002 2661 5065 αὐτοὺς
2700 5002 2907 5074 φέρειν,
2935 5003 3058 5056 ὅσον
3108 5003 3306 5072 δεῖγμα
3335 4996 3464 5055 εἶναι
3490 4996 3575 5068 τῆς
3612 4990 3691 5045 τῶν

2175 5096 2582 5170 θρησκευόντων
2615 5096 3006 5168 προαιρέσεως,
3041 5097 3136 5150 καὶ
3161 5095 3253 5149 τοῦ
3289 5095 3360 5166 μὴ
3391 5093 3514 5164 πρὸς
3539 5084 3691 5142 αὐτοὺς

2176 5190 2484 5260 ἀχαρίστως
2513 5187 2848 5241 διακεῖσθαι’
2893 5185 3258 5256 ἀνθρωποειδῆ
3289 5185 3343 5238 δὲ
3372 5184 3470 5238 τῶν
3491 5173 3690 5247 ἀγαλμάο

2175 5300 2281 5336 των
2315 5281 2538 5345 εἰκότως
2558 5275 2696 5334 εἶναι
2726 5280 2794 5334 τὰ
2820 5281 3092 5350 σχήματα,
3111 5279 3229 5332 ἐπεὶ
3252 5277 3312 5331 τὸ
3339 5273 3594 5330 κάλλιστον
3610 5264 3692 5318 τῶν

2175 5371 2329 5439 ζώων
2360 5375 2388 5429 ὁ
2421 5373 2706 5446 ἄνθρωπος
2754 5370 2893 5426 εἶναι
2941 5372 3217 5444 νομίζεται
3257 5369 3349 5422 καὶ
3393 5363 3543 5420 εἰκὼν
3565 5353 3686 5414 Θεοῦ.

2173 5533 2693 5605 sub_inte_lligentiam
2724 5532 2960 5605 cadentis
2985 5530 3300 5600 fabricatum
3321 5523 3493 5605 voluit,
3519 5526 3607 5605 etc.
3629 5577 3685 5605 ﬂ;

2245 5603 2323 5670 (7)
2363 5590 2563 5659 Verum
2619 5604 2859 5658 Platonis
2913 5590 3133 5657 sensum
3188 5593 3588 5670 accuratissime.
3629 5590 3686 5670 9‘“

2176 5651 2334 5748 spie'q'.
2371 5651 3326 5748 nate"“erasae:sint“sepius
3384 5651 3685 5748 ιεξξιίίθέιέἱηυ·

2175 5733 2593 5800 Μοειιεηιὶυέἰη
2629 5745 2768 5800 notis
2801 5733 2868 5798 ad
2899 5733 3305 5802 Cudwortlmtn,
3335 5753 3384 5806 p.
3415 5733 3501 5788 671
3530 5738 3656 5795 solm-
