3972 6318
304 308 446 367 {585

1481 311 1759 369 NOTITIA
1797 296 1886 369 er
1920 311 2364 368 FRAGMENTA.

3389 290 3528 372 res

303 426 436 482 Cum
478 427 533 481 in
569 427 803 498 confesso
841 428 931 495 sit,
962 437 1167 483 natura:
1204 429 1393 486 divina:
1433 433 1716 503 participes
1760 448 1869 486 esse
1901 440 1944 495 Α
1971 430 2184 503 gentilis
2217 428 2607 500 philosophus;
2637 427 2901 485 Macarius
2932 436 3142 495 uoster,
3172 430 3386 500 rejectis
3414 434 3525 489 (ιω.

304 518 516 588 angelos
566 517 805 590 (quibus
832 530 1026 578 natura
1059 537 1158 577 sua
1192 522 1396 578 similes
1427 538 1550 579 esse
1577 524 1711 580 deos
1734 539 1866 580 suos

303 608 525 664 Gracus
559 610 913 666 interlocutor
938 621 1093 668 antea
1121 613 1460 683 jactitaverat
1478 614 1520 685 ),
1544 615 1604 680 ii,
1629 615 1720 685 qui
1745 610 1865 668 deos

301 700 449 755 cultu
479 703 800 756 convenienti
831 704 1028 772 colunt,
1056 721 1157 759 non
1187 706 1243 759 in
1264 705 1427 777 ligno,
1458 717 1549 762 aut
1589 723 1738 773 saxo,
1773 720 1866 763 aut

301 807 429 856 tere,
464 808 529 846 ea:
554 786 661 863 quo
679 794 1019 849 simulacrum
1052 796 1367 864 fabricatum
1392 808 1489 862 est,
1516 798 1679 853 Deum
1701 801 1867 855 inesse

300 895 544 939 statuunt
575 901 594 939 :
624 902 787 956 neque
810 888 993 952 iidem,
1024 889 1072 942 si
1100 904 1204 960 qua
1234 889 1317 943 sui
1348 900 1495 959 parte
1521 891 1719 946 idolum
1750 908 1868 946 mu-

302 978 517 1031 tilatum
551 978 642 1045 sit,
682 978 778 1032 Dei
803 980 968 1049 ipsius
1001 978 1183 1033 uirtuti
1219 983 1510 1035 detractum
1540 981 1741 1052 aliquid
1770 1000 1867 1053 pu-

302 1078 436 1122 tant.
464 1067 607 1122 Nam
630 1071 990 1124 commonendi
1018 1086 1177 1125 causa
1203 1081 1410 1126 statuas
1439 1082 1486 1126 et
1520 1073 1710 1144 templa
1734 1077 1867 1129 anti-

298 1160 389 1229 qui
407 1169 713 1228 posuerunt,
738 1172 793 1216 ut
839 1163 929 1231 qui
974 1162 1267 1232 frequenter
1290 1180 1348 1218 eo
1382 1167 1644 1219 accessuri
1675 1177 1864 1231 essent,

298 1252 362 1306 de
388 1252 496 1308 Deo
527 1255 837 1324 cogitarent,
863 1264 955 1308 aut
979 1257 1142 1309 otium
1175 1252 1381 1327 agentes
1408 1268 1458 1312 et
1487 1276 1518 1312 α
1547 1261 1749 1314 trieteris
1774 1276 1865 1314 ne-

299 1346 452 1415 gotiis
478 1345 658 1414 feriati
681 1347 920 1416 precibus
961 1365 1023 1402 ac
1071 1348 1539 1418 supplicationibus
1574 1365 1863 1415 uterentur,

298 1451 381 1500 ea,
415 1434 601 1506 quibus
638 1436 949 1506 indigerent,
993 1438 1223 1509 quisque
1253 1448 1536 1508 poscentes.
1581 1439 1789 1495 Etenim
1811 1442 1859 1496 si

298 1527 413 1596 quis
449 1526 608 1578 amici
626 1526 903 1597 imaginem
927 1528 1029 1582 sibi
1063 1526 1292 1597 paravit,
1326 1532 1428 1584 nan
1464 1526 1643 1601 utique
1682 1532 1737 1586 in
1765 1531 1862 1585 illa

302 1617 530 1670 amicum
556 1618 745 1682 inesse,
774 1634 935 1689 neque
958 1616 1188 1689 corporis
1220 1617 1386 1690 ipsius
1416 1616 1589 1687 partes
1618 1622 1866 1692 imaginis

300 1710 539 1777 partibus
586 1710 788 1765 includi
820 1720 991 1781 putat,
1023 1702 1113 1766 sed
1153 1700 1565 1785 per'im'aginem
1602 1706 1867 1771 declarari

302 1817 455 1856 suam
496 1819 620 1874 erga
647 1805 875 1859 amicum
915 1808 1314 1861 observantiam.
1340 1805 1535 1863 Oblata
1560 1802 1735 1862 autem
1760 1809 1864 1882 diis

298 1894 563 1964 sacriﬁcia
589 1911 692 1949 non
715 1905 824 1949 tam
861 1896 1047 1951 honori
1069 1897 1136 1951 iis
1174 1903 1304 1964 esse,
1334 1915 1493 1968 quam
1520 1888 1755 1954 iudicare
1774 1888 1862 1970 af;

303 1985 494 2039 fectum
526 2002 725 2053 eorum,
754 1988 845 2058 qui
872 1990 1197 2058 sacriﬁcant,
1241 1998 1290 2043 et
1332 1991 1565 2044 animant
1590 2005 1713 2062 erga
1739 1992 1862 2047 deos

300 2093 405 2130 non
426 2077 714 2146 ingratum.
745 2077 1056 2134 Hominibus
1094 2097 1211 2136 vero
1243 2082 1534 2136 simulacra
1561 2082 1657 2137 illa
1682 2083 1864 2140 habitu

299 2168 496 2222 similia
516 2184 626 2223 esse
646 2170 905 2239 probabili
946 2173 1167 2237 ratione,
1212 2174 1337 2242 quia
1365 2175 1517 2227 homo
1550 2177 1863 2231 animalium

298 2259 699 2330 pulcherrimus,
725 2272 772 2318 et
798 2263 970 2334 imago
1000 2263 1097 2318 Dei
1121 2282 1231 2320 esse
1257 2276 1512 2322 censetur.

373 2348 400 2420 ς
433 2347 503 2402 Χ.
544 2347 824 2419 Porphyrii
845 2349 959 2405 loca
987 2353 1051 2406 de
1074 2354 1373 2408 simulacris
1397 2356 1791 2411 examinantur.

367 2440 523 2508 Quod
573 2441 619 2495 si
668 2442 783 2497 haec
809 2443 926 2512 ipsa
961 2458 1105 2499 nunc
1130 2443 1474 2501 conferamus
1496 2463 1619 2501 cum
1648 2448 1714 2503 iis
1743 2463 1864 2518 quae

298 2531 688 2604 Eusebius-(8)
738 2548 804 2587 ex
849 2534 1127 2604 deperdito
1168 2534 1450 2607 Porphyrii
1500 2538 1678 2593 libello
1721 2540 1862 2608 Περὶ

297 2622 674 2692 ἀγαλμάτων,
728 2623 796 2679 de
846 2626 1044 2681 statuis
1094 2626 1209 2682 sive
1256 2628 1584 2700 imaginibus
1634 2630 1862 2685 deorum

297 2714 765 2779 commemoravit,
805 2730 1034 2785 quaeque
1080 2715 1133 2773 Ι.
1183 2716 1429 2775 Stobaeus
1457 2719 1534 2793 (9)
1581 2722 1765 2777 itidem
1796 2738 1862 2777 ex

297 2807 487 2862 eodem
538 2809 741 2879 scripto
784 2800 1053 2878 servavit;
1082 2821 1329 2867 exactam
1362 2813 1549 2882 utique
1584 2816 1864 2869 sententiae

297 2896 730 2955 convenientiam
795 2912 957 2973 atque
1018 2903 1511 2973 interpretationem
1569 2904 1868 2961 Macariani‘

301 2989 611 3062 philosophi
633 2993 812 3049 verbis
845 2995 989 3050 haud
1014 2995 1246 3050 multum
1288 2996 1589 3052 absimilem
1616 3000 1862 3054 animad-

1968 539 2189 579 monum
2238 522 2576 585 simulacris,
2622 525 2984 593 damnatoque
3037 525 3318 595 gentilium
3378 529 3529 582 cultu

1966 606 2328 669 communiter
2379 614 2571 669 iisdem
2633 616 2914 684 praestito,
2960 617 3124 671 verba
3174 615 3373 678 Musis.
3410 618 3531 672 Diis

1967 723 2068 761 non
2098 706 2395 773 maledices,
2428 705 2596 761 Exodi
2626 721 2759 771 ult,
2784 706 2876 771 28,
2907 723 2936 760 a
2959 706 3169 763 detorta
3205 708 3527 779 interpreta-

1968 798 2113 852 tione
2139 795 2434 853 adversarii
2463 778 2722 861 vindicat,
2755 810 2855 851 nec
2876 795 2944 851 de
2970 796 3276 852 simulacris
3302 778 3531 853 deorum

1967 891 2079 945 ullo
2110 889 2270 945 modo
2316 902 2379 944 ea
2412 876 2754 959 intelligenda
2784 886 3273 944 esse‘demonstrat
3305 888 3533 960 :‘siqui-

1965 982 2087 1037 dem
2122 981 2227 1036 diis
2260 990 2423 1035 sensu
2453 976 2764 1033 carentibus
2794 970 3043 1032 maledici
3071 986 3181 1032 nun
3209 975 3532 1048 pusSit,‘nec

1966 1087 2055 1127 res
2079 1072 2375 1126 inani‘mata
2414 1068 2815 1126 benedicentem
2863 1068 3111 1133 honoret,
3157 1083 3261 1125 nec
3301 1060 3530 1126 maledi-

1966 1172 2176 1218 oentem
2214 1163 2523 1217 ulciscatur.
2555 1158 2811 1230 Spectant
2840 1153 3245 1231 huc'sequentia
3267 1160 3531 1233 Magnetis

1969 1235 2139 1309 nostri
2186 1253 2347 1307 verba
2382 1271 2396 1308 ε
2432 1251 2547 1307 Κᾶν
2574 1252 2863 1324 ἀγάλματα
2895 1253 3043 1322 φωνῇ
3073 1250 3168 1305 καὶ
3195 1251 3325 1324 δοκῇ
3353 1252 3530 1306 διαλέ-

1967 1343 2175 1414 γεσθαι,
2209 1344 2342 1416 μηδὲ
2375 1342 2583 1407 τούτοις
2622 1344 2787 1416 τιμὴν
2831 1342 2984 1407 ἀξίαν
3018 1341 3334 1413 προπίωμεν
3358 1357 3375 1374 ·
3409 1342 3532 1413 μηδ’

1968 1437 2034 1490 ἂν
2058 1435 2189 1506 λέγῃ
2222 1434 2459 1504 Metisci};
2475 1451 2489 1464 θ
2516 1433 2698 1501 Θεοὺς
2729 1437 2800 1489 οὐ
2827 1433 3280 1503 κακολογήσας,
3310 1432 3382 1505 μὴ
3406 1435 3544 1506 περὶ

1964 1528 2169 1582 τούτων
2210 1527 2245 1598 ἢ
2287 1526 2507 1613 τούτους
2538 1526 2785 1598 εἰρῆσθαι
2828 1524 3156 1597 νομίσωμεν.
3174 1523 3402 1580 Ἐκεῖνοι
3424 1525 3534 1596 γὰρ

1967 1619 2101 1683 θεοὶ,
2128 1619 2263 1691 πρὸς
2290 1618 2382 1683 οὒς
2403 1621 2432 1673 ὁ
2448 1616 2604 1687 λόγος
2625 1616 2719 1672 τοῦ
2748 1616 2883 1671 Θεοῦ
2912 1617 3148 1686 ἐγένετο,
3179 1617 3369 1690 ὥσπερ
3393 1619 3535 1672 ἐκεῖ·

1921 1755 1932 1782 λ
1968 1719 2046 1765 νοι
2073 1709 2283 1782 θερμοὶ,
2313 1708 2405 1773 οὓς
2433 1708 2494 1762 τὸ
2518 1708 2628 1780 πῦρ
2651 1707 2936 1781 ὲθέρμανε.
2966 1706 3101 1761 Θεοῦ
3143 1708 3200 1761 δὲ
3228 1706 3385 1776 λόγος
3408 1706 3534 1762 οὔτε

1896 1772 1939 1837 Β
1965 1772 2289 1866 λίθοιξὲτοτὲ
2318 1772 2443 1855 obes
2474 1772 2646 1864 ξύλοις
2680 1772 2962 1871 ὲνῆᾇίησεν,
2986 1798 3108 1853 οὐδὲ
3137 1801 3249 1862 τοῖς
3273 1772 3536 1871 ἀναισθή-

1965 1911 2076 1959 τοις
2107 1893 2355 1966 αἴσθησιν
2379 1893 2732 1965 ἐχορήγησεν.
2766 1889 3080 1946 Simulacris
3111 1901 3306 1956 autem,
3334 1907 3396 1945 ne
3417 1893 3536 1962 qui-

1966 1968 2083 2042 dem
2124 1988 2171 2041 si
2211 1986 2415 2041 vocalia
2453 1987 2583 2051 sint,
2614 2001 2675 2039 ac
2708 1985 3019 2039 ratiocinari
3043 1983 3344 2049 videantur,
3368 1984 3533 2037 hono-

1966 2095 2074 2132 rem
2117 2077 2285 2131 ullum
2322 2092 2499 2131 verum
2532 2076 2829 2146 deferamus
2860 2090 2878 2128 :
2907 2090 2998 2129 nec
3029 2075 3077 2129 si
3117 2073 3288 2155 Moses
3342 2074 3486 2127 dicat
3513 2088 3532 2126 :

1970 2188 1989 2220 ι
2020 2167 2135 2222 Diis
2158 2184 2261 2221 non
2288 2167 2587 2233 maledices,
2620 2182 2639 2217 ι
2670 2165 2802 2219 illud
2823 2166 2886 2219 de
2909 2166 3013 2229 his,
3042 2166 3120 2219 vel
3140 2168 3232 2219 hos
3253 2167 3392 2236 ipsos
3424 2165 3535 2218 dici

1963 2261 2339 2315 existimemus.
2373 2258 2516 2313 Nam
2561 2259 2602 2312 ii
2646 2258 2725 2311 dii
2768 2268 2912 2325 sunt,
2938 2257 3006 2312 ad
3043 2274 3171 2329 quos
3194 2258 3406 2313 verbum
3432 2257 3534 2312 Dei

1962 2351 2196 2406 delatum
2226 2362 2325 2416 est,
2368 2361 2427 2405 ut
2473 2352 2514 2405 ii
2554 2340 2715 2405 calidi
2758 2360 2903 2419 sunt,
2931 2367 3058 2421 quos
3101 2351 3236 2422 ignis
3266 2351 3529 2420 calefecit.

1977 2428 2196 2491 Verbum
2227 2448 2402 2492 autem
2429 2437 2525 2493 Dei
2558 2454 2716 2508 neque
2759 2441 2815 2493 in
2837 2444 2983 2494 saxis
3012 2450 3262 2510 unquam,
3289 2455 3449 2510 neque
3475 2441 3532 2494 iu

1964 2530 2121 2601 lignis
2151 2530 2406 2594 insonuit,
2438 2545 2597 2599 neque
2624 2529 2957 2584 insensilibus
2993 2546 3199 2584 sensum
3232 2531 3437 2586 tribuit.
3466 2531 3534 2587 Ει

1963 2623 2151 2694 paucis
2182 2623 2481 2692 interiectis
2511 2622 2660 2677 addit
2694 2642 2707 2677 :
2740 2623 2980 2693 Μωῦσῆς
3011 2619 3103 2677 οὖν
3131 2625 3229 2677 οὐκ
3269 2626 3531 2698 ἀναισθήιι
3606 2644 3614 2657 κ

1962 2731 2087 2780 τους
2122 2712 2270 2784 λέγει
2308 2712 2717 2784 κακολογεῖσθαι
2744 2713 2919 2778 Θεοὺς.
2951 2714 3015 2768 Τί
3048 2716 3154 2787 γὰρ
3183 2713 3243 2769 τὸ
3273 2715 3534 2787 ἀναίσθηο

1961 2822 2052 2861 τον
2098 2804 2579 2878 κακολογούμενον
2602 2806 2753 2878 παρά
2788 2807 2929 2870 τινός
2964 2822 3093 2861 ποτε
3125 2807 3530 2879 λυπηθήσεται;

1914 2890 1919 2895 ’
1965 2898 2062 2963 Τίς
2096 2898 2141 2952 δ’
2172 2890 2344 2962 οὕτως
2375 2898 2522 2962 ὲνεδς
2548 2898 2642 2952 καὶ
2668 2896 2947 2969 φλήναφος
2975 2901 3069 2954 καὶ
3100 2898 3280 2972 μωρὸς
3303 2901 3529 2954 κακολοει

1961 2994 2077 3061 γεϊν
2117 2993 2292 3046 ἐκεῖνο
2320 2988 2381 3044 τὸ
2419 2989 2495 3063 μὴ
2532 2990 2822 3063 δυνάμενον
2857 2990 2922 3044 δι’
2954 2984 3085 3062 ὕλης
3114 2992 3411 3064 νεκρότητα
3435 2995 3533 3064 τῆς

299 3088 512 3136 vertere
547 3082 602 3137 in
626 3082 867 3154 'proclivi
891 3084 1014 3140 erit.
1044 3085 1121 3140 lbi
1149 3085 1292 3141 enim
1320 3087 1488 3143 tutius
1512 3088 1743 3145 instituti
1774 3106 1860 3144 ra-

1966 3082 2285 3153 κακολογίας
2314 3081 2585 3154 διακρῖναι
2613 3082 2709 3154 τὴν
2737 3081 2930 3155 ὖδρινς
2964 3083 3123 3137 Ὅθεν
3152 3082 3271 3137 οὐδὲ
3301 3084 3413 3138 θεοὶ
3441 3086 3535 3139 οὑ-

305 3171 509 3229 tionem
542 3174 614 3230 ita
649 3177 887 3247 exponit,
913 3192 973 3234 se
1016 3178 1213 3235 divinae
1256 3178 1533 3251 sapientiae
1578 3195 1773 3237 sensus
1810 3192 1863 3238 et

300 3264 525 3321 consilia
555 3269 952 3338 expositurum,
981 3270 1180 3342 quibus
1223 3269 1394 3327 Deum
1428 3281 1483 3328 et
1513 3273 1871 3344 multiplicem

303 3358 397 3413 Dei
442 3360 550 3414 vim
599 3364 762 3433 atque
795 3371 1111 3434 potestatem
1156 3363 1481 3435 imaginibus
1515 3365 1698 3420 sensui
1728 3381 1861 3421 con-

300 3451 619 3520 gruentibus
649 3453 960 3509 indicarunt
987 3455 1045 3519 ii,
1093 3455 1186 3525 qui
1227 3470 1312 3511 res
1343 3455 1643 3511 invisibiles
1671 3457 1862 3512 visibi»

301 3541 446 3597 libus
474 3542 783 3600 simulacris
814 3546 865 3599 in
887 3560 1076 3600 eorum
1104 3546 1330 3617 gratiam
1357 3556 1746 3617 expresserunt
1768 3548 1861 3618 qui

301 3633 473 3702 prima
500 3633 567 3689 de
596 3634 701 3689 diis
722 3636 984 3690 elementa
1014 3652 1312 3708 eorumque
1334 3637 1635 3694 doctrinam
1655 3654 1721 3694 ex
1753 3648 1864 3694 sta-

302 3724 410 3779 tuis
445 3733 697 3796 tanquam
719 3740 785 3782 ex
808 3727 1003 3783 libellis
1029 3729 1259 3784 recitare
1286 3730 1607 3785 didicerant.
1641 3729 1863 3802 Θαυμα-

302 3814 425 3868 στὸν
467 3814 523 3868 δὲ
554 3815 743 3882 οὐδὲν,
776 3819 968 3889 pergit,
1000 3817 1131 3884 ξύλα
1177 3819 1269 3873 καὶ
1311 3818 1490 3884 λίθους
1519 3820 1766 3895 ἡγεῖσθαι
1791 3820 1859 3875 τὰ

300 3907 464 3974 ξόανα
488 3910 613 3974 τοὺς
646 3909 1068 3981 ἀμαθεστάτους,
1098 3911 1241 3966 καθὰ
1264 3910 1326 3983 δὴ
1351 3913 1445 3966 καὶ
1468 3912 1574 3966 τῶν
1598 3914 1849 3985 γραμμά-

299 4010 407 4051 των
450 3999 501 4051 οἱ
542 3999 788 4072 ἀνόητοι,·
819 4000 1011 4065 λίθους’
1028 4002 1133 4073 μὲν
1159 4001 1325 4073 ὁρῶσι
1349 4002 1449 4066 τὰς
1481 4002 1699 4070 στήλας,
1729 4003 1861 4070 ξύλα

299 4091 357 4144 δὲ
403 4093 504 4156 τὰς
556 4092 789 4160 δέλτους,
840 4092 1214 4167 ὲξυφασμένην
1260 4095 1316 4149 δὲ
1361 4094 1608 4168 πάπυρον
1641 4095 1737 4160 τὰς
1781 4095 1862 4166 βε-

301 4183 478 4249 δλους.
519 4184 715 4240 Mirum
758 4186 920 4241 uideri
963 4202 1063 4241 non
1095 4186 1262 4253 debet,
1290 4187 1337 4242 si
1378 4186 1543 4257 ligna,
1575 4186 1620 4240 si
1656 4186 1857 4255 lapides

300 4276 592 4331 simulacra
633 4280 850 4331 deorum
878 4293 989 4333 esse
1023 4278 1256 4333 homines
1282 4278 1664 4348 imperitissimi
1711 4277 1855 4331 arbi-

302 4378 528 4433 trentur,
560 4370 774 4438 perinde
801 4387 927 4425 sane
962 4379 1018 4424 ut
1060 4370 1120 4434 ii,
1156 4371 1244 4436 qui
1277 4371 1429 4425 rudes
1460 4371 1732 4441 ignarique
1765 4370 1858 4422 lit-

1963 3172 2021 3226 δὲ
2066 3172 2315 3243 αἴσθησιν
2363 3171 2573 3243 ἔχοντες
2606 3171 3236 3245 προπηλακισθήσονται,
3266 3173 3374 3227 οὐδ’
3400 3175 3533 3245 ἀμύ-

1961 3261 2142 3317 νονται
2189 3279 2309 3316 τινα
2351 3263 2532 3334 νεκροὶ
2569 3260 2667 3334 τεὴν
2700 3264 2861 3333 φύσιν
2908 3264 3060 3329 ὄντες
3108 3265 3204 3320 καὶ
3244 3264 3335 3319 τὸν
3377 3265 3535 3335 λόγον

1961 3355 2225 3427 ἀκίνητοι.
2278 3354 2447 3408 Moses
2495 3355 2669 3425 itaque
2707 3355 2809 3408 diis
2845 3372 2999 3410 sensu
3039 3358 3338 3412 carentibus
3378 3362 3535 3412 maleo

1961 3447 2068 3501 dici
2110 3464 2258 3516 posse
2293 3463 2394 3500 non
2429 3457 2621 3501 censet.
2654 3445 2797 3500 Nam
2835 3448 2975 3517 quod
3018 3465 3172 3503 sensu
3210 3460 3372 3516 caret,
3401 3468 3535 3521 quo-

1962 3541 2116 3595 modo
2139 3539 2215 3608 id,
2246 3541 2293 3594 si
2312 3540 2429 3610 quis
2453 3542 2502 3594 ei
2526 3539 2830 3607 maledicat,
2858 3559 3086 3612 unquam
3116 3542 3405 3597 doliturum
3425 3543 3534 3598 est?

1963 3632 2094 3698 Quis
2122 3648 2238 3687 vero
2271 3632 2400 3686 adeo
2428 3632 2693 3702 stupidus,
2722 3633 2901 3702 fatuus
2930 3652 2993 3689 ac
3019 3636 3235 3702 stultus,
3273 3643 3332 3690 ut
3373 3637 3536 3690 male-

1960 3724 2103 3778 dicat
2128 3723 2211 3778 illi
2237 3723 2312 3777 rei
2335 3738 2472 3793 quae,
2504 3724 2632 3793 quia
2677 3726 2897 3779 materia
2924 3738 3130 3782 constat
3152 3736 3382 3793 mortua,
3414 3746 3537 3783 cono

1962 3815 2232 3871 tumeliam
2283 3815 2552 3870 maledicti
2584 3815 2876 3887 intelligere
2901 3835 3004 3872 non
3032 3821 3239 3888 potest?
3262 3820 3532 3886 Quamob-

1960 3923 2068 3964 rem
2114 3925 2206 3964 nec
2251 3908 2329 3963 dii
2373 3923 2526 3963 sensu
2568 3919 2803 3964 carentes
2852 3912 3192 3966 contumelias
3237 3914 3530 3983 patientur,

1960 4015 2052 4054 nec
2093 4015 2404 4071 quemquam
2431 3999 2773 4067 ulciscentur,
2811 4004 3005 4057 natura
3046 4019 3146 4057 sua
3189 4005 3386 4058 mortui
3408 4017 3529 4057 cum

1958 4093 2063 4147 sint
2084 4101 2133 4147 et
2159 4092 2465 4150 immobiles.
2500 4093 2749 4151 Julianus
2779 4098 3058 4167 Apostata,
3089 4113 3249 4168 quem
3283 4097 3534 4170 Porphy.

1959 4184 2026 4239 rii
2069 4185 2289 4256 vestigia
2341 4184 2653 4257 frequenter
2689 4187 2887 4259 legisse
2918 4189 3144 4260 ejusque
3187 4190 3401 4260 placitis
3433 4191 3527 4244 lir-

1958 4276 2116 4331 miter
2140 4277 2422 4333 inhaesisse
2453 4286 2691 4343 constat,
2737 4280 2918 4336 verbis
2964 4281 3236 4350 Mosaicis,
3272 4283 3391 4338 Diis
3423 4301 3527 4340 non

1959 4368 2256 4432 maledices,
2275 4370 2522 4426 eumdem
2557 4373 2714 4442 plane
2742 4372 3007 4429 absonum
3040 4389 3260 4430 sensum
3288 4377 3530 4434 allinxis-

300 4470 553 4527 terarum,
581 4463 757 4532 cippos
784 4464 989 4533 quidem
1019 4479 1121 4516 non
1159 4463 1317 4517 aliter
1356 4480 1418 4517 ac
1452 4462 1672 4533 lapides,
1704 4462 1857 4516 tabu-
1886 4457 1932 4519 Ι)
1959 4475 2018 4515 se
2060 4460 2297 4525 videtur,
2347 4478 2469 4517 cum
2522 4464 2863 4522 Christianos
2913 4477 3148 4524 mentem
3199 4468 3528 4542 legislatoris

297 4551 381 4606 las
406 4568 522 4607 vero
551 4568 655 4607 non
697 4569 842 4608 secus
880 4566 1034 4624 atque
1066 4554 1230 4624 ligna,
1264 4553 1425 4608 libros
1459 4554 1676 4624 denique
1702 4554 1854 4624 quasi

298 4654 592 4698 contextam
618 4658 873 4716 papyrum
900 4649 1185 4701 intuentur.

443 4759 471 4832 ᾗ
499 4758 589 4812 XI.
635 4758 890 4832 Magnetis
912 4761 1174 4828 responsio
1199 4759 1270 4812 ad
1288 4759 1629 4832 objectionem
1650 4770 1714 4812 ea;

718 4830 888 4883 Exod.
920 4847 1055 4895 χχιι,
1078 4832 1167 4893 ‘28.
1192 4831 1432 4899 petitam.

368 4916 577 4973 Novum
602 4935 730 4988 ergo
762 4922 1069 4990 praesidium
1098 4922 1317 4976 insulsa:
1341 4919 1615 4990 opinionis
1643 4921 1708 4975 de
1737 4919 1853 4975 cul-

294 5018 357 5065 tu
387 5011 800 5066 simulacrorum
850 5025 973 5066 cum
1023 5013 1078 5065 in
1128 5012 1301 5066 sacris
1344 5012 1535 5065 litteris
1586 5018 1851 5079 quaereret

294 5170 449 5295 97(8)
492 5168 728 5240 Prwpar.
760 5186 937 5242 euang.
986 5170 1079 5227 lib.
1115 5185 1194 5238 ιιι,
1245 5185 1368 5239 cap.
1405 5167 1435 5222 7
1463 5183 1640 5240 seqq.,
1684 5184 1736 5239 p.
1772 5184 1845 5223 ιιι.

397 5255 548 5295 seua.

397 5255 548 5292 5800.

369 5256 548 5378 (δῗςιίξῖ
570 5308 777 5379 Eclogis
798 5311 1025 5379 physicis
1051 5325 1080 5363 a
1106 5307 1372 5365 Gulielmo
1402 5308 1636 5365 Cantero
1665 5308 1846 5371 editis,

291 5378 391 5452 lib.
435 5395 473 5444 ι,
502 5395 552 5434 c.
573 5380 633 5452 Δ1,
661 5378 793 5452 [legi
815 5378 950 5434 Θεῶν
972 5380 1064 5433 καὶ
1087 5379 1244 5452 θείων
1263 5420 1277 5445 ,
1295 5380 1400 5452 ubi
1433 5381 1639 5452 primus
1666 5379 1847 5452 statim

289 5448 469 5512 locis,
493 5448 587 5517 qui
613 5451 667 5503 in
693 5447 1011 5505 cantet-iant!
1033 5447 1264 5504 editione
1281 5447 1571 5513 ἀδέσιὲοτος
1601 5450 1846 5509 habetur,

288 5534 356 5572 ex
380 5518 663 5591 Porphyrii
695 5521 831 5591 libro
856 5522 993 5591 Περὶ
1025 5518 1376 5589 ἀγαλμάτων
1405 5521 1722 5591 desumptus
1744 5529 1845 5580 est.

288 5596 370 5641 uti
420 5586 667 5644 ex'nisto
716 5586 1198 5645 Stobtei‘Vaticano
1247 5598 1399 5644 notat
1445 5586 1760 5643 Holstenius
1793 5594 1847 5643 iu

299 5655 423 5713 Vita
447 5658 749 5730 Porphyrii,
779 5676 895 5730 cap.
933 5659 1015 5714 10.
1042 5658 1116 5714 lta
1146 5674 1274 5715 vero
1296 5675 1416 5730 sese
1447 5660 1606 5730 habet
1636 5659 1739 5715 iste
1771 5660 1850 5715 lo-

283 5741 390 5783 cus
420 5746 436 5786 :
471 5725 605 5793 Ζεῦς
628 5725 744 5782 ὀὖν
772 5732 801 5784 ὁ
834 5725 940 5794 ἐτᾶς
977 5729 1200 5801 κόσμος,
1249 5729 1385 5795 ζῶον
1431 5731 1496 5783 ἐκ
1544 5727 1718 5795 ζώων,
1753 5731 1846 5783 καὶ

602 5825 872 5887 Panos.
906 5824 1023 5888 Gn.
1046 5828 1127 5889 Χ.

1954 4554 2308 4625 pervertisse,
2343 4562 2398 4608 et
2453 4554 2770 4610 detestando
2821 4556 3026 4613 scelero
3073 4568 3240 4630 atque
3298 4562 3527 4619 audacia

1952 4658 2169 4699 omnem
2238 4641 2553 4714 religionem
2604 4644 2938 4701 multitudini
2998 4649 3238 4708 adimere
3285 4654 3529 4712 voluisse

1951 4734 2289 4799 criminatur,
2315 4735 2443 4790 dum
2496 4751 2560 4791 ex
2611 4750 2697 4803 eo,
2725 4738 2871 4808 quod
2903 4755 3009 4796 non
3041 4742 3113 4797 sit
3140 4742 3245 4800 diis
3282 4747 3523 4802 servien-

1950 4824 2103 4892 dum,
2136 4839 2475 4897 consequens
2501 4841 2622 4881 esse
2652 4838 2956 4898 statuerint,
2990 4833 3136 4903 quod
3169 4833 3275 4889 diis
3305 4838 3378 4891 sit
3401 4852 3522 4892 ma-

1950 4916 2289 4973 ledicendum
2324 4917 2455 4988 (10).
2491 4915 2691 4974 Verum
2738 4930 3094 4994 praeterquam
3141 4924 3287 4996 quod
3336 4926 3523 4981 divino

1951 5008 2248 5081 legislatori
2280 5010 2621 5079 apertissime
2651 5027 2831 5070 sermo
2880 5015 2953 5071 sit
2996 5015 3064 5073 de
3110 5018 3522 5090 magistratibus

1952 5163 2070 5231 Θεὸς
2094 5168 2158 5244 ex
2185 5165 2345 5244 θεῶν·
2383 5166 2519 5244 gelu;
2555 5169 2611 5224 δὲ
2647 5171 2742 5225 καὶ
2766 5172 2899 5227 καθὸ
2926 5173 3067 5239 νοῦς,
3099 5174 3193 5244 ἀφ’
3223 5169 3283 5230 οὗ
3312 5175 3521 5244 προερέο-

1951 5254 2035 5316 ρξι
2060 5239 2257 5316 πάνιιῖα,
2282 5239 2364 5292 ὅτι
2385 5237 2702 5316 δημιουργοὶ
2722 5247 2834 5316 τοῖς
2857 5237 3222 5316 νοήμαοινξκ.
3245 5262 3296 5299 τ.
3334 5237 3383 5299 λ’.
3422 5237 3521 5300 1η-

1948 5308 2085 5378 piter
2112 5309 2317 5378 quidem
2344 5308 2482 5365 totus
2508 5308 2730 5364 mundus
2756 5308 2972 5378 dicitur,
3003 5315 3204 5367 animal
3225 5331 3290 5367 ea:
3308 5318 3517 5371 anima-

1949 5377 2189 5455 libas,’et
2217 5395 2407 5433 numen
2454 5393 2519 5434 ea:
2566 5384 2864 5439 numinibus
2905 5377 3273 5453 campositum;
3306 5385 3519 5455 Jupiter

1949 5447 2109 5526 etiant
2152 5463 2394 5526 suprema
2432 5467 2595 5512 mens,
2633 5455 2811 5526 onmia
2839 5447 3150 5526 producent,
3178 5447 3515 5526 quandoqui-

1948 5519 2065 5593 dem
2117 5518 2293 5593 omnia
2338 5525 2689 5593 sunt_mentis
2735 5540 2912 5593 opera,
2945 5535 3048 5579 etc.
3098 5518 3247 5590 Quas
3293 5518 3516 5593 quidem

1950 5589 2109 5665 verba
2168 5589 2392 5665 ipsemet
2450 5589 2713 5665 E_usebius
2760 5589 2998 5663 Prwpar.
3056 5610 3240 5663 evang.
3302 5589 3396 5652 lib.
3434 5614 3518 5665 ιιι,

1949 5673 1997 5712 c.
2028 5658 2282 5734 ila-plin.
2320 5662 2442 5727 101,
2473 5661 2767 5734 Porplxyrio
2787 5658 2997 5734 auctori
3035 5658 3299 5719 attribuit.

2020 5724 2463 5799 (10)'Videantur
2545 5724 2701 5788 verba
2774 5731 2973 5790 Juliani
3041 5736 3182 5804 apud
3252 5735 3519 5807 Cyrillum

3061 5829 3131 5890 ωδ

3186 5922 3621 6063 rex

3622 6062 3677 6143 ’ἢ
