3972 6318
479 296 615 354 1387

1751 290 2107 348 MACARIUS
2144 289 2440 349 MAGNES.

3572 296 3708 352 £388

474 426 526 471 ct
560 414 891 487 principibus
924 414 1124 485 populi,
1164 414 1359 485 quibus
1390 423 1644 484 tanquam
1675 415 1777 470 diis
1805 416 1858 469 in
1894 425 2036 469 terra
2068 418 2109 475 Α
2141 413 2254 483 Ipsi
2276 416 2462 484 quippe
2489 429 2542 467 se
2570 414 2709 483 ipsos
2743 413 2875 468 satis
2908 414 3172 478 la'sernnt,
3197 430 3315 467 cum
3342 414 3575 483 primum
3608 424 3712 469 tm-

475 507 904 564 maledicendum
927 519 1046 563 esse
1075 515 1237 570 vetat,
1269 505 1413 561 conf.
1441 508 1558 563 Act.
1595 523 1749 572 mn,
1775 508 1841 575 5;
1870 506 2039 576 aptis-—

474 601 614 657 sime
642 601 863 657 omnino
892 614 961 654 ex
990 608 1168 655 mente
1199 599 1498 670 gentilium,
1520 581 1755 670 qui'hzec
1778 599 1844 655 ad
1872 599 2040 654 simu-

472 694 620 750 lacra
654 693 875 749 deorum
917 691 1219 757 trahebant,
1250 689 1465 746 Juliano
1492 690 1782 760 respondet
1803 687 2038 761 Cyrillus

468 786 868 844 Alexandrinus
898 784 1073 858 (ll):c
1093 784 1358 842 Caeterum
1392 783 1527 839 sciat
1554 784 1745 855 legem,
1778 782 1888 838 imo
1910 796 2038 838 vero

468 881 604 953 legis
633 880 945 943 Dominum,
973 874 1229 935 lsraelitis
1248 877 1439 949 jubere
1460 884 1521 932 ut
1544 890 1668 930 aras
1694 881 1956 938 evertant.
1982 881 2037 928 et

465 986 578 1027 una
612 987 737 1028 cum
771 969 984 1040 templis
1008 969 1296 1024 simulacra
1336 968 1676 1030 comburant,
1703 964 1863 1021 sicuti
1897 962 2037 1019 scri-

465 1074 619 1135 ptum
657 1063 713 1119 in
742 1060 1167 1120 Deuteronomio
1190 1078 1339 1134 tcap.
1359 1075 1459 1123 sn,
1492 1058 1545 1125 I,
1574 1057 1632 1124 2,
1665 1057 1717 1112 5.
1746 1053 1883 1110 Hinc
1913 1070 2033 1125 per-

466 1157 543 1226 git
579 1156 669 1209 :‘O
701 1154 904 1225 βωμοῖς
944 1152 1037 1206 καὶ
1079 1148 1360 1223 τεμένεσιν
1382 1148 1665 1220 ὲπιθήγων
1686 1146 1778 1201 τὸν
1817 1145 2033 1217 Ἰσραὴλ

463 1248 663 1319 χρῆναί
706 1264 765 1300 τε
811 1246 983 1316 λέγων
1033 1247 1161 1312 τοὺς
1208 1249 1266 1301 ὲν
1310 1245 1492 1310 αὐτοῖς
1543 1241 2029 1315 καταπιμπρᾶσθαι

464 1336 640 1401 θεοὺς,
655 1335 755 1408 ἔφη
774 1334 857 1401 ἂν,
876 1335 997 1389 εἰπέ
1016 1354 1125 1408 μοι,
1143 1336 1270 1409 περὶ
1284 1335 1479 1399 αὐτῶν,
1496 1335 1677 1402 Θεοὺς
1689 1337 1760 1390 οὐ
1780 1338 2028 1389 κακολο-

460 1423 691 1493 quidem.
734 1441 787 1478 κ.
823 1442 873 1477 τ.
908 1423 955 1477 λ.
984 1425 1087 1490 Qui
1134 1426 1187 1479 in
1239 1442 1361 1479 aras
1404 1436 1452 1480 et
1483 1424 1701 1479 delubra
1748 1422 2026 1478 lsraelitas

460 1517 627 1577 acuit,
674 1515 915 1585 deosque,
953 1517 1042 1587 qui
1086 1515 1333 1570 coluntur
1360 1516 1416 1569 in
1442 1516 1590 1585 ipsis,
1621 1514 2024 1569 concremandos

437 1608 559 1671 ait,
592 1606 798 1661 dixitne
812 1608 992 1673 etiam,
1027 1608 1259 1672 obsecro,
1291 1607 1356 1662 de
1387 1606 1494 1661 illis
1522 1623 1539 1660 :
1574 1625 1593 1658 ‹
1625 1605 1743 1660 Diis
1774 1622 1875 1660 non
1906 1623 2019 1660 ma-

461 1696 651 1750 ledices
669 1696 693 1749 ?
721 1716 740 1747 ι

528 1809 556 1879 §
586 1808 699 1864 XII.
741 1809 817 1864 De
840 1811 1000 1864 variis
1031 1810 1327 1863 nominibus
1352 1819 1402 1865 et
1438 1807 1708 1880 generibus
1733 1809 1949 1863 deorum

1082 1880 1388 1951 fgentilium.

528 1972 959 2046 Haudquaquam
987 1973 1063 2027 rei
1094 1988 1159 2027 ex
1191 1972 1431 2034 nomine,
1460 1970 1552 2026 sed
1595 1968 1832 2025 nominis
1863 1983 1927 2024 ex
1962 1983 2022 2024 re

456 2071 739 2125 veritatem
785 2066 1040 2138 pendere.
1077 2065 1132 2119 in
1168 2062 1538 2133 superioribus
1589 2061 2020 2116 demonstratum

455 2162 605 2218 dedit
650 2159 918 2215 Macarius
961 2155 1199 2227 Magnes.
1234 2153 1313 2208 Ex
1363 2154 1468 2209 isto
1524 2164 1702 2208 autem
1755 2151 2022 2222 principio

454 2269 605 2311 nunc
647 2253 812 2309 etiam
845 2250 995 2305 varia
1042 2249 1268 2304 deorum
1308 2245 1587 2317 gentilium
1629 2245 1871 2308 nomina,
1902 2259 2022 2314 quae

453 2361 581 2403 cum
604 2344 721 2414 ipsa
753 2340 1053 2397 divinitatis
1082 2338 1383 2395 substantia
1419 2352 1526 2391 non
1555 2336 1905 2399 conveniunt,
1937 2336 2021 2389 di-

450 2434 743 2508 iudicanda
789 2430 1063 2503 proponit.
1096 2427 1306 2484 Etenim
1345 2427 1488 2498 quod
1538 2426 1827 2497 ejusmodi-
1858 2426 2020 2481 rebus

454 2526 790 2590 inanimatis,
821 2539 942 2595 quin
984 2538 1083 2578 nec
1123 2520 1345 2577 honoris
1384 2534 1483 2574 nec
1526 2518 1867 2573 contumeliae
1895 2533 2021 2573 sen-

452 2635 578 2677 sum
635 2618 804 2673 uIIum
860 2616 1106 2685 accipere
1149 2618 1398 2683 possunt,
1428 2608 1601 2663 nihilo
1628 2616 1808 2663 tamen
1838 2605 2019 2660 minus

451 2714 678 2771 deorum
732 2710 952 2766 nomina
1005 2704 1364 2777 imposuerint
1414 2701 1639 2773 gentiles
1672 2740 1687 2766 ,
1739 2699 1843 2754 hoc
1899 2697 2019 2768 ipso

452 2822 672 2865 summo
705 2803 928 2860 Numini
964 2801 1100 2855 nihil
1129 2798 1425 2869 quidquam
1456 2809 1556 2850 suo
1582 2793 1711 2848 vitio
1736 2792 2017 2856 decedere,

450 2901 547 2959 sed
582 2913 852 2957 summam
890 2904 1072 2950 tamen
1122 2889 1433 2946 mortalium
1482 2884 1848 2957 insipientiam
1896 2899 2020 2939 eos-

449 2995 574 3051 dem
607 2994 709 3048 hac
746 2989 958 3045 ratione
989 2984 1215 3054 prodere
1242 2981 1315 3035 ita
1344 2986 1589 3033 autumat
1621 2974 1889 3031 Macarius
1921 2990 2019 3029 no-

449 3058 608 3142 ster}
639 3083 702 3137 Ei
731 3081 788 3135 δὲ
815 3079 1055 3149 ὀνόματα
1091 3069 1224 3128 θεῶν
1261 3071 1443 3143 έχουσι
1482 3069 1577 3122 καὶ
1621 3066 1926 3139 ἐπίκλησιν,
1953 3065 2015 3121 οὐ

446 3176 796 3250 λυμαίνονται
837 3171 899 3224 τὸ
932 3169 1105 3231 Θεῖον,
1130 3167 1205 3231 ὡς
1231 3164 1351 3219 οὐδὲ
1381 3161 1539 3226 κύνες
1570 3158 1868 3234 ἀνθρώπιον
1899 3157 2015 3250 bud-

450 3248 585 3342 μασι
631 3264 946 3337 τιμώμενοι.
976 3258 1166 3313 Πολλοὶ
1212 3254 1340 3326 γοῦν
1385 3252 1443 3320 ἐξ
1484 3251 1764 3324 εὐχερείας
1804 3250 1870 3342 διὰ
1899 3248 2016 3342 θεῖα

444 3340 559 3424 ἑοῖς
602 3353 849 3429 βεϐήλοις
882 3350 1153 3423 ἐπέθηκαν
1184 3346 1443 3418 ὀνόματα,
1480 3343 1630 3397 οὐδὲν
1659 3344 1716 3395 ὲν
1744 3340 1917 3412 τούτῳ
1946 3341 2015 3395 τά

446 3453 566 3507 θεῖα
598 3449 957 3522 λυπήσαντες,
980 3441 1078 3514 τὴν
1101 3441 1156 3496 δὲ
1181 3438 1331 3509 σφῶν
1359 3434 1667 3510 ἀφροσύνην
1702 3434 1860 3505 μόνον
1880 3435 2014 3503 εφα-

445 3545 708 3618 νέρωσαν.
744 3542 807 3595 Εἰ
833 3538 941 3611 γάρ
973 3553 1057 3601 τις
1088 3534 1206 3597 θεὸς
1235 3532 1330 3604 μὲν
1363 3529 1600 3599 λέγεται,
1632 3526 1726 3581 καὶ
1755 3525 1896 3618 θεζον
1926 3526 2015 3581 οὐ·

443 3616 535 3692 δὲν
568 3636 701 3708 ἔχει,
729 3632 939 3705 ὑδριξει
981 3629 1080 3700 τὴν
1113 3626 1302 3696 κλῆσιν
1334 3622 1427 3677 καὶ
1458 3619 1729 3675 διαϐάλλει
1758 3616 2011 3689 τοῦνομα,

444 3725 817 3798 ἀπαραίτητον
865 3718 1115 3791 ἔγκλημα
1160 3715 1339 3786 φέρων
1383 3710 1474 3765 καὶ
1525 3708 1867 3782 ἀδιόρθωτον.
1920 3710 2012 3780 Μὴ

442 3813 537 3874 οὖν
563 3816 789 3890 νομίσῃς
821 3814 878 3866 ὲν
915 3810 1088 3881 τούτῳ
1135 3807 1224 3861 τὸν
1270 3804 1681 3874 παντοκράτορα
1704 3800 1838 3890 Θεὸν
1863 3800 2014 3890 ἀνιᾷ-

445 3913 572 3968 σθαι
611 3886 706 3964 καὶ
730 3886 1040 3977 ⁷δυσφορεῖν,
1066 3899 1168 3954 κᾶν
1215 3897 1403 3969 μέχρις
1448 3891 1691 3965 ἑρπετῶν
1734 3889 1878 3952 τινὲς
1905 3886 2013 3940 τῶν

441 4004 692 4078 ἀφρόνων
718 3999 777 4053 τὸ
804 3999 944 4051 θεῖον
967 3992 1272 4064 κατέσυραν
1327 3990 1495 4059 δνομα
1516 4003 1530 4017 ·
1562 3985 1716 4038 αὐτοὶ
1746 3983 1854 4078 γὰρ
1883 3984 2011 4078 eau-

440 4074 568 4159 ‘soii;
612 4091 810 4154 ἱκανῶς
842 4086 1171 4158 ἐζημίωσαν,
1206 4082 1255 4134 οἱ
1286 4079 1381 4151 τὴν
1414 4078 1632 4149 πρώτην
1676 4077 1769 4130 καὶ
1813 4074 2012 4128 ἀνώλε-

444 4186 573 4258 θρον
618 4182 804 4237 οὐσίαν
854 4179 948 4232 καὶ
986 4176 1257 4246 ἀκήρατον
1298 4169 1446 4232 ὕλαις
1472 4168 1683 4238 ἀτίμοις
1714 4166 2012 4239 ἐπάραντες

440 4278 629 4348 ὸνομα.
660 4272 813 4340 Quod
850 4271 898 4324 si
938 4268 1155 4322 deorum
1182 4262 1394 4317 nomina
1421 4260 1611 4314 habent
1634 4269 1684 4313 et
1713 4273 2013 4329 cognomen-

441 4383 573 4434 tum,
603 4382 705 4420 non
734 4364 934 4417 idcirco
971 4359 1226 4428 injuriam
1251 4353 1476 4409 Numini
1505 4351 1729 4419 faciunt,
1758 4351 2010 4420 quemad~

440 4462 655 4517 modum
681 4474 771 4513 nec
806 4469 957 4509 canes
977 4451 1247 4506 hominum
1277 4442 1572 4500 nominibus
1599 4443 1793 4496 ornati.
1820 4440 2008 4511 Itaque
2041 4439 2084 4492 D

440 4554 598 4609 multi
641 4550 884 4607 licentius
928 4546 1105 4599 divina
1140 4540 1354 4595 nomina
1385 4536 1623 4608 profanis
1658 4534 1806 4588 rebus
1837 4535 2006 4602 impo-

440 4652 681 4708 suerunt,
709 4657 867 4712 neque
895 4640 949 4692 in
980 4652 1038 4691 eo
1071 4632 1279 4687 Numen
1308 4628 1709 4692 contristarunt,
1733 4626 1821 4680 sed
1852 4642 2003 4679 suam

440 4739 703 4791 duntaxat
770 4730 1127 4802 insipientiam
1177 4724 1539 4797 prodiderunt.
1604 4717 1745 4772 Nam
1794 4719 1841 4771 si
1886 4720 2004 4787 quis

441 4827 583 4881 Deus
625 4826 840 4889 dicitur,
871 4840 934 4877 ac
958 4823 1191 4876 divinum
1222 4816 1352 4871 nihil
1398 4813 1574 4876 habet,
1607 4810 2006 4881 appellationem

440 4916 647 4987 quidem
682 4913 880 4982 injuria
909 4913 1087 4980 afﬁcit,
1118 4926 1180 4963 ac
1226 4922 1409 4961 nomen
1440 4902 1817 4965 calumniatur,
1858 4901 2007 4952 inex-

441 5002 726 5057 eusabilem
776 5009 826 5054 et
879 4997 1273 5067 irreparabilcnt
1328 4994 1539 5062 culpam
1602 4992 1893 5053 sustinens;
1953 4998 2006 5041 at

439 5096 614 5164 ipsum
637 5091 1041 5158 omnipotentem
1080 5085 1245 5139 Deum
1274 5100 1334 5137 ea
1361 5100 1413 5135 re
1439 5081 1766 5143 contristari,
1801 5096 1863 5132 ac
1897 5096 2006 5131 mo—

436 5184 566 5239 leste
592 5181 647 5235 id
677 5180 813 5249 ferre
842 5193 964 5233 cave
982 5176 1287 5238 existimes;
1313 5175 1412 5228 etsi
1445 5172 1514 5226 ad
1540 5173 1654 5242 ipsa
1681 5171 1889 5240 reptilia
1910 5170 2003 5222 dc-

436 5288 675 5347 pressum
704 5272 941 5325 divinum
981 5284 1163 5322 nomen
1210 5266 1444 5320 vecordes
1479 5264 1694 5334 quidam
1724 5262 2000 5315 traxerint.

437 5452 859 5509 Alexandrinum
903 5451 996 5506 lib.
1030 5464 1105 5503 vn
1132 5458 1317 5522 contra
1338 5445 1638 5522 lulianum,
1676 5456 1839 5522 p.0m.
1874 5439 1998 5495 238.

538 5525 624 5590 Il)
664 5522 787 5578 Loc.
823 5522 942 5584 cit.,
972 5537 1024 5591 p.
1057 5536 1130 5574 ιιι.
1160 5518 1267 5591 ξω
1291 5518 1420 5572 edit.
1458 5514 1795 5591 Spanhemii.
1941 5580 1977 5591 __
2012 5586 2017 5591 ι

538 5530 624 5590 lt)
664 5530 787 5578 an.
823 5530 942 5584 cit.,
972 5537 1024 5591 p.
1057 5536 1130 5574 ιιι.
1160 5530 1267 5573 stu
1291 5530 1420 5572 emt.
1458 5530 1795 5585 apannemn.

438 5530 817 5724 FCOHI‘.
853 5591 1137 5653 Eusebius.
1171 5589 1407 5657 Prwpar.
1428 5601 1610 5655 evang.
1644 5583 1736 5639 lib.
1769 5597 1822 5651 ν,
1864 5595 1912 5637 c.
1941 5580 2000 5645 ’5,

2140 507 2508 577 mortalemqne
2534 517 2583 560 et
2605 507 2961 577 incorruptam
2989 508 3341 561 substantiam
3376 506 3572 563 vilibus
3596 526 3710 562 ma.

2141 599 2281 654 teriis
2306 614 2485 653 nomen
2516 599 2895 668 imposuerunt.
2919 598 3056 652 Cum
3085 612 3214 669 ergo
3237 598 3515 656 daemones
3540 603 3711 656 modo

2138 692 2405 747 bonorum
2460 692 2740 762 geniorum
2790 705 3077 762 personam
3130 692 3425 762 vultusque
3475 693 3709 748 simula-

2136 797 2275 853 rent,
2301 786 2459 841 modo
2487 783 2790 842 cmlestium
2820 785 2983 840 etiam
3025 784 3277 850 deorum,
3320 794 3417 841 aut
3472 786 3704 841 heromn

2135 876 2370 945 speciem
2416 890 2482 931 ac
2510 874 2738 930 formam
2771 883 3050 932 sumerent
3077 874 3221 945 (l2);
3249 875 3448 946 ecquid
3475 876 3705 941 mirum,

2133 966 2178 1024 si
2205 981 2393 1023 eorum
2426 982 2642 1038 quoque
2672 968 2890 1024 nomina
2920 967 3268 1038 sumpserint,
3308 968 3609 1039 ﬁctamque
3637 968 3704 1023 il-

2132 1057 2239 1112 lam
2270 1058 2554 1114 numinum
2589 1059 2920 1114 molitionem
2961 1058 3015 1113 in
3049 1059 3230 1128 plures
3262 1058 3469 1115 classes
3497 1060 3704 1114 divise-

2131 1149 2277 1202 rint?
2304 1147 2435 1216 Quat
2463 1157 2643 1203 tamen
2671 1164 2883 1216 omnes,
2910 1163 3035 1204 cum
3066 1147 3201 1201 nihil
3245 1147 3547 1218 quidquam
3578 1163 3705 1217 pro-

2129 1240 2417 1311 prietatum
2465 1243 2771 1298 divinarum
2814 1241 3320 1311 complecterentur,
3363 1242 3701 1312 augustissi-

2129 1346 2274 1385 mam
2308 1330 2398 1386 Dei
2421 1332 2833 1403 appellationem
2869 1330 3086 1400 injuriis
3122 1328 3525 1400 calumniisque
3554 1348 3702 1386 mor-

2129 1423 2313 1478 talium
2362 1423 2726 1493 suhjecerunt.
2756 1422 2861 1490 Qui
2904 1422 3058 1487 solis,
3096 1422 3259 1484 lunae,
3304 1422 3470 1493 ignis,
3518 1433 3701 1491 terrae,

2126 1516 2401 1587 marisque
2426 1517 2626 1586 ﬁguras
2656 1516 2891 1570 humana
2919 1516 3097 1585 specie
3121 1514 3390 1570 exhibitas
3418 1516 3699 1578 colebant,

2123 1607 2325 1678 quique
2374 1607 2761 1664 elementorum
2812 1606 3121 1662 simulacris
3160 1606 3424 1675 imposito
3467 1604 3652 1663 Vesta
3677 1648 3695 1672 ,

2123 1698 2356 1764 Cereris,
2379 1697 2634 1769 Neptuni,
2665 1707 2759 1754 aut
2787 1698 2894 1754 alio
2928 1698 3167 1764 nomine,
3197 1698 3288 1754 illa
3317 1708 3583 1768 tanquam
3610 1698 3695 1753 vi-

2053 1771 2097 1826 Β
2125 1792 2364 1847 ventium
2393 1792 2618 1847 deorum
2647 1790 2847 1862 elligies
2872 1791 3244 1857 honorabant;
3280 1805 3465 1847 nonne
3491 1806 3525 1846 a
3562 1806 3695 1846 vera

2122 1881 2381 1954 religione
2428 1882 2720 1938 abhorrere
2758 1882 3012 1939 censendi
3045 1889 3192 1947 sunt,
3231 1895 3353 1951 quae
3380 1890 3492 1938 tota
3526 1884 3695 1939 rebus

2122 1975 2286 2036 veris,
2328 1974 2485 2030 seriis
2522 1983 2577 2029 et
2618 1974 2929 2030 celestibus
2955 1981 3188 2035 constat.
3224 1973 3540 2045 divinisque
3567 1991 3696 2045 per.

2121 2064 2447 2121 lectionibus
2498 2065 2697 2121 summi
2746 2062 2994 2119 Numinis
3035 2064 3534 2135 respondet‘IBene
3573 2067 3692 2136 jam

2123 2167 2234 2212 tum
2266 2156 2535 2214 Macarius
2566 2156 2620 2211 in
2664 2155 2966 2226 fragmento
3004 2155 3048 2209 II
3087 2156 3498 2226 Ἀποκριτικῶν
3531 2159 3693 2214 dixe-

2119 2258 2207 2304 rat
2246 2268 2258 2302 :
2292 2248 2585 2302 Καλείσοαι
2639 2248 2696 2301 δὲ
2749 2247 2973 2312 πολλοὺς
3016 2246 3169 2314 θεοὺς
3214 2250 3306 2303 καὶ
3353 2251 3598 2322 κυρίους,
3626 2253 3692 2305 οὐ

2120 2338 2304 2407 φθονεί
2330 2339 2481 2405 Θεὸς,
2507 2338 2663 2409 μόνον
2685 2341 2732 2391 εὶ
2757 2337 3143 2409 πλησιάζοντες
3164 2339 3311 2410 αὐτῷ
3335 2342 3430 2395 καὶ
3450 2342 3692 2409 γειτνιά-

2121 2427 2303 2494 ζοντες
2330 2428 2405 2500 τῷ
2432 2429 2529 2499 τῆς
2564 2429 2813 2499 θεότητος
2839 2427 2980 2499 λόγῳ
3012 2430 3502 2501 συγχρωτίζωνται.
3539 2432 3691 2486 Μαι-

2121 2530 2198 2573 tos
2224 2528 2396 2572 autem
2420 2520 2595 2573 vocari
2624 2528 2671 2573 et
2699 2521 2818 2573 deos
2842 2530 2891 2573 et
2921 2520 3182 2583 dominos,
3211 2537 3313 2575 non
3340 2522 3554 2577 moleste
3580 2524 3689 2592 [ert

2120 2610 2282 2672 Deus,
2313 2612 2360 2665 si
2404 2611 2557 2665 modo
2583 2611 2620 2664 ii
2660 2612 3133 2681 appropinquantes
3175 2613 3576 2685 accedentesque
3613 2615 3690 2669 ad

2117 2718 2235 2756 eum
2276 2718 2395 2756 cum
2444 2711 2636 2755 natura
2687 2703 2978 2756 divinitatis
3027 2704 3345 2761 coalescunt.
3399 2705 3466 2759 Et
3516 2707 3687 2777 paulo

2118 2804 2242 2865 post
2271 2815 2283 2849 :
2314 2794 2445 2858 Θεὸς
2498 2795 2768 2866 μονάρχης
2804 2792 2880 2847 ὢν
2921 2795 3015 2847 καὶ
3057 2795 3155 2866 τὴν
3205 2794 3364 2865 φύσιν
3401 2797 3592 2862 ἀΐδιος,
3619 2799 3687 2851 οὐ

2073 2908 2082 2916 ·
2118 2888 2315 2943 κωλύει
2347 2888 2501 2951 θεοὺς
2530 2886 2807 2941 καλεῖσθαι
2833 2888 2959 2951 τοὺς
2986 2887 3269 2956 ἀγγέλους,
3305 2886 3567 2943 θεοποιῶν
3588 2891 3691 2943 αὑ·-

2118 2982 2242 3044 τοὺς
2272 2982 2336 3051 τῇ
2371 2980 2514 3034 θέσει
2540 2978 2629 3032 τοῦ
2664 2979 3007 3051 πράγματος,
3036 2979 3097 3032 οὐ
3126 2979 3224 3050 τὴν
3252 2980 3457 3034 οἰκείαν
3479 2982 3564 3045 εις
3587 2984 3690 3036 αὐ-

2118 3073 2242 3136 τοὺς
2273 3071 2591 3143 ἀποτέμνων
2616 3071 2821 3134 οὐσίαν,
2857 3071 2978 3125 οὐδὲ
3024 3071 3186 3143 μέρος
3211 3071 3391 3136 αὐτοῖς
3419 3074 3518 3144 τῆς
3546 3074 3691 3138 ἰδίας

2115 3164 2451 3240 δωρούμενος
2491 3163 2722 3233 φύσεως.
2766 3162 2927 3228 Deus,
2957 3180 3072 3217 cum
3103 3164 3173 3217 sit
3202 3166 3485 3219 monarclta
3513 3177 3567 3220 et
3593 3183 3695 3220 na-

2119 3267 2240 3314 tura
2266 3273 2363 3313 sua
2392 3266 2638 3321 teternus,
2672 3272 2776 3310 non
2806 3255 3022 3325 impedit
3054 3256 3181 3326 quin
3209 3256 3381 3326 angeli
3406 3257 3487 3310 dii
3510 3262 3690 3312 nomi-

2117 3361 2326 3419 nentur,
2351 3351 2604 3422 deiﬁcans
2654 3349 2852 3404 scilicet
2901 3365 3010 3414 eos,
3052 3350 3328 3405 divinitate
3378 3351 3446 3406 iis
3493 3352 3691 3407 addita

2117 3442 2249 3513 (non
2281 3442 2483 3513 innata)
2508 3459 2523 3509 ;
2548 3457 2650 3495 non
2674 3451 2847 3495 autem
2874 3440 3044 3495 divisa
3074 3457 3191 3495 cum
3214 3442 3280 3495 iis
3306 3458 3406 3496 sua
3430 3442 3687 3498 substan-

2116 3532 2214 3594 tia,
2249 3546 2339 3585 nec
2361 3540 2568 3584 natura:
2593 3546 2703 3584 sua:
2730 3530 2965 3599 portione
2991 3531 3178 3585 iisdem
3197 3547 3464 3587 concessa.

2186 3623 2323 3681 Hinc
2368 3623 2530 3680 simul
2576 3623 2812 3679 concidit
2856 3622 3022 3694 impia
3065 3622 3351 3696 Porphyrii
3380 3627 3683 3690 sententia,

2115 3718 2209 3791 qui
2236 3715 2432 3773 summi
2466 3713 2716 3771 Numinis
2745 3714 3104 3771 substantiam
3135 3724 3188 3770 et
3216 3714 3456 3772 inﬁnitas
3480 3730 3683 3786 opera-

2114 3813 2291 3867 tiones
2322 3810 2425 3866 sub
2455 3809 2623 3865 variis
2652 3807 2962 3863 nominibus
3004 3807 3227 3863 deorum
3271 3808 3557 3878 gentilium
3587 3824 3688 3864 ex-

2114 3904 2299 3976 primi,
2352 3904 2446 3959 scd
2500 3900 2719 3956 nonnisi
2774 3901 3019 3955 eamdem
3064 3899 3403 3955 divinitatem
3449 3900 3681 3972 intelligi

2114 3999 2370 4053 audacter
2400 4011 2645 4051 asserere
2678 3994 2820 4049 haud
2856 4003 2940 4048 est
2969 3992 3176 4048 veritus
3204 4008 3219 4045 :
3252 3992 3523 4063 siquidem
3549 4008 3684 4049 cum

2112 4091 2335 4145 Platone
2362 4104 2468 4144 suo
2491 4101 2680 4141 omnes
2703 4087 2831 4140 deos
2859 4084 3019 4153 primi
3057 4082 3384 4154 secundique
3424 4084 3685 4155 principii

2111 4180 2481 4236 emanationes
2503 4175 2765 4247 quasdam
2797 4189 2859 4229 ac
2886 4173 3376 4245 proseminationes
3401 4188 3525 4229 esse
3555 4175 3683 4229 vin—

2112 4275 2257 4330 dicat
2291 4271 2424 4343 (15).
2474 4267 2729 4323 Eamdem
2774 4266 2978 4337 pariter
3023 4274 3255 4320 mentem
3301 4264 3472 4320 fuisse
3500 4264 3680 4320 Grani

2114 4363 2421 4436 philosophi
2449 4377 2573 4418 cum
2602 4358 2845 4429 Magnete
2877 4367 3063 4411 nostro
3097 4355 3447 4425 disputantis,
3479 4357 3682 4411 exinde

2114 4459 2402 4529 colligitur,
2431 4454 2574 4527 quod
2624 4454 2727 4509 diis
2763 4452 2880 4507 suis
2911 4465 3017 4504 non
3053 4449 3288 4504 nominis
3316 4457 3557 4508 tantum,
3589 4465 3682 4503 ve-

2114 4567 2234 4606 rum
2266 4551 2437 4620 ipsius
2461 4549 2623 4603 etiam
2651 4543 2946 4599 divinitatis
2973 4557 3098 4596 cum
3131 4554 3257 4594 vero
3285 4538 3396 4593 Deo
3425 4554 3682 4594 commu-

2114 4648 2330 4697 nionem
2353 4638 2561 4702 tribuit,
2587 4635 2915 4703 eosdemque
2941 4638 3296 4701 augustorum
3327 4627 3550 4682 illorum
3582 4644 3683 4682 no-

2113 4733 2344 4795 minum,
2375 4725 2923 4797 incorruptibilitatis,
2948 4721 3370 4778 immortalitatis
3391 4728 3446 4774 et
3469 4719 3679 4791 impas-

2115 4820 2387 4876 sibilitatis
2408 4819 2670 4873 honorem
2703 4814 3047 4886 participare,
3075 4820 3236 4882 atque
3267 4810 3516 4880 ejusdem
3547 4825 3677 4865 cum

2113 4914 2224 4969 Deo
2263 4922 2468 4968 naturae
2495 4920 2776 4965 consortes
2811 4923 2931 4962 esse
2959 4907 3211 4976 opinatur
3240 4904 3373 4974 (I4).

2114 5027 2142 5098 ς
2175 5024 2310 5098 XIII.
2346 5023 2603 5098 Magnetis
2635 5019 2878 5098 doctrina
2906 5018 2969 5073 de
2993 5017 3205 5098 Christo
3245 5014 3384 5096 ilio
3541 5016 3666 5068 uni-

2283 5083 2478 5166 genito,
2503 5093 2715 5162 ejusque
2745 5089 3101 5144 incarnatione
3119 5096 3168 5141 et
3199 5083 3495 5139 miraculis.

2181 5185 2412 5241 lnlinitis
2450 5184 2648 5240 divinae
2675 5181 2925 5238 essentiae
2951 5178 3372 5250 perfectionibus
3414 5190 3673 5248 supremo

2111 5278 2350 5331 omnium
2374 5290 2553 5331 rerum
2582 5272 2826 5329 Creatori
2855 5272 3065 5341 solique
3096 5268 3400 5325 monarcha:
3423 5268 3673 5340 ἀγενήτῳ

2186 5430 2295 5501 (15)
2334 5427 2827 5501 ϐοηῐηΕιιεοὶιὶιιε,
2884 5424 3125 5499 Prazpar.
3177 5438 3362 5492 evang.
3399 5422 3500 5477 lib.
3546 5437 3667 5482 ιιιι.

2110 5517 2159 5556 c.
2189 5499 2284 5564 l5,
2312 5512 2462 5571 tum.
2496 5499 2620 5571 694.
2902 5565 2922 5571 _
3062 5566 3073 5571 _
3219 5566 3229 5571 ,
3262 5566 3274 5571 ,
3313 5565 3325 5571 ,
3386 5561 3430 5571 ,-
3600 5563 3613 5571 .

2181 5561 2293 5642 χιι)
2313 5561 2466 5624 ’νίιιο
2511 5570 2869 5641 fragmentum
2902 5565 2922 5619 I
2951 5582 3017 5642 es
3042 5565 3352 5642 Apocriticis
3384 5561 3667 5632 Magnetis,

2110 5658 2164 5713 p.
2191 5638 2339 5698 ’1⁸5ὐι
2373 5642 2460 5710 22,
2490 5651 2541 5695 et
2569 5638 2925 5711 l'ragmenwm
2958 5638 3042 5704 III,
3075 5654 3129 5707 p.
3154 5638 3238 5690 40.
