3972 6318
471 287 600 345 1591

1724 281 2079 342 ηλολιυυδ
2118 281 2417 341 MAGNES.

3568 283 3711 340 1592

468 403 771 474 fragmento
821 402 1055 471 quodam
1083 380 1334 458 exllibro
1372 414 1441 455 ιιι
1486 401 1912 470 Ἀποκριτικῶν
1945 401 2042 457 de-
2070 408 2113 458 Α
2140 398 2443 470 fragmento
2485 397 2552 457 ll.
2599 399 2745 469 quod
2777 411 2844 452 ex
2888 396 3066 467 primo
3094 395 3237 452 libro
3280 396 3711 467 Apoeriticorum

467 504 709 567 sumpto,
760 496 907 565 quod
948 504 1143 565 praeter
1185 492 1515 549 Turrianum
1567 495 1757 551 citavit
1797 493 2038 551 Thomas

467 588 672 646 Bozius
706 588 1043 659 Eugubinus,
1078 586 1520 658 congregationis
1551 584 1787 641 Oratorii
1810 584 2039 656 presby-

469 690 572 745 ter,
596 681 732 735 libro
759 695 851 734 xnv
879 678 955 733 De
979 680 1144 750 signis
1180 677 1432 732 Ecclesiae
1466 677 1578 743 Dei,
1610 692 1731 749 pag.
1766 676 1827 730 71
1858 673 2038 732 :Audi

469 788 607 826 nunc
647 778 864 837 attente,
908 770 1123 843 inquit:
1167 769 1441 839 Principio
1483 770 1680 825 creavit
1726 766 1902 822 Filius
1940 765 2038 821 Dei

468 877 699 930 terram;
729 881 793 919 ea:
821 874 965 919 terra
993 864 1253 918 hominem
1283 862 1554 933 formavit,
1587 877 1653 916 ea:
1685 860 1892 915 homine
1917 875 2038 913 car-

468 971 584 1009 nem
615 955 838 1024 sumpsit
877 956 987 1024 ipse
1028 953 1165 1024 (21).
1191 951 1662 1019 Quemadmodum
1693 963 1824 1006 vero
1858 949 2038 1006 incar-

468 1047 742 1100 nationem
768 1045 969 1099 Christi
1014 1060 1078 1099 ex
1120 1045 1355 1098 humana
1386 1050 1579 1098 natura
1613 1040 1838 1108 factam,
1874 1050 2038 1111 atque

467 1154 498 1193 a
527 1138 707 1192 divina
758 1136 879 1190 Filii
910 1135 1005 1191 Dei
1057 1144 1251 1190 natura
1291 1143 1650 1205 assumptam,
1686 1133 1854 1190 simul
1883 1148 2038 1189 com-

468 1237 734 1280 memorat
765 1227 851 1281 his
875 1226 1080 1280 ultimis
1106 1226 1320 1292 verbis;
1347 1225 1421 1279 ita
1444 1235 1499 1280 et
1517 1224 1861 1281 Divinitatem
1886 1221 2039 1280 carni

468 1319 675 1371 nnitam
704 1318 950 1386 adeoque
980 1317 1236 1372 unionem
1259 1315 1598 1386 personalem
1630 1315 1826 1371 divinae
1853 1324 1908 1370 et
1936 1316 2038 1370 hu-

470 1422 645 1462 mana:
677 1416 885 1461 naturae
916 1408 971 1460 in
1003 1405 1221 1463 Christo
1247 1407 1482 1462 dilucide
1510 1406 1646 1461 satis
1683 1407 2034 1476 conspicuam

466 1497 724 1564 declarat,
759 1513 882 1553 cum
918 1497 972 1551 in
995 1497 1450 1568 subsequentibus
1473 1496 1716 1566 ejusdem
1749 1495 2037 1567 fragmenti

466 1590 648 1645 verbis
695 1588 889 1643 Filium
941 1588 1037 1644 Dei
1087 1590 1158 1644 ita
1204 1591 1513 1659 loquentem
1565 1591 1903 1646 introducit:
1951 1590 2037 1645 Ea:

467 1681 659 1735 unione
685 1681 871 1751 igitur,
900 1698 1005 1752 qua
1046 1682 1223 1734 unitas
1253 1698 1368 1734 sum
1405 1692 1620 1735 sanctus
1658 1698 1775 1735 cum
1806 1690 2033 1749 terreno,

465 1772 534 1826 do
570 1788 755 1840 panem
778 1781 826 1826 et
854 1773 1051 1836 vinum,
1066 1773 1257 1841 jubens
1287 1788 1398 1827 esse
1424 1789 1610 1842 corpus
1636 1789 1805 1826 meum
1831 1782 1881 1828 et
1910 1789 2037 1829 sats-

465 1865 674 1933 guinem
843 1864 1112 1935 Siquidem
1136 1865 1275 1935 quod
1297 1882 1398 1919 non
1423 1866 1575 1919 habet
1618 1864 1835 1919 Verbum
1863 1867 2036 1921 vivens

464 1958 674 2012 unitum
707 1973 828 2011 cum
866 1974 1099 2027 corpore,
1142 1958 1279 2029 quod
1324 1959 1429 2028 fuit
1462 1968 1743 2023 terrenum,
1774 1959 1844 2012 ad
1880 1969 2037 2013 teter-

467 2064 588 2101 nam
623 2048 785 2102 vitam
809 2049 1015 2103 edentes
1048 2064 1150 2102 non
1178 2049 1480 2103 adduceret.
1511 2047 1575 2102 Et
1606 2049 1798 2103 iterum
1826 2066 1841 2102 :
1871 2047 2035 2103 Panis

464 2155 583 2194 vero
613 2141 665 2193 in
695 2140 846 2194 beata
887 2139 1083 2195 Christi
1114 2150 1255 2195 terra
1295 2142 1486 2195 uirtute
1527 2140 1838 2196 Divinitatis
1874 2143 2038 2197 unita!

466 2231 771 2301 confectus,
820 2231 932 2286 solo
972 2242 1130 2302 gustu
1180 2232 1635 2286 immortalitatem
1699 2233 1899 2286 homini
1950 2235 2036 2303 af-

468 2325 591 2393 fert.

536 2413 616 2468 Ex
645 2414 921 2470 miraculis
947 2414 1200 2483 denique,
1244 2429 1365 2483 quze
1408 2429 1439 2468 a
1484 2413 1703 2469 Christo
1747 2413 2038 2471 Servatore

465 2504 609 2561 facta
634 2516 781 2572 sunt,
813 2508 1149 2562 divinitatem
1181 2506 1300 2562 Filii
1344 2507 1438 2564 Dei
1474 2509 1705 2564 Subinde
1732 2511 2036 2575 conﬁrmat,

468 2614 592 2652 cum
620 2598 852 2670 exempli
883 2615 1049 2656 causa
1082 2600 1372 2656 occasione
1398 2600 1558 2655 istius
1588 2600 1839 2655 miraculi
1866 2602 1919 2655 in
1951 2618 2041 2657 sa-

466 2687 686 2743 natione
732 2690 996 2755 mulieris,
1047 2704 1168 2759 quae
1212 2690 1424 2745 diutina
1467 2688 1705 2746 tluxione
1758 2693 2041 2761 sanguinis

466 2779 824 2847 laboraverat,
858 2782 1082 2851 praestiti
1113 2780 1281 2836 Marc.
1312 2797 1366 2845 v,
1394 2780 1484 2845 30,
1507 2780 1706 2835 divinae
1738 2782 1910 2851 ipsius
1932 2783 2041 2835 vir-

466 2871 599 2928 tutis
625 2872 990 2928 characterem
1025 2874 1077 2927 in
1106 2872 1409 2943 fragmento
1436 2872 1480 2927 ll
1520 2873 1930 2941 Ἄποκριτικῶσν
1953 2874 2041 2929 his

465 2964 649 3019 verbis
682 2965 966 3036 agnoscit:
1000 2963 1157 3018 Οὕτω
1197 2964 1348 3035 παρὰ
1391 2961 1486 3017 τοῦ
1530 2963 1769 3036 Χριστοῦ
1814 2964 2039 3037 δύναμις

2138 500 2518 548 conservatum
2539 501 2624 546 est
2657 492 2741 562 (in
2766 490 2924 561 cujus
2957 490 3132 558 capite
3156 500 3309 547 sexto
3337 506 3468 544 eum
3498 486 3714 561 specia-

2137 581 2235 638 tim
2260 582 2329 638 de
2368 583 2667 649 miraculis,
2701 597 2823 652 quae
2849 600 2880 636 a
2916 581 3133 637 Christo
3162 580 3306 637 facta
3344 593 3494 649 sunt,
3527 583 3711 639 disse-

2138 672 2316 728 ruisse
2350 671 2515 728 refert
2547 671 2885 742 Nicephorus
2907 670 3015 726 CP.
3050 671 3103 725 in
3129 671 3385 727 examine
3415 674 3710 727 verborum

2137 762 2358 819 Macarii
2381 763 2699 836 Magnetis);
2730 762 2970 834 factique
2989 762 3146 817 istius
3169 762 3546 818 memorabilis
3575 764 3711 818 ima-

2139 860 2317 929 ginem
2356 873 2464 913 aere
2504 871 2816 927 expressam
2849 856 2904 910 in
2950 854 3336 925 Mesopotamia
3382 855 3571 910 adhuc
3613 870 3712 910 sua

2137 958 2294 1005 aetate
2324 958 2695 1007 conservatam
2726 949 2896 1005 fuisse
2936 946 3192 1002 tradidit:
3229 962 3340 1016 qua
3378 947 3449 1001 de
3492 961 3558 1001 re
3594 947 3707 1015 jam

2138 1049 2252 1095 tum
2294 1041 2349 1095 in
2379 1040 2646 1112 superiori
2684 1040 3094 1106 Dissertatione,
3130 1038 3274 1111 sto,
3307 1048 3492 1095 actum
3540 1038 3717 1096 fuisse

2137 1133 2382 1189 memini.

2141 1245 2335 1320 §XIV.
2383 1245 2658 1320 Magnetis!
2686 1244 2928 1300 doctrina
2961 1245 3042 1320 de
3085 1246 3360 1320 creatione,
3407 1252 3462 1301 et
3505 1245 3717 1316 frustra

2523 1318 2752 1388 con/ictu
2788 1316 3079 1371 aeternitate
3114 1317 3316 1371 mundi.

2208 1409 2265 1464 In
2289 1411 2519 1465 articulo
2548 1411 2616 1465 de
2645 1408 2922 1466 creatione
2945 1424 3011 1463 ex
3036 1407 3573 1477 superiusadductis
3594 1408 3715 1474 jam

2137 1510 2252 1556 tum
2303 1509 2518 1557 constat
2568 1500 2783 1573 egregia
2828 1498 3051 1555 Macarii
3092 1498 3356 1569 Magnetis
3409 1499 3715 1562 confessio,

2138 1591 2281 1662 quod
2316 1590 2461 1647 Deus
2488 1591 2641 1648 solus
2667 1591 2957 1661 imperium
2992 1605 3057 1646 ac
3087 1591 3465 1645 monarchiam
3500 1591 3715 1645 habens

2141 1684 2229 1750 iis,
2257 1684 2351 1754 qui
2384 1684 2551 1755 geniti
2577 1691 2728 1751 sunt,
2758 1683 3034 1754 ingenitus
3072 1682 3276 1753 praesit,
3305 1691 3596 1739 creaturas
3624 1682 3715 1735 ine

2140 1787 2353 1833 creatus
2377 1787 2426 1832 et
2460 1776 2726 1847 principio
2767 1791 2961 1832 carens
2997 1776 3053 1830 in
3084 1784 3350 1845 potestate
3394 1774 3613 1840 habeat,
3647 1790 3715 1828 ac

2139 1884 2272 1931 non,
2306 1867 2536 1933 similes,
2587 1867 2684 1922 sed
2732 1867 3027 1923 dissimiles
3065 1867 3324 1937 providus
3377 1875 3537 1935 regat
3573 1865 3708 1935 (Si).

2139 1957 2491 2014 Luculentius
2516 1965 2697 2011 tamen
2735 1963 2793 2010 et
2826 1970 2991 2025 scopo
3022 1969 3123 2010 suo
3153 1952 3568 2009 convenientius
3606 1951 3712 2005 hoc

2138 2056 2518 2119 argumentum
2569 2055 2864 2117 pertractat
2900 2047 2955 2101 in
3001 2044 3392 2101 commentario
3442 2043 3712 2115 περὶτῆς

2136 2141 2231 2196 τοῦ
2279 2140 2450 2212 Ἀδὰμ
2495 2139 2872 2211 δημιουργίας,
2912 2137 2981 2194 ad
3032 2152 3150 2207 cap.
3202 2152 3220 2191 ι
3264 2134 3563 2202 Geueseos,
3615 2135 3713 2190 ubi

2138 2242 2419 2287 creaturas
2452 2246 2644 2285 onmes
2669 2231 2785 2285 solo
2806 2231 2969 2285 verbo
2991 2228 3084 2284 Dei
3118 2227 3409 2298 productas
3431 2241 3554 2281 esse
3576 2241 3715 2280 con-

2142 2324 2349 2379 tendit:
2395 2323 2505 2376 Καὶ
2550 2322 2619 2376 τὰ
2659 2323 2755 2394 μὲν
2797 2320 2934 2376 ἄλλα
2978 2319 3252 2390 κτίσμα-τα
3300 2320 3504 2391 ῥήματι
3558 2317 3716 2387 μόνῳ

2140 2415 2440 2487 παρῆκται.
2477 2415 2530 2469 Id
2568 2423 2693 2469 est:
2729 2417 2805 2468 Ac
2830 2427 3029 2468 autem
3059 2413 3267 2483 quidem
3305 2420 3564 2465 creatura
3593 2410 3715 2464 sola

2140 2508 2291 2560 verbo
2317 2506 2588 2575 producta?
2609 2515 2751 2560 sunt.
2788 2505 3096 2571 Quinetiam
3132 2503 3183 2556 in
3212 2502 3564 2572 sequentibus
3593 2511 3716 2556 tum

2140 2598 2381 2652 materia:
2415 2596 2740 2666 principium
2780 2594 3082 2659 constituit,
3115 2601 3232 2648 tum
3270 2594 3503 2648 formam
3555 2608 3716 2647 crea-

2140 2688 2305 2743 tionis
2334 2687 2713 2756 actionemque
2753 2683 2849 2740 Dei
2894 2684 3131 2739 creantis
3165 2685 3219 2739 in
3261 2700 3328 2739 eo
3355 2685 3527 2754 ponit,
3559 2682 3716 2754 quod

2142 2778 2288 2834 Deus
2317 2779 2499 2835 omnia
2532 2792 2600 2832 ex
2638 2776 2914 2832 liberrima
2959 2777 3253 2843 voluntate,
3284 2786 3339 2832 et
3379 2777 3601 2846 quidem
3642 2792 3717 2831 ex

2141 2868 2337 2933 nihilo,
2390 2883 2486 2937 per
2530 2866 2706 2922 solum
2757 2865 3043 2935 imperium
3090 2866 3424 2935 produxerit,
3466 2881 3579 2936 quo
3630 2866 3713 2930 id,

2141 2959 2287 3031 quod
2312 2975 2419 3015 non
2445 2967 2582 3023 erat,
2611 2956 2824 3013 vocavit
2850 2965 2912 3012 ut
2932 2968 3077 3012 esset
3093 2957 3265 3027 Apoc.
3295 2972 3370 3024 sv,
3403 2957 3464 3012 tl
3490 2976 3507 3025 ;
3544 2956 3714 3012 Rom.

468 3053 561 3126 ὲξή
572 3072 744 3126 ρχετο,
791 3055 885 3112 καὶ
912 3054 1020 3108 τῶν
1053 3055 1369 3126 καμνόντων
1399 3054 1597 3125 ἤλαυνε
1627 3054 1698 3109 τὰ
1738 3059 2037 3129 νοσήματα,

2144 3069 2218 3119 iv,
2255 3052 2338 3106 17.
2381 3051 2499 3107 Huc
2528 3051 2757 3107 redeunt
2788 3050 2881 3105 illa
2911 3052 3074 3106 verba
3103 3050 3364 3122 MagnetisD
3396 3051 3572 3105 nostri
3600 3050 3715 3105 loc.

466 3147 561 3199 καὶ
592 3145 669 3217 τῷ
689 3145 909 3218 Χριστῷ
934 3144 1169 3216 μένουσα
1199 3145 1335 3210 ὅλως
1361 3146 1460 3200 οὐκ
1490 3147 1799 3220 ἐχωρίζετο.
1836 3149 1892 3203 Id
1919 3156 2033 3204 est:

468 3236 559 3291 Sic
596 3238 756 3290 etiam
790 3254 822 3290 a
853 3236 1061 3292 Christo
1094 3237 1260 3290 virtus
1306 3237 1505 3304 exibat,
1542 3254 1662 3309 qua:
1700 3248 1751 3293 et
1783 3251 2041 3310 (egrotan-

470 3328 603 3381 tium
657 3328 862 3383 morbos
908 3328 1155 3399 pellebat,
1205 3338 1254 3382 et
1304 3346 1456 3399 penes
1510 3330 1781 3387 Christum
1824 3351 2037 3391 manens

467 3437 681 3475 prorsus
712 3420 775 3474 ab
801 3436 862 3476 eo
885 3437 987 3475 non
1014 3422 1300 3476 recedebat.
1338 3422 1495 3477 Nulla
1531 3424 1618 3479 hic
1643 3439 1744 3480 nos
1775 3436 1928 3497 urget
1950 3442 2039 3482 ra-

468 3517 564 3580 tio,
600 3531 698 3572 cur
742 3530 838 3587 per
878 3515 1107 3588 δύναμιν
1150 3517 1469 3585 ἐξελθοῦσαν
1517 3519 1815 3589 intelligere
1845 3520 2039 3575 debea-

467 3623 592 3664 mus
635 3607 889 3663 virtutem
919 3608 1211 3679 quamdam
1254 3608 1616 3679 corporalem,
1653 3624 1748 3664 seu
1785 3609 2039 3679 pharma-

469 3713 592 3754 cum
649 3699 869 3769 aliquod
918 3699 1163 3755 salutare
1209 3715 1277 3754 ex
1331 3714 1558 3770 corpore
1612 3698 1811 3755 Christi
1859 3701 2040 3771 profe-

470 3797 617 3845 clum
665 3789 798 3862 (2‘2),
845 3804 969 3845 cum
1022 3790 1165 3845 inter
1204 3805 1393 3847 omnes
1445 3800 1675 3858 constet,
1722 3790 1948 3862 δύναμιν
1983 3793 2038 3848 in

470 3881 750 3953 Scriptura
794 3879 927 3936 Novi
971 3882 1301 3937 Testamenti
1352 3884 1652 3953 smpissime
1711 3884 2038 3940 miraculum

469 3978 747 4043 denotare,
774 3975 941 4033 Marc.
976 3992 1053 4040 vi,
1080 3976 1114 4031 5
1140 3976 1255 4049 (2⁸5)
1283 3994 1297 4031 :
1328 3977 1573 4048 adeoque
1610 3993 1748 4048 opus
1795 3978 2038 4034 divinum

469 4065 556 4122 vel
585 4066 905 4122 miraculum
939 4082 971 4122 a
1001 4065 1221 4121 Christo
1246 4075 1521 4137 patratum
1552 4066 1641 4122 hic
1683 4068 1864 4138 potius
1898 4068 2040 4122 indi-

472 4157 695 4228 gitatur,
722 4172 786 4213 ex
819 4156 977 4228 cujus
1019 4158 1302 4227 stupendis
1331 4157 1614 4214 effectibus
1639 4168 1692 4213 et
1726 4158 1927 4216 virtute
1955 4159 2041 4213 in-

472 4248 715 4305 credibili
746 4249 800 4304 in
833 4247 1118 4305 Servatore
1150 4257 1338 4304 nostro
1390 4248 1813 4320 haudquaquam
1855 4250 2040 4305 immi—

472 4350 601 4396 nuta
629 4341 963 4397 divinitatem
991 4342 1109 4413 ejus
1135 4342 1330 4399 merito
1361 4356 1660 4413 agnoscere
1686 4352 1850 4413 atque
1879 4359 2041 4399 vene-

2137 3146 2268 3202 cit.:
2312 3144 2369 3197 Ὀ
2400 3142 2506 3215 γὰρ
2532 3140 2783 3196 τοσοῦτον
2824 3141 3053 3212 μέγεοος
3085 3142 3316 3215 οὐρανοῦ
3346 3142 3442 3195 καὶ
3479 3141 3587 3210 γῆς
3617 3142 3718 3195 καὶ

2138 3235 2413 3309 θαλάσσης
2443 3234 2586 3305 λόγῳ
2606 3233 3070 3304 ὑποστησάμενος,
3095 3233 3272 3305 πολλῷ
3302 3231 3499 3304 μᾶλλον
3533 3236 3721 3304 παρά-

2135 3327 2307 3382 δεισον
2341 3326 2520 3390 ἱκανὸς
2551 3324 2953 3395 καταφυτεῦσαι
2981 3326 3206 3398 ῥήματι,
3242 3327 3337 3381 καὶ
3366 3323 3509 3395 λόγῳ
3540 3324 3715 3396 ῥιζῶ-

2138 3439 2230 3475 σαι
2258 3419 2541 3475 πανόλϐιον
2567 3419 2765 3490 χωρίον
2782 3436 2795 3449 ·
2818 3418 2953 3484 ἀλλ’,
2975 3416 3051 3481 ὼς
3080 3419 3313 3490 εἴρηται,
3340 3416 3428 3470 διὰ
3446 3418 3546 3488 τὴν
3574 3418 3717 3487 πρὸς

2136 3515 2229 3568 τὸν
2261 3512 2543 3582 ἄνθρωπον
2575 3510 2737 3582 τιμὴν
2766 3511 2861 3564 καὶ
2899 3510 3193 3582 φυτουργὸς
3215 3510 3426 3578 γίνεται
3460 3508 3716 3580 μυστικῷ

2136 3617 2242 3654 τινι
2266 3599 2409 3670 λόγῳ
2425 3641 2441 3666 ,
2461 3600 2790 3672 ἁκαμάντως
2815 3599 2969 3653 τόνδε
3013 3599 3216 3669 κόσμον
3237 3600 3302 3651 ἐκ
3328 3597 3424 3651 τοῦ
3458 3598 3534 3671 μὴ
3558 3598 3716 3661 ὄντος

2138 3693 2218 3756 εἰς
2242 3691 2301 3745 τὸ
2331 3687 2470 3744 εἶναι
2503 3692 2767 3763 παράγων
2798 3690 3032 3764 θελήσει.
3059 3687 3199 3743 Nam
3221 3692 3312 3761 qui
3337 3700 3542 3743 tantam
3570 3689 3713 3752 ccli,

2142 3794 2296 3839 terra:
2323 3801 2385 3838 ac
2412 3786 2577 3838 maris
2614 3787 2800 3837 molem
2830 3783 2982 3838 verba
3014 3782 3307 3852 fundasset,
3346 3782 3510 3835 multo
3538 3783 3715 3851 magis

2139 3877 2351 3932 hortum
2391 3884 2599 3945 poterat
2625 3875 2767 3928 dicto
2801 3874 3066 3944 plantare,
3107 3885 3156 3927 et
3197 3873 3555 3927 beatissimum
3588 3873 3715 3940 {um-

2138 3970 2263 4023 dum
2289 3975 2440 4021 verbo
2464 3982 2750 4021 conserere.
2778 3965 2881 4019 Sed
2907 3966 3347 4036 quemadmodum
3373 3965 3579 4018 dictum
3607 3974 3713 4027 est,

2139 4069 2197 4114 ut
2227 4058 2485 4112 hominem
2517 4056 2710 4110 honore
2734 4057 2976 4127 afﬁceret,
3009 4056 3170 4110 etiam
3213 4055 3463 4109 arborum
3505 4071 3713 4109 arcana

2138 4154 2369 4223 quadam
2409 4151 2613 4205 ratione
2643 4150 2817 4219 factus
2847 4157 2925 4203 est
2968 4148 3164 4212 cultor,
3193 4148 3283 4218 qui
3317 4148 3431 4202 sine
3468 4147 3585 4202 ullo
3628 4152 3714 4202 la-

2141 4241 2260 4296 bore
2281 4241 2531 4295 mundum
2557 4240 2695 4294 hunc
2719 4254 2783 4294 ea:
2808 4256 2911 4294 non
2934 4255 3044 4296 esse
3071 4240 3142 4293 ad
3168 4255 3276 4293 esse
3301 4237 3415 4292 sola
3437 4238 3715 4293 voluntate

2139 4335 2477 4403 perduxerat.

474 4432 584 4486 rari
627 4433 945 4488 tenebantur
999 4412 1208 4488 omnes.
1266 4412 1415 4499 Quoi
1441 4448 1604 4489 sensu
1667 4441 1722 4487 et
1770 4432 2039 4489 Macarius
2068 4412 2115 4472 D
2144 4426 2171 4498 §
2203 4425 2319 4480 XV.
2353 4426 2610 4480 Doctrina
2639 4423 2898 4495 Magnetis
2925 4423 2988 4477 de
3016 4423 3216 4495 angelis
3236 4432 3285 4476 et
3309 4423 3374 4478 de
3400 4423 3548 4476 cultu
3573 4423 3714 4477 ima-

475 4525 657 4577 nbster
690 4520 828 4578 hanc
872 4518 1053 4597 ipsam'
1086 4523 1367 4579 historiam
1412 4532 1613 4579 sancta:
1642 4524 1886 4579 mulieris
1928 4525 2036 4580 hae-

475 4614 815 4670 morrhousae
859 4615 926 4670 ad
972 4616 1236 4671 miracula
1268 4615 1470 4672 Christi
1513 4615 1696 4670 divina
1744 4617 1926 4671 retulit
1981 4618 2036 4670 in

551 4745 664 4815 (2i)
701 4744 833 4812 Qua:
873 4747 1035 4801 verba
1079 4747 1263 4817 itidem
1302 4762 1335 4803 e
1376 4746 1564 4804 Graeco
1595 4755 1744 4802 textu
1772 4746 2038 4817 Magnetis

476 4831 534 4870 se
555 4817 883 4872 convertisse
900 4816 1181 4872 conﬁrmat
1200 4816 1392 4873 Franc.
1413 4817 1714 4873 Turrianus
1736 4817 1790 4871 in
1806 4816 2038 4874 tractatu

481 4885 545 4939 tle
580 4885 913 4938 sanctissima
958 4886 1300 4943 Eucltaristia
1329 4898 1517 4944 contra
1556 4888 1829 4943 Andream
1874 4886 2038 4945 Vola-

476 4969 630 5027 num,
664 4970 723 5027 p.
745 4971 819 5027 tu.
849 4956 918 5010 75
940 4972 1090 5027 seqq.
1142 5026 1147 5027 γ
1725 5002 1729 5007 .

548 5024 661 5097 (9.2)
696 5025 851 5097 Absit
879 5031 990 5081 haec
1019 5024 1255 5096 profana
1289 5027 1577 5091 sententia,
1604 5026 1757 5097 quasi
1782 5026 2035 5085 Christus

476 5094 672 5148 cilluxu
698 5096 932 5165 quodam
959 5094 1203 5167 corporis
1225 5098 1332 5163 sui,
1356 5098 1439 5150 vel
1470 5113 1565 5167 per
1596 5094 1833 5167 magicas
1870 5109 2035 5167 artes,

473 5167 993 5238 mgrorunrmorbos
1006 5169 1307 5238 curaverit,
1330 5181 1453 5222 cum
1487 5168 1555 5221 de
1577 5183 1757 5238 sensu
1776 5183 2039 5238 corporeo

472 5234 785 5307 auspicandi
816 5236 1021 5307 aliquid
1050 5239 1198 5292 nulla
1228 5238 1316 5292 hic
1358 5238 1431 5291 sit
1456 5251 1643 5302 causa,
1673 5234 1885 5292 nullum
1913 5238 2038 5293 futt-

471 5304 806 5377 damentum.
838 5304 1132 5363 Gentilium
1170 5308 1284 5362 haec
1305 5314 1423 5361 erat
1446 5306 1741 5373 calumnia,
1763 5307 1878 5377 qui,
1904 5317 2038 5364 teste

470 5374 711 5447 Arnobio
743 5377 838 5431 lib.
874 5392 891 5430 t
917 5378 1175 5432 Adversus
1205 5386 1402 5447 gentes,
1429 5393 1481 5445 p.
1508 5393 1584 5434 ιιι.
1616 5376 1707 5442 25,
1736 5374 2038 5447 calumnio-

472 5444 548 5517 sis
575 5445 681 5517 illis
704 5456 761 5501 et
783 5447 1083 5517 puerilibus
1114 5444 1595 5517 vocibusobjicere
1616 5446 1862 5517 solebant
1885 5446 2039 5502 Chri-

474 5515 691 5586 stianis,
738 5515 882 5586 quod
928 5516 1174 5572 Christus
1220 5515 1637 5586 magus—fuerit,
1684 5516 2038 5574 clandestinis

473 5585 682 5657 artibus
728 5585 910 5657 omnia
944 5588 1200 5642 miracula
1243 5585 1501 5651 ell'ecerit,
1545 5585 1925 5657 Egyptiorum
1968 5604 2037 5643 ex

474 5653 647 5722 adytis
672 5656 983 5726 angelorum
1013 5658 1311 5726 potentium
1339 5658 1582 5726 nomina,
1613 5653 1669 5711 ὁὶ
1688 5653 1928 5711 remotas
1952 5656 2037 5712 fu-

466 5730 628 5805 ‘ratus
666 5724 738 5780 sit
754 5724 1115 5803 disciplinas.
1141 5728 1318 5795 Quam
1358 5724 1883 5800 impudentissimam
1923 5729 2034 5784 cri-

2854 4532 3021 4570 tuum.

2854 4533 3021 4570 mum.

2210 4609 2502 4682 Speciatim
2555 4609 2624 4664 de
2674 4533 2947 4664 creatgone
2983 4607 3320 4678 angelorum,
3368 4621 3512 4677 quos
3564 4607 3708 4663 inter

2139 4745 2491 4802 minationem
2520 4743 2796 4799 Arnobius
2831 4742 3049 4814 speciali
3088 4740 3498 4814 enumeratione
3535 4742 3709 4814 mira-

2138 4818 2386 4873 culorum
2420 4815 2617 4869 Christi
2645 4815 2758 4868 sola
2787 4812 3026 4868 nominis
3060 4813 3433 4882 sui'patestate
3462 4821 3519 4866 et
3546 4812 3707 4866 invoo

2138 4888 2350 4942 catione
2397 4886 2515 4939 sine
2558 4885 2665 4938 ulla
2708 4884 2759 4937 vi
2809 4884 3136 4946 carminum,
3172 4881 3273 4937 aut
3315 4881 3612 4935 herbarum
3653 4890 3708 4936 et

2139 4957 2442 5026 graminum
2474 4955 2674 5019 succis,
2700 4953 2981 5026 rsineuullis
3015 4955 3174 5022 plane
3198 4953 3411 5026 artibus
3445 4952 3709 5026 humanis

2176 5036 2483 5082 eractorum
2534 5025 2746 5093 egregie
2789 5023 2972 5093 diluit,
3024 5020 3702 5093 'veramqueAdivinitatem

2183 5096 2445 5151 ervatoris
2486 5090 2883 5148 nostri'exinde
2920 5090 3270 5162 comprobat:
3311 5090 3582 5154 Desistite,
3620 5093 3703 5144 in-

2138 5169 2277 5236 quit,
2313 5181 2342 5218 ο
2368 5164 2549 5228 nescii,
2568 5164 2634 5236 in
2662 5163 2942 5236 maledicta
2968 5172 3260 5236 conuertere
3290 5177 3370 5214 res
3400 5169 3700 5236 tantas...._.
3730 5200 3736 5206 -

2141 5233 2314 5300 Nihil,
2349 5249 2405 5288 ut
2447 5235 2654 5296 remitti,
2685 5234 2968 5303 magicum,
2995 5233 3127 5285 nihil
3154 5233 3697 5303 humanum,_pra-sti_—

2139 5308 2487 5378 giosumkaut
2517 5300 2974 5378 subdolum,_nihil
3002 5303 3208 5378 frgudis
3231 5300 3447 5378 delituit
3470 5301 3526 5378 in
3552 5300 3705 5378 Clario

2138 5369 2330 5431 sto"...
2357 5373 2497 5428 Deus
2521 5374 2609 5428 ille
2627 5373 2865 5428 sublimis
2890 5369 3013 5443 fuit,
3036 5373 3172 5426 Deus
3198 5372 3373 5443 radice
3391 5369 3458 5423 ab
3484 5372 3694 5443 intima,

2144 5447 2278 5501 Deus
2325 5448 2389 5499 ab
2426 5445 2708 5516 incognitis
2752 5441 2946 5516 regnis,
2992 5452 3042 5496 et
3087 5445 3153 5496 ab
3186 5442 3418 5496 omnium
3459 5441 3699 5511 principe

2137 5517 2278 5572 Deus
2314 5515 2597 5584 sospitator
2621 5524 2699 5584 est
2723 5515 2933 5584 missus,
2961 5522 3066 5584 etc.

2209 5585 2321 5657 (2'5)
2360 5581 2518 5640 Conl'.
2551 5582 2976 5657 Gott[r_.__Olearii
3017 5581 3414 5638 Observationes
3442 5595 3612 5634 sacra:
3642 5594 3701 5633 ut

2142 5653 2471 5719 Matt/neum,
2504 5671 2556 5725 p.
2582 5670 2655 5708 m.
2680 5653 2786 5725 215
2809 5669 2961 5724 seqq.

2214 5726 2323 5799 (24)
2345 5718 2475 5781 Vide
2494 5718 2685 5797 fragm.
2710 5722 2751 5777 ll
2766 5718 3159 5795 supra—allatum
3179 5722 3248 5795 (c.
3265 5720 3418 5789 1580,
3436 5719 3537 5792 ἐν,
3551 5718 3701 5789 init.)
