3972 6318
230 354 369 413 1595

1357 360 1637 420 ΝΟΤΙΤΙΑ
1671 363 1762 419 ET
1804 365 2241 424 FRAGMENTA.

3320 377 3341 431 1
3354 378 3456 431 594

226 448 706 550 praestantissimae.
727 485 1006 534 creaturas
1034 479 1213 550 primo
1239 482 1357 538 loco
1384 483 1556 552 ponit,
1580 484 1655 539 ita
1683 484 1798 542 dis-
1827 490 1875 548 Α
1901 487 2057 543 asciti
2093 500 2240 555 sunt,
2287 488 2379 546 ubi
2410 488 2607 546 Faciem
2647 488 2738 547 Dei
2766 487 2943 547 Patris
2972 491 3209 550 caelestis
3243 492 3296 547 in
3332 510 3455 564 per-

229 570 361 626 serit
384 569 655 626 Macarius
682 566 923 641 Magnes,
967 580 1028 625 ut
1057 581 1303 627 naturam
1338 576 1581 645 ipsorum
1632 576 1796 647 spiri-

229 659 453 722 tualem.
507 660 873 733 incorruptam
926 668 980 716 et
1026 662 1385 719 immortalem
1439 667 1664 721 extollat
1713 668 1797 724 his

227 752 431 816 verbis,
461 768 582 820 quae
611 753 665 808 in
710 753 1011 825 fragmento
1044 755 1112 810 1V
1165 758 1576 828 Ἀποκριτικῶν
1606 762 1797 833 legun-

229 851 357 898 tur:
391 843 613 910 Λοιπὸν,
637 844 734 917 τὴν
767 848 893 918 περὶ
927 847 1033 901 τῶν
1067 849 1312 917 ἀγγέλων
1341 852 1556 924 καὶτῆς
1584 854 1796 927 ἀφθαρ-

230 935 356 1011 σίας
391 936 568 989 αὐτῶν
607 936 828 1008 λέξομεν
870 939 966 1011 τὴν
1008 939 1396 995 ὑπόθεσιν......
1441 943 1529 999 ἴνα
1569 946 1653 1009 τὶς
1690 946 1798 999 τῶν

228 1009 636 1099 εὐφρονούντων
671 1028 909 1093 ἀκούσας
941 1032 998 1085 ὲν
1022 1031 1233 1103 οὐρανῷ
1264 1032 1483 1105 λογικὴν
1511 1036 1696 1091 οὐσίαν
1722 1037 1798 1110 τῷ

228 1119 330 1189 τῆς
357 1119 658 1184 ἀθανασίας
690 1120 831 1193 λόγῳ
877 1123 1369 1194 πανηγυρίζουσαν,
1408 1126 1655 1181 τουτέστι
1690 1129 1799 1184 τῶν

234 1209 522 1282 μακαρίων
554 1211 646 1264 καὶ
677 1211 981 1282 ἀσωμάτων
1017 1211 1315 1283 δυνάμεων,
1346 1214 1422 1279 ὡς
1453 1215 1677 1272 δυνατὸν
1707 1218 1798 1272 τὸν

232 1298 348 1370 βίον
393 1300 528 1373 πρὸς
568 1302 764 1365 αὐτοὺς
801 1302 1099 1375 ῥυθμίσειε,
1135 1307 1228 1358 καὶ
1266 1306 1363 1377 τὴν
1396 1307 1618 1362 ἐκείνων
1643 1309 1798 1376 ἀξίαν

230 1395 346 1457 τοῖς
378 1392 557 1463 ἔργοις
582 1392 889 1464 ζηλώσειεν,
920 1413 973 1449 κ.
1003 1413 1054 1450 τ.
1090 1396 1141 1452 λ.
1172 1397 1420 1466 Deinceps
1461 1400 1821 1479 qutestionem

232 1484 302 1538 de
328 1484 527 1554 angelis
555 1494 605 1538 et
634 1502 814 1539 eorum
844 1488 1145 1558 incorrupta
1182 1498 1375 1543 natura
1404 1492 1685 1546 tractaturi
1710 1508 1800 1546 su-

232 1588 490 1627 mus......
522 1572 593 1626 At
620 1574 826 1643 sapiens
858 1576 1071 1646 quisque
1109 1593 1225 1630 eum
1273 1578 1524 1644 audierit,
1556 1580 1800 1635 substan-

234 1663 367 1715 tiam
421 1663 733 1717 rationalem
780 1665 834 1718 in
879 1666 1005 1719 cazlo
1042 1684 1174 1732 esse,
1219 1684 1335 1738 quae
1381 1670 1799 1726 inmortalitatis

233 1768 450 1808 munere
485 1752 713 1824 gaudeat
745 1753 944 1826 (beatas
972 1773 1152 1826 nempe
1195 1770 1243 1812 et
1271 1759 1604 1828 incorporeas
1633 1763 1801 1815 virtu-

1897 577 2039 635 fecto
2066 580 2415 637 beatitudinis
2432 590 2571 637 statu
2602 582 2803 648 vident,
2833 582 3024 639 Matth.
3054 599 3213 648 xvnt,
3251 586 3340 640 10.
3377 584 3455 640 Ex

1896 669 1999 724 ista
2029 679 2209 725 autem
2243 671 2588 741 simplicitate
2620 674 2867 728 essentia:
2897 684 3059 743 atque
3085 675 3456 730 immateriali-

1897 770 2025 825 tate,
2071 778 2180 831 qua
2223 763 2456 833 gaudent
2501 763 2697 833 angeli,
2727 772 2915 832 sponte
2962 779 3060 819 sua
3106 766 3456 836 consequitur

1895 850 2136 919 ipsorum
2168 850 2440 923 ἀφθαρσία
2463 862 2624 922 atque
2656 853 3053 918 immortalitas,
3084 870 3246 924 quam
3280 854 3456 910 Maca~

1896 941 2011 997 rius
2050 941 2183 1012 ipsis
2210 943 2443 998 vindicat
2470 943 2556 999 his
2587 944 2804 998 verbis:
2838 945 2955 998 Ἵνα
2996 948 3082 1011 τὶς
3112 947 3218 1001 τῶν
3258 950 3454 1021 εὐφροο

1895 1031 2127 1086 νούντων
2158 1032 2391 1095 ἀκούσας
2430 1035 2489 1087 ὲν
2528 1032 2740 1106 οὐρανῷ
2779 1032 2999 1106 λογικὴν
3029 1036 3214 1092 οὐσίαν
3246 1038 3322 1110 τῷ
3358 1039 3456 1110 τῆς

1897 1121 2191 1188 ἀθανασίας
2216 1122 2356 1195 λόγῳ
2384 1123 2867 1195 πανηγυρίζουσανε
3317 1197 3321 1201 ν

1964 1212 2102 1268 Cum
2157 1228 2285 1268 vero
2338 1213 2534 1268 veteris
2586 1212 2839 1268 Ecclesia:
2892 1213 3142 1268 doctores
3206 1214 3455 1283 principii

1897 1306 2015 1361 loco
2036 1312 2318 1377 ponerent,
2352 1321 2414 1359 ea
2437 1320 2553 1373 qua:
2587 1306 2798 1358 initium
2827 1304 3137 1364 habuerunt.
3156 1308 3456 1386 necessario

1892 1399 2056 1465 ﬁnem
2094 1397 2339 1452 habitura
2367 1396 2845 1471 (quemadmodum
2887 1405 2941 1451 et
2983 1396 3245 1452 Macarius
3275 1408 3457 1454 noster

1898 1491 1955 1546 in
1989 1491 2393 1561 comparatione
2424 1490 2701 1545 beatorum
2733 1489 3017 1544 hominum
3058 1492 3459 1561 resurgentium

1898 1597 2021 1637 cum
2052 1583 2368 1653 angelorum
2410 1590 2551 1636 statu
2593 1582 2750 1636 beato
2790 1578 2920 1633 illud
2948 1580 3145 1650 pariter
3167 1580 3234 1634 de
3267 1581 3457 1637 iisdem

1899 1673 2175 1744 praedicat,
2216 1673 2311 1726 καὶ
2348 1671 2600 1744 τελευτὴν
2643 1671 2838 1744 μηκέτι
2886 1671 3021 1743 μηδὲ
3064 1672 3274 1741 γένεσιν
3311 1673 3460 1744 ἔχον-

1898 1781 2010 1829 τες,
2034 1763 2151 1833 jam
2184 1780 2275 1817 nec
2316 1774 2487 1817 ortum
2530 1762 2773 1817 habentes
2807 1778 2899 1815 nec
2942 1762 3262 1834 interitum),
3296 1774 3458 1833 atque

235 1845 357 1914 tes),
389 1846 570 1910 vitam,
596 1854 848 1915 quantum
875 1847 993 1915 ﬁeri
1018 1858 1203 1918 potest,
1237 1850 1305 1904 atl
1333 1867 1510 1907 eorum
1542 1853 1800 1908 imitatio-
1829 1821 1873 1877 Β
1900 1854 2094 1909 exinde
2126 1854 2459 1921 colligerent,
2490 1853 2709 1923 angelos
2749 1870 2855 1907 non
2904 1862 3114 1918 natura,
3155 1857 3244 1910 sed
3288 1855 3458 1924 gratia

235 1952 353 1988 nent
407 1943 706 2004 componat,
761 1952 1037 2009 eorumque
1088 1940 1312 2010 gloriam
1373 1944 1613 2011 operibus
1669 1946 1802 2015 affe-

231 2036 357 2093 etet,
398 2037 502 2082 etc.
547 2027 699 2083 Patet
729 2030 941 2095 exinde,
988 2034 1209 2101 angelos
1251 2032 1337 2089 hic
1364 2036 1594 2091 describi
1629 2036 1704 2107 1ο)
1741 2046 1802 2093 ut

233 2119 570 2174 substantias
587 2121 889 2189 spiritunles
918 2134 965 2176 et
996 2123 1349 2193 incorporeas,
1375 2127 1696 2197 ἀσωμάτους
1709 2128 1800 2182 δυ·-

233 2210 444 2282 νάμεις,
480 2228 599 2281 qua:
632 2212 685 2267 in
712 2214 1047 2269 antecedenti
1080 2230 1330 2271 sermone
1359 2218 1667 2275 hominibus
1702 2234 1800 2290 0p-

232 2312 532 2373 pouuntur,
554 2303 647 2373 qui
681 2303 944 2373 originem
971 2320 1123 2361 suam
1149 2321 1179 2361 a
1203 2309 1406 2363 carnali
1432 2325 1798 2382 corporeaque

233 2395 580 2466 generatione
608 2395 827 2462 habent,
857 2397 950 2467 qui
975 2398 1041 2453 ab
1060 2398 1342 2454 immunda
1365 2416 1654 2472 corporum
1677 2421 1798 2473 ger-

233 2486 532 2541 minatione
560 2487 921 2542 substantiam
955 2500 1236 2558 ceperunt,
1275 2500 1331 2546 et
1370 2493 1535 2562 geniti
1567 2493 1795 2565 gignen-

233 2582 423 2644 tesque
452 2576 621 2632 instar
652 2577 907 2634 foliorum
937 2579 1045 2633 cito
1074 2581 1345 2648 deﬂuunt;
1377 2597 1501 2636 cum
1548 2594 1797 2639 econtra-

234 2667 320 2723 t'io
351 2668 525 2738 angeli
557 2670 666 2724 sint
694 2670 1018 2742 σωματικῶν
1054 2669 1237 2725 παθῶν
1266 2675 1358 2726 καὶ¹
1389 2673 1602 2745 δεσμῶν
1628 2676 1799 2730 ἁπαλ-

233 2755 506 2826 λαγέντες,
563 2762 839 2831 corporeis
899 2764 1179 2821 aﬂ‘ectibus
1222 2775 1276 2820 et
1324 2765 1556 2823 vinculis
1606 2767 1792 2823 liberi:

235 2850 692 2919 quemadmodum
725 2852 781 2908 in
808 2852 1111 2926 fragmento
1138 2855 1204 2921 ll,
1241 2857 1483 2927 angelum
1514 2874 1610 2928 per
1651 2858 1797 2915 ἀσώ-

239 2936 404 3007 ματόν
432 2955 550 2992 τινα
588 2940 863 3011 τάγματος
906 2942 1239 3016 ἀνωφεροῦς,
1275 2944 1393 2999 θεὸν
1425 2945 1523 3018 τὴν
1561 2948 1706 3005 θέσιν
1734 2949 1795 3002 οὐ

235 3024 333 3096 sint
366 3025 524 3094 φύσιν
562 3026 892 3100 ὑπάρχοντα,
932 3032 985 3084 id
1010 3039 1094 3086 est
1132 3033 1491 3102 incorporeum
1519 3037 1795 3106 quemdam

235 3119 520 3186 superioris
571 3122 794 3185 ordinis,
829 3125 920 3193 qui
958 3125 1261 3194 adoptione,
1299 3144 1401 3184 non
1456 3139 1669 3197 natura,
1724 3133 1793 3185 sit
1821 3150 1863 3206 ο

233 3204 383 3273 deus,
405 3208 653 3277 explicat.
683 3207 836 3266 Unde
864 3221 916 3267 et
940 3215 1285 3283 postmodum
1313 3216 1369 3271 in
1402 3216 1703 3288 fragmento
1730 3219 1795 3275 Vl

236 3296 562 3353 invisibilem
621 3310 870 3356 naturam
895 3342 910 3368 ,
965 3304 1206 3377 adeoque
1243 3316 1297 3362 et
1346 3307 1792 3377 immaterialem,

236 3390 439 3458 angelis
467 3391 658 3446 tribuit
683 3392 971 3463 Macarius,
998 3395 1219 3454 dicens:
1252 3400 1314 3453 Et
1342 3401 1450 3474 γὰρ
1488 3403 1580 3457 καὶ
1599 3403 1668 3457 τὰ
1695 3405 1798 3476 μά-

233 3478 390 3534 λιστα
415 3482 472 3534 ὲν
505 3482 733 3556 ἀνδρείῳ
774 3487 1011 3558 σχήματι
1056 3489 1274 3560 ἄγγελοί
1320 3510 1450 3547 ποτε
1497 3493 1794 3566 ἐφάνησαν,

232 3571 349 3628 ἀλλ’
377 3573 438 3626 οὐ
466 3574 526 3626 τὸ
547 3575 710 3643 φανὲν
742 3573 901 3648 ἦσαν,
924 3579 1036 3633 ἀλλ’
1059 3581 1196 3652 ὅπερ
1222 3579 1378 3655 ἦσαν,
1404 3584 1630 3657 ἀόρατόν
1658 3589 1793 3643 ἐστι.

233 3662 293 3719 Id
322 3674 404 3720 est
432 3685 445 3721 :
483 3665 605 3723 Etsi
631 3670 769 3723 enim
798 3670 1033 3727 humana
1060 3682 1117 3727 ut
1146 3675 1435 3743 plurimum
1475 3679 1639 3746 specie
1671 3679 1796 3733 olim

236 3760 410 3830 angeli
433 3775 806 3831 apparuerunt,
829 3774 886 3819 at
914 3783 1014 3820 non
1046 3767 1101 3821 id
1130 3769 1300 3839 ipsum
1331 3780 1503 3836 erant,
1527 3772 1666 3841 quod
1701 3789 1797 3844 ap-

234 3850 481 3921 parebat;
511 3852 600 3906 sed
629 3855 767 3924 quod
792 3867 960 3923 erant,
997 3858 1051 3910 id
1077 3860 1278 3914 uisibile
1307 3848 1409 3914 non
1438 3870 1536 3916 est.

310 3943 389 4015 2°)
429 3943 818 4003 Describuntur
852 3951 1029 4021 angeli
1057 3959 1115 4005 ut
1155 3952 1468 4015 substantia:
1498 3954 1799 4027 intelligen-

237 4043 341 4102 tes,
383 4035 513 4090 dum
551 4035 823 4093 Macarius
867 4041 1115 4110 angelum
1159 4052 1317 4098 vocat
1355 4043 1573 4117 λογικὴν
1611 4047 1798 4103 οὐσίαν

236 4127 294 4179 ὲν
316 4127 546 4199 οὐρανῷ,
584 4130 939 4185 substantiam
974 4133 1281 4188 rationalem
1318 4136 1374 4188 in
1406 4138 1565 4201 caelo;
1590 4148 1646 4193 ut
1674 4155 1794 4195 eam

235 4216 589 4287 distingueret
617 4228 729 4274 tum
760 4237 790 4274 a
823 4221 1140 4278 substantiis
1165 4225 1522 4282 rationalibus
1550 4228 1603 4282 in
1632 4238 1795 4293 terra,

236 4307 550 4363 hominibus
578 4309 760 4363 anima
793 4318 848 4364 et
885 4326 1111 4381 corpore
1140 4313 1417 4383 praeditis;
1456 4325 1568 4374 tum
1609 4334 1639 4374 a
1668 4320 1798 4375 sub-

238 4398 450 4453 stantiis
504 4415 638 4469 pure
683 4401 1053 4457 materialibus
1097 4404 1209 4459 sive
1253 4408 1550 4476 corporeis,
1598 4411 1796 4480 quibus

1899 1942 2236 1997 immortales
2263 1957 2383 1996 esse
2408 1960 2421 1996 ε
2462 1941 2514 1996 id
2544 1941 2731 1995 saltem
2768 1940 3004 1995 indicare
3030 1941 3339 2003 voluerunt,
3365 1957 3456 1995 so-

1899 2031 2008 2085 lum
2050 2031 2217 2085 Deum
2262 2029 2697 2100 independenter,
2741 2030 3003 2094 absolute,
3045 2038 3099 2084 et
3141 2045 3203 2084 ea
3246 2032 3460 2085 ratione

1897 2120 2257 2175 immortalem
2308 2134 2467 2184 esse,
2526 2126 2585 2172 ut
2633 2119 2783 2173 nullo
2835 2120 2996 2173 modo
3047 2119 3204 2174 linem
3261 2121 3475 2176 habere

1898 2223 2080 2281 queat,
2117 2210 2138 2265 Ι
2185 2209 2327 2264 Tim.
2368 2226 2444 2276 vr,
2491 2210 2596 2277 16;
2626 2210 2845 2279 angelos
2887 2219 3063 2264 autem
3100 2211 3475 2281 ccurspiritus

1897 2314 2107 2360 creatos
2133 2302 2490 2374 dependenter
2515 2310 2569 2356 et
2594 2316 2659 2355 ex
2698 2302 2971 2356 voluntate
3000 2300 3091 2357 Dei
3126 2304 3457 2360 immortales

1896 2411 2035 2460 esse,
2065 2396 2140 2450 ita
2169 2395 2409 2466 quidem,
2441 2402 2501 2449 ut
2529 2394 2653 2449 licet
2674 2403 2868 2448 natura
2901 2394 3116 2449 illorum
3159 2396 3211 2449 in
3242 2412 3299 2451 se
3331 2412 3452 2466 spe-

1896 2498 2038 2544 ctata
2064 2487 2395 2557 corruptioni
2434 2486 2671 2541 obnoxia
2707 2501 2814 2539 non
2842 2487 2934 2553 sit,
2973 2487 3132 2542 ﬁnem
3169 2498 3369 2553 tamen,
3410 2490 3457 2544 si

1898 2581 2039 2636 Deus
2075 2582 2222 2647 velit,
2258 2580 2457 2634 habere
2493 2567 2722 2649 possint.
2761 2578 2936 2648 Atque
2976 2581 3028 2633 in
3059 2596 3124 2635 eo
3162 2586 3317 2654 χάρις
3347 2583 3455 2646 illa,

1896 2688 2002 2742 qua
2026 2669 2356 2725 immortales
2376 2669 2630 2723 dicuntur
2650 2682 2771 2721 esse
2799 2669 2995 2738 angeli,
3020 2670 3289 2736 consistit,
3314 2673 3458 2738 quod

1898 2782 1925 2817 a
1961 2762 2070 2817 Deo
2095 2769 2514 2825 conservantur;
2543 2775 2664 2814 cum
2701 2760 2901 2831 alioqui
2932 2762 2985 2814 in
3030 2762 3279 2825 nihilum,
3318 2762 3459 2816 unde

1897 2853 2002 2907 orti
2029 2862 2175 2915 sunt,
2198 2861 2381 2907 essent
2406 2850 2649 2904 redituri.
2683 2848 2819 2905 llinc
2844 2849 3046 2905 Aineas
3072 2849 3296 2906 Gazaeus
3324 2851 3458 2921 (25),

1883 2934 2101 2997 veritus
2151 2957 2219 2996 ne
2271 2941 2373 2995 hac
2420 2939 2666 2993 doctrina
2712 2939 3105 2994 immortalitati
3148 2941 3455 2995 animorum

1897 3032 2144 3089 nonnihil
2175 3030 2572 3094 detraheretur,
2606 3028 2932 3100 principium
2961 3030 3110 3097 illud,
3144 3048 3292 3085 omne
3322 3034 3459 3101 quod

1896 3138 2006 3176 esse
2057 3120 2270 3190 incepit,
2313 3119 2593 3173 obnoxium
2619 3119 2860 3173 interitui
2903 3134 3033 3179 esse,
3062 3118 3127 3171 ad
3163 3116 3461 3186 planiorem

1895 3232 2114 3272 sensum
2164 3224 2404 3280 revocat,
2438 3216 2778 3288 ostenditque
2830 3214 3068 3270 animam
3117 3214 3456 3280 rationalem,

1895 3309 2096 3378 pariter
2118 3318 2279 3375 atque
2300 3306 2542 3375 angelos,
2574 3316 2763 3384 suapte
2792 3315 2982 3360 natura
3004 3306 3319 3360 morituram
3351 3322 3469 3387 non

1894 3413 2044 3453 esse:
2063 3395 2163 3451 Ille
2187 3399 2346 3461 enim,
2372 3397 2568 3468 inquit,
2590 3398 2680 3467 qui
2706 3405 2762 3450 ut
2791 3406 2958 3451 essent
2981 3395 3204 3466 largitus
3226 3407 3323 3461 est,
3350 3399 3463 3449 ani-

1897 3490 1994 3543 mis
2020 3488 2210 3542 nostris
2236 3488 2484 3541 concessit
2522 3503 2743 3560 quoque,
2764 3496 2822 3541 ut
2849 3502 3048 3555 semper
3073 3496 3262 3553 essent,
3290 3488 3456 3540 illud-

1893 3596 1991 3652 que
2033 3579 2229 3633 donum
2265 3579 2379 3649 ipsa
2396 3579 2518 3647 jam
2556 3588 2749 3632 natura
2784 3588 2881 3633 est.
2915 3576 3127 3631 Habent
3167 3577 3327 3646 igitur
3360 3592 3458 3630 an~

1896 3671 1996 3742 geli
2024 3671 2078 3725 in
2115 3686 2174 3726 se
2204 3670 2355 3740 ipsis,
2384 3678 2446 3726 ut
2469 3679 2523 3725 et
2548 3671 2729 3724 anima
2756 3669 3059 3734 rationalis,
3085 3686 3194 3739 quo
3231 3670 3452 3721 immor-

1895 3764 2030 3819 tales
2061 3764 2188 3829 sint,
2219 3763 2416 3833 quippe
2456 3778 2580 3819 cum
2624 3762 2889 3833 ejusmodi
2920 3771 3167 3816 naturam
3216 3778 3245 3815 a
3274 3777 3455 3816 rerum

1897 3864 2119 3910 auctore
2153 3855 2329 3909 sortiti
2356 3856 2465 3910 sint
2488 3855 2621 3926 (26).

1965 3947 2125 4002 Addit
2165 3946 2429 4003 Macarius
2456 3947 2508 4000 in
2541 3944 2727 4001 eodem
2765 3943 3104 4014 fragmento;
3137 3946 3212 3998 υὺ
3247 3945 3351 4016 μὴν
3375 3947 3454 3997 εἰ-

1895 4038 2059 4102 κόνας
2089 4038 2307 4091 ἐκείνων
2335 4029 2593 4102 τοπὼσας
2623 4036 2700 4109 τῷ
2733 4039 2987 4109 σχήματι,
3032 4053 3133 4090 ηοη
3180 4047 3354 4090 autem
3387 4036 3455 4091 il-

1896 4131 2067 4186 lorum
2089 4130 2338 4200 imagines
2368 4131 2602 4201 eﬁingens
2625 4129 2756 4197 (9.7).
2786 4130 2915 4194 Quae
2940 4128 3099 4182 verba
3131 4127 3454 4198 philosopho

1897 4221 2106 4287 Graeco,
2137 4235 2258 4276 cum
2295 4236 2404 4291 quo
2445 4222 2547 4277 sibi
2586 4236 2671 4275 rcs
2699 4228 2837 4284 erat,
2866 4219 3009 4273 haud
3051 4219 3251 4273 [rustra
3280 4234 3453 4289 oppo-

1897 4315 2008 4370 suit
2044 4312 2333 4380 Macarius,
2389 4312 2518 4367 dum
2577 4312 2784 4383 angelis
2832 4322 3023 4367 natura
3081 4312 3284 4367 similes
3335 4326 3455 4366 esse

1896 4408 2026 4461 deos
2066 4421 2198 4461 suos
2222 4403 2587 4475 jactitaverat,
2615 4414 2674 4459 ut
2693 4404 2886 4459 exinde
2906 4404 3109 4458 cultum
3138 4402 3449 4458 earumdem

234 4489 320 4544 vis
353 4491 643 4562 cogitandi,
670 4492 997 4566 intelligendi
1038 4505 1199 4567 atque
1234 4497 1593 4555 ratiocinandi
1637 4502 1794 4557 attri-
1829 4484 1873 4539 Ι)
1898 4496 2141 4553 divinum
2187 4496 2350 4552 veluti
2376 4496 2526 4567 justo
2566 4498 2797 4566 quodam
2845 4494 3000 4549 titulo
3034 4495 3255 4550 delinire
3295 4511 3453 4565 posse

235 4579 326 4636 bui
362 4582 567 4651 nequit.

312 4672 554 4743 Denique
590 4676 671 4738 3°)
706 4676 1090 4733 describuntur
1140 4679 1314 4750 angeli
1360 4689 1423 4735 ut
1477 4681 1801 4739 substantias

233 4762 404 4821 beata:
426 4775 588 4837 atque
628 4769 683 4823 in
710 4770 977 4838 spirituali
1021 4786 1116 4824 sua
1152 4782 1342 4827 natura
1371 4783 1425 4828 et
1466 4773 1797 4843 perfectione

235 4856 444 4913 etelesti
480 4859 660 4914 liberae
706 4861 774 4915 ab
810 4862 959 4915 omni
998 4862 1313 4929 mutatione,
1354 4865 1704 4934 corruptione
1738 4874 1796 4922 et

235 4950 587 5006 mortalitate.
617 4949 717 5008 Hic
754 4951 898 5008 enim
927 4961 1045 5007 erat
1075 4968 1271 5023 scopus
1298 4955 1653 5025 expositionis
1688 4955 1797 5011 Ma-

233 5041 488 5107 earianae,
527 5041 672 5112 quod
709 5057 777 5097 ex
818 5044 1064 5113 exemplo
1108 5046 1442 5114 angelorum,
1472 5045 1580 5100 τῶν
1617 5063 1794 5117 μακα-

235 5133 369 5205 ρίων
400 5133 698 5204 δυνάμεων,
731 5135 969 5188 indicare
1007 5136 1239 5190 voluerit
1275 5137 1661 5193 beatitudinem
1702 5154 1796 5193 eo.

233 5240 356 5277 rum
408 5223 715 5291 hominum,
766 5227 963 5296 quibus
1015 5228 1251 5283 caelestis
1300 5230 1448 5299 regio
1499 5230 1795 5287 habitanda

232 5314 446 5387 obtigit,
502 5318 704 5388 quique
758 5319 815 5373 in
870 5318 1126 5390 angelicae
1171 5321 1299 5375 vita:
1353 5323 1793 5379 communionem

309 5467 423 5540 (25)
463 5468 521 5524 in
553 5470 769 5541 dialogo
793 5473 1001 5528 erudito
1036 5473 1110 5529 De
1141 5475 1434 5530 animorum
1474 5478 1794 5533 immortali-

233 5547 410 5612 tate_et
447 5544 820 5612 rgsurrectione
844 5545 1096 5612 corporis.

307 5610 433 5683 (26)
460 5610 619 5683 Conl’.
648 5610 810 5666 Mich.
841 5610 1115 5683 Loquienii
1137 5623 1278 5671 nota;
1304 5614 1369 5669 ad
1398 5614 1792 5673 Damascenum

234 5675 324 5757 pe
360 5675 463 5757 [ide
512 5681 822 5757 orthodoxa,
854 5675 1043 5757 lib:._tt,
1082 5699 1202 5757 cap.
1235 5686 1288 5750 5,
1316 5701 1371 5757 p.
1400 5686 1524 5751 156,
1555 5689 1794 5757 itemque

234 5746 509 5815 Petavius,
544 5750 643 5806 loc.
676 5746 878 5821 cit.,'p.
926 5746 1406 5820 t8,'ubi'nomina
1453 5746 1793 5813 mortalis'et

1896 4588 2188 4644 videretur.
2229 4586 2402 4654 Quam
2455 4586 2843 4642 idololatrieam
2893 4587 3203 4657 opinionem
3259 4586 3452 4641 merito

1895 4680 2118 4735 damnat
2149 4678 2438 4743 Macarius,
2466 4678 2687 4746 addens,
2714 4680 2788 4744 ὡς
2819 4681 2924 4751 φὴς
2951 4679 3127 4743 αὐτός,
3155 4687 3210 4732 ιιι
3234 4687 3287 4731 ιιι
3313 4679 3455 4750 (phi-

1896 4772 2181 4845 1050phus)
2208 4774 2315 4843 ipse
2351 4776 2452 4838 ais,
2476 4773 2567 4842 qui
2604 4771 2807 4826 scilicet
2841 4771 3130 4826 simulacra
3168 4780 3221 4827 et
3250 4779 3455 4827 statuas

1896 4875 1950 4920 et
1971 4864 2234 4935 imagines
2265 4862 2489 4917 deorum
2518 4860 2581 4914 ad
2612 4859 3031 4914 abominandum
3058 4861 3261 4915 cultum
3290 4876 3455 4930 expo—

1896 4956 2002 5014 nis.
2039 4955 2211 5022 Quam
2234 4954 2288 5010 in
2313 4968 2425 5010 rem
2449 4953 2516 5009 de
2544 4951 2971 5022 apparitionibus
2993 4953 3304 5024 angelorum
3337 4962 3453 5007 sta-

1897 5050 1991 5105 tim
2035 5048 2313 5118 sequentia
2359 5046 2678 5117 subjungit:
2720 5045 2783 5098 Ei
2828 5046 2935 5117 γὰρ
2972 5048 3063 5099 καὶ
3103 5045 3173 5098 τὰ
3221 5042 3453 5115 μάλιστα

1896 5143 1953 5195 ὲν
1985 5140 2217 5214 ἀνδρείῳ
2245 5141 2479 5212 σχήματι
2512 5137 2730 5208 ἄγγελοί
2762 5154 2890 5189 ποτε
2922 5139 3216 5207 ἐφάνησαν,
3249 5135 3359 5188 ἀλλ’
3388 5133 3451 5185 οὔ

1894 5231 1955 5284 τὸ
1978 5231 2139 5298 φανὲν
2169 5225 2327 5301 ⁴ἦσαν,
2354 5228 2465 5299 an:
2493 5229 2626 5299 ὅπερ
2645 5222 2802 5298 ἦσαν,
2836 5226 3062 5298 ἀόρατόν
3087 5228 3218 5278 ἐστι.
3250 5222 3302 5277 ld
3326 5230 3409 5277 est
3432 5236 3449 5274 :

1900 5322 2016 5376 Etsi
2037 5323 2173 5376 enim
2220 5321 2446 5375 humana
2495 5328 2551 5374 ut
2579 5318 2863 5391 plurimum
2903 5319 3069 5390 specie
3117 5316 3238 5371 olim
3280 5313 3453 5385 angeli

1895 5475 2212 5557 immortalis
2257 5474 2451 5545 triplici
2499 5490 2661 5531 sensu
2705 5492 2736 5530 a
2775 5473 3035 5529 Patribns
3064 5472 3234 5541 accipi
3267 5480 3452 5527 osten-

1895 5548 2078 5694 fier)
2114 5615 2269 5682 Quod
2294 5612 2627 5694 Nicephorus
2656 5610 3102 5694 patriarcha'CP.
3135 5612 3200 5667 ad
3225 5610 3448 5667 vetitum

1896 5685 2162 5743 idolorum
2196 5685 2475 5757 gentiliqu
2506 5686 2709 5742 cultum
2737 5685 3031 5753 restringit.
