3972 6318
296 355 431 411 1597

1403 360 1681 420 ΝΟΤΙἸἹΑ
1717 360 1805 415 ΕΤ
1842 358 2275 416 FRAGMENTA.

3371 360 3509 416 1398

368 474 673 533 Generatim
702 475 767 532 de
797 477 1204 534 conservatione
1225 493 1407 535 rerum
1433 489 1736 536 creatarum
1777 478 1851 533 ita
1881 483 1924 539 Α
1952 477 2248 541 litudinem,
2288 495 2306 528 ι
2343 475 2474 528 nihil
2494 474 2649 529 aliud
2671 474 2890 539 indicat,
2934 471 3038 528 nisi
3063 474 3199 544 quod
3238 472 3400 529 Pater
3447 477 3508 530 in

299 566 464 625 sentit
491 565 758 621 Macarius
779 575 983 631 noster,
1009 574 1068 620 ut
1093 565 1283 632 Deum,
1311 568 1404 638 qui
1435 576 1712 623 creaturas
1733 581 1850 620 om-

298 676 394 715 nes
431 659 486 714 in
506 666 769 728 potestate
803 658 983 724 habet,
1008 673 1208 729 easque
1237 659 1501 729 providus
1544 660 1683 730 regit
1710 657 1846 728 (29),

295 765 361 805 ea
390 748 598 813 omnia,
626 762 856 816 quorum
898 748 1099 801 creavit
1147 748 1537 814 substantiam,
1568 748 1769 817 pariter
1798 754 1852 801 et

295 854 620 897 conservare
659 838 902 894 allirmet.
933 838 1010 893 Ita
1042 840 1185 895 enim
1216 841 1268 894 in
1297 840 1596 910 fragmento
1623 842 1669 892 ll
1700 854 1851 893 men-

295 941 402 987 tem
431 946 586 988 suam
616 931 851 999 explicat
878 931 964 985 his
987 931 1192 987 verbis:
1222 930 1332 984 Καὶ
1358 929 1466 983 τῶν
1508 929 1607 1000 μὲν
1637 928 1735 1001 τὴν
1761 930 1851 982 οὐ-
1878 1000 1881 1005 ι

297 1023 419 1078 σίαν
453 1021 614 1086 αὐτὸς
649 1021 845 1093 (Θεὸς)
869 1021 1316 1094 ἐδημιούργησεν,
1341 1022 1391 1074 οἰ
1416 1021 1473 1074 δὲ
1505 1021 1849 1084 ὑποστάσεως

295 1114 468 1186 ἀρχὴν
501 1112 561 1167 οὐ
595 1111 885 1166 κατέλαϐον
921 1115 978 1166 ὲν
1024 1112 1199 1181 αὐτῷ·
1240 1113 1333 1166 καὶ
1368 1114 1398 1164 ὁ
1452 1112 1550 1181 μὲν
1592 1112 1847 1174 ἐκείνους,

293 1200 367 1258 ὧν
398 1205 575 1275 ἄρχει,
606 1200 797 1266 σώζειν
828 1198 965 1256 οἶδεν
986 1220 998 1233 ο
1021 1205 1070 1256 οἰ
1093 1203 1148 1256 δὲ
1178 1203 1326 1257 οὐδὲν
1347 1204 1633 1274 ἀρχόμενοι
1659 1203 1849 1273 ἐκείνῳ

296 1292 623 1364 χαρίζονται.
660 1290 715 1345 Id
745 1301 863 1347 est:
888 1293 963 1347 Ac
986 1292 1200 1346 illorum
1229 1292 1483 1359 (deorum
1508 1293 1714 1347 scilicet
1741 1293 1847 1347 im-

295 1387 509 1459 proprie
533 1387 606 1440 ita
639 1383 941 1454 dictorum)
975 1384 1182 1454 quidem
1206 1384 1313 1448 ipse
1341 1381 1480 1435 Deus
1504 1383 1697 1436 creavit
1723 1384 1848 1435 sub-

295 1482 548 1536 stantiam
569 1498 587 1545 ;
608 1480 690 1534 illi
722 1489 897 1534 autem
934 1480 1147 1533 initium
1173 1477 1464 1533 exsistendi
1490 1475 1689 1529 nullum
1711 1475 1766 1527 in
1790 1488 1849 1526 eo

294 1572 773 1645 deprehenderunt:
802 1572 927 1625 item
958 1570 1047 1624 ille
1081 1586 1188 1634 eos,
1235 1585 1363 1639 quos
1408 1567 1644 1622 subditos
1674 1564 1847 1629 habet,

294 1669 395 1721 scit
427 1679 779 1729 conservare;
820 1664 861 1717 ii
886 1680 1002 1719 vero
1042 1662 1167 1717 dum
1207 1662 1403 1716 subditi
1441 1670 1583 1725 sunt,
1624 1656 1756 1711 nihil
1802 1656 1853 1710 ei

294 1758 680 1835 gratiﬁcantur.

296 1870 327 1947 §
361 1869 522 1947 χιιι.
550 1868 807 1947 Doctrina
829 1873 893 1923 de
917 1868 1178 1947 creatione
1201 1864 1445 1947 hominis,
1468 1861 1847 1947 ejusque‘ima-A

327 1942 445 2011 gine
466 1940 666 2005 divina,
694 1938 1093 1993 immortalitate
1124 1938 1338 2000 animos,
1360 1930 1515 2005 atque
1548 1930 1810 1985 libertate.
1830 1931 1851 1973 -¹

361 2032 438 2088 De
458 2032 730 2087 creatione
762 2030 997 2085 hominis
1028 2040 1135 2085 tam
1169 2026 1451 2099 magniﬁce
1481 2025 1643 2080 sentit
1673 2023 1849 2077 Maca-

292 2124 428 2189 rius,
459 2130 520 2177 ut
551 2131 718 2177 totam
744 2120 864 2191 ejus
893 2118 1276 2177 formationem
1310 2132 1421 2188 prae
1450 2116 1661 2171 caeteris
1700 2127 1849 2169 crea-

291 2216 431 2274 turis
453 2214 671 2285 speciali
703 2212 934 2270 consilio
957 2223 1011 2268 et
1031 2210 1415 2267 deliberatione
1444 2208 1543 2265 SS.
1567 2206 1849 2263 Trinitatis

289 2307 585 2380 perfectam
627 2320 748 2363 esse
794 2304 1102 2361 contendat.
1131 2304 1212 2360 Ita
1240 2302 1386 2358 enim
1438 2301 1492 2356 in
1531 2299 1849 2371 fragmentis

288 2397 663 2456 Commentarii
696 2398 751 2450 in
790 2394 1009 2451 Genesin
1053 2393 1300 2450 eamdem
1334 2393 1684 2464 depraedicat:
1739 2394 1849 2449 Καὶ

288 2491 356 2543 τὰ
381 2491 482 2562 μὲν
507 2489 639 2544 ἄλλα
663 2487 935 2560 κτίσματα
966 2489 1169 2561 ῥήματι
1206 2485 1351 2557 μόνῳ
1376 2485 1688 2556 παρῆκται·
1721 2487 1750 2539 ὁ
1791 2485 1848 2538 δὲ

286 2582 570 2654 ἄνθρωπος
593 2582 747 2652 ἔσχεν
767 2580 1037 2653 ἐξαίρετόν
1065 2599 1117 2633 τι
1143 2579 1282 2634 κατὰ
1318 2578 1415 2650 τὴν
1452 2578 1665 2650 ποίησιν
1699 2580 1849 2651 παρὰ

287 2668 477 2722 ταῦτα.
527 2669 731 2739 Βουλῆς
782 2668 891 2741 γὰρ
937 2667 1352 2741 προηγουμένης
1396 2667 1637 2739 ἐκτίσθη,
1672 2669 1756 2722 ἵνα
1785 2671 1848 2724 ὲκ

285 2761 474 2817 ⁴πούτου
504 2760 684 2832 δειχθῇ
707 2761 893 2830 ὅτιπερ
912 2761 1113 2830 κτίσμα
1131 2759 1309 2831 τίμιον
1340 2759 1591 2831 ὑπάρχει.
1622 2760 1694 2814 Τὸ
1716 2760 1844 2833 γὰρ,

287 2851 635 2921 Ποιήσωμεν
663 2850 974 2919 ἅνθρωπον
1006 2853 1132 2904 κατ’
1177 2853 1380 2904 εἰκόνα
1421 2848 1713 2921 ἡμετέραν
1749 2851 1848 2905 καὶ

287 2942 414 2997 καθ’
449 2943 762 3011 ὁμοίωσιν,
807 2941 958 2994 οὐδὲν
986 2942 1170 3013 ἕτερον
1202 2942 1471 2997 δείκνυσιν
1493 2981 1508 3005 ,
1539 2943 1571 3013 ἢ
1602 2943 1681 2995 ὅτι
1715 2959 1848 3013 συμπ-

289 3032 463 3104 6ούλῳ
491 3034 754 3106 ἐχρήσατο
776 3036 804 3087 ὁ
828 3032 1013 3107 Πατὴρ
1037 3033 1116 3104 τῷ
1146 3037 1420 3105 μονογενεί
1440 3032 1605 3087 αὑτοῦ
1632 3033 1710 3104 τῷ
1734 3034 1848 3105 Υἱῷ

1880 1808 1924 1868 Β

1953 569 2107 638 hujus
2139 568 2452 639 formatione
2483 566 2788 621 consiliario
2825 582 2951 620 usus
2989 575 3067 620 est
3095 565 3236 619 Filio
3261 583 3356 621 suo
3386 565 3509 621 uni-

1954 658 2147 728 genito,
2171 659 2261 728 qui
2287 656 2533 727 splendor
2560 664 2635 709 est
2665 654 2865 725 gloriae,
2886 654 3050 724 juxta
3078 656 3407 726 Apostolum,
3453 667 3506 712 et

1950 750 2120 820 ﬁgura
2144 750 2453 805 substantiae
2483 749 2597 818 ejus
2629 789 2643 803 .
2671 788 2686 803 .
2712 788 2727 803 .
2761 788 2774 802 .
2809 746 3072 814 Quoniam
3100 748 3296 818 itaque,
3332 759 3392 803 ut
3423 749 3507 802 di-

1951 851 2090 893 ctum
2118 849 2216 905 est,
2242 841 2397 894 homo
2424 842 2477 895 in
2512 841 2762 894 mundum
2786 850 3033 911 tanquam
3055 856 3144 894 rex
3166 852 3241 895 est
3266 840 3508 893 introdu-

1951 944 2088 995 ctus,
2137 931 2476 1001 probabiliter
2520 932 2680 986 etiam
2723 933 3004 984 secundum
3065 932 3345 1001 imaginem
3407 930 3507 985 Dei

1950 1022 2121 1090 factus
2151 1027 2249 1074 est.
2306 1018 2589 1089 Oportebat
2616 1018 2755 1073 enim
2783 1018 2904 1073 aliis
2938 1020 3316 1085 imperaturum
3345 1017 3506 1072 ueluti

1949 1112 2225 1182 imaginem
2241 1110 2522 1181 quamdam
2543 1109 2826 1178 spirantem
2853 1109 2986 1178 regis
3010 1109 3357 1162 similitudine
3376 1123 3508 1178 gau-

1948 1204 2088 1269 dere,
2138 1218 2241 1257 non
2271 1203 2326 1255 in
2355 1217 2588 1272 purpura
2615 1213 2663 1256 et
2694 1208 2895 1270 sceptro
2926 1211 2976 1254 et
3013 1200 3308 1254 diademate
3333 1199 3509 1269 digni—

1951 1307 2107 1351 tatem
2135 1305 2426 1351 ostentante
2469 1297 2686 1366 (quippe
2733 1310 2824 1348 nec
2872 1296 3042 1363 ipsum
3086 1293 3420 1361 archetypum
3449 1293 3507 1346 in

1950 1388 2031 1442 his
2075 1386 2233 1460 erat),
2263 1388 2352 1442 sed
2383 1404 2441 1442 eo
2492 1387 2630 1457 quod
2655 1396 2939 1440 ornaretur
2984 1382 3503 1452 incorruptibilitate,

1950 1479 2370 1541 immortalitate,
2395 1497 2457 1533 ac
2477 1480 2688 1533 virtute.
2714 1476 2855 1530 Nam
2879 1476 2959 1530 his
2978 1477 3131 1530 homo
3159 1484 3373 1529 ornatus
3396 1474 3509 1543 [or-

1951 1587 2091 1634 mam
2118 1572 2381 1641 prototgpi
2408 1570 2754 1624 similitudine
2786 1585 3087 1639 expressam
3128 1576 3316 1620 servat.
3364 1563 3511 1631 Quo-

1951 1664 2091 1718 niam
2119 1680 2234 1718 vero
2262 1666 2377 1733 ipsa
2408 1679 2609 1734 quoque
2631 1662 2845 1716 libertas
2874 1663 3069 1732 regiam
3111 1669 3160 1714 et
3199 1660 3509 1713 eminentem

1951 1766 2153 1810 natura
2206 1756 2449 1809 humanae
2498 1754 2805 1824 dignitatem
2856 1764 2904 1807 et
2962 1751 3357 1808 similitudinem
3393 1748 3507 1818 ejus

1950 1866 2066 1904 cum
2108 1850 2286 1903 divina
2315 1850 2539 1920 imagine
2566 1847 3009 1903 evidentissimum
3057 1843 3315 1906 ostendit,
3346 1842 3509 1895 etiam

1949 1942 2045 1994 hac
2074 1941 2274 1994 ratione
2303 1939 2455 1993 homo
2484 1954 2732 1992 manuum
2773 1936 2869 1991 Dei
2890 1952 3020 2005 opus
3044 1946 3142 1998 est,
3170 1941 3378 2002 propter
3399 1931 3513 2001 for-

1947 2034 2195 2088 motionis
2247 2048 2359 2087 sum
2403 2030 2801 2086 excellentiam:
2853 2045 2973 2082 nam
3000 2038 3167 2083 totum
3212 2027 3346 2080 illud
3379 2042 3507 2095 opus

1949 2126 2157 2182 consilii
2180 2134 2276 2181 est.
2313 2122 2508 2180 Eadem
2540 2123 3008 2195 argumentatione
3047 2122 3215 2175 utitur
3235 2118 3513 2190 TheOphi-

1949 2223 2035 2277 lus
2060 2220 2431 2276 Antiochenus
2456 2217 2596 2273 libro
2624 2233 2664 2271 ιι
2687 2224 2872 2270 contra
2902 2214 3239 2285 Autolycum,
3269 2228 3388 2282 cap.
3413 2212 3516 2279 28,,

1948 2330 2001 2385 ρ.
2053 2328 2129 2368 ιιι.
2180 2309 2283 2366 158
2318 2325 2460 2382 seq.,
2513 2323 2638 2365 cum
2685 2306 3059 2365 excellentiam
3090 2304 3326 2361 hominis
3358 2303 3413 2358 in
3441 2317 3509 2357 eo

1948 2404 2120 2476 ponit,
2145 2402 2315 2474 quod,
2340 2418 2463 2458 cum
2492 2410 2685 2457 caetera
2728 2398 2918 2454 omnia
2955 2397 3115 2452 verbo
3158 2395 3521 2451 constitueret-

1949 2501 2093 2554 Deus
2118 2507 2174 2552 et
2203 2496 2359 2567 quasi
2406 2494 2661 2566 πάρεργα
2711 2491 2985 2557 conderet,
3047 2489 3217 2545 solius
3272 2486 3518 2546 hominis

1947 2589 2274 2646 creationem
2323 2584 2718 2642 existimaverit
2753 2597 2876 2639 esse
2918 2596 3056 2651 opus
3101 2578 3353 2634 manibus
3389 2577 3511 2632 suis

1946 2682 2189 2753 dignum,
2222 2679 2383 2751 μόνον
2415 2676 2562 2732 ἰδίων
2587 2676 2747 2747 ἔργον
2772 2673 2971 2747 χειρῶν
2993 2671 3140 2736 ἄξιον
3170 2672 3383 2741 ἡγεῖται
3408 2668 3509 2741 τὴν

1947 2771 2162 2842 ποίησιν
2199 2768 2291 2826 τοῦ
2329 2765 2631 2838 ἀνθρώπου.
2674 2763 2931 2819 Naturam
2969 2762 3203 2818 hominis
3258 2759 3509 2829 inprimis

1947 2862 2018 2917 ob
2042 2870 2382 2918 concreatam
2406 2857 2694 2927 imaginem
2723 2856 2961 2910 divinam
2993 2852 3205 2907 extollit
3236 2848 3508 2905 Macarius

1946 2951 2185 3021 Magnes,
2214 2963 2443 3019 eamque
2465 2964 2572 3002 non
2598 2948 2652 3002 in
2681 2960 2909 3015 corpore
2931 2942 3068 3013 (50),
3104 2943 3197 2999 sed
3240 2943 3296 2995 in
3328 2947 3508 2996 mente

1947 3041 2183 3096 hominis
2203 3039 2414 3109 quaerit,
2435 3036 2579 3107 quod
2605 3033 2966 3105 cognitionem
3005 3032 3132 3088 boni
3157 3041 3209 3087 et
3250 3030 3377 3086 mali
3403 3045 3505 3085 na-

286 3126 378 3178 ἑπὶ
403 3128 468 3197 τῇ
483 3125 669 3179 τούτου
692 3128 1025 3198 κατασκευῇ,
1048 3124 1124 3198 τῷ
1138 3127 1528 3198 άπαυγάσματι
1554 3129 1650 3199 τῆς
1666 3128 1841 3199 δόξης,

1950 3141 2069 3186 tura
2105 3130 2320 3186 insitam
2356 3127 2622 3183 habuerit.
2670 3127 3003 3197 Argumento
3054 3123 3157 3213 ipsi
3180 3131 3307 3178 sunt
3342 3121 3507 3176 verba

287 3216 431 3269 κατὰ
459 3215 549 3270 τὸν
583 3216 917 3281 Ἀπόστολον,
944 3218 1037 3289 καὶ
1052 3218 1357 3290 χαρακτῆρι
1381 3220 1479 3290 τῆς
1502 3220 1846 3285 ὑποστάσεως

1948 3220 2238 3281 Geneseos,
2269 3234 2388 3287 cap.
2426 3235 2507 3284 ιιι,
2535 3218 2638 3271 2‘2:
2668 3215 2804 3271 Ecce
2835 3215 3007 3270 Adam
3047 3211 3219 3283 factus
3243 3222 3318 3267 est
3369 3211 3516 3265 sicut

287 3309 450 3363 αὐτοῦ
478 3350 492 3362 .
528 3347 543 3364 .
574 3348 588 3363 .
622 3349 637 3363 .
670 3351 684 3363 .
720 3308 935 3380 Ἐπειδὴ
973 3309 1150 3364 τοίνυν
1171 3349 1186 3374 ,
1247 3309 1322 3372 ὡς
1372 3310 1604 3381 εἴρηται,
1658 3306 1854 3383 ὥσπερ

287 3400 540 3473 βασιλεὺς
570 3399 792 3472 εἰσήχθη
815 3403 871 3455 ὲν
903 3400 1088 3472 κόσμῳ
1114 3400 1150 3458 ὁΔ
1174 3399 1474 3472 ἄνθρωπος,
1506 3402 1730 3466 εἰκότως
1754 3404 1847 3457 καὶ

284 3495 407 3547 κατ’
435 3492 613 3546 εἰκόνα
644 3491 775 3545 Θεοῦ
817 3492 1123 3562 γεγένηται.
1165 3490 1310 3545 Ἔδει
1342 3492 1449 3564 γὰρ
1469 3493 1557 3546 τὸν
1591 3493 1847 3564 μέλλοντα

285 3585 472 3656 ἄρχειν
518 3580 626 3636 τῶν
667 3580 840 3636 ἄλλων
880 3579 1065 3651 ὥσπερ
1094 3582 1217 3634 τινά
1251 3581 1432 3636 εἰκόνα
1481 3582 1716 3654 ἔμψυχον
1748 3583 1847 3653 τῆς

284 3675 379 3729 τοῦ
410 3673 668 3744 βασιλέως
707 3672 1021 3744 ὁμοιότητος
1063 3671 1352 3726 ἀπολαύειν
1371 3711 1385 3735 ,
1415 3675 1516 3728 οὐκ
1547 3676 1604 3728 ἐν
1636 3691 1844 3746 πορφυ-

286 3763 394 3836 ρίδι
428 3764 525 3834 μαι
574 3764 834 3835 σκήπτρῳ
874 3763 966 3816 καὶ
1006 3762 1296 3834 διαδήματι
1323 3763 1421 3835 τὴν
1460 3762 1613 3831 ἀξίαν
1657 3763 1848 3833 ἐμφαί-

285 3873 447 3922 νοντι,
476 3855 598 3909 ἐπεὶ
630 3853 762 3926 μηδὲ
785 3853 844 3906 τὸ
880 3853 1183 3925 ἀρχέτυπον
1216 3854 1274 3908 ὲν
1303 3853 1509 3918 τούτοις
1534 3850 1623 3927 ἦν,
1650 3854 1762 3908 ἀλλ’
1789 3856 1845 3908 ὲν

285 3945 364 4018 τῷ
388 3944 768 4017 κεκοσμεῖσθαι
797 3945 897 4017 τὴν
935 3944 1243 4016 ἀφθαρσίαν
1279 3946 1373 3998 καὶ
1410 3945 1705 4001 ἀθανασίαν
1751 3947 1845 4000 καὶ

286 4041 504 4113 ἀρετήν.
530 4038 751 4101 Τούτοις
780 4036 887 4108 γὰρ
916 4036 1168 4107 τιμηθεὶς
1195 4039 1224 4090 ό
1257 4034 1537 4107 ἄνθρωπος
1567 4036 1664 4108 τὴν
1710 4038 1847 4110 πρὸς

284 4135 351 4189 τὸ
382 4132 729 4204 πρωτότυπον
753 4131 935 4183 εἰκόνα
972 4129 1248 4201 ὁμοιότητι
1289 4126 1557 4192 διασώζει.
1595 4128 1745 4182 Ἐπεὶ
1788 4129 1845 4184 δὲ

286 4220 382 4274 καὶ
402 4216 811 4295 αύτεξουσιότης
822 4215 881 4269 τὸ
909 4214 1182 4285 βασιλικὸν
1202 4213 1614 4286 καὶὲπηρμένον
1633 4214 1732 4285 τῆς
1748 4214 1847 4283 φύ-

289 4328 425 4373 σεως
453 4308 545 4364 τοῦ
576 4306 884 4380 ἀνθρώπου.
912 4307 1160 4378 καὶπρὸς
1181 4305 1279 4376 τὴν
1302 4305 1450 4359 θείαν
1472 4303 1653 4357 εἰκόνα
1682 4306 1847 4375 ἐμφε-

291 4404 381 4476 ρὲς
410 4400 878 4475 προσφανέστατον
902 4398 1136 4452 δείκνυσι
1156 4441 1170 4464 ,
1217 4398 1309 4451 καὶ
1343 4397 1482 4450 κατὰ
1527 4395 1711 4449 τοῦτον
1750 4396 1844 4448 τὸν

1946 3327 2081 3366 unus
2102 3326 2167 3364 ea:
2205 3309 2379 3372 nobis,
2413 3309 2481 3362 ad
2528 3305 2796 3360 sciendum
2841 3306 3031 3360 bonum
3063 3314 3110 3358 et
3139 3304 3355 3369 malum.
3422 3301 3517 3356 Ad

1946 3416 2107 3474 quem
2155 3401 2330 3454 locum
2376 3400 2519 3452 hunc
2556 3396 2611 3450 in
2650 3395 2870 3451 modum
2915 3402 3349 3450 commentatur:
3390 3392 3516 3465 Οὐχν

1944 3495 2019 3559 ὡς
2049 3488 2455 3565 προσκόψαντος
2481 3484 2644 3540 αὐτοῦ
2676 3485 2769 3538 ἐπὶ
2795 3484 3023 3557 τὴνιτῆς
3061 3484 3259 3556 ἀρετῆς
3286 3484 3379 3536 καὶ
3402 3499 3502 3536 κα.

1945 3586 2068 3650 κίας
2089 3580 2309 3656 γνῶσιν.
2336 3577 2449 3631 ἀλλ’
2480 3578 2556 3642 ὼς
2591 3575 2826 3631 τοιούτου
2851 3576 2911 3641 ἐξ
2950 3574 3124 3646 ἀρχῆς
3154 3572 3501 3636 πλασθέντας.

1944 3677 2153 3739 Φθάσας
2182 3677 2291 3747 γὰρ
2323 3667 2469 3725 εἶπεν
2494 3670 2527 3739 ἡ
2554 3666 2761 3740 Γραφὴ,
2789 3667 2970 3719 amen
2995 3665 3281 3732 ἐποίησεν
3309 3666 3341 3717 ό
3361 3662 3509 3729 Θεὸς

1944 3766 2051 3820 τὸν
2075 3765 2389 3833 ἄνθρωπον·
2412 3760 2541 3817 κατ’
2570 3758 2773 3811 εἰκόνα
2803 3754 2968 3810 Θεοῦ.
3000 3753 3166 3824 Δῆλον
3196 3753 3512 3823 ὡςπροκαα

1944 3855 2346 3926 τασεϐλημένην
2371 3850 2514 3924 εἶχεν
2540 3849 2600 3907 ἐν
2624 3850 2690 3925 τῇ
2707 3846 2867 3924 φύσει
2888 3844 2987 3917 τὴν
3003 3844 3200 3913 γνῶσιν
3214 3842 3307 3896 τοῦ
3336 3840 3517 3895 καλοῦι

1945 3948 2040 4003 καὶ
2071 3944 2329 4018 πονηροῦ.
2362 3945 2420 4000 ld
2440 3954 2557 4001 est:
2584 3944 2707 4000 Non
2740 3940 2894 4017 quasi
2917 3938 3221 4014 profecisset
3250 3936 3295 3988 is
3319 3935 3384 4028 .in
3415 3948 3505 3987 co-

1945 4038 2175 4108 gnitione
2190 4037 2402 4091 virtutis
2435 4052 2498 4090 ac
2526 4036 2664 4100 vitii,
2695 4036 2785 4090 sed
2806 4036 2934 4106 quia
2964 4034 3088 4087 talis
3117 4032 3181 4086 ab
3209 4031 3362 4085 initio
3392 4031 3503 4099 for-

1945 4140 2117 4185 matus
2137 4138 2287 4185 esset.
2319 4127 2462 4183 Nam
2483 4137 2603 4183 ante
2641 4127 2847 4183 dixerat
2894 4126 3201 4197 Scriptura:
3245 4142 3265 4175 ι
3314 4122 3513 4177 Adhuc-

1945 4222 2068 4292 fecit
2094 4221 2229 4277 Deus
2255 4221 2513 4275 hominem
2542 4219 2826 4275 secundum
2861 4220 3141 4289 imaginem
3158 4216 3277 4271 Dei.
3308 4234 3327 4268 ι
3361 4212 3513 4267 Hinc

1944 4323 2107 4385 putet,
2128 4314 2370 4369 habuisse
2387 4330 2505 4368 eum
2534 4314 2750 4368 insitam
2758 4311 2878 4382 jam
2902 4322 3022 4366 ante
3047 4327 3079 4364 a
3104 4318 3298 4364 natura
3318 4306 3502 4377 cogni-

1949 4409 2138 4462 tionem
2167 4407 2287 4461 boni
2315 4416 2364 4461 et
2391 4405 2541 4486 mali.
2576 4404 2859 4460 Hominem
2889 4404 3053 4474 igitur
3080 4404 3149 4457 ab
3169 4401 3326 4456 initio
3364 4400 3503 4454 inte-

286 4496 443 4565 λόγον
471 4494 565 4549 καὶ
593 4493 788 4565 χειρῶν
814 4489 947 4545 Θεοῦ
972 4490 1129 4563 ἔργον
1150 4492 1179 4543 ὁ
1198 4489 1478 4560 ἄνθρωπος
1496 4527 1511 4551 ,
1549 4488 1636 4541 διὰ
1669 4488 1730 4540 τὸ
1759 4487 1841 4540 τί-

1947 4512 2101 4568 grum
2135 4504 2188 4550 ct
2213 4503 2420 4551 rectum
2458 4495 2512 4549 in
2539 4496 2687 4551 omni
2706 4495 3011 4566 c0gnitione
3044 4493 3261 4548 virtutis
3292 4508 3355 4548 ac
3381 4490 3514 4545 vitii‘

293 4603 411 4658 μιον
440 4586 540 4656 τῆς
570 4583 926 4655 κατασκευῆς.
958 4579 1159 4653 ωυλῆξ
1177 4581 1284 4653 γὰρ
1314 4580 1562 4652 ἐνέργεια
1604 4580 1665 4633 τὸ
1713 4580 1840 4633 πᾶν.

289 4678 347 4732 ιιι
371 4687 484 4734 est:
518 4677 593 4731 Ac
618 4686 820 4732 caetera:
859 4676 1066 4747 quidem
1095 4684 1351 4729 creatum
1386 4679 1497 4727 solo
1545 4672 1696 4726 verbo
1722 4688 1845 4741 pro-

286 4770 464 4825 ductce
482 4778 603 4823 sunt
627 4784 646 4831 ;
673 4769 823 4822 homo
861 4778 1035 4821 autem
1063 4766 1385 4837 praecipuum
1433 4765 1684 4835 quiddam
1707 4780 1844 4833 prce-

290 4876 431 4919 terea
457 4861 641 4916 habuit
678 4862 731 4914 in
754 4862 1034 4914 creatione.
1069 4858 1211 4913 Nam
1231 4858 1419 4911 habita
1446 4866 1567 4923 ante
1588 4855 1842 4910 delibera-

292 4956 432 5009 tione
451 4962 656 5008 creatus
684 4960 781 5016 est,
812 4964 875 5005 ut
895 4967 959 5005 ea:
999 4967 1058 5005 eo
1084 4951 1471 5015 ostenderetur,
1514 4946 1844 5001 excellentem

287 5062 400 5103 esse
417 5062 535 5101 eam
561 5057 878 5100 creaturam.
911 5044 1111 5114 Quippe
1135 5044 1309 5098 illud
1331 5061 1349 5095 ι
1376 5040 1657 5097 Faciamus
1680 5038 1845 5090 homi-

291 5153 409 5192 nem
437 5137 720 5190 secundum
747 5136 1024 5205 imaginem
1054 5146 1285 5189 nostram
1308 5146 1354 5187 et
1380 5132 1665 5187 secundum
1691 5130 1842 5183 simi-

363 5291 476 5363 (29)
503 5294 711 5364 Κρατεί
734 5292 1200 5364 τῶν-κτισμάτων,
1230 5291 1323 5364 καὶ
1349 5286 1665 5364 ἡγεμονεύει
1696 5282 1847 5364 κηδό-

294 5352 476 5435 μενος,
507 5352 634 5418 ειίιιι
661 5365 820 5418 verba
842 5352 1100 5434 Magnetis
1146 5352 1199 5416 in
1244 5352 1544 5431 fragineiito
1584 5356 1649 5409 ll.
1716 5352 1845 5405 Vide

290 5449 478 5492 SUDl'a-

510 5498 599 5557 Uti
627 5501 974 5572 Melitoniani,
1028 5498 1685 5572 Aiitliropomorpliitaa_et
1717 5500 1841 5572 με

291 5565 754 5642 ιίίιιηῖιιιιοηιιιιιιι
785 5565 1105 5642 statuerunt,
1134 5572 1223 5642 ,de
1244 5565 1451 5639 quibus
1497 5565 1842 5642 confer‘ljlpi-

291 5638 574 5713 phaniuin,
611 5644 741 5713 liter.
776 5642 969 5713 790,35
992 5638 1410 5713 Theodoretuni,
1439 5646 1629 5708 quaest.
1685 5638 1754 5713 20
1790 5639 1844 5713 in

291 5708 547 5778 Cenesin,
600 5721 653 5766 et
697 5711 843 5765 alibi.
876 5710 1128 5777 Quamvis
1162 5709 1428 5765 Macarius
1475 5717 1656 5762 uoster
1702 5708 1842 5760 haud

293 5792 475 5854 neget,
500 5777 661 5838 etiam
685 5783 736 5836 in
764 5782 935 5852 ipsum
968 5780 1155 5837 Adatni
1196 5795 1392 5851 corpus
1425 5779 1617 5834 divinae
1645 5777 1843 5848 imagi-

1945 4596 2186 4643 creatum
2215 4586 2387 4643 fuisse
2427 4588 2585 4658 plane
2632 4588 2698 4642 ad
2749 4601 2967 4643 sensum
3012 4585 3304 4655 Scriptura:
3331 4598 3504 4640 sacra

1945 4677 2119 4733 Eccle.
2145 4693 2243 4745 vn,
2271 4679 2362 4742 50,
2391 4679 2699 4734 contendit:
2726 4660 3040 4748 quinimoin
3061 4675 3501 4732 antecedentibus

1943 4770 2188 4825 eumdem
2210 4785 2305 4839 per
2325 4770 2810 4840 transgressionem
2830 4768 3114 4838 pristinam
3134 4765 3497 4823 innocentiam

1945 4874 2177 4926 morum,
2200 4859 2264 4913 τὸ
2286 4858 2669 4932 ἀπειρόκακον,
2699 4858 2950 4913 amisisse
2978 4858 3186 4925 statuit,
3213 4873 3337 4928 quae
3358 4857 3500 4912 lece-

1945 4956 2049 5015 rat,
2085 4958 2146 5004 ut
2167 4950 2326 5019 primi
2355 4959 2607 5020 parentes
2632 4949 2893 5004 nuditatis
2934 4964 3046 5003 sua:
3085 4948 3346 5004 rationein
3378 4948 3500 5002 nul-

1944 5040 2050 5094 lam
2084 5039 2370 5094 haberent:
2425 5038 2582 5092 Ἀλλὰ
2608 5039 2683 5102 ὡς
2714 5039 2776 5091 τὸ
2821 5039 3182 5110 άπειρόκακον
3223 5039 3497 5109 ἀποθεμέά

1945 5147 2050 5185 νων
2087 5129 2175 5184 διὰ
2202 5129 2577 5203 παραϐάσεως,
2604 5128 2632 5182 ὃ
2661 5131 2753 5183 καὶ
2790 5129 2886 5201 τὴν
2915 5128 3189 5209 γύμνωσιν
3210 5129 3499 5197 ἀδιάφορον

1945 5292 2032 5345 nis
2054 5290 2363 5360 dignitatem
2391 5290 2572 5360 aliquo
2597 5289 2757 5344 modo
2785 5288 3131 5360 redundasse,
3158 5287 3286 5341 dum
3323 5293 3502 5360 totum

1946 5355 2218 5414 hominem
2250 5355 2547 5415 secundum
2584 5360 2871 5429 imaginem
2895 5358 2999 5429 Dei
3023 5358 3223 5429 [actinn
3253 5370 3374 5429 esse
3413 5355 3496 5407 l‘a-

1945 5440 2107 5494 tetur,
2137 5440 2297 5499 atque
2314 5430 2559 5499 inprimis
2585 5430 2638 5483 in
2662 5424 2907 5483 oratione
2934 5426 3000 5480 17
3033 5428 3086 5499 in
3113 5424 3345 5482 Genesin
3372 5438 3495 5499 cor:

1947 5516 2047 5570 pus
2076 5492 2524 5570 protoplastarum
2559 5509 2684 5553 ante
2727 5492 3510 5570 transgressionempraecepti.

1947 5563 2197 5624 subtilius
2220 5563 2283 5623 ac
2309 5570 2658 5639 splendidius.
2686 5577 2738 5623 et
2756 5568 2822 5622 ad
2849 5563 3150 5639 specierum
3161 5635 3169 5639 _
3187 5563 3505 5639 divinarum

1946 5632 2537 5763 pereleptioncm'magis
2563 5632 2954 5710 promptum—et
2986 5635 3291 5704 expeditum
3325 5632 3503 5694 fuisse

1947 5725 2045 5763 COD
2073 5726 2158 5763 ettt
2180 5719 2232 5762 tl.

1947 5718 2232 5764 CODICIHHL
