3972 6318
532 265 549 320 I
561 265 671 333 ὅδε)¹

1816 264 2505 343 praesentissimus.
2638 338 2643 341 _
3563 287 3673 345 ttoo

525 366 788 454 παρέσχε,
822 381 901 438 Ex
934 398 1043 454 quo
1074 393 1315 454 apparet,
1349 382 1647 449 Macariutn
1679 364 1926 441 nossrum
1959 372 2095 458 ima:
2120 388 2169 449 Α
2194 372 2311 440 dein
2339 404 2445 441 non
2482 388 2645 457 fuisse
2690 389 2897 444 Adamn
2953 408 3159 449 causam
3210 396 3488 473 cognitionis
3512 399 3673 473 liquet,

524 477 705 547 ginem
733 476 973 532 divinam
1005 476 1362 547 praecipue'in
1404 477 1632 534 internis
1659 476 1828 540 animi
1854 476 2093 545 dotibus,

526 569 704 640 iisque
734 568 1060 637 concreatis,
1089 569 1429 640 quaesivisse,
1460 585 1569 626 non
1617 571 1672 625 in
1708 570 1884 627 forma
1920 571 2097 628 homiq

523 660 613 715 nis
643 670 905 728 externa;
941 660 1020 715 uti
1048 661 1267 731 quidem
1302 661 1657 732 philosophus
1685 662 1796 729 ille,
1831 679 1953 718 cum
1985 679 2096 733 quo

523 752 855 822 disputabat,
870 766 939 808 eo
952 767 1114 807 sensu
1135 751 1408 807 hominem
1425 752 1486 806 τὸ
1510 752 1791 813 κάλλιστον
1811 753 1919 809 τῶν
1943 752 2096 818 ζώων

525 846 619 898 καὶ
645 844 830 898 εἰκόνα
850 843 986 899 θεοῦ
1017 860 1139 900 esse
1160 844 1471 900 venditabat
1496 846 1631 917 (51).

530 958 558 1030 ᾗ
587 958 780 1032 XVIII.
799 960 1058 1032 Doctrina
1082 962 1145 1014 de
1173 959 1573 1032 immortalitate
1586 961 1799 1032 animle.
1815 959 1931 1032 -§
1952 959 2092 1018 XIX.

603 1030 853 1102 Doctrina
879 1031 943 1085 de
971 1030 1123 1099 lapsu
1162 1032 1357 1085 Adami
1394 1031 1607 1102 ejusque
1639 1030 1829 1100 effectu
1849 1072 1867 1100 ,
1898 1030 2097 1089 morta-

593 1100 749 1155 litate
772 1101 969 1156 scilicet
992 1116 1084 1171 per
1112 1113 1383 1172 peccatum
1404 1100 1729 1159 introducta.

597 1210 837 1282 Lapsum
857 1212 1049 1267 Adami
1086 1213 1160 1268 ita
1192 1212 1450 1269 describit
1483 1212 1757 1269 Macarius
1792 1211 2013 1284 Magnes
2041 1213 2095 1271 in

526 1295 846 1376 fragmentis
874 1304 1253 1361 Commentarii
1275 1307 1332 1360 in
1363 1304 1617 1372 Genesin,
1662 1306 1810 1376 quod
1851 1305 2097 1361 libertate

528 1410 626 1449 Sua
656 1395 860 1451 abusus
892 1396 1257 1451 conditionem
1284 1396 1609 1451 obedientia:
1631 1394 1878 1453 Creatori
1902 1396 2097 1451 debita:

526 1486 823 1555 neglexerit
844 1495 1008 1556 atque
1032 1502 1127 1557 per
1150 1488 1636 1558 transgressionem
1655 1489 1905 1561 praecepti
1927 1488 2097 1545 divini

526 1581 588 1634 τὸ
612 1564 977 1649 ἁτιειρὸκακον
1018 1580 1133 1635 sive
1175 1579 1538 1637 innocentiam
1570 1598 1787 1638 morum
1828 1583 2094 1648 amiserit,

528 1672 1026 1742 mortalitatemque
1052 1672 1259 1747 peccati
1282 1674 1567 1730 invexerit.
1599 1673 1750 1731 lianc
1772 1678 2097 1732 sententiam

529 1764 809 1835 sequentia
848 1764 1019 1834 ipsius
1041 1765 1320 1823 declarant
1344 1766 1505 1821 verba
1529 1785 1542 1821 :
1574 1769 1779 1839 Ὄντων
1804 1763 1896 1823 οὖν
1918 1751 2099 1825 αὐτῶν

529 1860 586 1911 ὲν
615 1857 692 1928 τῷ
722 1846 1029 1929 παραδείσῳ
1050 1852 1147 1929 τῆς
1167 1858 1398 1932 τρυφῆς,
1421 1860 1583 1933 νόμον
1604 1845 1816 1915 δίδωσιν
1851 1861 2035 1926 αὐτοῖς
2069 1864 2098 1917 ὁ

529 1950 661 2013 Θεὸς
692 1950 783 2003 ἐπὶ
808 1949 1115 2021 εὐεργεσίᾳ,
1136 1948 1229 2003 τοῦ
1255 1934 1428 2018 δεῖξαι
1456 1951 1553 2023 μὲν
1579 1950 1866 2024 ἐλευθέραν
1886 1951 1981 2025 τὴν
1998 1948 2101 2022 φύς

531 2060 614 2096 σιν
642 2047 699 2097 ὲν
729 2045 794 2114 τῇ
822 2042 1277 2115 αὐτεξουσιότητι,
1304 2044 1581 2110 ἀποδεῖξαι
1606 2044 1661 2098 δὲ
1685 2046 1760 2109 ὼς
1785 2043 2101 2099 ὑπδΔεσπό-

528 2156 629 2211 την
663 2138 756 2193 καὶ¹
794 2139 1066 2212 κηδεμόνα
1102 2141 1229 2206 εἰσὶ,
1264 2140 1437 2208 λέγων
1471 2139 1664 2204 οὕτως’
1714 2137 1844 2192 Ἀπὸ
1875 2139 2098 2209 παντὸς

531 2229 719 2295 ξύλου
749 2269 762 2283 .
798 2270 812 2284 .
849 2271 863 2285 .
896 2270 912 2285 .
948 2270 961 2284 .
983 2231 1091 2286 τοῦ
1117 2231 1187 2285 ἐν
1218 2230 1649 2300 τῷπαραδείσῳ
1672 2230 2094 2303 ,ϐρώσειφαγῖῨ

529 2324 649 2387 ἀπὸ
679 2321 747 2378 δὲ
774 2322 880 2378 τοῦ
902 2324 1091 2389 ξύλου
1119 2322 1436 2394 γινώσκειν
1459 2325 1651 2379 καλὸν
1697 2325 1795 2379 καὶ
1835 2324 2100 2394 πονηρὸν

530 2416 602 2469 οὑ
626 2413 889 2484 φάγεσθε
912 2415 1013 2470 ἀπ’
1046 2415 1252 2470 αὐτοῦ.
1288 2410 1371 2490 ⁷ῌ
1403 2415 1471 2469 δὲ
1501 2413 1578 2471 ἂν
1605 2415 1792 2486 ἡμέρᾳ
1830 2415 2100 2488 φάγησθε

531 2508 632 2583 ἀπ’
662 2508 867 2583 αὐτοῦ,
898 2505 1130 2574 θανάτῳ
1156 2508 1574 2574 ἀποθανεῖσθε,
1612 2509 1758 2563 τοῦτ’
1783 2508 1948 2574 ἔστιν,
1975 2509 2100 2582 θνη-

530 2600 613 2652 τοὶ
635 2599 840 2653 ἔσεσθε.
878 2599 1034 2656 Οὕτω
1054 2601 1162 2675 γὰρ
1203 2605 1233 2657 ὁ
1273 2602 1569 2676 Σύμμαχος
1602 2604 1970 2676 ήρμήνευσεν·
2019 2596 2104 2677 ᾟ

531 2688 584 2763 δ’
613 2677 689 2771 ἂν
726 2690 913 2762 ἡμέρᾳ
953 2692 1115 2764 φάγῃ
1168 2692 1287 2753 ἀπὸ
1318 2696 1423 2750 τοῦ
1463 2696 1674 2763 ξύλου,
1701 2696 1918 2764 θνητὸς
1957 2696 2097 2765 ἔσῃ.

544 2779 707 2857 Ἀλλὰ
741 2783 814 2852 μή
834 2800 919 2846 τις
948 2782 1229 2848 ὑπολάϐοι,
1257 2784 1414 2838 ὅτιτὸ
1442 2784 1596 2851 ξύλον
1624 2783 1878 2857 τοιαύτης
1904 2781 1972 2856 ἦν
2003 2783 2102 2854 φύ-

535 2854 691 2939 σεως,
721 2873 1022 2953 ὠςλγνῷσιν
1051 2874 1311 2948 παρέχειν
1349 2876 1512 2953 καλοῦ
1558 2876 1652 2929 καὶ
1691 2854 1939 2948 nempe?»—
1964 2876 2096 2948 (52).

533 2963 611 3020 Οὐ
638 2966 774 3038 ,γὰρ
802 2948 806 2955 Α
836 2968 901 3038 δὴ
928 2948 935 2953 ⁷
961 2966 1219 3041 βλαϐερρν
1280 2969 1337 3022 ὲν
1365 2951 1369 2954 ”
1401 2967 1481 3041 τῷ
1539 2967 1849 3040 παραδείσῳ
1903 2986 1954 3021 τι
2008 2963 2099 3041 ἦν.

2196 472 2306 535 Lex
2333 482 2472 539 enim
2497 482 2547 535 ei
2570 481 2699 536 data
2739 495 2841 547 est,
2872 493 3120 554 tanquam
3150 472 3407 559 utrumque
3426 493 3598 560 scienti,
3636 507 3676 549 et

2197 570 2388 625 bonum
2432 582 2482 626 et
2528 574 2749 641 malum,
2780 585 2829 629 et
2860 576 3202 631 obedientiam
3242 591 3288 633 et
3320 572 3674 643 inobedientiam.

2197 660 2387 733 Itaque
2412 665 2636 735 cognitio
2667 665 2835 736 legem
2861 671 3155 723 antecessit.
3190 669 3295 724 Lex
3330 689 3435 728 vero
3462 675 3569 733 data
3601 666 3677 743 est,

2195 764 2253 809 ut
2282 755 2455 820 homo,
2484 758 2595 827 qui,
2626 768 2685 812 ut
2706 759 2943 821 diximus
2964 801 2979 825 ,
3018 761 3184 818 libera
3216 764 3456 822 voluntate
3495 773 3681 827 moveba-

2197 855 2303 914 tur,
2337 847 2705 923 licentiamque
2731 850 2954 908 habebat
2985 869 3049 908 ea:
3077 858 3274 911 ueteris
3318 860 3559 916 arboribus
3592 865 3680 934 {rs-

2195 950 2338 994 ctum
2362 942 2716 1011 percipiendi,
2756 954 2805 999 et
2848 945 2912 1000 ab
2937 963 3042 1000 una
3080 947 3331 1005 duntaxat
3363 951 3583 1009 abstinere
3615 975 3682 1024 per

2195 1035 2357 1105 legem
2379 1036 2691 1106 jubebatur,
2727 1038 2825 1092 hoc
2868 1041 3048 1105 sciret,
3099 1042 3356 1099 subditum
3396 1062 3445 1101 se
3480 1064 3573 1103 esse
3599 1049 3683 1104 Do-

2196 1126 2357 1192 mino,
2387 1128 2438 1183 ei
2467 1145 2648 1199 nempe
2673 1130 2763 1201 qui
2786 1140 2835 1184 et
2853 1131 3018 1201 legem
3038 1133 3284 1189 dedisset.
3303 1137 3555 1206 Interiecta
3568 1140 3686 1195 dein-

2195 1232 2324 1287 ceps
2355 1218 2582 1274 historia
2607 1220 2674 1275 de
2703 1219 3024 1276 seductione
3054 1224 3591 1295 serpentis,quomodo
3608 1230 3685 1284 ho.

2196 1309 2297 1365 stis
2333 1318 2541 1366 natura:
2587 1320 2787 1367 nostra;
2819 1321 2972 1367 tanto
3024 1313 3263 1371 hominis
3292 1316 3466 1371 honori
3495 1318 3688 1375 inridens

2195 1403 2395 1473 bellum
2435 1403 2697 1460 adversus
2723 1420 2849 1460 eum
2882 1408 3208 1477 susceperit,
3248 1409 3594 1481 mendacioque
3612 1428 3689 1468 suo

2196 1484 2458 1560 effecerit,
2488 1504 2548 1551 ut
2572 1497 2734 1552 ambo
2764 1506 3172 1568 contemptores
3202 1499 3293 1554 Dei
3324 1501 3509 1567 tierent,
3536 1503 3690 1558 tristis-

2196 1586 2398 1663 simum
2428 1586 2613 1657 lapsus
2645 1587 2894 1643 eﬂ‘ectum
2927 1589 3155 1660 exponit
3180 1605 3246 1645 ex
3277 1591 3554 1662 cognitione
3569 1593 3691 1648 nudi-

2200 1681 2328 1736 tatis
2354 1680 2596 1751 ipsorum
2640 1690 2695 1735 et
2731 1689 2938 1736 terrore
2960 1680 3186 1751 iustitiae
3217 1682 3434 1749 divina,
3468 1699 3602 1753 quam
3639 1685 3690 1739 ad

2200 1786 2417 1841 ptenam
2466 1772 2820 1841 promeritam
2856 1772 3281 1841 concitaverant,
3299 1773 3424 1828 adeo
3451 1784 3504 1829 ut
3523 1790 3691 1831 animus

2198 1863 2434 1933 paradisi
2465 1864 2622 1920 sedes
2649 1864 2834 1919 statim
2867 1873 3171 1919 mutaretur
3194 1865 3260 1919 iis
3299 1866 3350 1918 in
3377 1867 3593 1920 acerbum
3617 1867 3691 1920 tri-

2199 1955 2365 2010 bunal
2393 1955 2841 2026 tremendumqne
2872 1956 3205 2025 prmtorium.
3241 1954 3390 2013 Μετὰ
3414 1955 3469 2009 τὸ
3494 1955 3694 2027 τόλμημα

2196 2048 2276 2110 εις
2311 2045 2521 2101 σύνεσιν
2552 2045 2796 2110 ἐλθόντες
2821 2045 2913 2099 τοῦ
2954 2047 3322 2117 πταίσματος,
3348 2044 3419 2117 τῷ
3442 2045 3695 2117 διακριτικῷ

2197 2139 2523 2213 κρατοῦνται
2574 2139 2761 2211 φόϐῳ,
2813 2140 2909 2194 καὶ
2951 2138 3290 2213 κρύπτεσθαι
3335 2138 3590 2210 πιρῶνται
3626 2138 3694 2191 τὸν

2196 2231 2460 2305 ἀλάθητον
2485 2231 2791 2305 ὀφθαλμὸν,
2831 2233 2926 2286 καὶ
2970 2231 3362 2303 παραιτοῦνται
3393 2230 3480 2303 τὴν
3502 2231 3695 2303 πρόοδον,

2197 2324 2293 2379 καὶ
2326 2322 2637 2381 ἁναδύονται
2680 2324 2779 2395 τὴν
2818 2323 3182 2397 παράστασιν,
3206 2324 3264 2378 Id
3287 2330 3395 2378 est:
3427 2322 3535 2376 Post
3555 2321 3695 2375 audax

2196 2415 2333 2469 illud
2360 2416 2590 2485 facinus,
2620 2416 2883 2470 intellecto
2912 2416 3068 2486 lapsu
3109 2434 3207 2470 suo
3234 2459 3249 2484 ,
3291 2416 3552 2487 providenti
3588 2425 3697 2467 metu

2198 2505 2577 2577 percelluntur,
2617 2517 2666 2560 et
2704 2524 2842 2574 eum,
2880 2525 3031 2577 quem
3060 2508 3228 2562 latere
3252 2506 3328 2561 nil
3354 2517 3521 2577 potest,
3536 2506 3696 2558 oculum

2198 2595 2363 2651 latere
2389 2606 2669 2664 conantur,
2705 2607 2755 2652 et
2784 2599 2997 2668 prodire
3020 2600 3339 2664 detrectant,
3369 2611 3414 2654 et
3436 2615 3589 2653 coram
3607 2598 3697 2651 sisti

2201 2689 2489 2758 refugiunt.

2270 2781 2407 2835 Illud
2438 2778 2673 2851 denique
2707 2779 2927 2836 silentio
2973 2780 3398 2853 haudquaquam
3444 2777 3699 2850 prmtermit-

2199 2874 2419 2929 tendum
2445 2881 2549 2939 est,
2594 2872 2737 2943 quod
2765 2870 3037 2928 Macarius
3065 2870 3291 2944 Magnes
3328 2872 3479 2927 simul
3507 2871 3699 2925 divinum

2200 2964 2474 3036 quoddam
2507 2962 2828 3019 beneﬁcium
2873 2963 2927 3017 in
2981 2963 3098 3032 ipsa
3153 2978 3313 3034 paena
3343 2962 3516 3018 mortis
3548 2975 3700 3030 corpo-

537 3060 699 3129 Ὅρος
752 3058 808 3112 δὲ
843 3057 999 3131 ἐτέθη
1053 3061 1109 3127 ἐν
1163 3058 1236 3129 τῷ
1284 3058 1439 3139 φυτῷ,
1480 3059 1618 3131 πρὸς
1662 3060 1964 3135 γυμνασίαν
2000 3061 2100 3132 τῆς

2202 3055 2331 3110 ralis
2367 3062 2659 3126 agnoscat,
2696 3053 2840 3124 quod
2886 3053 2989 3107 hac
3045 3054 3317 3109 sententia
3356 3051 3605 3124 exprimit:
3634 3047 3701 3113 Aul

533 3147 960 3218 ὲλευθερότητος.
993 3150 1103 3202 Καὶ
1132 3150 1212 3202 ὅτι
1248 3150 1309 3221 οὐ
1357 3150 1418 3202 τὸ
1456 3149 1609 3214 ξύλον
1647 3149 1817 3205 αἴτιον
1853 3152 2104 3222 γνώσεως
2135 3140 2169 3149 ’
2205 3147 2292 3201 ἵνα
2326 3147 2401 3220 μὴ
2447 3147 2615 3210 κακὸς
2653 3146 2916 3210 ἀθάνατος
3012 3145 3330 3217 ἄνθρωπος.
3370 3144 3542 3216 θνητὸν
3577 3142 3701 3199 αὐτὸν

533 3237 612 3307 τῷ
648 3237 816 3308 Ἀδὰμ
837 3238 1047 3306 γέγονε,
1078 3239 1257 3311 δῆλον.
1310 3240 1375 3293 Ἦ
1406 3240 1516 3313 γὰρ
1538 3241 1725 3315 ἐντολὴ
1751 3244 1829 3307 ὡς
1868 3243 2004 3317 πρὸς
2029 3245 2107 3301 eis-

532 3327 660 3381 δότα
674 3328 839 3398 ἄμφω
854 3329 1033 3403 ἐδόθη,
1050 3331 1110 3404 τό
1130 3349 1188 3385 τε
1205 3331 1365 3387 καλὸν
1378 3334 1472 3388 καὶ
1503 3332 1609 3407 [τὸ]
1642 3338 1896 3408 πονηρὸν,
1921 3339 2020 3409 τήν
2045 3355 2105 3411 τε

535 3419 780 3493 ὑπακοὴν
809 3422 903 3476 καὶ
931 3424 1028 3495 τὴν
1049 3427 1359 3498 παρακοήνο
1388 3425 1528 3480 ὥστε
1546 3427 1801 3499 ήίγνῶσις
1833 3428 2105 3502 προῦλαϐε

534 3514 635 3585 τὴν
663 3515 900 3588 ἐντολήν.
929 3516 1145 3572 Δέδοται
1177 3517 1234 3571 δὲ
1249 3518 1388 3592 αὑτὴ
1413 3518 1501 3574 διὰ
1521 3521 1603 3586 τὸ,
1623 3521 1700 3587 ὡς
1719 3524 1953 3597 εἴρηται,
1978 3522 2106 3591 αὐτο

536 3607 761 3679 εξουσίῳ
803 3608 1102 3682 βουλήματι
1147 3613 1463 3685 κινούμενον
1506 3615 1598 3670 τὸν
1653 3616 1973 3690 ἄνθρωπον,
2015 3621 2105 3676 ἐπ’

535 3699 719 3764 ἁδείας
738 3717 797 3753 τε
822 3700 1013 3772 ἔχοντα
1034 3702 1142 3757 ἀπὸ
1168 3702 1385 3759 πάντων
1419 3706 1853 3780 μεταλαμϐάνειν
1879 3710 1985 3765 τῶν
2009 3712 2105 3768 ἄλ-

535 3790 642 3847 λων
676 3793 906 3867 δένδρων
923 3835 939 3862 ,
970 3796 1087 3861 ἑνὸς
1125 3797 1183 3851 δὲ
1231 3798 1392 3869 μόνου
1425 3801 1575 3872 νόμῳ
1642 3805 2105 3877 προσταττόμενον

534 3884 855 3957 ἀπέχεσθαι,
876 3886 1033 3942 τοῦτο
1073 3888 1393 3959 γινώσκειν,
1427 3893 1504 3957 ὡς
1543 3893 1649 3949 ὑπὸ
1679 3897 1954 3968 Δεσπότην
1986 3898 2106 3952 ἐστὶ

535 3978 627 4034 τὸν
660 3979 754 4035 καὶ
777 3980 876 4053 τὴν
906 3982 1126 4055 ἐντολὴν
1168 3985 1456 4041 δεδωκότα.
1509 3986 1566 4042 Id
1593 3998 1709 4045 est:
1748 3989 1881 4046 Cum
1926 3993 2106 4063 itaque

535 4081 702 4128 essent
733 4074 1059 4142 inparadiso
1081 4075 1384 4146 voluptatis,
1405 4077 1544 4133 Deus
1568 4078 1921 4151 benefaciendi
1944 4099 2104 4139 causa

537 4160 629 4214 dat
654 4161 735 4227 iis
759 4160 942 4233 legem,
976 4173 1036 4221 ut
1064 4165 1326 4229 ostendat,
1359 4166 1580 4221 liberam
1623 4171 1831 4240 quidem
1872 4188 1982 4226 esse
2009 4174 2104 4226 lto-

537 4252 736 4307 minum
770 4262 1038 4319 naturam,
1061 4271 1121 4309 eo
1159 4257 1297 4324 quod
1325 4259 1409 4311 sui
1437 4258 1570 4323 iuris
1603 4261 1709 4326 sit;
1748 4273 1979 4317 attamen
2014 4265 2106 4319 de-

536 4351 814 4413 monstret,
830 4360 916 4416 eos
943 4344 1038 4402 sub
1057 4343 1282 4400 Domine
1305 4356 1353 4399 et
1383 4358 1628 4403 curatore
1648 4367 1775 4406 esse.
1803 4352 1893 4417 Sic
1925 4366 2102 4411 autem

2206 3242 2520 3313 ἀπεφήνατο
2547 3243 2575 3294 ὁ
2598 3238 2751 3305 Θεὸς,
2781 3239 3061 3312 νεκρὸτητι
3094 3238 3418 3313 περιϐαλών.
3455 3236 3600 3291 Τοῦτο
3621 3234 3702 3304 γὰρ

2205 3335 2254 3388 οἱ
2280 3335 2588 3406 δερμάτινοι
2619 3331 2842 3404 χιτῶνες
2871 3331 3195 3403 σημαίνουσι
3237 3332 3344 3387 ἀπὸ
3372 3330 3459 3386 τοῦ
3482 3328 3614 3397 λόγου
3627 3325 3702 3396 τῆς

2204 3426 2311 3480 τῶν
2345 3425 2495 3492 ζώων
2510 3424 2826 3498 νεκρώσεως
2845 3440 2857 3453 ·
2895 3425 3043 3488 ὅπως
3072 3424 3165 3478 διὰ
3196 3425 3293 3496 τῆς
3313 3424 3503 3487 λύσεως
3526 3420 3602 3474 τοῦ
3622 3417 3702 3471 σὼ·

2208 3536 2376 3590 ματος
2402 3519 2495 3571 καὶ
2524 3516 2623 3587 τῆς
2663 3516 2860 3580 δέσεως
2885 3516 2918 3587 ἡ
2946 3516 3192 3588 ἁμαρτία
3228 3519 3375 3572 πᾶσα
3398 3515 3703 3586 αὐτόπρεμνος

2204 3608 2495 3682 διαφθαρῇ.
2526 3607 2582 3662 Id
2614 3617 2697 3663 est
2731 3627 2745 3663 :
2773 3607 2961 3679 Itaque
2992 3624 3055 3661 ne
3074 3609 3230 3664 homo
3260 3609 3428 3664 malus
3446 3602 3702 3662 immortalis

2204 3710 2355 3767 esset,
2387 3716 2504 3755 eum
2530 3699 2668 3760 Deus
2693 3698 3020 3754 mortalitate
3048 3700 3298 3756 indutum
3339 3698 3585 3755 mortalem
3620 3692 3702 3748 ml-

2204 3793 2361 3846 didit.
2388 3790 2531 3845 Nam
2563 3792 2618 3845 id
2648 3792 2820 3860 ipsum
2845 3795 3036 3848 tunica:
3066 3794 3301 3861 pellicem
3321 3793 3611 3864 signiﬁcant,
3635 3787 3703 3840 Ita-

2206 3884 2315 3938 bitu
2342 3884 2543 3938 ratione
2564 3884 2748 3937 mortis
2773 3885 3095 3941 animalibus
3112 3887 3285 3942 illatae
3300 3903 3319 3940 :
3338 3896 3392 3940 ut
3411 3901 3497 3956 per
3521 3879 3701 3951 corporis

2203 3976 2599 4031 dissolutionem
2634 3977 2805 4046 ipsum
2831 3995 3032 4051 quoque
3063 3980 3262 4034 vinculi
3306 3976 3527 4049 corporei
3559 3988 3701 4046 pecca-

2205 4076 2316 4123 tum
2343 4070 2547 4138 penitus
2583 4068 2901 4125 aboleretur.

2313 4159 2341 4233 §
2366 4159 2485 4215 XX.
2521 4159 2789 4217 Sententia
2812 4162 3070 4233 Magnetis
3091 4163 3157 4223 de
3187 4163 3381 4217 tunicis
3409 4160 3628 4230 pelliceis.

2272 4250 2531 4319 Quamvis
2563 4262 2814 4310 caeterum
2840 4254 3125 4310 historiam
3160 4255 3347 4326 lapsus
3384 4270 3414 4309 a
3448 4252 3607 4325 Moyse
3635 4248 3703 4303 de-

2203 4346 2459 4416 scriptam
2492 4346 2712 4417 pr0prio
2743 4354 2797 4401 et
2828 4346 3049 4403 litterali
3089 4363 3256 4403 sensu
3296 4345 3544 4416 intelligat
3566 4342 3703 4397 Maca-

536 4434 615 4486 ait
634 4448 661 4503 .j.
690 4451 729 4489 ιν
748 4431 831 4502 Ea:
853 4436 996 4503 omni
1024 4435 1187 4503 ligno,
1222 4437 1360 4509 quod
1393 4448 1470 4493 est
1501 4439 1557 4499 in
1584 4441 1756 4507 horto,
1786 4444 2099 4505 comestione

2204 4438 2319 4495 rius
2355 4437 2592 4509 Magnes,
2620 4439 2833 4496 tunicas
2863 4447 3044 4493 tamen
3091 4440 3377 4510 pelliceas,
3412 4438 3591 4510 quibus
3613 4438 3703 4506 post

533 4526 895 4591 comedessex
928 4526 1071 4597 ligno
1104 4538 1277 4583 autem
1307 4533 1649 4601 cognoscendi
1673 4533 1864 4589 bonum
1893 4544 1943 4590 et
1992 4554 2109 4600 mae.

539 4616 649 4675 lum
684 4633 793 4687 non
820 4620 1101 4683 comedetis
1129 4637 1193 4676 ex
1210 4639 1289 4677 eo.
1325 4622 1443 4689 Qua
1464 4636 1641 4680 autem
1670 4626 1755 4694 die
1774 4629 2102 4685 comederitis

535 4724 601 4762 ea:
631 4725 713 4777 eo,
742 4722 907 4777 morte
953 4713 1271 4781 moriemini,
1309 4732 1327 4767 ι
1382 4715 1485 4770 hoc
1507 4726 1604 4780 est,
1637 4719 1886 4774 mortales
1928 4720 2100 4776 eritis.

538 4800 685 4858 Nam
709 4802 1053 4875 Symmachus
1086 4808 1165 4864 ita
1186 4808 1560 4879 interpretatus
1582 4823 1659 4875 est
1677 4828 1696 4867 :
1729 4832 1749 4866 ι
1786 4812 1907 4880 Qua
1926 4825 2103 4870 autem

535 4891 623 4946 die
668 4895 959 4957 comederis
979 4914 1044 4955 ea;
1071 4899 1234 4969 ligno,
1275 4902 1518 4963 mortalis
1563 4904 1774 4974 futurus
1821 4922 1895 4961 es.
1934 4926 1954 4959 ι
2000 4906 2102 4974 Sed

535 5000 689 5041 nemo
711 4988 996 5056 existimet,
1026 5007 1142 5044 eam
1172 4991 1334 5062 fuisse
1362 4993 1496 5065 ligni
1527 5005 1795 5064 naturam,
1842 5008 1899 5052 ut
1925 5004 2104 5070 cogni-

538 5078 731 5139 tionem
759 5080 971 5150 a/ferret
1000 5082 1122 5161 boui
1149 5093 1201 5163 et
1226 5086 1376 5147 mali.
1411 5086 1522 5145 Nec
1542 5091 1682 5145 enim
1729 5092 2019 5163 quidquam
2047 5095 2102 5149 in

534 5172 788 5237 paradiso
825 5173 1041 5227 noxium
1089 5185 1223 5230 erat.
1277 5177 1381 5233 Sed
1428 5180 1483 5232 in
1510 5178 1696 5249 planta
1728 5182 1839 5237 luce
1871 5185 2103 5239 conditio

536 5265 712 5330 posita
737 5274 837 5330 est,
886 5267 957 5319 ad
984 5271 1598 5329 exercitium'libertatis.
1642 5274 1716 5327 Ac
1752 5274 1953 5345 lignum
1981 5279 2108 5347 qui-.

608 5422 722 5507 (Si)
750 5425 880 5507 Quae
907 5430 1069 5486 verba
1091 5430 1395 5507 philosophi
1418 5432 1705 5489 Macariani
1730 5435 1782 5489 in
1802 5434 2101 5505 fragmento

538 5491 802 5576 “If'ljyti
819 5491 1212 5576 iam_s_n_perius
1240 5491 1472 5575 adducta
1502 5515 1666 5576 atque
1693 5491 1938 5575 exposira
1971 5491 2102 5568 sunt

539 5563 603 5616 ad
632 5564 665 5685 Ξ
691 5565 725 5619 9
754 5563 873 5654 (ερι.
902 5563 1082 5639 I584).

611 5632 628 5700 (
666 5634 720 5702 ‘2)
761 5638 852 5691 διο
878 5647 931 5692 et
959 5638 1082 5695 Prot

761 5631 852 5691 Sic
878 5647 931 5692 et
959 5631 1259 5710 Procopius
1304 5641 1356 5695 in
1394 5660 1592 5699 comm.
1630 5662 1735 5701 ms.
1777 5648 1830 5701 in
1863 5647 2097 5704 Genesin

540 5703 762 5777 stultum
815 5718 995 5792 putat,
1028 5703 1188 5769 talcin
1224 5714 1402 5770 arbori
1432 5716 1540 5770 vini
1586 5727 1777 5775 natura
1803 5703 2095 5797 ingenitam

2202 4545 2403 4586 noxam
2442 4530 2616 4587 induti
2648 4529 2802 4587 fuere
2831 4532 3183 4601 protoplastaa
3218 4531 3290 4588 ad
3322 4532 3592 4589 nuditatem
3614 4540 3703 4581 cor-

2202 4623 2353 4695 p0ris
2401 4624 2703 4694 tegendam,
2751 4638 2861 4678 non
2908 4633 3014 4678 tam
3073 4625 3333 4682 historice
3371 4638 3521 4697 quam
3551 4621 3701 4689 allego-

2203 4717 2317 4771 rice
2338 4715 2559 4786 exponit
2586 4716 2641 4770 in
2664 4714 2966 4789 symbolum
2992 4718 3336 4773 mortalitatis
3362 4732 3454 4788 per
3475 4721 3701 4785 peccatum

2204 4807 2662 4875 subintroductaz;
2694 4823 2889 4864 ceu'ex
2921 4807 3103 4863 verbis
3146 4809 3200 4863 in
3244 4809 3350 4864 ﬁne
3381 4804 3644 4878 superioris
3679 4797 3700 4870 5

2202 4900 2381 4961 citatis
2410 4900 2744 4970 intelligitur.
2793 4898 2926 4968 Quae
2976 4901 3347 4972 interpretatio
3374 4901 3509 4957 haud
3552 4907 3701 4969 parum

2203 4990 2340 5047 lucis
2370 4991 2564 5061 accipit
2599 5006 2667 5046 ex
2698 4991 2804 5047 illis
2823 5030 2839 5057 ,
2888 5007 3011 5062 quae
3040 4992 3267 5051 Photins
3323 4997 3377 5050 in
3406 4989 3701 5051 Bibliothtw.

2204 5084 2323 5139 cod.
2355 5099 2603 5150 ccxxxw,
2634 5098 2690 5154 p.
2719 5099 2792 5139 m.
2825 5083 3038 5151 909,ex
3071 5084 3631 5144 S.Methodiioratione
3647 5077 3701 5131 De

2204 5176 2580 5230 resurrectione
2612 5176 2917 5245 excerpsit:
2964 5177 3084 5230 Ὀτι
3130 5176 3477 5249 δερματίνους
3516 5171 3700 5246 χιτῶνας

2200 5264 2293 5320 τὸν
2314 5266 2538 5321 θάνατόν
2571 5284 2722 5339 φησι.
2755 5267 2918 5336 Λέγει
2952 5268 3060 5340 γὰρ
3085 5268 3210 5342 περὶ
3235 5269 3328 5324 τοῦ
3363 5268 3547 5339 ’Δδάμο
3582 5259 3701 5317 Ὀνό

2203 5438 2394 5512 fuisse.
2418 5441 2657 5512 credere.
2678 5440 2848 5497 Verba
2867 5441 2987 5512 ejus
3010 5444 3075 5501 ad
3104 5445 3276 5512 ipsum
3304 5442 3511 5500 Macarii
3533 5446 3698 5512 testam

2203 5511 2516 5588 Cll&I_)Il_I_]_tlS.
2568 5511 2717 5588 Quos
2754 5507 3064 5588 perstringit
3116 5507 3339 5588 Magnes?
3378 5522 3500 5588 sunt
3520 5507 3700 5588 quidam

2201 5584 2358 5708 ﬁpuzté
2373 5577 2729 5654 Theophilum
2754 5577 3149 5643 Antioclténum
3174 5577 3279 5643 l.'n
3310 5585 3389 5640 Ad
3415 5577 3700 5664 Autolycum
