  <div class='ocr_page' id='page_1' title='image "/cluster/home/n/w/nwhite01/storage/ocr_20150623/10/hvd.32044073501348/716.png"; bbox 0 0 3972 6318; ppageno 0'>
   <div class='ocr_carea' id='block_1_1' title="bbox 313 316 439 374">
    <p class='ocr_par' dir='ltr' id='par_1_1' title="bbox 313 316 439 374">
     <span class='ocr_line' id='line_1_1' title="bbox 313 316 439 374; baseline 0.048 -6"><span class='ocrx_word' id='word_1_1' title='bbox 313 316 439 374; x_wconf 73' lang='lat' dir='ltr'><strong>Mill</strong></span> 
     </span>
    </p>
   </div>
   <div class='ocr_carea' id='block_1_2' title="bbox 1421 327 2302 394">
    <p class='ocr_par' dir='ltr' id='par_1_2' title="bbox 1421 327 2302 394">
     <span class='ocr_line' id='line_1_2' title="bbox 1421 327 2302 394; baseline 0.014 -12"><span class='ocrx_word' id='word_1_2' title='bbox 1421 327 1696 386; x_wconf 75' lang='lat' dir='ltr'><strong>NOTlTlA</strong></span> <span class='ocrx_word' id='word_1_3' title='bbox 1735 329 1822 384; x_wconf 85' lang='lat' dir='ltr'><strong>ET</strong></span> <span class='ocrx_word' id='word_1_4' title='bbox 1862 330 2302 394; x_wconf 63' lang='lat' dir='ltr'><strong>FRAGMENTA.</strong></span> 
     </span>
    </p>
   </div>
   <div class='ocr_carea' id='block_1_3' title="bbox 3403 333 3539 390">
    <p class='ocr_par' dir='ltr' id='par_1_3' title="bbox 3403 333 3539 390">
     <span class='ocr_line' id='line_1_3' title="bbox 3403 333 3539 390; baseline 0.037 -5"><span class='ocrx_word' id='word_1_5' title='bbox 3403 333 3539 390; x_wconf 68' lang='grc'><strong>1405</strong></span> 
     </span>
    </p>
   </div>
   <div class='ocr_carea' id='block_1_4' title="bbox 305 439 1858 528">
    <p class='ocr_par' dir='ltr' id='par_1_4' title="bbox 305 439 1858 528">
     <span class='ocr_line' id='line_1_4' title="bbox 305 439 1858 528; baseline 0.012 -37"><span class='ocrx_word' id='word_1_6' title='bbox 305 439 437 502; x_wconf 71' lang='grc' dir='ltr'><strong>Θεὸς</strong></span> <span class='ocrx_word' id='word_1_7' title='bbox 475 441 503 494; x_wconf 82' lang='grc' dir='ltr'>ὁ</span> <span class='ocrx_word' id='word_1_8' title='bbox 546 443 937 516; x_wconf 74' lang='grc' dir='ltr'><strong>παντοκράτωρ</strong></span> <span class='ocrx_word' id='word_1_9' title='bbox 971 445 1236 501; x_wconf 75' lang='grc' dir='ltr'>ἀθάνατον</span> <span class='ocrx_word' id='word_1_10' title='bbox 1271 447 1439 502; x_wconf 82' lang='grc' dir='ltr'>κακὸν</span> <span class='ocrx_word' id='word_1_11' title='bbox 1486 448 1544 516; x_wconf 75' lang='grc' dir='ltr'>ἐξ</span> <span class='ocrx_word' id='word_1_12' title='bbox 1585 448 1858 528; x_wconf 68' lang='grc' dir='ltr'><strong>ὲπιόουλῇς</strong></span> 
     </span>
    </p>
   </div>
   <div class='ocr_carea' id='block_1_5' title="bbox 1966 439 3536 528">
    <p class='ocr_par' dir='ltr' id='par_1_5' title="bbox 1977 445 3536 519">
     <span class='ocr_line' id='line_1_5' title="bbox 1977 445 3536 519; baseline -0.002 -19"><span class='ocrx_word' id='word_1_13' title='bbox 1977 461 2098 515; x_wconf 68' lang='lat' dir='ltr'><strong>qua:</strong></span> <span class='ocrx_word' id='word_1_14' title='bbox 2126 446 2177 500; x_wconf 94' lang='lat' dir='ltr'><strong>in</strong></span> <span class='ocrx_word' id='word_1_15' title='bbox 2205 455 2334 517; x_wconf 85' lang='lat' dir='ltr'><strong>typo</strong></span> <span class='ocrx_word' id='word_1_16' title='bbox 2365 461 2461 516; x_wconf 90' lang='lat' dir='ltr'><strong>per</strong></span> <span class='ocrx_word' id='word_1_17' title='bbox 2487 445 2677 516; x_wconf 81' lang='lat' dir='ltr'><strong>pellem</strong></span> <span class='ocrx_word' id='word_1_18' title='bbox 2706 447 2828 517; x_wconf 83' lang='lat' dir='ltr'><strong>agni</strong></span> <span class='ocrx_word' id='word_1_19' title='bbox 2857 446 2926 502; x_wconf 88' lang='lat' dir='ltr'><strong>ab</strong></span> <span class='ocrx_word' id='word_1_20' title='bbox 2961 446 3077 518; x_wconf 89' lang='lat' dir='ltr'><strong>ipsa</strong></span> <span class='ocrx_word' id='word_1_21' title='bbox 3112 446 3320 519; x_wconf 81' lang='lat' dir='ltr'><strong>origine</strong></span> <span class='ocrx_word' id='word_1_22' title='bbox 3350 446 3536 501; x_wconf 86' lang='lat' dir='ltr'><strong>mundi</strong></span> 
     </span>
    </p>
   </div>
   <div class='ocr_carea' id='block_1_6' title="bbox 308 529 1871 613">
    <p class='ocr_par' dir='ltr' id='par_1_6' title="bbox 308 529 1871 613">
     <span class='ocr_line' id='line_1_6' title="bbox 308 529 1871 613; baseline 0.007 -29"><span class='ocrx_word' id='word_1_23' title='bbox 308 529 432 585; x_wconf 70' lang='grc' dir='ltr'><strong>ἰδὼν</strong></span> <span class='ocrx_word' id='word_1_24' title='bbox 465 534 858 602; x_wconf 81' lang='grc' dir='ltr'><strong>γεγενημένον,</strong></span> <span class='ocrx_word' id='word_1_25' title='bbox 906 538 1155 610; x_wconf 83' lang='grc' dir='ltr'>καθάπερ</span> <span class='ocrx_word' id='word_1_26' title='bbox 1191 540 1285 594; x_wconf 74' lang='grc' dir='ltr'>καὶ</span> <span class='ocrx_word' id='word_1_27' title='bbox 1325 543 1353 595; x_wconf 88' lang='grc' dir='ltr'>ὁ</span> <span class='ocrx_word' id='word_1_28' title='bbox 1395 541 1673 613; x_wconf 77' lang='grc' dir='ltr'>πλανήσας</span> <span class='ocrx_word' id='word_1_29' title='bbox 1712 543 1871 595; x_wconf 76' lang='grc' dir='ltr'>αὑτὸν</span> 
     </span>
    </p>
   </div>
   <div class='ocr_carea' id='block_1_7' title="bbox 301 619 1872 704">
    <p class='ocr_par' dir='ltr' id='par_1_7' title="bbox 301 619 1872 704">
     <span class='ocr_line' id='line_1_7' title="bbox 301 619 1872 704; baseline 0.01 -30"><span class='ocrx_word' id='word_1_30' title='bbox 301 621 543 688; x_wconf 72' lang='grc' dir='ltr'><strong>διάϐολος</strong></span> <span class='ocrx_word' id='word_1_31' title='bbox 561 619 648 696; x_wconf 80' lang='grc' dir='ltr'><strong>ἦν,</strong></span> <span class='ocrx_word' id='word_1_32' title='bbox 667 629 792 692; x_wconf 76' lang='grc' dir='ltr'>τοὺς</span> <span class='ocrx_word' id='word_1_33' title='bbox 809 629 863 682; x_wconf 85' lang='grc' dir='ltr'>δε</span> <span class='ocrx_word' id='word_1_34' title='bbox 873 631 1160 700; x_wconf 80' lang='grc' dir='ltr'>ρματίνους</span> <span class='ocrx_word' id='word_1_35' title='bbox 1186 633 1416 704; x_wconf 77' lang='grc' dir='ltr'>χιτῶνας</span> <span class='ocrx_word' id='word_1_36' title='bbox 1441 633 1529 688; x_wconf 83' lang='grc' dir='ltr'><strong>διὰ</strong></span> <span class='ocrx_word' id='word_1_37' title='bbox 1560 634 1718 688; x_wconf 77' lang='grc' dir='ltr'>τοῦτο</span> <span class='ocrx_word' id='word_1_38' title='bbox 1741 653 1872 689; x_wconf 85' lang='grc' dir='ltr'>κατ-</span> 
     </span>
    </p>
   </div>
   <div class='ocr_carea' id='block_1_8' title="bbox 301 716 1871 798">
    <p class='ocr_par' dir='ltr' id='par_1_8' title="bbox 301 716 1871 798">
     <span class='ocr_line' id='line_1_8' title="bbox 301 716 1871 798; baseline 0.008 -30"><span class='ocrx_word' id='word_1_39' title='bbox 301 716 618 783; x_wconf 74' lang='grc' dir='ltr'>εσκεύασεν,</span> <span class='ocrx_word' id='word_1_40' title='bbox 645 721 807 774; x_wconf 71' lang='grc' dir='ltr'>οἱονεὶ</span> <span class='ocrx_word' id='word_1_41' title='bbox 837 722 1121 794; x_wconf 80' lang='grc' dir='ltr'>νεκρότητι</span> <span class='ocrx_word' id='word_1_42' title='bbox 1172 725 1478 798; x_wconf 78' lang='grc' dir='ltr'>περιϐαλὼν</span> <span class='ocrx_word' id='word_1_43' title='bbox 1509 725 1692 791; x_wconf 81' lang='grc' dir='ltr'>αὑτὸν,</span> <span class='ocrx_word' id='word_1_44' title='bbox 1721 728 1871 793; x_wconf 85' lang='grc' dir='ltr'><strong>ὅπως</strong></span> 
     </span>
    </p>
   </div>
   <div class='ocr_carea' id='block_1_9' title="bbox 299 810 1869 892">
    <p class='ocr_par' dir='ltr' id='par_1_9' title="bbox 299 810 1869 892">
     <span class='ocr_line' id='line_1_9' title="bbox 299 810 1869 892; baseline 0.009 -32"><span class='ocrx_word' id='word_1_45' title='bbox 299 810 389 864; x_wconf 76' lang='grc' dir='ltr'><strong>διὰ</strong></span> <span class='ocrx_word' id='word_1_46' title='bbox 421 811 520 883; x_wconf 80' lang='grc' dir='ltr'><strong>τῆς</strong></span> <span class='ocrx_word' id='word_1_47' title='bbox 547 810 752 878; x_wconf 79' lang='grc' dir='ltr'><strong>λύσεως</strong></span> <span class='ocrx_word' id='word_1_48' title='bbox 774 813 866 868; x_wconf 77' lang='grc' dir='ltr'><strong>τοῦ</strong></span> <span class='ocrx_word' id='word_1_49' title='bbox 892 815 1141 886; x_wconf 82' lang='grc' dir='ltr'>σώματος</span> <span class='ocrx_word' id='word_1_50' title='bbox 1168 820 1275 871; x_wconf 76' lang='grc' dir='ltr'>πᾶν</span> <span class='ocrx_word' id='word_1_51' title='bbox 1312 817 1372 872; x_wconf 82' lang='grc' dir='ltr'><strong>τὸ</strong></span> <span class='ocrx_word' id='word_1_52' title='bbox 1414 821 1472 872; x_wconf 82' lang='grc' dir='ltr'>ὲν</span> <span class='ocrx_word' id='word_1_53' title='bbox 1499 819 1648 891; x_wconf 77' lang='grc' dir='ltr'>αὐτῷ</span> <span class='ocrx_word' id='word_1_54' title='bbox 1677 837 1869 892; x_wconf 84' lang='grc' dir='ltr'>γεννη-</span> 
     </span>
    </p>
   </div>
   <div class='ocr_carea' id='block_1_10' title="bbox 315 902 1867 981">
    <p class='ocr_par' dir='ltr' id='par_1_10' title="bbox 315 902 1867 981">
     <span class='ocr_line' id='line_1_10' title="bbox 315 902 1867 981; baseline 0.01 -28"><span class='ocrx_word' id='word_1_55' title='bbox 315 903 392 954; x_wconf 69' lang='grc' dir='ltr'><strong>ὶὲν</strong></span> <span class='ocrx_word' id='word_1_56' title='bbox 444 902 612 959; x_wconf 80' lang='grc' dir='ltr'>κακὸν</span> <span class='ocrx_word' id='word_1_57' title='bbox 659 905 923 980; x_wconf 81' lang='grc' dir='ltr'><strong>ἀποθάνῃ.</strong></span> <span class='ocrx_word' id='word_1_58' title='bbox 977 907 1034 963; x_wconf 85' lang='lat' dir='ltr'><strong>Id</strong></span> <span class='ocrx_word' id='word_1_59' title='bbox 1071 920 1154 965; x_wconf 87' lang='lat' dir='ltr'><strong>est</strong></span> <span class='ocrx_word' id='word_1_60' title='bbox 1185 926 1199 962; x_wconf 89' lang='lat'><strong>:</strong></span> <span class='ocrx_word' id='word_1_61' title='bbox 1231 910 1336 964; x_wconf 89' lang='lat' dir='ltr'><strong>Per</strong></span> <span class='ocrx_word' id='word_1_62' title='bbox 1373 911 1617 981; x_wconf 88' lang='lat' dir='ltr'><strong><em>pelliceas</em></strong></span> <span class='ocrx_word' id='word_1_63' title='bbox 1663 915 1867 968; x_wconf 88' lang='lat' dir='ltr'><strong><em>tunicas</em></strong></span> 
     </span>
    </p>
   </div>
   <div class='ocr_carea' id='block_1_11' title="bbox 304 997 1869 1074">
    <p class='ocr_par' dir='ltr' id='par_1_11' title="bbox 304 997 1869 1074">
     <span class='ocr_line' id='line_1_11' title="bbox 304 997 1869 1074; baseline 0.01 -31"><span class='ocrx_word' id='word_1_64' title='bbox 304 1004 520 1048; x_wconf 87' lang='lat' dir='ltr'><strong><em>mortem</em></strong></span> <span class='ocrx_word' id='word_1_65' title='bbox 537 1067 549 1074; x_wconf 6' lang='grc' dir='ltr'><strong>ψ.</strong></span> <span class='ocrx_word' id='word_1_66' title='bbox 571 997 838 1069; x_wconf 89' lang='lat' dir='ltr'><strong><em>intelligit.</em></strong></span> <span class='ocrx_word' id='word_1_67' title='bbox 893 999 1100 1056; x_wconf 77' lang='lat' dir='ltr'><strong><em>Narrat</em></strong></span> <span class='ocrx_word' id='word_1_68' title='bbox 1142 1003 1280 1057; x_wconf 89' lang='lat' dir='ltr'><strong><em>enim</em></strong></span> <span class='ocrx_word' id='word_1_69' title='bbox 1320 1003 1384 1058; x_wconf 89' lang='lat' dir='ltr'><strong><em>de</em></strong></span> <span class='ocrx_word' id='word_1_70' title='bbox 1412 1005 1652 1060; x_wconf 84' lang='lat' dir='ltr'><strong><em>Adamo:</em></strong></span> <span class='ocrx_word' id='word_1_71' title='bbox 1704 1003 1869 1070; x_wconf 87' lang='lat' dir='ltr'><strong><em>Quem</em></strong></span> 
     </span>
    </p>
   </div>
   <div class='ocr_carea' id='block_1_12' title="bbox 303 1085 1868 1174">
    <p class='ocr_par' dir='ltr' id='par_1_12' title="bbox 303 1085 1868 1174">
     <span class='ocr_line' id='line_1_12' title="bbox 303 1085 1868 1174; baseline 0.01 -37"><span class='ocrx_word' id='word_1_72' title='bbox 303 1085 443 1140; x_wconf 90' lang='lat' dir='ltr'><strong><em>Deus</em></strong></span> <span class='ocrx_word' id='word_1_73' title='bbox 496 1091 820 1160; x_wconf 90' lang='lat' dir='ltr'><strong><em>omnipotens</em></strong></span> <span class='ocrx_word' id='word_1_74' title='bbox 865 1111 982 1148; x_wconf 85' lang='lat' dir='ltr'><strong>cum</strong></span> <span class='ocrx_word' id='word_1_75' title='bbox 1015 1097 1365 1150; x_wconf 77' lang='lat' dir='ltr'><strong>immortalem</strong></span> <span class='ocrx_word' id='word_1_76' title='bbox 1403 1097 1645 1174; x_wconf 77' lang='lat' dir='ltr'><strong>fecisset,</strong></span> <span class='ocrx_word' id='word_1_77' title='bbox 1700 1100 1868 1153; x_wconf 87' lang='lat' dir='ltr'><strong><em>sciens</em></strong></span> 
     </span>
    </p>
   </div>
   <div class='ocr_carea' id='block_1_13' title="bbox 302 1180 1869 1260">
    <p class='ocr_par' dir='ltr' id='par_1_13' title="bbox 302 1180 1869 1260">
     <span class='ocr_line' id='line_1_13' title="bbox 302 1180 1869 1260; baseline 0.011 -32"><span class='ocrx_word' id='word_1_78' title='bbox 302 1192 420 1230; x_wconf 87' lang='lat' dir='ltr'><strong><em>eum</em></strong></span> <span class='ocrx_word' id='word_1_79' title='bbox 449 1193 513 1232; x_wconf 81' lang='lat' dir='ltr'><strong>ea:</strong></span> <span class='ocrx_word' id='word_1_80' title='bbox 541 1180 753 1236; x_wconf 75' lang='lat' dir='ltr'><strong>insidiis</strong></span> <span class='ocrx_word' id='word_1_81' title='bbox 783 1184 1058 1260; x_wconf 88' lang='lat' dir='ltr'><strong><em>(diaboli)</em></strong></span> <span class='ocrx_word' id='word_1_82' title='bbox 1090 1188 1286 1243; x_wconf 91' lang='lat' dir='ltr'><strong><em>malum</em></strong></span> <span class='ocrx_word' id='word_1_83' title='bbox 1318 1191 1542 1260; x_wconf 81' lang='lat' dir='ltr'><strong><em>factum,</em></strong></span> <span class='ocrx_word' id='word_1_84' title='bbox 1583 1191 1664 1245; x_wconf 89' lang='lat' dir='ltr'><strong>uti</strong></span> <span class='ocrx_word' id='word_1_85' title='bbox 1698 1202 1746 1244; x_wconf 89' lang='lat' dir='ltr'><em>et</em></span> <span class='ocrx_word' id='word_1_86' title='bbox 1778 1193 1869 1246; x_wconf 85' lang='lat' dir='ltr'><strong><em>ille</em></strong></span> 
     </span>
    </p>
   </div>
   <div class='ocr_carea' id='block_1_14' title="bbox 301 1273 1868 1353">
    <p class='ocr_par' dir='ltr' id='par_1_14' title="bbox 301 1273 1868 1353">
     <span class='ocr_line' id='line_1_14' title="bbox 301 1273 1868 1353; baseline 0.011 -32"><span class='ocrx_word' id='word_1_87' title='bbox 301 1278 437 1334; x_wconf 86' lang='lat' dir='ltr'><strong><em>erat,</em></strong></span> <span class='ocrx_word' id='word_1_88' title='bbox 464 1273 555 1342; x_wconf 88' lang='lat' dir='ltr'><strong>qui</strong></span> <span class='ocrx_word' id='word_1_89' title='bbox 579 1291 697 1327; x_wconf 80' lang='lat' dir='ltr'><strong><em>eum</em></strong></span> <span class='ocrx_word' id='word_1_90' title='bbox 717 1275 1010 1346; x_wconf 76' lang='lat' dir='ltr'><strong>deceperat,</strong></span> <span class='ocrx_word' id='word_1_91' title='bbox 1030 1281 1292 1348; x_wconf 77' lang='lat' dir='ltr'><strong>diabolus,</strong></span> <span class='ocrx_word' id='word_1_92' title='bbox 1313 1293 1583 1353; x_wconf 76' lang='lat' dir='ltr'><strong>propterea</strong></span> <span class='ocrx_word' id='word_1_93' title='bbox 1611 1283 1692 1338; x_wconf 88' lang='lat' dir='ltr'><strong><em>illi</em></strong></span> <span class='ocrx_word' id='word_1_94' title='bbox 1713 1284 1868 1352; x_wconf 83' lang='lat' dir='ltr'><strong><em>pelli-</em></strong></span> 
     </span>
    </p>
   </div>
   <div class='ocr_carea' id='block_1_15' title="bbox 302 1369 1867 1444">
    <p class='ocr_par' dir='ltr' id='par_1_15' title="bbox 302 1369 1867 1444">
     <span class='ocr_line' id='line_1_15' title="bbox 302 1369 1867 1444; baseline 0.011 -29"><span class='ocrx_word' id='word_1_95' title='bbox 302 1379 419 1416; x_wconf 88' lang='lat' dir='ltr'><strong><em>ceas</em></strong></span> <span class='ocrx_word' id='word_1_96' title='bbox 442 1373 603 1419; x_wconf 85' lang='lat' dir='ltr'><strong><em>vestes</em></strong></span> <span class='ocrx_word' id='word_1_97' title='bbox 629 1369 978 1438; x_wconf 73' lang='lat' dir='ltr'><strong>concinnavit,</strong></span> <span class='ocrx_word' id='word_1_98' title='bbox 1010 1374 1162 1444; x_wconf 88' lang='lat' dir='ltr'><strong><em>quasi</em></strong></span> <span class='ocrx_word' id='word_1_99' title='bbox 1194 1374 1343 1428; x_wconf 90' lang='lat' dir='ltr'><strong><em>illum</em></strong></span> <span class='ocrx_word' id='word_1_100' title='bbox 1374 1375 1593 1431; x_wconf 89' lang='lat' dir='ltr'><strong><em>induens</em></strong></span> <span class='ocrx_word' id='word_1_101' title='bbox 1620 1378 1867 1432; x_wconf 86' lang='lat' dir='ltr'><strong><em>mortali-</em></strong></span> 
     </span>
    </p>
   </div>
   <div class='ocr_carea' id='block_1_16' title="bbox 301 1464 1866 1540">
    <p class='ocr_par' dir='ltr' id='par_1_16' title="bbox 301 1464 1866 1540">
     <span class='ocr_line' id='line_1_16' title="bbox 301 1464 1866 1540; baseline 0.012 -34"><span class='ocrx_word' id='word_1_102' title='bbox 301 1465 433 1519; x_wconf 92' lang='lat' dir='ltr'><strong><em>tate,</em></strong></span> <span class='ocrx_word' id='word_1_103' title='bbox 471 1465 529 1509; x_wconf 93' lang='lat' dir='ltr'><strong>ut</strong></span> <span class='ocrx_word' id='word_1_104' title='bbox 578 1475 669 1527; x_wconf 89' lang='lat' dir='ltr'><strong>per</strong></span> <span class='ocrx_word' id='word_1_105' title='bbox 696 1464 928 1529; x_wconf 90' lang='lat' dir='ltr'><strong><em>corporis</em></strong></span> <span class='ocrx_word' id='word_1_106' title='bbox 973 1465 1286 1520; x_wconf 70' lang='lat' dir='ltr'><strong>solutionem</strong></span> <span class='ocrx_word' id='word_1_107' title='bbox 1334 1484 1504 1532; x_wconf 90' lang='lat' dir='ltr'><strong><em>omne,</em></strong></span> <span class='ocrx_word' id='word_1_108' title='bbox 1557 1471 1695 1540; x_wconf 88' lang='lat' dir='ltr'><strong><em>quod</em></strong></span> <span class='ocrx_word' id='word_1_109' title='bbox 1724 1471 1778 1524; x_wconf 83' lang='lat' dir='ltr'><strong>in</strong></span> <span class='ocrx_word' id='word_1_110' title='bbox 1807 1486 1866 1524; x_wconf 89' lang='lat' dir='ltr'><strong><em>eo</em></strong></span> 
     </span>
    </p>
   </div>
   <div class='ocr_carea' id='block_1_17' title="bbox 301 1547 1868 1618">
    <p class='ocr_par' dir='ltr' id='par_1_17' title="bbox 301 1547 1868 1618">
     <span class='ocr_line' id='line_1_17' title="bbox 301 1547 1868 1618; baseline 0.012 -18"><span class='ocrx_word' id='word_1_111' title='bbox 301 1547 501 1602; x_wconf 88' lang='lat' dir='ltr'><strong><em>malum</em></strong></span> <span class='ocrx_word' id='word_1_112' title='bbox 522 1560 654 1615; x_wconf 89' lang='lat' dir='ltr'><strong><em>erat,</em></strong></span> <span class='ocrx_word' id='word_1_113' title='bbox 689 1564 994 1610; x_wconf 79' lang='lat' dir='ltr'><strong>moreretur.</strong></span> <span class='ocrx_word' id='word_1_114' title='bbox 1024 1557 1106 1611; x_wconf 87' lang='lat' dir='ltr'><strong>An</strong></span> <span class='ocrx_word' id='word_1_115' title='bbox 1136 1557 1442 1615; x_wconf 83' lang='lat' dir='ltr'><strong>Methodius</strong></span> <span class='ocrx_word' id='word_1_116' title='bbox 1481 1560 1596 1616; x_wconf 62' lang='lat' dir='ltr'><strong>haec</strong></span> <span class='ocrx_word' id='word_1_117' title='bbox 1626 1578 1656 1616; x_wconf 90' lang='lat' dir='ltr'><strong>a</strong></span> <span class='ocrx_word' id='word_1_118' title='bbox 1689 1562 1868 1618; x_wconf 88' lang='lat' dir='ltr'><strong>Maca-</strong></span> 
     </span>
    </p>
   </div>
   <div class='ocr_carea' id='block_1_18' title="bbox 300 1640 1863 1722">
    <p class='ocr_par' dir='ltr' id='par_1_18' title="bbox 300 1640 1863 1722">
     <span class='ocr_line' id='line_1_18' title="bbox 300 1640 1863 1722; baseline 0.012 -29"><span class='ocrx_word' id='word_1_119' title='bbox 300 1640 383 1695; x_wconf 90' lang='lat' dir='ltr'><strong>rio</strong></span> <span class='ocrx_word' id='word_1_120' title='bbox 422 1640 688 1712; x_wconf 77' lang='lat' dir='ltr'><strong>Magnete,</strong></span> <span class='ocrx_word' id='word_1_121' title='bbox 714 1660 780 1699; x_wconf 91' lang='lat' dir='ltr'><strong>au</strong></span> <span class='ocrx_word' id='word_1_122' title='bbox 811 1661 939 1702; x_wconf 90' lang='lat' dir='ltr'><strong>vero</strong></span> <span class='ocrx_word' id='word_1_123' title='bbox 966 1647 1185 1718; x_wconf 82' lang='lat' dir='ltr'><strong>Magnes</strong></span> <span class='ocrx_word' id='word_1_124' title='bbox 1214 1665 1245 1704; x_wconf 90' lang='lat' dir='ltr'><strong>a</strong></span> <span class='ocrx_word' id='word_1_125' title='bbox 1272 1649 1544 1706; x_wconf 80' lang='lat' dir='ltr'><strong>Methodio</strong></span> <span class='ocrx_word' id='word_1_126' title='bbox 1593 1653 1863 1722; x_wconf 81' lang='lat' dir='ltr'><strong>habuerit,</strong></span> 
     </span>
    </p>
   </div>
   <div class='ocr_carea' id='block_1_19' title="bbox 300 1733 1864 1819">
    <p class='ocr_par' dir='ltr' id='par_1_19' title="bbox 300 1733 1864 1819">
     <span class='ocr_line' id='line_1_19' title="bbox 300 1733 1864 1819; baseline 0.012 -34"><span class='ocrx_word' id='word_1_127' title='bbox 300 1733 565 1801; x_wconf 91' lang='lat' dir='ltr'><strong>disputari</strong></span> <span class='ocrx_word' id='word_1_128' title='bbox 593 1739 812 1805; x_wconf 84' lang='lat' dir='ltr'><strong>quidem</strong></span> <span class='ocrx_word' id='word_1_129' title='bbox 864 1749 1077 1808; x_wconf 85' lang='lat' dir='ltr'><strong>posset;</strong></span> <span class='ocrx_word' id='word_1_130' title='bbox 1115 1742 1218 1796; x_wconf 84' lang='lat' dir='ltr'><strong>nisi</strong></span> <span class='ocrx_word' id='word_1_131' title='bbox 1261 1743 1374 1812; x_wconf 90' lang='lat' dir='ltr'><strong>jam</strong></span> <span class='ocrx_word' id='word_1_132' title='bbox 1416 1754 1540 1800; x_wconf 85' lang='lat' dir='ltr'><em>ante</em></span> <span class='ocrx_word' id='word_1_133' title='bbox 1574 1755 1864 1819; x_wconf 90' lang='lat' dir='ltr'><strong>utrumque</strong></span> 
     </span>
    </p>
   </div>
   <div class='ocr_carea' id='block_1_20' title="bbox 299 1822 1863 1902">
    <p class='ocr_par' dir='ltr' id='par_1_20' title="bbox 299 1822 1863 1902">
     <span class='ocr_line' id='line_1_20' title="bbox 299 1822 1863 1902; baseline 0.011 -25"><span class='ocrx_word' id='word_1_134' title='bbox 299 1822 559 1894; x_wconf 83' lang='lat' dir='ltr'><strong>Origenes</strong></span> <span class='ocrx_word' id='word_1_135' title='bbox 576 1836 739 1898; x_wconf 89' lang='lat' dir='ltr'><strong>atque</strong></span> <span class='ocrx_word' id='word_1_136' title='bbox 771 1825 1086 1902; x_wconf 76' lang='lat' dir='ltr'><strong>Hippolytus</strong></span> <span class='ocrx_word' id='word_1_137' title='bbox 1110 1833 1162 1886; x_wconf 91' lang='lat' dir='ltr'><strong>in</strong></span> <span class='ocrx_word' id='word_1_138' title='bbox 1189 1834 1434 1890; x_wconf 81' lang='lat' dir='ltr'><em>eamdem</em></span> <span class='ocrx_word' id='word_1_139' title='bbox 1463 1838 1863 1894; x_wconf 78' lang='lat' dir='ltr'><strong>concessissent</strong></span> 
     </span>
    </p>
   </div>
   <div class='ocr_carea' id='block_1_21' title="bbox 300 1919 1860 2004">
    <p class='ocr_par' dir='ltr' id='par_1_21' title="bbox 300 1919 1860 2004">
     <span class='ocr_line' id='line_1_21' title="bbox 300 1919 1860 2004; baseline 0.011 -33"><span class='ocrx_word' id='word_1_140' title='bbox 300 1919 650 1974; x_wconf 88' lang='lat' dir='ltr'><strong>sententiam.</strong></span> <span class='ocrx_word' id='word_1_141' title='bbox 676 1921 771 1976; x_wconf 84' lang='lat' dir='ltr'><strong>ille</strong></span> <span class='ocrx_word' id='word_1_142' title='bbox 816 1923 959 1978; x_wconf 89' lang='lat' dir='ltr'><strong>enim</strong></span> <span class='ocrx_word' id='word_1_143' title='bbox 994 1924 1216 1980; x_wconf 87' lang='lat' dir='ltr'><strong>homilia</strong></span> <span class='ocrx_word' id='word_1_144' title='bbox 1239 1943 1292 1980; x_wconf 82' lang='lat' dir='ltr'><strong>vt</strong></span> <span class='ocrx_word' id='word_1_145' title='bbox 1322 1927 1375 1981; x_wconf 91' lang='lat' dir='ltr'><strong>in</strong></span> <span class='ocrx_word' id='word_1_146' title='bbox 1399 1927 1696 1985; x_wconf 82' lang='lat' dir='ltr'><strong>Leviticum</strong></span> <span class='ocrx_word' id='word_1_147' title='bbox 1724 1933 1860 2004; x_wconf 75' lang='lat'><strong>(55),</strong></span> 
     </span>
    </p>
   </div>
   <div class='ocr_carea' id='block_1_22' title="bbox 281 2005 1862 2085">
    <p class='ocr_par' dir='ltr' id='par_1_22' title="bbox 281 2005 1862 2085">
     <span class='ocr_line' id='line_1_22' title="bbox 281 2005 1862 2085; baseline 0.015 -31"><span class='ocrx_word' id='word_1_148' title='bbox 281 2015 424 2060; x_wconf 80' lang='lat' dir='ltr'><strong>&#39;cum</strong></span> <span class='ocrx_word' id='word_1_149' title='bbox 453 2005 518 2059; x_wconf 91' lang='lat' dir='ltr'><strong>de</strong></span> <span class='ocrx_word' id='word_1_150' title='bbox 553 2006 884 2066; x_wconf 83' lang='lat' dir='ltr'><strong>indumentis</strong></span> <span class='ocrx_word' id='word_1_151' title='bbox 924 2010 1182 2070; x_wconf 87' lang='lat' dir='ltr'><strong>Leviticis</strong></span> <span class='ocrx_word' id='word_1_152' title='bbox 1225 2017 1496 2085; x_wconf 81' lang='lat' dir='ltr'><strong>pontiﬁcis</strong></span> <span class='ocrx_word' id='word_1_153' title='bbox 1530 2030 1583 2074; x_wconf 86' lang='lat' dir='ltr'><strong>et</strong></span> <span class='ocrx_word' id='word_1_154' title='bbox 1613 2023 1862 2077; x_wconf 84' lang='lat' dir='ltr'><strong>sacerdo-</strong></span> 
     </span>
    </p>
   </div>
   <div class='ocr_carea' id='block_1_23' title="bbox 298 2098 1863 2172">
    <p class='ocr_par' dir='ltr' id='par_1_23' title="bbox 298 2098 1863 2172">
     <span class='ocr_line' id='line_1_23' title="bbox 298 2098 1863 2172; baseline 0.013 -24"><span class='ocrx_word' id='word_1_155' title='bbox 298 2105 412 2150; x_wconf 86' lang='lat' dir='ltr'><strong>tum</strong></span> <span class='ocrx_word' id='word_1_156' title='bbox 449 2098 577 2165; x_wconf 85' lang='lat' dir='ltr'><strong>agit,</strong></span> <span class='ocrx_word' id='word_1_157' title='bbox 598 2099 735 2155; x_wconf 89' lang='lat' dir='ltr'><strong>hanc</strong></span> <span class='ocrx_word' id='word_1_158' title='bbox 759 2105 1218 2172; x_wconf 89' lang='lat' dir='ltr'><strong>comparationem</strong></span> <span class='ocrx_word' id='word_1_159' title='bbox 1242 2108 1510 2164; x_wconf 92' lang='lat' dir='ltr'><strong>instituit:</strong></span> <span class='ocrx_word' id='word_1_160' title='bbox 1551 2109 1713 2166; x_wconf 85' lang='lat' dir='ltr'><strong>Velim</strong></span> <span class='ocrx_word' id='word_1_161' title='bbox 1738 2130 1863 2168; x_wconf 91' lang='lat' dir='ltr'><strong><em>con-</em></strong></span> 
     </span>
    </p>
   </div>
   <div class='ocr_carea' id='block_1_24' title="bbox 296 2190 1861 2273">
    <p class='ocr_par' dir='ltr' id='par_1_24' title="bbox 296 2190 1861 2273">
     <span class='ocr_line' id='line_1_24' title="bbox 296 2190 1861 2273; baseline 0.013 -32"><span class='ocrx_word' id='word_1_162' title='bbox 296 2190 434 2259; x_wconf 79' lang='lat' dir='ltr'><strong><em>ferre</em></strong></span> <span class='ocrx_word' id='word_1_163' title='bbox 460 2190 556 2244; x_wconf 88' lang='lat' dir='ltr'><strong><em>illa</em></strong></span> <span class='ocrx_word' id='word_1_164' title='bbox 585 2192 820 2262; x_wconf 77' lang='lat' dir='ltr'><strong><em>infelicia</em></strong></span> <span class='ocrx_word' id='word_1_165' title='bbox 847 2195 1154 2252; x_wconf 87' lang='lat' dir='ltr'><strong><em>indumenta</em></strong></span> <span class='ocrx_word' id='word_1_166' title='bbox 1173 2240 1188 2264; x_wconf 96' lang='lat'><strong>,</strong></span> <span class='ocrx_word' id='word_1_167' title='bbox 1223 2201 1411 2270; x_wconf 79' lang='lat' dir='ltr'><strong>quibus</strong></span> <span class='ocrx_word' id='word_1_168' title='bbox 1456 2205 1657 2273; x_wconf 83' lang='lat' dir='ltr'><strong><em>primus</em></strong></span> <span class='ocrx_word' id='word_1_169' title='bbox 1708 2206 1861 2260; x_wconf 88' lang='lat' dir='ltr'><strong><em>homo</em></strong></span> 
     </span>
    </p>
   </div>
   <div class='ocr_carea' id='block_1_25' title="bbox 296 2287 1860 2368">
    <p class='ocr_par' dir='ltr' id='par_1_25' title="bbox 296 2287 1860 2368">
     <span class='ocr_line' id='line_1_25' title="bbox 296 2287 1860 2368; baseline 0.011 -31"><span class='ocrx_word' id='word_1_170' title='bbox 296 2300 414 2337; x_wconf 90' lang='lat' dir='ltr'><strong>cum</strong></span> <span class='ocrx_word' id='word_1_171' title='bbox 441 2296 725 2352; x_wconf 81' lang='lat' dir='ltr'><strong>peccasset,</strong></span> <span class='ocrx_word' id='word_1_172' title='bbox 757 2287 971 2341; x_wconf 87' lang='lat' dir='ltr'><strong><em>indutus</em></strong></span> <span class='ocrx_word' id='word_1_173' title='bbox 1006 2299 1105 2356; x_wconf 88' lang='lat' dir='ltr'><strong><em>est,</em></strong></span> <span class='ocrx_word' id='word_1_174' title='bbox 1143 2308 1261 2345; x_wconf 88' lang='lat' dir='ltr'><strong><em>cum</em></strong></span> <span class='ocrx_word' id='word_1_175' title='bbox 1299 2293 1379 2349; x_wconf 86' lang='lat' dir='ltr'><strong>his</strong></span> <span class='ocrx_word' id='word_1_176' title='bbox 1409 2298 1605 2351; x_wconf 87' lang='lat' dir='ltr'><strong>sanctis</strong></span> <span class='ocrx_word' id='word_1_177' title='bbox 1649 2310 1695 2352; x_wconf 88' lang='lat' dir='ltr'><strong>et</strong></span> <span class='ocrx_word' id='word_1_178' title='bbox 1726 2301 1860 2368; x_wconf 86' lang='lat' dir='ltr'><strong>ﬁde-</strong></span> 
     </span>
    </p>
   </div>
   <div class='ocr_carea' id='block_1_26' title="bbox 295 2373 1860 2459">
    <p class='ocr_par' dir='ltr' id='par_1_26' title="bbox 295 2373 1860 2459">
     <span class='ocr_line' id='line_1_26' title="bbox 295 2373 1860 2459; baseline 0.013 -33"><span class='ocrx_word' id='word_1_179' title='bbox 295 2373 433 2427; x_wconf 80' lang='lat' dir='ltr'><strong><em>libus</em></strong></span> <span class='ocrx_word' id='word_1_180' title='bbox 460 2377 798 2431; x_wconf 86' lang='lat' dir='ltr'><strong>indumentis.</strong></span> <span class='ocrx_word' id='word_1_181' title='bbox 835 2377 901 2431; x_wconf 89' lang='lat' dir='ltr'><strong><em>Et</em></strong></span> <span class='ocrx_word' id='word_1_182' title='bbox 923 2381 1132 2449; x_wconf 88' lang='lat' dir='ltr'><strong>quidem</strong></span> <span class='ocrx_word' id='word_1_183' title='bbox 1156 2385 1251 2438; x_wconf 91' lang='lat' dir='ltr'><strong><em>illa</em></strong></span> <span class='ocrx_word' id='word_1_184' title='bbox 1272 2387 1470 2441; x_wconf 89' lang='lat' dir='ltr'><strong><em>dicitur</em></strong></span> <span class='ocrx_word' id='word_1_185' title='bbox 1497 2387 1638 2442; x_wconf 81' lang='lat' dir='ltr'><strong><em>Deus</em></strong></span> <span class='ocrx_word' id='word_1_186' title='bbox 1656 2391 1860 2459; x_wconf 82' lang='lat' dir='ltr'><strong>fecisse:</strong></span> 
     </span>
    </p>
   </div>
   <div class='ocr_carea' id='block_1_27' title="bbox 302 2466 1862 2548">
    <p class='ocr_par' dir='ltr' id='par_1_27' title="bbox 302 2466 1862 2548">
     <span class='ocr_line' id='line_1_27' title="bbox 302 2466 1862 2548; baseline 0.012 -29"><span class='ocrx_word' id='word_1_187' title='bbox 302 2485 322 2518; x_wconf 77' lang='grc' dir='ltr'>ι</span> <span class='ocrx_word' id='word_1_188' title='bbox 350 2466 496 2522; x_wconf 68' lang='lat' dir='ltr'><strong><em>Ferit</em></strong></span> <span class='ocrx_word' id='word_1_189' title='bbox 525 2471 682 2534; x_wconf 90' lang='lat' dir='ltr'><strong><em>enim,</em></strong></span> <span class='ocrx_word' id='word_1_190' title='bbox 711 2473 901 2542; x_wconf 87' lang='lat' dir='ltr'><strong><em>inquit,</em></strong></span> <span class='ocrx_word' id='word_1_191' title='bbox 931 2475 1068 2528; x_wconf 82' lang='lat' dir='ltr'><strong><em>Deus</em></strong></span> <span class='ocrx_word' id='word_1_192' title='bbox 1096 2479 1301 2531; x_wconf 84' lang='lat' dir='ltr'><strong><em>tunicas</em></strong></span> <span class='ocrx_word' id='word_1_193' title='bbox 1324 2479 1588 2548; x_wconf 90' lang='lat' dir='ltr'><strong><em>pelliceas,</em></strong></span> <span class='ocrx_word' id='word_1_194' title='bbox 1614 2493 1663 2535; x_wconf 92' lang='lat' dir='ltr'><strong>et</strong></span> <span class='ocrx_word' id='word_1_195' title='bbox 1687 2484 1862 2538; x_wconf 87' lang='lat' dir='ltr'><strong><em>induit</em></strong></span> 
     </span>
    </p>
   </div>
   <div class='ocr_carea' id='block_1_28' title="bbox 295 2559 1860 2646">
    <p class='ocr_par' dir='ltr' id='par_1_28' title="bbox 295 2559 1860 2646">
     <span class='ocr_line' id='line_1_28' title="bbox 295 2559 1860 2646; baseline 0.013 -35"><span class='ocrx_word' id='word_1_196' title='bbox 295 2559 469 2613; x_wconf 80' lang='lat' dir='ltr'><strong><em>Adam</em></strong></span> <span class='ocrx_word' id='word_1_197' title='bbox 505 2572 554 2616; x_wconf 92' lang='lat' dir='ltr'><strong><em>et</em></strong></span> <span class='ocrx_word' id='word_1_198' title='bbox 581 2565 851 2618; x_wconf 84' lang='lat' dir='ltr'><strong><em>mulierem</em></strong></span> <span class='ocrx_word' id='word_1_199' title='bbox 879 2568 1013 2636; x_wconf 84' lang='lat' dir='ltr'><strong><em>ejus.</em></strong></span> <span class='ocrx_word' id='word_1_200' title='bbox 1048 2587 1067 2621; x_wconf 76' lang='grc' dir='ltr'><strong>ι</strong></span> <span class='ocrx_word' id='word_1_201' title='bbox 1097 2568 1219 2625; x_wconf 73' lang='lat' dir='ltr'><strong><em>Illa:</em></strong></span> <span class='ocrx_word' id='word_1_202' title='bbox 1240 2588 1361 2641; x_wconf 87' lang='lat' dir='ltr'><strong><em>ergo</em></strong></span> <span class='ocrx_word' id='word_1_203' title='bbox 1390 2576 1582 2629; x_wconf 78' lang='lat' dir='ltr'><strong><em>tunica:</em></strong></span> <span class='ocrx_word' id='word_1_204' title='bbox 1608 2577 1671 2630; x_wconf 89' lang='lat' dir='ltr'><strong><em>de</em></strong></span> <span class='ocrx_word' id='word_1_205' title='bbox 1703 2578 1860 2646; x_wconf 87' lang='lat' dir='ltr'><strong><em>pelli-</em></strong></span> 
     </span>
    </p>
   </div>
   <div class='ocr_carea' id='block_1_29' title="bbox 295 2649 1863 2738">
    <p class='ocr_par' dir='ltr' id='par_1_29' title="bbox 295 2649 1863 2738">
     <span class='ocr_line' id='line_1_29' title="bbox 295 2649 1863 2738; baseline 0.012 -34"><span class='ocrx_word' id='word_1_206' title='bbox 295 2649 391 2704; x_wconf 88' lang='lat' dir='ltr'><strong><em>bus</em></strong></span> <span class='ocrx_word' id='word_1_207' title='bbox 411 2664 559 2706; x_wconf 86' lang='lat' dir='ltr'><strong><em>erant</em></strong></span> <span class='ocrx_word' id='word_1_208' title='bbox 588 2671 652 2708; x_wconf 78' lang='lat' dir='ltr'><strong>ex</strong></span> <span class='ocrx_word' id='word_1_209' title='bbox 681 2658 1003 2713; x_wconf 88' lang='lat' dir='ltr'><strong><em>animalibus</em></strong></span> <span class='ocrx_word' id='word_1_210' title='bbox 1026 2671 1268 2731; x_wconf 71' lang='lat' dir='ltr'><strong><em>sumptio.</em></strong></span> <span class='ocrx_word' id='word_1_211' title='bbox 1299 2663 1515 2720; x_wconf 84' lang='lat' dir='ltr'><strong><em>Talibus</em></strong></span> <span class='ocrx_word' id='word_1_212' title='bbox 1548 2669 1684 2721; x_wconf 87' lang='lat' dir='ltr'><strong><em>enim</em></strong></span> <span class='ocrx_word' id='word_1_213' title='bbox 1708 2685 1863 2738; x_wconf 82' lang='lat' dir='ltr'><strong><em>opor-</em></strong></span> 
     </span>
    </p>
   </div>
   <div class='ocr_carea' id='block_1_30' title="bbox 295 2744 1859 2829">
    <p class='ocr_par' dir='ltr' id='par_1_30' title="bbox 295 2744 1859 2829">
     <span class='ocr_line' id='line_1_30' title="bbox 295 2744 1859 2829; baseline 0.015 -35"><span class='ocrx_word' id='word_1_214' title='bbox 295 2744 436 2797; x_wconf 87' lang='lat' dir='ltr'><strong><em>tebat</em></strong></span> <span class='ocrx_word' id='word_1_215' title='bbox 485 2747 635 2801; x_wconf 88' lang='lat' dir='ltr'><strong><em>indui</em></strong></span> <span class='ocrx_word' id='word_1_216' title='bbox 667 2760 989 2818; x_wconf 88' lang='lat' dir='ltr'><strong><em>peccatorem</em></strong></span> <span class='ocrx_word' id='word_1_217' title='bbox 1015 2794 1030 2818; x_wconf 97' lang='lat'><strong>,</strong></span> <span class='ocrx_word' id='word_1_218' title='bbox 1075 2755 1324 2828; x_wconf 76' lang='lat' dir='ltr'><strong><em>pellicejs,</em></strong></span> <span class='ocrx_word' id='word_1_219' title='bbox 1355 2759 1588 2829; x_wconf 85' lang='lat' dir='ltr'><strong><em>inquam,</em></strong></span> <span class='ocrx_word' id='word_1_220' title='bbox 1644 2763 1859 2829; x_wconf 88' lang='lat' dir='ltr'><strong><em>tunicis,</em></strong></span> 
     </span>
    </p>
   </div>
   <div class='ocr_carea' id='block_1_31' title="bbox 293 2843 1861 2923">
    <p class='ocr_par' dir='ltr' id='par_1_31' title="bbox 293 2843 1861 2923">
     <span class='ocr_line' id='line_1_31' title="bbox 293 2843 1861 2923; baseline 0.014 -36"><span class='ocrx_word' id='word_1_221' title='bbox 293 2853 410 2905; x_wconf 75' lang='lat' dir='ltr'><strong><em>qucc</em></strong></span> <span class='ocrx_word' id='word_1_222' title='bbox 440 2850 606 2892; x_wconf 85' lang='lat' dir='ltr'><strong><em>essent</em></strong></span> <span class='ocrx_word' id='word_1_223' title='bbox 643 2843 1010 2909; x_wconf 86' lang='lat' dir='ltr'><strong><em>mortalitatis,</em></strong></span> <span class='ocrx_word' id='word_1_224' title='bbox 1040 2861 1195 2915; x_wconf 89' lang='lat' dir='ltr'><strong><em>quam</em></strong></span> <span class='ocrx_word' id='word_1_225' title='bbox 1213 2865 1306 2917; x_wconf 87' lang='lat' dir='ltr'><strong>pro</strong></span> <span class='ocrx_word' id='word_1_226' title='bbox 1336 2863 1547 2915; x_wconf 86' lang='lat' dir='ltr'><strong><em>peccato</em></strong></span> <span class='ocrx_word' id='word_1_227' title='bbox 1567 2864 1861 2923; x_wconf 88' lang='lat' dir='ltr'><strong><em>acceperat,</em></strong></span> 
     </span>
    </p>
   </div>
   <div class='ocr_carea' id='block_1_32' title="bbox 293 2931 1858 3009">
    <p class='ocr_par' dir='ltr' id='par_1_32' title="bbox 293 2931 1858 3009">
     <span class='ocr_line' id='line_1_32' title="bbox 293 2931 1858 3009; baseline 0.012 -26"><span class='ocrx_word' id='word_1_228' title='bbox 293 2939 343 2983; x_wconf 88' lang='lat' dir='ltr'><em>et</em></span> <span class='ocrx_word' id='word_1_229' title='bbox 371 2931 683 3000; x_wconf 77' lang='lat' dir='ltr'><strong><em>fragilitatis</em></strong></span> <span class='ocrx_word' id='word_1_230' title='bbox 700 2933 812 3002; x_wconf 85' lang='lat' dir='ltr'><strong><em>ejus</em></strong></span> <span class='ocrx_word' id='word_1_231' title='bbox 833 2951 950 3005; x_wconf 77' lang='lat' dir='ltr'><strong><em>qua:</em></strong></span> <span class='ocrx_word' id='word_1_232' title='bbox 968 2953 1032 2990; x_wconf 81' lang='lat' dir='ltr'><strong>ea:</strong></span> <span class='ocrx_word' id='word_1_233' title='bbox 1046 2941 1222 2996; x_wconf 86' lang='lat' dir='ltr'><strong><em>carnis</em></strong></span> <span class='ocrx_word' id='word_1_234' title='bbox 1242 2943 1577 3009; x_wconf 86' lang='lat' dir='ltr'><strong><em>corruptione</em></strong></span> <span class='ocrx_word' id='word_1_235' title='bbox 1607 2946 1858 3004; x_wconf 83' lang='lat' dir='ltr'><strong><em>veniebat.</em></strong></span> 
     </span>
    </p>
   </div>
   <div class='ocr_carea' id='block_1_33' title="bbox 294 3023 1857 3104">
    <p class='ocr_par' dir='ltr' id='par_1_33' title="bbox 294 3023 1857 3104">
     <span class='ocr_line' id='line_1_33' title="bbox 294 3023 1857 3104; baseline 0.012 -28"><span class='ocrx_word' id='word_1_236' title='bbox 294 3023 551 3077; x_wconf 85' lang='lat' dir='ltr'><strong><em>indicium</em></strong></span> <span class='ocrx_word' id='word_1_237' title='bbox 586 3025 717 3098; x_wconf 78' lang='grc'><strong>(54).</strong></span> <span class='ocrx_word' id='word_1_238' title='bbox 743 3027 1000 3094; x_wconf 86' lang='lat' dir='ltr'><strong>Quinimo</strong></span> <span class='ocrx_word' id='word_1_239' title='bbox 1036 3030 1592 3104; x_wconf 84' lang='lat' dir='ltr'><strong>Hippolytus.Portus</strong></span> <span class='ocrx_word' id='word_1_240' title='bbox 1626 3037 1857 3095; x_wconf 84' lang='lat' dir='ltr'><strong>Romani</strong></span> 
     </span>
    </p>
   </div>
   <div class='ocr_carea' id='block_1_34' title="bbox 1974 537 3537 608">
    <p class='ocr_par' dir='ltr' id='par_1_34' title="bbox 1974 537 3537 608">
     <span class='ocr_line' id='line_1_34' title="bbox 1974 537 3537 608; baseline 0.002 -17"><span class='ocrx_word' id='word_1_241' title='bbox 1974 537 2280 608; x_wconf 41' lang='lat' dir='ltr'><strong>mactatiiad</strong></span> <span class='ocrx_word' id='word_1_242' title='bbox 2304 537 2691 607; x_wconf 84' lang='lat' dir='ltr'><strong>designandam</strong></span> <span class='ocrx_word' id='word_1_243' title='bbox 2711 538 3040 593; x_wconf 84' lang='lat' dir='ltr'><strong>oblationem</strong></span> <span class='ocrx_word' id='word_1_244' title='bbox 3069 539 3320 594; x_wconf 88' lang='lat' dir='ltr'><strong>sacrilicii</strong></span> <span class='ocrx_word' id='word_1_245' title='bbox 3349 539 3537 608; x_wconf 73' lang='lat' dir='ltr'><strong>expia-</strong></span> 
     </span>
    </p>
   </div>
   <div class='ocr_carea' id='block_1_35' title="bbox 1972 630 3532 701">
    <p class='ocr_par' dir='ltr' id='par_1_35' title="bbox 1972 630 3532 701">
     <span class='ocr_line' id='line_1_35' title="bbox 1972 630 3532 701; baseline -0.001 -16"><span class='ocrx_word' id='word_1_246' title='bbox 1972 631 2166 685; x_wconf 87' lang='lat' dir='ltr'><strong>toriam</strong></span> <span class='ocrx_word' id='word_1_247' title='bbox 2200 631 2521 686; x_wconf 86' lang='lat' dir='ltr'><strong><em>adumbrata</em></strong></span> <span class='ocrx_word' id='word_1_248' title='bbox 2550 639 2688 686; x_wconf 89' lang='lat' dir='ltr'><strong>erat.</strong></span> <span class='ocrx_word' id='word_1_249' title='bbox 2715 630 2872 686; x_wconf 84' lang='lat' dir='ltr'><strong>Conl&#39;.</strong></span> <span class='ocrx_word' id='word_1_250' title='bbox 2907 631 3076 701; x_wconf 87' lang='lat' dir='ltr'><strong>Apoc.</strong></span> <span class='ocrx_word' id='word_1_251' title='bbox 3107 649 3228 695; x_wconf 77' lang='lat' dir='ltr'><strong>xui,</strong></span> <span class='ocrx_word' id='word_1_252' title='bbox 3267 633 3330 698; x_wconf 90' lang='lat'><strong>8;</strong></span> <span class='ocrx_word' id='word_1_253' title='bbox 3366 630 3532 684; x_wconf 85' lang='lat' dir='ltr'><strong>Zach.</strong></span> 
     </span>
    </p>
   </div>
   <div class='ocr_carea' id='block_1_36' title="bbox 1971 721 3536 792">
    <p class='ocr_par' dir='ltr' id='par_1_36' title="bbox 1971 721 3536 792">
     <span class='ocr_line' id='line_1_36' title="bbox 1971 721 3536 792; baseline -0.003 -14"><span class='ocrx_word' id='word_1_254' title='bbox 1971 738 2055 787; x_wconf 86' lang='grc' dir='ltr'>ιιι,</span> <span class='ocrx_word' id='word_1_255' title='bbox 2082 723 2147 791; x_wconf 76' lang='grc'><strong>4;</strong></span> <span class='ocrx_word' id='word_1_256' title='bbox 2176 723 2283 778; x_wconf 85' lang='lat' dir='ltr'><strong>Isa.</strong></span> <span class='ocrx_word' id='word_1_257' title='bbox 2320 739 2432 788; x_wconf 74' lang='lat' dir='ltr'><strong>LXI,</strong></span> <span class='ocrx_word' id='word_1_258' title='bbox 2461 723 2516 786; x_wconf 76' lang='lat'><strong>3,</strong></span> <span class='ocrx_word' id='word_1_259' title='bbox 2554 721 2641 776; x_wconf 83' lang='grc'><strong>10.</strong></span> <span class='ocrx_word' id='word_1_260' title='bbox 2670 722 2842 788; x_wconf 86' lang='lat' dir='ltr'><strong>Quam</strong></span> <span class='ocrx_word' id='word_1_261' title='bbox 2875 722 3324 792; x_wconf 84' lang='lat' dir='ltr'><strong>signiﬁcationem</strong></span> <span class='ocrx_word' id='word_1_262' title='bbox 3371 721 3536 775; x_wconf 87' lang='lat' dir='ltr'><strong>etiam</strong></span> 
     </span>
    </p>
   </div>
   <div class='ocr_carea' id='block_1_37' title="bbox 1970 815 3536 872">
    <p class='ocr_par' dir='ltr' id='par_1_37' title="bbox 1970 815 3536 872">
     <span class='ocr_line' id='line_1_37' title="bbox 1970 815 3536 872; baseline -0.002 -1"><span class='ocrx_word' id='word_1_263' title='bbox 1970 817 2025 871; x_wconf 88' lang='lat' dir='ltr'><strong>in</strong></span> <span class='ocrx_word' id='word_1_264' title='bbox 2054 817 2239 872; x_wconf 87' lang='lat' dir='ltr'><strong>animo</strong></span> <span class='ocrx_word' id='word_1_265' title='bbox 2266 816 2519 872; x_wconf 87' lang='lat' dir='ltr'><strong>habuisse</strong></span> <span class='ocrx_word' id='word_1_266' title='bbox 2547 816 2761 870; x_wconf 90' lang='lat' dir='ltr'><strong>videtur</strong></span> <span class='ocrx_word' id='word_1_267' title='bbox 2785 815 3022 870; x_wconf 78' lang='lat' dir='ltr'><strong>Irenzcus</strong></span> <span class='ocrx_word' id='word_1_268' title='bbox 3052 815 3146 870; x_wconf 87' lang='lat' dir='ltr'><strong>lib.</strong></span> <span class='ocrx_word' id='word_1_269' title='bbox 3180 831 3241 869; x_wconf 89' lang='grc' dir='ltr'><strong>ιιι</strong></span> <span class='ocrx_word' id='word_1_270' title='bbox 3275 815 3536 870; x_wconf 79' lang='lat' dir='ltr'><strong><em>Adversus</em></strong></span> 
     </span>
    </p>
   </div>
   <div class='ocr_carea' id='block_1_38' title="bbox 1968 896 3536 979">
    <p class='ocr_par' dir='ltr' id='par_1_38' title="bbox 1968 896 3536 979">
     <span class='ocr_line' id='line_1_38' title="bbox 1968 896 3536 979; baseline 0.001 -19"><span class='ocrx_word' id='word_1_271' title='bbox 1968 907 2210 976; x_wconf 77' lang='lat' dir='ltr'><strong><em>hcereses.</em></strong></span> <span class='ocrx_word' id='word_1_272' title='bbox 2236 925 2355 979; x_wconf 87' lang='lat' dir='ltr'><strong>cap.</strong></span> <span class='ocrx_word' id='word_1_273' title='bbox 2387 908 2454 963; x_wconf 77' lang='grc'><strong>57</strong></span> <span class='ocrx_word' id='word_1_274' title='bbox 2485 927 2498 965; x_wconf 87' lang='lat'><strong><em>:</em></strong></span> <span class='ocrx_word' id='word_1_275' title='bbox 2537 896 2818 973; x_wconf 81' lang='lat' dir='ltr'><strong><em>Quoniam,</em></strong></span> <span class='ocrx_word' id='word_1_276' title='bbox 2845 908 3040 978; x_wconf 85' lang='lat' dir='ltr'><strong><em>inquit,</em></strong></span> <span class='ocrx_word' id='word_1_277' title='bbox 3081 926 3236 979; x_wconf 89' lang='lat' dir='ltr'><strong><em>quam</em></strong></span> <span class='ocrx_word' id='word_1_278' title='bbox 3273 909 3456 961; x_wconf 82' lang='lat' dir='ltr'><strong><em>habuit</em></strong></span> <span class='ocrx_word' id='word_1_279' title='bbox 3503 926 3536 961; x_wconf 91' lang='lat' dir='ltr'><strong>a</strong></span> 
     </span>
    </p>
   </div>
   <div class='ocr_carea' id='block_1_39' title="bbox 1969 999 3536 1071">
    <p class='ocr_par' dir='ltr' id='par_1_39' title="bbox 1969 999 3536 1071">
     <span class='ocr_line' id='line_1_39' title="bbox 1969 999 3536 1071; baseline 0 -16"><span class='ocrx_word' id='word_1_280' title='bbox 1969 1000 2194 1071; x_wconf 87' lang='lat' dir='ltr'><strong><em>Spiritu,</em></strong></span> <span class='ocrx_word' id='word_1_281' title='bbox 2222 1001 2523 1055; x_wconf 88' lang='lat' dir='ltr'><strong><em>sanctitatis</em></strong></span> <span class='ocrx_word' id='word_1_282' title='bbox 2567 999 2760 1053; x_wconf 89' lang='lat' dir='ltr'><strong><em>stolam</em></strong></span> <span class='ocrx_word' id='word_1_283' title='bbox 2800 1001 2978 1052; x_wconf 88' lang='lat' dir='ltr'><strong><em>amisit</em></strong></span> <span class='ocrx_word' id='word_1_284' title='bbox 3009 1017 3100 1070; x_wconf 89' lang='lat' dir='ltr'><strong>per</strong></span> <span class='ocrx_word' id='word_1_285' title='bbox 3129 1002 3536 1055; x_wconf 75' lang='lat' dir='ltr'><strong><em>inobedicntiant</em></strong></span> 
     </span>
    </p>
   </div>
   <div class='ocr_carea' id='block_1_40' title="bbox 1969 1090 3537 1162">
    <p class='ocr_par' dir='ltr' id='par_1_40' title="bbox 1969 1090 3537 1162">
     <span class='ocr_line' id='line_1_40' title="bbox 1969 1090 3537 1162; baseline -0.001 -14"><span class='ocrx_word' id='word_1_286' title='bbox 1969 1135 1980 1148; x_wconf 85' lang='lat'><strong>.</strong></span> <span class='ocrx_word' id='word_1_287' title='bbox 2019 1131 2035 1145; x_wconf 93' lang='lat'><strong>.</strong></span> <span class='ocrx_word' id='word_1_288' title='bbox 2065 1133 2080 1147; x_wconf 92' lang='lat'><strong>.</strong></span> <span class='ocrx_word' id='word_1_289' title='bbox 2112 1134 2126 1148; x_wconf 96' lang='lat'><strong>.</strong></span> <span class='ocrx_word' id='word_1_290' title='bbox 2165 1091 2437 1157; x_wconf 88' lang='lat' dir='ltr'><strong><em>Dominus,</em></strong></span> <span class='ocrx_word' id='word_1_291' title='bbox 2465 1091 2556 1161; x_wconf 87' lang='lat' dir='ltr'><strong>qui</strong></span> <span class='ocrx_word' id='word_1_292' title='bbox 2583 1100 2658 1144; x_wconf 85' lang='lat' dir='ltr'><strong><em>est</em></strong></span> <span class='ocrx_word' id='word_1_293' title='bbox 2687 1090 3008 1156; x_wconf 84' lang='lat' dir='ltr'><strong><em>misericors,</em></strong></span> <span class='ocrx_word' id='word_1_294' title='bbox 3045 1093 3250 1146; x_wconf 89' lang='lat' dir='ltr'><strong><em>tunicas</em></strong></span> <span class='ocrx_word' id='word_1_295' title='bbox 3290 1093 3537 1162; x_wconf 86' lang='lat' dir='ltr'><strong><em>pelliceas</em></strong></span> 
     </span>
    </p>
   </div>
   <div class='ocr_carea' id='block_1_41' title="bbox 1966 1183 2728 1255">
    <p class='ocr_par' dir='ltr' id='par_1_41' title="bbox 1966 1183 2728 1255">
     <span class='ocr_line' id='line_1_41' title="bbox 1966 1183 2728 1255; baseline -0.001 -18"><span class='ocrx_word' id='word_1_296' title='bbox 1966 1200 2062 1255; x_wconf 88' lang='lat' dir='ltr'><strong><em>pro</em></strong></span> <span class='ocrx_word' id='word_1_297' title='bbox 2091 1184 2234 1254; x_wconf 80' lang='lat' dir='ltr'><strong><em>foliis</em></strong></span> <span class='ocrx_word' id='word_1_298' title='bbox 2265 1183 2504 1254; x_wconf 83' lang='lat' dir='ltr'><strong><em>ﬁculneis</em></strong></span> <span class='ocrx_word' id='word_1_299' title='bbox 2536 1183 2728 1236; x_wconf 88' lang='lat' dir='ltr'><strong><em>induit.</em></strong></span> 
     </span>
    </p>
   </div>
   <div class='ocr_carea' id='block_1_42' title="bbox 2035 1275 3538 1350">
    <p class='ocr_par' dir='ltr' id='par_1_42' title="bbox 2035 1275 3538 1350">
     <span class='ocr_line' id='line_1_42' title="bbox 2035 1275 3538 1350; baseline 0 -18"><span class='ocrx_word' id='word_1_300' title='bbox 2035 1277 2112 1335; x_wconf 86' lang='lat' dir='ltr'><strong>Ne</strong></span> <span class='ocrx_word' id='word_1_301' title='bbox 2153 1281 2281 1350; x_wconf 92' lang='lat' dir='ltr'><strong>quid</strong></span> <span class='ocrx_word' id='word_1_302' title='bbox 2321 1288 2501 1334; x_wconf 89' lang='lat' dir='ltr'><strong>tamen</strong></span> <span class='ocrx_word' id='word_1_303' title='bbox 2543 1275 2970 1340; x_wconf 89' lang='lat' dir='ltr'><strong>dissimulemus,</strong></span> <span class='ocrx_word' id='word_1_304' title='bbox 3014 1276 3244 1332; x_wconf 90' lang='lat' dir='ltr'><strong>similem</strong></span> <span class='ocrx_word' id='word_1_305' title='bbox 3293 1277 3403 1334; x_wconf 83' lang='lat' dir='ltr'><strong>fere</strong></span> <span class='ocrx_word' id='word_1_306' title='bbox 3429 1279 3538 1334; x_wconf 86' lang='lat' dir='ltr'><strong>llu-.</strong></span> 
     </span>
    </p>
   </div>
   <div class='ocr_carea' id='block_1_43' title="bbox 1966 1370 3535 1442">
    <p class='ocr_par' dir='ltr' id='par_1_43' title="bbox 1966 1370 3535 1442">
     <span class='ocr_line' id='line_1_43' title="bbox 1966 1370 3535 1442; baseline 0.001 -16"><span class='ocrx_word' id='word_1_307' title='bbox 1966 1371 2320 1434; x_wconf 90' lang='lat' dir='ltr'><strong>ctuationem,</strong></span> <span class='ocrx_word' id='word_1_308' title='bbox 2374 1385 2537 1441; x_wconf 90' lang='lat' dir='ltr'><strong>quam</strong></span> <span class='ocrx_word' id='word_1_309' title='bbox 2594 1370 2648 1425; x_wconf 93' lang='lat' dir='ltr'><strong>in</strong></span> <span class='ocrx_word' id='word_1_310' title='bbox 2696 1371 2799 1426; x_wconf 89' lang='lat' dir='ltr'><strong>hac</strong></span> <span class='ocrx_word' id='word_1_311' title='bbox 2835 1372 3136 1442; x_wconf 68' lang='lat' dir='ltr'><strong>quaastione</strong></span> <span class='ocrx_word' id='word_1_312' title='bbox 3171 1371 3387 1442; x_wconf 81' lang='lat' dir='ltr'><strong>Origeni</strong></span> <span class='ocrx_word' id='word_1_313' title='bbox 3436 1390 3535 1428; x_wconf 76' lang='lat' dir='ltr'><strong>cx—</strong></span> 
     </span>
    </p>
   </div>
   <div class='ocr_carea' id='block_1_44' title="bbox 1964 1461 3539 1532">
    <p class='ocr_par' dir='ltr' id='par_1_44' title="bbox 1964 1461 3539 1532">
     <span class='ocr_line' id='line_1_44' title="bbox 1964 1461 3539 1532; baseline 0.001 -16"><span class='ocrx_word' id='word_1_314' title='bbox 1964 1463 2187 1532; x_wconf 87' lang='lat' dir='ltr'><strong>probrat</strong></span> <span class='ocrx_word' id='word_1_315' title='bbox 2234 1461 2463 1516; x_wconf 87' lang='lat' dir='ltr'><strong>lluetius</strong></span> <span class='ocrx_word' id='word_1_316' title='bbox 2513 1461 2618 1516; x_wconf 94' lang='lat' dir='ltr'><strong>loc.</strong></span> <span class='ocrx_word' id='word_1_317' title='bbox 2672 1461 2767 1516; x_wconf 87' lang='lat' dir='ltr'><strong>cit.</strong></span> <span class='ocrx_word' id='word_1_318' title='bbox 2809 1461 3017 1532; x_wconf 75' lang='lat' dir='ltr'><strong>p.168,</strong></span> <span class='ocrx_word' id='word_1_319' title='bbox 3068 1461 3306 1517; x_wconf 82' lang='lat' dir='ltr'><strong>Macario</strong></span> <span class='ocrx_word' id='word_1_320' title='bbox 3347 1473 3539 1518; x_wconf 38' lang='lat' dir='ltr'><strong>nostro.</strong></span> 
     </span>
    </p>
   </div>
   <div class='ocr_carea' id='block_1_45' title="bbox 1964 1537 3538 1623">
    <p class='ocr_par' dir='ltr' id='par_1_45' title="bbox 1964 1537 3538 1623">
     <span class='ocr_line' id='line_1_45' title="bbox 1964 1537 3538 1623; baseline -0.001 -15"><span class='ocrx_word' id='word_1_321' title='bbox 1964 1537 2153 1608; x_wconf 86' lang='lat' dir='ltr'><strong>eodem</strong></span> <span class='ocrx_word' id='word_1_322' title='bbox 2185 1552 2306 1623; x_wconf 87' lang='lat' dir='ltr'><strong>jure</strong></span> <span class='ocrx_word' id='word_1_323' title='bbox 2338 1552 2578 1607; x_wconf 90' lang='lat' dir='ltr'><strong>tribuere</strong></span> <span class='ocrx_word' id='word_1_324' title='bbox 2620 1568 2912 1623; x_wconf 88' lang='lat' dir='ltr'><strong>possumus</strong></span> <span class='ocrx_word' id='word_1_325' title='bbox 2941 1570 2953 1605; x_wconf 92' lang='lat'>:</span> <span class='ocrx_word' id='word_1_326' title='bbox 2980 1552 3246 1621; x_wconf 92' lang='lat' dir='ltr'><strong>siquidem</strong></span> <span class='ocrx_word' id='word_1_327' title='bbox 3283 1552 3336 1605; x_wconf 91' lang='lat' dir='ltr'><strong>in</strong></span> <span class='ocrx_word' id='word_1_328' title='bbox 3372 1567 3538 1622; x_wconf 86' lang='lat' dir='ltr'><strong>pecu-</strong></span> 
     </span>
    </p>
   </div>
   <div class='ocr_carea' id='block_1_46' title="bbox 1963 1644 3539 1714">
    <p class='ocr_par' dir='ltr' id='par_1_46' title="bbox 1963 1644 3539 1714">
     <span class='ocr_line' id='line_1_46' title="bbox 1963 1644 3539 1714; baseline 0.003 -16"><span class='ocrx_word' id='word_1_329' title='bbox 1963 1644 2285 1714; x_wconf 90' lang='lat' dir='ltr'><strong>liari,quem</strong></span> <span class='ocrx_word' id='word_1_330' title='bbox 2302 1645 2367 1700; x_wconf 90' lang='lat' dir='ltr'><strong>de</strong></span> <span class='ocrx_word' id='word_1_331' title='bbox 2387 1645 2490 1699; x_wconf 90' lang='lat' dir='ltr'><strong>hoc</strong></span> <span class='ocrx_word' id='word_1_332' title='bbox 2515 1653 2836 1714; x_wconf 86' lang='lat' dir='ltr'><strong>argumento</strong></span> <span class='ocrx_word' id='word_1_333' title='bbox 2875 1645 3133 1708; x_wconf 89' lang='lat' dir='ltr'><strong>instituit,</strong></span> <span class='ocrx_word' id='word_1_334' title='bbox 3149 1661 3401 1700; x_wconf 89' lang='lat' dir='ltr'><strong>sermone</strong></span> <span class='ocrx_word' id='word_1_335' title='bbox 3423 1661 3539 1702; x_wconf 80' lang='lat' dir='ltr'><strong>xvtt</strong></span> 
     </span>
    </p>
   </div>
   <div class='ocr_carea' id='block_1_47' title="bbox 1967 1737 3540 1808">
    <p class='ocr_par' dir='ltr' id='par_1_47' title="bbox 1967 1737 3540 1808">
     <span class='ocr_line' id='line_1_47' title="bbox 1967 1737 3540 1808; baseline 0.005 -18"><span class='ocrx_word' id='word_1_336' title='bbox 1967 1737 2020 1790; x_wconf 92' lang='lat' dir='ltr'><strong>in</strong></span> <span class='ocrx_word' id='word_1_337' title='bbox 2045 1737 2279 1793; x_wconf 89' lang='lat' dir='ltr'><strong>Genesin</strong></span> <span class='ocrx_word' id='word_1_338' title='bbox 2310 1737 2594 1792; x_wconf 86' lang='lat' dir='ltr'><strong>litteralem</strong></span> <span class='ocrx_word' id='word_1_339' title='bbox 2618 1738 3056 1807; x_wconf 82' lang='lat' dir='ltr'><strong>explicationem,</strong></span> <span class='ocrx_word' id='word_1_340' title='bbox 3082 1739 3235 1808; x_wconf 89' lang='lat' dir='ltr'><strong>quasi</strong></span> <span class='ocrx_word' id='word_1_341' title='bbox 3254 1740 3540 1798; x_wconf 87' lang='lat' dir='ltr'><strong>brutarum</strong></span> 
     </span>
    </p>
   </div>
   <div class='ocr_carea' id='block_1_48' title="bbox 1965 1828 3532 1903">
    <p class='ocr_par' dir='ltr' id='par_1_48' title="bbox 1965 1828 3532 1903">
     <span class='ocr_line' id='line_1_48' title="bbox 1965 1828 3532 1903; baseline 0.003 -21"><span class='ocrx_word' id='word_1_342' title='bbox 1965 1828 2325 1885; x_wconf 86' lang='lat' dir='ltr'><strong>animantium</strong></span> <span class='ocrx_word' id='word_1_343' title='bbox 2372 1831 2680 1899; x_wconf 79' lang='lat' dir='ltr'><strong>tergoribus</strong></span> <span class='ocrx_word' id='word_1_344' title='bbox 2718 1830 2890 1883; x_wconf 91' lang='lat' dir='ltr'><strong>induti</strong></span> <span class='ocrx_word' id='word_1_345' title='bbox 2930 1829 3133 1886; x_wconf 79' lang='lat' dir='ltr'><strong>fuerint</strong></span> <span class='ocrx_word' id='word_1_346' title='bbox 3165 1833 3532 1903; x_wconf 70' lang='lat' dir='ltr'><strong>protoplastzr,</strong></span> 
     </span>
    </p>
   </div>
   <div class='ocr_carea' id='block_1_49' title="bbox 1966 1922 3530 1985">
    <p class='ocr_par' dir='ltr' id='par_1_49' title="bbox 1966 1922 3530 1985">
     <span class='ocr_line' id='line_1_49' title="bbox 1966 1922 3530 1985; baseline 0.003 -9"><span class='ocrx_word' id='word_1_347' title='bbox 1966 1930 2115 1978; x_wconf 88' lang='lat' dir='ltr'><strong>tanto</strong></span> <span class='ocrx_word' id='word_1_348' title='bbox 2165 1933 2358 1978; x_wconf 92' lang='lat' dir='ltr'><strong>conatu</strong></span> <span class='ocrx_word' id='word_1_349' title='bbox 2406 1922 2562 1985; x_wconf 87' lang='lat' dir='ltr'><strong>ridet,</strong></span> <span class='ocrx_word' id='word_1_350' title='bbox 2603 1931 2662 1977; x_wconf 91' lang='lat' dir='ltr'><strong>ut</strong></span> <span class='ocrx_word' id='word_1_351' title='bbox 2695 1923 2854 1979; x_wconf 86' lang='lat' dir='ltr'><strong>istam</strong></span> <span class='ocrx_word' id='word_1_352' title='bbox 2891 1925 3205 1985; x_wconf 85' lang='lat' dir='ltr'><strong>socordium</strong></span> <span class='ocrx_word' id='word_1_353' title='bbox 3241 1925 3530 1980; x_wconf 92' lang='lat' dir='ltr'><strong>hominum</strong></span> 
     </span>
    </p>
   </div>
   <div class='ocr_carea' id='block_1_50' title="bbox 1965 2014 3530 2088">
    <p class='ocr_par' dir='ltr' id='par_1_50' title="bbox 1965 2014 3530 2088">
     <span class='ocr_line' id='line_1_50' title="bbox 1965 2014 3530 2088; baseline 0.006 -24"><span class='ocrx_word' id='word_1_354' title='bbox 1965 2014 2469 2069; x_wconf 89' lang='lat' dir='ltr'><strong>commentationem</strong></span> <span class='ocrx_word' id='word_1_355' title='bbox 2502 2023 2554 2068; x_wconf 89' lang='lat' dir='ltr'><strong>et</strong></span> <span class='ocrx_word' id='word_1_356' title='bbox 2586 2015 2737 2070; x_wconf 89' lang='lat' dir='ltr'><strong>chori</strong></span> <span class='ocrx_word' id='word_1_357' title='bbox 2773 2017 2974 2072; x_wconf 84' lang='lat' dir='ltr'><strong>indocti</strong></span> <span class='ocrx_word' id='word_1_358' title='bbox 3009 2017 3244 2072; x_wconf 81' lang='lat' dir='ltr'><strong>fabulam</strong></span> <span class='ocrx_word' id='word_1_359' title='bbox 3283 2018 3530 2088; x_wconf 80' lang='lat' dir='ltr'><strong>appellet.</strong></span> 
     </span>
    </p>
   </div>
   <div class='ocr_carea' id='block_1_51' title="bbox 1965 2103 3532 2177">
    <p class='ocr_par' dir='ltr' id='par_1_51' title="bbox 1965 2103 3532 2177">
     <span class='ocr_line' id='line_1_51' title="bbox 1965 2103 3532 2177; baseline 0.005 -20"><span class='ocrx_word' id='word_1_360' title='bbox 1965 2103 2104 2160; x_wconf 84' lang='lat' dir='ltr'><strong>Hinc</strong></span> <span class='ocrx_word' id='word_1_361' title='bbox 2141 2107 2194 2160; x_wconf 87' lang='lat' dir='ltr'><strong>in</strong></span> <span class='ocrx_word' id='word_1_362' title='bbox 2229 2106 2390 2161; x_wconf 87' lang='lat' dir='ltr'><strong>aliam</strong></span> <span class='ocrx_word' id='word_1_363' title='bbox 2430 2108 2735 2177; x_wconf 87' lang='lat' dir='ltr'><strong>prolabitur</strong></span> <span class='ocrx_word' id='word_1_364' title='bbox 2786 2110 3132 2175; x_wconf 88' lang='lat' dir='ltr'><strong>sententiam,</strong></span> <span class='ocrx_word' id='word_1_365' title='bbox 3171 2111 3376 2166; x_wconf 87' lang='lat' dir='ltr'><strong>scilicet</strong></span> <span class='ocrx_word' id='word_1_366' title='bbox 3407 2119 3532 2166; x_wconf 86' lang='lat' dir='ltr'><strong>ante</strong></span> 
     </span>
    </p>
   </div>
   <div class='ocr_carea' id='block_1_52' title="bbox 1963 2199 3531 2274">
    <p class='ocr_par' dir='ltr' id='par_1_52' title="bbox 1963 2199 3531 2274">
     <span class='ocr_line' id='line_1_52' title="bbox 1963 2199 3531 2274; baseline 0.005 -22"><span class='ocrx_word' id='word_1_367' title='bbox 1963 2199 2451 2269; x_wconf 76' lang='lat' dir='ltr'><strong>transgressionem</strong></span> <span class='ocrx_word' id='word_1_368' title='bbox 2485 2202 2740 2258; x_wconf 91' lang='lat' dir='ltr'><strong>subtilius</strong></span> <span class='ocrx_word' id='word_1_369' title='bbox 2766 2201 2934 2258; x_wconf 80' lang='lat' dir='ltr'><strong>fuisse</strong></span> <span class='ocrx_word' id='word_1_370' title='bbox 2964 2219 3027 2259; x_wconf 92' lang='lat' dir='ltr'><strong>ac</strong></span> <span class='ocrx_word' id='word_1_371' title='bbox 3062 2204 3396 2274; x_wconf 87' lang='lat' dir='ltr'><strong>splendidius</strong></span> <span class='ocrx_word' id='word_1_372' title='bbox 3430 2205 3531 2260; x_wconf 88' lang='lat' dir='ltr'><strong>ho-</strong></span> 
     </span>
    </p>
   </div>
   <div class='ocr_carea' id='block_1_53' title="bbox 1964 2290 3530 2362">
    <p class='ocr_par' dir='ltr' id='par_1_53' title="bbox 1964 2290 3530 2362">
     <span class='ocr_line' id='line_1_53' title="bbox 1964 2290 3530 2362; baseline 0.005 -19"><span class='ocrx_word' id='word_1_373' title='bbox 1964 2290 2130 2345; x_wconf 86' lang='lat' dir='ltr'><strong>minis</strong></span> <span class='ocrx_word' id='word_1_374' title='bbox 2164 2307 2386 2362; x_wconf 86' lang='lat' dir='ltr'><strong>corpus,</strong></span> <span class='ocrx_word' id='word_1_375' title='bbox 2436 2293 2580 2348; x_wconf 89' lang='lat' dir='ltr'><strong>nulla</strong></span> <span class='ocrx_word' id='word_1_376' title='bbox 2617 2294 2874 2349; x_wconf 88' lang='lat' dir='ltr'><strong>crassiori</strong></span> <span class='ocrx_word' id='word_1_377' title='bbox 2907 2295 3050 2350; x_wconf 88' lang='lat' dir='ltr'><strong>mole</strong></span> <span class='ocrx_word' id='word_1_378' title='bbox 3095 2295 3385 2361; x_wconf 89' lang='lat' dir='ltr'><strong>tardatum,</strong></span> <span class='ocrx_word' id='word_1_379' title='bbox 3434 2295 3530 2351; x_wconf 88' lang='lat' dir='ltr'><strong>sed</strong></span> 
     </span>
    </p>
   </div>
   <div class='ocr_carea' id='block_1_54' title="bbox 1962 2385 3528 2458">
    <p class='ocr_par' dir='ltr' id='par_1_54' title="bbox 1962 2385 3528 2458">
     <span class='ocr_line' id='line_1_54' title="bbox 1962 2385 3528 2458; baseline 0.003 -18"><span class='ocrx_word' id='word_1_380' title='bbox 1962 2385 2168 2454; x_wconf 89' lang='lat' dir='ltr'><strong>speculi</strong></span> <span class='ocrx_word' id='word_1_381' title='bbox 2221 2387 2397 2442; x_wconf 86' lang='lat' dir='ltr'><strong>instar</strong></span> <span class='ocrx_word' id='word_1_382' title='bbox 2444 2387 2906 2456; x_wconf 85' lang='lat' dir='ltr'><strong>speciosissimum</strong></span> <span class='ocrx_word' id='word_1_383' title='bbox 2960 2389 3332 2458; x_wconf 88' lang='lat' dir='ltr'><strong>lucidumque,</strong></span> <span class='ocrx_word' id='word_1_384' title='bbox 3380 2388 3528 2444; x_wconf 87' lang='lat' dir='ltr'><strong>nulla</strong></span> 
     </span>
    </p>
   </div>
   <div class='ocr_carea' id='block_1_55' title="bbox 1963 2481 3530 2553">
    <p class='ocr_par' dir='ltr' id='par_1_55' title="bbox 1963 2481 3530 2553">
     <span class='ocr_line' id='line_1_55' title="bbox 1963 2481 3530 2553; baseline 0.003 -20"><span class='ocrx_word' id='word_1_385' title='bbox 1963 2481 2212 2535; x_wconf 82' lang='lat' dir='ltr'><strong>videlicet</strong></span> <span class='ocrx_word' id='word_1_386' title='bbox 2241 2491 2334 2535; x_wconf 90' lang='lat' dir='ltr'><strong>aut</strong></span> <span class='ocrx_word' id='word_1_387' title='bbox 2373 2481 2491 2535; x_wconf 87' lang='lat' dir='ltr'><strong>labe</strong></span> <span class='ocrx_word' id='word_1_388' title='bbox 2519 2482 2859 2537; x_wconf 78' lang='lat' dir='ltr'><strong>extrinsecus</strong></span> <span class='ocrx_word' id='word_1_389' title='bbox 2894 2499 3201 2553; x_wconf 87' lang='lat' dir='ltr'><strong>aspersum,</strong></span> <span class='ocrx_word' id='word_1_390' title='bbox 3237 2491 3331 2537; x_wconf 92' lang='lat' dir='ltr'><strong>aut</strong></span> <span class='ocrx_word' id='word_1_391' title='bbox 3358 2492 3530 2538; x_wconf 89' lang='lat' dir='ltr'><strong>mate-</strong></span> 
     </span>
    </p>
   </div>
   <div class='ocr_carea' id='block_1_56' title="bbox 1963 2569 3527 2642">
    <p class='ocr_par' dir='ltr' id='par_1_56' title="bbox 1963 2569 3527 2642">
     <span class='ocr_line' id='line_1_56' title="bbox 1963 2569 3527 2642; baseline 0.003 -18"><span class='ocrx_word' id='word_1_392' title='bbox 1963 2571 2042 2625; x_wconf 88' lang='lat' dir='ltr'><strong>ria</strong></span> <span class='ocrx_word' id='word_1_393' title='bbox 2092 2571 2399 2624; x_wconf 86' lang='lat' dir='ltr'><strong>hebctatutn</strong></span> <span class='ocrx_word' id='word_1_394' title='bbox 2451 2569 2604 2640; x_wconf 78' lang='lat'><strong>(36);</strong></span> <span class='ocrx_word' id='word_1_395' title='bbox 2651 2582 2776 2641; x_wconf 90' lang='lat' dir='ltr'><strong>post</strong></span> <span class='ocrx_word' id='word_1_396' title='bbox 2820 2575 3032 2642; x_wconf 90' lang='lat' dir='ltr'><strong>lapsum</strong></span> <span class='ocrx_word' id='word_1_397' title='bbox 3089 2590 3219 2628; x_wconf 89' lang='lat' dir='ltr'><strong>vero</strong></span> <span class='ocrx_word' id='word_1_398' title='bbox 3272 2574 3527 2629; x_wconf 85' lang='lat' dir='ltr'><strong>crassiori</strong></span> 
     </span>
    </p>
   </div>
   <div class='ocr_carea' id='block_1_57' title="bbox 1962 2661 3538 2734">
    <p class='ocr_par' dir='ltr' id='par_1_57' title="bbox 1962 2661 3538 2734">
     <span class='ocr_line' id='line_1_57' title="bbox 1962 2661 3538 2734; baseline 0.001 -17"><span class='ocrx_word' id='word_1_399' title='bbox 1962 2678 2192 2731; x_wconf 75' lang='lat' dir='ltr'><strong>cozpore</strong></span> <span class='ocrx_word' id='word_1_400' title='bbox 2221 2678 2418 2716; x_wconf 83' lang='lat' dir='ltr'><strong>carneo</strong></span> <span class='ocrx_word' id='word_1_401' title='bbox 2449 2678 2572 2715; x_wconf 84' lang='lat' dir='ltr'><strong>eum</strong></span> <span class='ocrx_word' id='word_1_402' title='bbox 2607 2661 2776 2718; x_wconf 85' lang='lat' dir='ltr'><strong>luisse</strong></span> <span class='ocrx_word' id='word_1_403' title='bbox 2807 2665 3224 2731; x_wconf 89' lang='lat' dir='ltr'><strong>circumdatum,</strong></span> <span class='ocrx_word' id='word_1_404' title='bbox 3260 2666 3403 2734; x_wconf 84' lang='lat' dir='ltr'><strong>quod</strong></span> <span class='ocrx_word' id='word_1_405' title='bbox 3437 2681 3538 2734; x_wconf 87' lang='lat' dir='ltr'><strong>per-</strong></span> 
     </span>
    </p>
   </div>
   <div class='ocr_carea' id='block_1_58' title="bbox 1963 2754 3536 2829">
    <p class='ocr_par' dir='ltr' id='par_1_58' title="bbox 1963 2754 3536 2829">
     <span class='ocr_line' id='line_1_58' title="bbox 1963 2754 3536 2829; baseline 0.004 -21"><span class='ocrx_word' id='word_1_406' title='bbox 1963 2754 2202 2809; x_wconf 91' lang='lat' dir='ltr'><strong>tunicam</strong></span> <span class='ocrx_word' id='word_1_407' title='bbox 2258 2755 2403 2809; x_wconf 91' lang='lat' dir='ltr'><strong>illam</strong></span> <span class='ocrx_word' id='word_1_408' title='bbox 2447 2755 2723 2824; x_wconf 88' lang='lat' dir='ltr'><strong>pelliceam</strong></span> <span class='ocrx_word' id='word_1_409' title='bbox 2763 2755 2986 2828; x_wconf 84' lang='lat' dir='ltr'><strong>intelligi</strong></span> <span class='ocrx_word' id='word_1_410' title='bbox 3039 2759 3333 2822; x_wconf 78' lang='lat' dir='ltr'><strong>existimat,</strong></span> <span class='ocrx_word' id='word_1_411' title='bbox 3369 2769 3536 2829; x_wconf 84' lang='lat' dir='ltr'><strong>atque</strong></span> 
     </span>
    </p>
   </div>
   <div class='ocr_carea' id='block_1_59' title="bbox 1962 2847 3532 2918">
    <p class='ocr_par' dir='ltr' id='par_1_59' title="bbox 1962 2847 3532 2918">
     <span class='ocr_line' id='line_1_59' title="bbox 1962 2847 3532 2918; baseline 0.006 -19"><span class='ocrx_word' id='word_1_412' title='bbox 1962 2860 2338 2914; x_wconf 77' lang='lat' dir='ltr'><strong>argumentum</strong></span> <span class='ocrx_word' id='word_1_413' title='bbox 2392 2847 2665 2916; x_wconf 88' lang='lat' dir='ltr'><strong>opinionis</strong></span> <span class='ocrx_word' id='word_1_414' title='bbox 2713 2863 2826 2904; x_wconf 64' lang='lat' dir='ltr'><strong>suae</strong></span> <span class='ocrx_word' id='word_1_415' title='bbox 2856 2849 3199 2918; x_wconf 89' lang='lat' dir='ltr'><strong>potissimum</strong></span> <span class='ocrx_word' id='word_1_416' title='bbox 3248 2865 3316 2910; x_wconf 79' lang='lat' dir='ltr'><strong>ex</strong></span> <span class='ocrx_word' id='word_1_417' title='bbox 3349 2851 3532 2908; x_wconf 78' lang='lat' dir='ltr'><strong>verbis</strong></span> 
     </span>
    </p>
   </div>
   <div class='ocr_carea' id='block_1_60' title="bbox 1961 2935 3530 3011">
    <p class='ocr_par' dir='ltr' id='par_1_60' title="bbox 1961 2935 3530 3011">
     <span class='ocr_line' id='line_1_60' title="bbox 1961 2935 3530 3011; baseline 0.001 -18"><span class='ocrx_word' id='word_1_418' title='bbox 1961 2935 2082 2994; x_wconf 84' lang='lat' dir='ltr'><strong>Jobi</strong></span> <span class='ocrx_word' id='word_1_419' title='bbox 2117 2953 2234 3007; x_wconf 90' lang='lat' dir='ltr'><strong>cap.</strong></span> <span class='ocrx_word' id='word_1_420' title='bbox 2275 2954 2340 3001; x_wconf 72' lang='grc' dir='ltr'><strong>χ,</strong></span> <span class='ocrx_word' id='word_1_421' title='bbox 2381 2939 2468 3004; x_wconf 84' lang='grc'><strong>11,</strong></span> <span class='ocrx_word' id='word_1_422' title='bbox 2499 2939 2768 3008; x_wconf 90' lang='lat' dir='ltr'><strong>desumit,</strong></span> <span class='ocrx_word' id='word_1_423' title='bbox 2807 2940 2898 2995; x_wconf 90' lang='lat' dir='ltr'><strong>ubi</strong></span> <span class='ocrx_word' id='word_1_424' title='bbox 2947 2941 2994 2996; x_wconf 91' lang='lat' dir='ltr'><strong>is</strong></span> <span class='ocrx_word' id='word_1_425' title='bbox 3033 2941 3325 2996; x_wconf 89' lang='lat' dir='ltr'><strong>creationis</strong></span> <span class='ocrx_word' id='word_1_426' title='bbox 3364 2957 3530 3011; x_wconf 78' lang='lat' dir='ltr'><strong>argu-</strong></span> 
     </span>
    </p>
   </div>
   <div class='ocr_carea' id='block_1_61' title="bbox 1965 3030 3536 3102">
    <p class='ocr_par' dir='ltr' id='par_1_61' title="bbox 1965 3030 3536 3102">
     <span class='ocr_line' id='line_1_61' title="bbox 1965 3030 3536 3102; baseline 0.002 -19"><span class='ocrx_word' id='word_1_427' title='bbox 1965 3038 2206 3084; x_wconf 90' lang='lat' dir='ltr'><strong>mentum</strong></span> <span class='ocrx_word' id='word_1_428' title='bbox 2236 3046 2496 3086; x_wconf 89' lang='lat' dir='ltr'><strong>enarrans</strong></span> <span class='ocrx_word' id='word_1_429' title='bbox 2521 3030 2831 3087; x_wconf 86' lang='lat' dir='ltr'><strong>Creatorem</strong></span> <span class='ocrx_word' id='word_1_430' title='bbox 2867 3032 2941 3086; x_wconf 91' lang='lat' dir='ltr'><strong>ita</strong></span> <span class='ocrx_word' id='word_1_431' title='bbox 2969 3032 3263 3102; x_wconf 89' lang='lat' dir='ltr'><strong>alloquitur</strong></span> <span class='ocrx_word' id='word_1_432' title='bbox 3291 3051 3304 3088; x_wconf 91' lang='lat'><strong>:</strong></span> <span class='ocrx_word' id='word_1_433' title='bbox 3329 3031 3536 3087; x_wconf 74' lang='lat' dir='ltr'><strong><em>Pellem.</em></strong></span> 
     </span>
    </p>
   </div>
   <div class='ocr_carea' id='block_1_62' title="bbox 295 3117 1858 3200">
    <p class='ocr_par' dir='ltr' id='par_1_62' title="bbox 295 3117 1858 3200">
     <span class='ocr_line' id='line_1_62' title="bbox 295 3117 1858 3200; baseline 0.012 -31"><span class='ocrx_word' id='word_1_434' title='bbox 295 3117 610 3186; x_wconf 87' lang='lat' dir='ltr'><strong>episcopus,</strong></span> <span class='ocrx_word' id='word_1_435' title='bbox 649 3119 702 3174; x_wconf 89' lang='lat' dir='ltr'><strong>in</strong></span> <span class='ocrx_word' id='word_1_436' title='bbox 730 3119 1034 3190; x_wconf 83' lang='lat' dir='ltr'><strong>fragmento</strong></span> <span class='ocrx_word' id='word_1_437' title='bbox 1069 3123 1331 3181; x_wconf 90' lang='lat' dir='ltr'><strong>hactenus</strong></span> <span class='ocrx_word' id='word_1_438' title='bbox 1367 3127 1590 3189; x_wconf 84' lang='lat' dir='ltr'><strong>inedito.</strong></span> <span class='ocrx_word' id='word_1_439' title='bbox 1623 3133 1858 3200; x_wconf 74' lang='lat' dir='ltr'><strong>quodex</strong></span> 
     </span>
    </p>
   </div>
   <div class='ocr_carea' id='block_1_63' title="bbox 1966 3117 3530 3200">
    <p class='ocr_par' dir='ltr' id='par_1_63' title="bbox 1966 3123 3530 3196">
     <span class='ocr_line' id='line_1_63' title="bbox 1966 3123 3530 3196; baseline 0.004 -22"><span class='ocrx_word' id='word_1_440' title='bbox 1966 3131 2010 3180; x_wconf 81' lang='lat' dir='ltr'><strong>et</strong></span> <span class='ocrx_word' id='word_1_441' title='bbox 2045 3139 2254 3176; x_wconf 90' lang='lat' dir='ltr'><strong><em>carnem</em></strong></span> <span class='ocrx_word' id='word_1_442' title='bbox 2293 3123 2514 3178; x_wconf 84' lang='lat' dir='ltr'><strong><em>induisti</em></strong></span> <span class='ocrx_word' id='word_1_443' title='bbox 2549 3141 2661 3189; x_wconf 89' lang='lat' dir='ltr'><strong>me,</strong></span> <span class='ocrx_word' id='word_1_444' title='bbox 2701 3140 2894 3194; x_wconf 89' lang='lat' dir='ltr'><strong>nempe</strong></span> <span class='ocrx_word' id='word_1_445' title='bbox 2941 3124 3098 3191; x_wconf 89' lang='lat' dir='ltr'><strong>illud,</strong></span> <span class='ocrx_word' id='word_1_446' title='bbox 3133 3141 3242 3196; x_wconf 93' lang='lat' dir='ltr'><strong>quo</strong></span> <span class='ocrx_word' id='word_1_447' title='bbox 3293 3127 3530 3181; x_wconf 77' lang='lat' dir='ltr'><strong>circum~</strong></span> 
     </span>
    </p>
   </div>
   <div class='ocr_carea' id='block_1_64' title="bbox 293 3207 1858 3286">
    <p class='ocr_par' dir='ltr' id='par_1_64' title="bbox 293 3207 1858 3286">
     <span class='ocr_line' id='line_1_64' title="bbox 293 3207 1858 3286; baseline 0.011 -24"><span class='ocrx_word' id='word_1_448' title='bbox 293 3207 509 3264; x_wconf 89' lang='lat' dir='ltr'><strong>duobus</strong></span> <span class='ocrx_word' id='word_1_449' title='bbox 539 3226 671 3267; x_wconf 79' lang='lat' dir='ltr'><strong>mss.</strong></span> <span class='ocrx_word' id='word_1_450' title='bbox 716 3214 995 3270; x_wconf 90' lang='lat' dir='ltr'><strong>codicibus</strong></span> <span class='ocrx_word' id='word_1_451' title='bbox 1029 3213 1214 3286; x_wconf 78' lang='lat' dir='ltr'><strong>Regiis</strong></span> <span class='ocrx_word' id='word_1_452' title='bbox 1258 3216 1660 3277; x_wconf 88' lang='lat' dir='ltr'><strong>Parisiensibus</strong></span> <span class='ocrx_word' id='word_1_453' title='bbox 1719 3224 1858 3280; x_wconf 77' lang='grc'><strong>1825</strong></span> 
     </span>
    </p>
   </div>
   <div class='ocr_carea' id='block_1_65' title="bbox 293 3300 1857 3380">
    <p class='ocr_par' dir='ltr' id='par_1_65' title="bbox 293 3300 1857 3380">
     <span class='ocr_line' id='line_1_65' title="bbox 293 3300 1857 3380; baseline 0.01 -24"><span class='ocrx_word' id='word_1_454' title='bbox 293 3310 349 3356; x_wconf 89' lang='lat' dir='ltr'><strong>et</strong></span> <span class='ocrx_word' id='word_1_455' title='bbox 376 3300 512 3356; x_wconf 88' lang='grc'><strong>1888</strong></span> <span class='ocrx_word' id='word_1_456' title='bbox 532 3305 924 3374; x_wconf 79' lang='lat' dir='ltr'><strong>excerpsimus,</strong></span> <span class='ocrx_word' id='word_1_457' title='bbox 946 3307 1086 3362; x_wconf 90' lang='lat' dir='ltr'><strong>hanc</strong></span> <span class='ocrx_word' id='word_1_458' title='bbox 1112 3309 1574 3380; x_wconf 86' lang='lat' dir='ltr'><strong>interpretationis</strong></span> <span class='ocrx_word' id='word_1_459' title='bbox 1594 3317 1857 3371; x_wconf 82' lang='lat' dir='ltr'><strong>rationem</strong></span> 
     </span>
    </p>
   </div>
   <div class='ocr_carea' id='block_1_66' title="bbox 289 3392 1859 3480">
    <p class='ocr_par' dir='ltr' id='par_1_66' title="bbox 289 3392 1859 3480">
     <span class='ocr_line' id='line_1_66' title="bbox 289 3392 1859 3480; baseline 0.01 -34"><span class='ocrx_word' id='word_1_460' title='bbox 289 3392 565 3462; x_wconf 80' lang='lat' dir='ltr'><strong>eleganter</strong></span> <span class='ocrx_word' id='word_1_461' title='bbox 609 3397 861 3466; x_wconf 73' lang='lat' dir='ltr'><strong>subiicit:</strong></span> <span class='ocrx_word' id='word_1_462' title='bbox 901 3399 1118 3471; x_wconf 78' lang='grc' dir='ltr'>Νεκρὰν</span> <span class='ocrx_word' id='word_1_463' title='bbox 1165 3400 1275 3474; x_wconf 81' lang='grc' dir='ltr'><strong>γὰρ</strong></span> <span class='ocrx_word' id='word_1_464' title='bbox 1318 3401 1527 3476; x_wconf 79' lang='grc' dir='ltr'><strong>σκέπην</strong></span> <span class='ocrx_word' id='word_1_465' title='bbox 1570 3406 1740 3460; x_wconf 82' lang='grc' dir='ltr'>ἐποίει</span> <span class='ocrx_word' id='word_1_466' title='bbox 1781 3407 1859 3480; x_wconf 82' lang='grc' dir='ltr'>τῷ</span> 
     </span>
    </p>
   </div>
   <div class='ocr_carea' id='block_1_67' title="bbox 289 3485 1857 3572">
    <p class='ocr_par' dir='ltr' id='par_1_67' title="bbox 289 3485 1857 3572">
     <span class='ocr_line' id='line_1_67' title="bbox 289 3485 1857 3572; baseline 0.011 -35"><span class='ocrx_word' id='word_1_467' title='bbox 289 3485 612 3555; x_wconf 83' lang='grc' dir='ltr'>νεκρωθέντι</span> <span class='ocrx_word' id='word_1_468' title='bbox 655 3488 742 3541; x_wconf 76' lang='grc' dir='ltr'><strong>διὰ</strong></span> <span class='ocrx_word' id='word_1_469' title='bbox 781 3490 879 3560; x_wconf 80' lang='grc' dir='ltr'><strong>τὴν</strong></span> <span class='ocrx_word' id='word_1_470' title='bbox 910 3491 1211 3562; x_wconf 78' lang='grc' dir='ltr'><strong>ἁμαρτίαν·</strong></span> <span class='ocrx_word' id='word_1_471' title='bbox 1241 3494 1318 3565; x_wconf 79' lang='grc' dir='ltr'>τῷ</span> <span class='ocrx_word' id='word_1_472' title='bbox 1347 3495 1454 3568; x_wconf 80' lang='grc' dir='ltr'>γὰρ</span> <span class='ocrx_word' id='word_1_473' title='bbox 1479 3498 1646 3570; x_wconf 73' lang='grc' dir='ltr'>νεκρὰ</span> <span class='ocrx_word' id='word_1_474' title='bbox 1673 3501 1857 3572; x_wconf 85' lang='grc' dir='ltr'>ἁμαρ-</span> 
     </span>
    </p>
   </div>
   <div class='ocr_carea' id='block_1_68' title="bbox 287 3581 1860 3664">
    <p class='ocr_par' dir='ltr' id='par_1_68' title="bbox 287 3581 1860 3664">
     <span class='ocr_line' id='line_1_68' title="bbox 287 3581 1860 3664; baseline 0.01 -30"><span class='ocrx_word' id='word_1_475' title='bbox 287 3581 505 3651; x_wconf 80' lang='grc' dir='ltr'>τήματα</span> <span class='ocrx_word' id='word_1_476' title='bbox 545 3581 720 3653; x_wconf 83' lang='grc' dir='ltr'>ἔχοντι</span> <span class='ocrx_word' id='word_1_477' title='bbox 771 3585 898 3655; x_wconf 74' lang='grc' dir='ltr'>περὶ</span> <span class='ocrx_word' id='word_1_478' title='bbox 932 3585 993 3638; x_wconf 81' lang='grc' dir='ltr'><strong>τὸ</strong></span> <span class='ocrx_word' id='word_1_479' title='bbox 1051 3585 1213 3657; x_wconf 84' lang='grc' dir='ltr'>σῶμα</span> <span class='ocrx_word' id='word_1_480' title='bbox 1264 3588 1467 3660; x_wconf 79' lang='grc' dir='ltr'>φθορὰν</span> <span class='ocrx_word' id='word_1_481' title='bbox 1510 3593 1774 3664; x_wconf 74' lang='grc' dir='ltr'><strong>ἐσήμαινε</strong></span> <span class='ocrx_word' id='word_1_482' title='bbox 1798 3595 1860 3649; x_wconf 81' lang='grc' dir='ltr'><strong>τὸ</strong></span> 
     </span>
    </p>
   </div>
   <div class='ocr_carea' id='block_1_69' title="bbox 285 3673 1858 3754">
    <p class='ocr_par' dir='ltr' id='par_1_69' title="bbox 285 3673 1858 3754">
     <span class='ocr_line' id='line_1_69' title="bbox 285 3673 1858 3754; baseline 0.01 -28"><span class='ocrx_word' id='word_1_483' title='bbox 285 3673 481 3745; x_wconf 76' lang='grc' dir='ltr'>δέρμα.</span> <span class='ocrx_word' id='word_1_484' title='bbox 525 3674 581 3728; x_wconf 87' lang='lat' dir='ltr'><strong>ld</strong></span> <span class='ocrx_word' id='word_1_485' title='bbox 613 3685 728 3730; x_wconf 89' lang='lat' dir='ltr'><strong>est:</strong></span> <span class='ocrx_word' id='word_1_486' title='bbox 756 3675 1028 3731; x_wconf 79' lang='lat' dir='ltr'><strong><em>Mortuum</em></strong></span> <span class='ocrx_word' id='word_1_487' title='bbox 1057 3681 1196 3733; x_wconf 89' lang='lat' dir='ltr'><strong><em>enim</em></strong></span> <span class='ocrx_word' id='word_1_488' title='bbox 1227 3691 1579 3752; x_wconf 87' lang='lat' dir='ltr'><strong><em>tegumentum</em></strong></span> <span class='ocrx_word' id='word_1_489' title='bbox 1620 3687 1742 3754; x_wconf 80' lang='lat' dir='ltr'><strong><em>fecit</em></strong></span> <span class='ocrx_word' id='word_1_490' title='bbox 1765 3689 1858 3742; x_wconf 89' lang='lat' dir='ltr'><strong>ho-</strong></span> 
     </span>
    </p>
   </div>
   <div class='ocr_carea' id='block_1_70' title="bbox 289 3767 1858 3848">
    <p class='ocr_par' dir='ltr' id='par_1_70' title="bbox 289 3767 1858 3848">
     <span class='ocr_line' id='line_1_70' title="bbox 289 3767 1858 3848; baseline 0.01 -29"><span class='ocrx_word' id='word_1_491' title='bbox 289 3767 421 3820; x_wconf 87' lang='lat' dir='ltr'><strong><em>mini</em></strong></span> <span class='ocrx_word' id='word_1_492' title='bbox 454 3783 546 3837; x_wconf 91' lang='lat' dir='ltr'><strong>per</strong></span> <span class='ocrx_word' id='word_1_493' title='bbox 569 3778 837 3836; x_wconf 90' lang='lat' dir='ltr'><strong><em>peccatum</em></strong></span> <span class='ocrx_word' id='word_1_494' title='bbox 873 3784 1101 3836; x_wconf 84' lang='lat' dir='ltr'><strong><em>mortuo,</em></strong></span> <span class='ocrx_word' id='word_1_495' title='bbox 1133 3790 1249 3826; x_wconf 87' lang='lat' dir='ltr'><strong>cum</strong></span> <span class='ocrx_word' id='word_1_496' title='bbox 1278 3775 1429 3842; x_wconf 73' lang='lat' dir='ltr'><strong><em>pellis</em></strong></span> <span class='ocrx_word' id='word_1_497' title='bbox 1482 3778 1858 3848; x_wconf 84' lang='lat' dir='ltr'><strong><em>signiﬁcaverit</em></strong></span> 
     </span>
    </p>
   </div>
   <div class='ocr_carea' id='block_1_71' title="bbox 289 3860 1856 3938">
    <p class='ocr_par' dir='ltr' id='par_1_71' title="bbox 289 3860 1856 3938">
     <span class='ocr_line' id='line_1_71' title="bbox 289 3860 1856 3938; baseline 0.01 -26"><span class='ocrx_word' id='word_1_498' title='bbox 289 3860 675 3928; x_wconf 84' lang='lat' dir='ltr'><strong><em>corruptionem</em></strong></span> <span class='ocrx_word' id='word_1_499' title='bbox 699 3862 874 3931; x_wconf 87' lang='lat' dir='ltr'><strong><em>quoad</em></strong></span> <span class='ocrx_word' id='word_1_500' title='bbox 896 3878 1084 3933; x_wconf 88' lang='lat' dir='ltr'><strong><em>corpus</em></strong></span> <span class='ocrx_word' id='word_1_501' title='bbox 1123 3866 1178 3918; x_wconf 89' lang='lat' dir='ltr'><strong>in</strong></span> <span class='ocrx_word' id='word_1_502' title='bbox 1205 3866 1412 3923; x_wconf 84' lang='lat' dir='ltr'><strong><em>homine</em></strong></span> <span class='ocrx_word' id='word_1_503' title='bbox 1443 3872 1672 3938; x_wconf 90' lang='lat' dir='ltr'><strong><em>peccatis</em></strong></span> <span class='ocrx_word' id='word_1_504' title='bbox 1715 3889 1856 3927; x_wconf 89' lang='lat' dir='ltr'><strong><em>mor-</em></strong></span> 
     </span>
    </p>
   </div>
   <div class='ocr_carea' id='block_1_72' title="bbox 291 3952 1855 4037">
    <p class='ocr_par' dir='ltr' id='par_1_72' title="bbox 291 3952 1855 4037">
     <span class='ocr_line' id='line_1_72' title="bbox 291 3952 1855 4037; baseline 0.012 -33"><span class='ocrx_word' id='word_1_505' title='bbox 291 3952 397 4004; x_wconf 88' lang='lat' dir='ltr'><strong><em>tuis</em></strong></span> <span class='ocrx_word' id='word_1_506' title='bbox 429 3953 776 4007; x_wconf 82' lang='lat' dir='ltr'><strong><em>circumdato.</em></strong></span> <span class='ocrx_word' id='word_1_507' title='bbox 806 3953 885 4009; x_wconf 83' lang='lat' dir='ltr'><strong>Ex</strong></span> <span class='ocrx_word' id='word_1_508' title='bbox 927 3956 1174 4014; x_wconf 86' lang='lat' dir='ltr'><strong>adductis</strong></span> <span class='ocrx_word' id='word_1_509' title='bbox 1214 3959 1364 4017; x_wconf 91' lang='lat' dir='ltr'><strong>hisce</strong></span> <span class='ocrx_word' id='word_1_510' title='bbox 1395 3963 1722 4020; x_wconf 88' lang='lat' dir='ltr'><strong>testimoniis</strong></span> <span class='ocrx_word' id='word_1_511' title='bbox 1740 3967 1855 4037; x_wconf 85' lang='lat' dir='ltr'><strong>jam</strong></span> 
     </span>
    </p>
   </div>
   <div class='ocr_carea' id='block_1_73' title="bbox 286 4044 1853 4127">
    <p class='ocr_par' dir='ltr' id='par_1_73' title="bbox 286 4044 1853 4127">
     <span class='ocr_line' id='line_1_73' title="bbox 286 4044 1853 4127; baseline 0.011 -30"><span class='ocrx_word' id='word_1_512' title='bbox 286 4052 404 4098; x_wconf 90' lang='lat' dir='ltr'><strong>tum</strong></span> <span class='ocrx_word' id='word_1_513' title='bbox 439 4044 629 4115; x_wconf 87' lang='lat' dir='ltr'><strong>liquet,</strong></span> <span class='ocrx_word' id='word_1_514' title='bbox 662 4044 963 4117; x_wconf 83' lang='lat' dir='ltr'><strong>Magnetem</strong></span> <span class='ocrx_word' id='word_1_515' title='bbox 1003 4059 1252 4106; x_wconf 88' lang='lat' dir='ltr'><strong>nostrum</strong></span> <span class='ocrx_word' id='word_1_516' title='bbox 1280 4069 1388 4107; x_wconf 92' lang='lat' dir='ltr'><strong>non</strong></span> <span class='ocrx_word' id='word_1_517' title='bbox 1417 4053 1588 4112; x_wconf 83' lang='lat' dir='ltr'><strong>fuisse</strong></span> <span class='ocrx_word' id='word_1_518' title='bbox 1619 4059 1853 4127; x_wconf 89' lang='lat' dir='ltr'><strong>primum</strong></span> 
     </span>
    </p>
   </div>
   <div class='ocr_carea' id='block_1_74' title="bbox 287 4138 1855 4221">
    <p class='ocr_par' dir='ltr' id='par_1_74' title="bbox 287 4138 1855 4221">
     <span class='ocr_line' id='line_1_74' title="bbox 287 4138 1855 4221; baseline 0.01 -29"><span class='ocrx_word' id='word_1_519' title='bbox 287 4138 454 4207; x_wconf 86' lang='lat' dir='ltr'><strong>hujus</strong></span> <span class='ocrx_word' id='word_1_520' title='bbox 494 4140 957 4210; x_wconf 86' lang='lat' dir='ltr'><strong>interpretationis</strong></span> <span class='ocrx_word' id='word_1_521' title='bbox 1001 4143 1303 4214; x_wconf 73' lang='lat' dir='ltr'><strong>allegoricae</strong></span> <span class='ocrx_word' id='word_1_522' title='bbox 1334 4147 1450 4204; x_wconf 90' lang='lat' dir='ltr'><strong>sive</strong></span> <span class='ocrx_word' id='word_1_523' title='bbox 1490 4151 1730 4221; x_wconf 76' lang='lat' dir='ltr'><strong>mystica:</strong></span> <span class='ocrx_word' id='word_1_524' title='bbox 1758 4167 1855 4208; x_wconf 87' lang='lat' dir='ltr'><strong>au-</strong></span> 
     </span>
    </p>
   </div>
   <div class='ocr_carea' id='block_1_75' title="bbox 284 4231 1847 4304">
    <p class='ocr_par' dir='ltr' id='par_1_75' title="bbox 284 4231 1847 4304">
     <span class='ocr_line' id='line_1_75' title="bbox 284 4231 1847 4304; baseline 0.01 -21"><span class='ocrx_word' id='word_1_525' title='bbox 284 4237 491 4285; x_wconf 88' lang='lat' dir='ltr'><strong>ctorem</strong></span> <span class='ocrx_word' id='word_1_526' title='bbox 515 4231 626 4302; x_wconf 77' lang='lat'><strong>(55)</strong></span> <span class='ocrx_word' id='word_1_527' title='bbox 651 4247 665 4296; x_wconf 89' lang='lat'><strong>;</strong></span> <span class='ocrx_word' id='word_1_528' title='bbox 688 4248 808 4302; x_wconf 67' lang='lat' dir='ltr'><strong>quae</strong></span> <span class='ocrx_word' id='word_1_529' title='bbox 824 4233 1004 4304; x_wconf 89' lang='lat' dir='ltr'><strong>quoad</strong></span> <span class='ocrx_word' id='word_1_530' title='bbox 1033 4233 1204 4304; x_wconf 89' lang='lat' dir='ltr'><strong>ipsam</strong></span> <span class='ocrx_word' id='word_1_531' title='bbox 1225 4237 1300 4292; x_wconf 90' lang='lat' dir='ltr'><strong>rei</strong></span> <span class='ocrx_word' id='word_1_532' title='bbox 1325 4240 1559 4296; x_wconf 89' lang='lat' dir='ltr'><strong>indolem</strong></span> <span class='ocrx_word' id='word_1_533' title='bbox 1587 4257 1688 4297; x_wconf 91' lang='lat' dir='ltr'><strong>suo</strong></span> <span class='ocrx_word' id='word_1_534' title='bbox 1715 4259 1847 4299; x_wconf 89' lang='lat' dir='ltr'><strong>sane</strong></span> 
     </span>
    </p>
   </div>
   <div class='ocr_carea' id='block_1_76' title="bbox 286 4323 1853 4395">
    <p class='ocr_par' dir='ltr' id='par_1_76' title="bbox 286 4323 1853 4395">
     <span class='ocr_line' id='line_1_76' title="bbox 286 4323 1853 4395; baseline 0.01 -19"><span class='ocrx_word' id='word_1_535' title='bbox 286 4337 397 4376; x_wconf 91' lang='lat' dir='ltr'><strong>non</strong></span> <span class='ocrx_word' id='word_1_536' title='bbox 427 4323 742 4379; x_wconf 89' lang='lat' dir='ltr'><strong>destituitur</strong></span> <span class='ocrx_word' id='word_1_537' title='bbox 771 4325 1151 4395; x_wconf 79' lang='lat' dir='ltr'><strong>fundamento,</strong></span> <span class='ocrx_word' id='word_1_538' title='bbox 1175 4338 1236 4384; x_wconf 90' lang='lat' dir='ltr'><strong>ut</strong></span> <span class='ocrx_word' id='word_1_539' title='bbox 1266 4331 1474 4388; x_wconf 89' lang='lat' dir='ltr'><strong>scilicet</strong></span> <span class='ocrx_word' id='word_1_540' title='bbox 1521 4335 1746 4392; x_wconf 89' lang='lat' dir='ltr'><strong>vestitus</strong></span> <span class='ocrx_word' id='word_1_541' title='bbox 1785 4353 1853 4392; x_wconf 80' lang='lat' dir='ltr'><strong>ex</strong></span> 
     </span>
    </p>
   </div>
   <div class='ocr_carea' id='block_1_77' title="bbox 286 4416 1852 4498">
    <p class='ocr_par' dir='ltr' id='par_1_77' title="bbox 286 4416 1852 4498">
     <span class='ocr_line' id='line_1_77' title="bbox 286 4416 1852 4498; baseline 0.011 -32"><span class='ocrx_word' id='word_1_542' title='bbox 286 4423 629 4470; x_wconf 87' lang='lat' dir='ltr'><strong>mortuorum</strong></span> <span class='ocrx_word' id='word_1_543' title='bbox 677 4416 1035 4474; x_wconf 89' lang='lat' dir='ltr'><strong>animantium</strong></span> <span class='ocrx_word' id='word_1_544' title='bbox 1077 4422 1304 4490; x_wconf 87' lang='lat' dir='ltr'><strong>pellibus</strong></span> <span class='ocrx_word' id='word_1_545' title='bbox 1340 4425 1618 4482; x_wconf 80' lang='lat' dir='ltr'><strong>confectus</strong></span> <span class='ocrx_word' id='word_1_546' title='bbox 1642 4428 1852 4498; x_wconf 86' lang='lat' dir='ltr'><strong>primos</strong></span> 
     </span>
    </p>
   </div>
   <div class='ocr_carea' id='block_1_78' title="bbox 285 4504 1854 4582">
    <p class='ocr_par' dir='ltr' id='par_1_78' title="bbox 285 4504 1854 4582">
     <span class='ocr_line' id='line_1_78' title="bbox 285 4504 1854 4582; baseline 0.011 -24"><span class='ocrx_word' id='word_1_547' title='bbox 285 4504 537 4562; x_wconf 90' lang='lat' dir='ltr'><strong>homines</strong></span> <span class='ocrx_word' id='word_1_548' title='bbox 563 4508 628 4563; x_wconf 90' lang='lat' dir='ltr'><strong>de</strong></span> <span class='ocrx_word' id='word_1_549' title='bbox 652 4518 804 4564; x_wconf 85' lang='lat' dir='ltr'><strong>reatu</strong></span> <span class='ocrx_word' id='word_1_550' title='bbox 831 4511 1024 4567; x_wconf 88' lang='lat' dir='ltr'><strong>mortis</strong></span> <span class='ocrx_word' id='word_1_551' title='bbox 1045 4515 1553 4582; x_wconf 82' lang='lat' dir='ltr'><strong>commonefaceret,</strong></span> <span class='ocrx_word' id='word_1_552' title='bbox 1589 4529 1643 4575; x_wconf 89' lang='lat' dir='ltr'><strong>et</strong></span> <span class='ocrx_word' id='word_1_553' title='bbox 1671 4527 1729 4575; x_wconf 91' lang='lat' dir='ltr'><strong>ut</strong></span> <span class='ocrx_word' id='word_1_554' title='bbox 1756 4521 1854 4575; x_wconf 87' lang='lat' dir='ltr'><strong>ad-</strong></span> 
     </span>
    </p>
   </div>
   <div class='ocr_carea' id='block_1_79' title="bbox 285 4601 1857 4666">
    <p class='ocr_par' dir='ltr' id='par_1_79' title="bbox 285 4601 1857 4666">
     <span class='ocr_line' id='line_1_79' title="bbox 285 4601 1857 4666; baseline 0.01 -16"><span class='ocrx_word' id='word_1_555' title='bbox 285 4607 659 4665; x_wconf 89' lang='lat' dir='ltr'><strong>monerentur,</strong></span> <span class='ocrx_word' id='word_1_556' title='bbox 705 4601 826 4656; x_wconf 91' lang='lat' dir='ltr'><strong>loco</strong></span> <span class='ocrx_word' id='word_1_557' title='bbox 885 4603 1101 4659; x_wconf 72' lang='lat' dir='ltr'><strong>amissa:</strong></span> <span class='ocrx_word' id='word_1_558' title='bbox 1133 4604 1298 4664; x_wconf 79' lang='lat' dir='ltr'><strong>vestis</strong></span> <span class='ocrx_word' id='word_1_559' title='bbox 1347 4617 1648 4663; x_wconf 52' lang='lat' dir='ltr'><strong>concreatur</strong></span> <span class='ocrx_word' id='word_1_560' title='bbox 1697 4610 1857 4666; x_wconf 91' lang='lat' dir='ltr'><strong>inno-</strong></span> 
     </span>
    </p>
   </div>
   <div class='ocr_carea' id='block_1_80' title="bbox 282 4689 1850 4768">
    <p class='ocr_par' dir='ltr' id='par_1_80' title="bbox 282 4689 1850 4768">
     <span class='ocr_line' id='line_1_80' title="bbox 282 4689 1850 4768; baseline 0.008 -25"><span class='ocrx_word' id='word_1_561' title='bbox 282 4689 496 4756; x_wconf 68' lang='lat' dir='ltr'><strong>centiae,</strong></span> <span class='ocrx_word' id='word_1_562' title='bbox 537 4700 738 4746; x_wconf 83' lang='lat' dir='ltr'><strong>vestem</strong></span> <span class='ocrx_word' id='word_1_563' title='bbox 762 4692 989 4762; x_wconf 69' lang='lat' dir='ltr'><strong>justitiae</strong></span> <span class='ocrx_word' id='word_1_564' title='bbox 1016 4710 1046 4751; x_wconf 87' lang='lat' dir='ltr'><strong>a</strong></span> <span class='ocrx_word' id='word_1_565' title='bbox 1076 4711 1238 4751; x_wconf 92' lang='lat' dir='ltr'><strong>manu</strong></span> <span class='ocrx_word' id='word_1_566' title='bbox 1272 4696 1364 4752; x_wconf 91' lang='lat' dir='ltr'><strong>Dei</strong></span> <span class='ocrx_word' id='word_1_567' title='bbox 1387 4699 1681 4768; x_wconf 89' lang='lat' dir='ltr'><strong>parandam</strong></span> <span class='ocrx_word' id='word_1_568' title='bbox 1710 4717 1850 4768; x_wconf 83' lang='lat' dir='ltr'><strong>esse,</strong></span> 
     </span>
    </p>
   </div>
   <div class='ocr_carea' id='block_1_81' title="bbox 288 4867 1854 4993">
    <p class='ocr_par' dir='ltr' id='par_1_81' title="bbox 288 4867 1854 4993">
     <span class='ocr_line' id='line_1_81' title="bbox 288 4867 1854 4993; baseline 0.01 -72"><span class='ocrx_word' id='word_1_569' title='bbox 288 4867 566 4993; x_wconf 46' lang='grc' dir='ltr'><strong>ιᾶίὲὅέΡ.</strong></span> <span class='ocrx_word' id='word_1_570' title='bbox 635 4868 761 4934; x_wconf 69' lang='grc'><strong>216,</strong></span> <span class='ocrx_word' id='word_1_571' title='bbox 806 4879 937 4926; x_wconf 91' lang='lat' dir='ltr'><strong>tom.</strong></span> <span class='ocrx_word' id='word_1_572' title='bbox 975 4870 1014 4926; x_wconf 87' lang='lat' dir='ltr'><strong>Il</strong></span> <span class='ocrx_word' id='word_1_573' title='bbox 1046 4875 1301 4931; x_wconf 83' lang='lat' dir='ltr'><strong>editionis</strong></span> <span class='ocrx_word' id='word_1_574' title='bbox 1351 4877 1658 4933; x_wconf 74' lang='lat' dir='ltr'><strong>novissima:</strong></span> <span class='ocrx_word' id='word_1_575' title='bbox 1691 4879 1752 4935; x_wconf 88' lang='lat' dir='ltr'><strong><em>D,</em></strong></span> <span class='ocrx_word' id='word_1_576' title='bbox 1785 4881 1854 4937; x_wconf 85' lang='lat' dir='ltr'><strong>de</strong></span> 
     </span>
     <span class='ocr_line' id='line_1_82' title="bbox 426 4956 508 4992; baseline 0.012 -1"><span class='ocrx_word' id='word_1_577' title='bbox 426 4956 454 4991; x_wconf 93' lang='lat' dir='ltr'><strong>u</strong></span> <span class='ocrx_word' id='word_1_578' title='bbox 496 4981 508 4992; x_wconf 93' lang='lat'><strong>.</strong></span> 
     </span>
    </p>
   </div>
   <div class='ocr_carea' id='block_1_82' title="bbox 311 4955 508 4994">
    <p class='ocr_par' dir='ltr' id='par_1_82' title="bbox 311 4955 508 4994">
     <span class='ocr_line' id='line_1_83' title="bbox 311 4955 508 4994; baseline -0.01 0"><span class='ocrx_word' id='word_1_579' title='bbox 311 4955 341 4994; x_wconf 67' lang='grc' dir='ltr'><strong>ἃ</strong></span> <span class='ocrx_word' id='word_1_580' title='bbox 374 4955 508 4994; x_wconf 78' lang='lat' dir='ltr'><strong>nuc.</strong></span> 
     </span>
    </p>
   </div>
   <div class='ocr_carea' id='block_1_83' title="bbox 358 5009 1852 5090">
    <p class='ocr_par' dir='ltr' id='par_1_83' title="bbox 358 5009 1852 5090">
     <span class='ocr_line' id='line_1_84' title="bbox 358 5009 1852 5090; baseline 0.01 -28"><span class='ocrx_word' id='word_1_581' title='bbox 358 5009 470 5090; x_wconf 68' lang='lat'><strong>(34)</strong></span> <span class='ocrx_word' id='word_1_582' title='bbox 503 5010 639 5090; x_wconf 69' lang='lat' dir='ltr'><strong>Cum</strong></span> <span class='ocrx_word' id='word_1_583' title='bbox 680 5013 880 5090; x_wconf 75' lang='lat' dir='ltr'><strong>quibus</strong></span> <span class='ocrx_word' id='word_1_584' title='bbox 905 5014 1065 5090; x_wconf 77' lang='lat' dir='ltr'><strong>etiam</strong></span> <span class='ocrx_word' id='word_1_585' title='bbox 1097 5015 1332 5090; x_wconf 79' lang='lat' dir='ltr'><strong>conferri</strong></span> <span class='ocrx_word' id='word_1_586' title='bbox 1363 5031 1591 5090; x_wconf 84' lang='lat' dir='ltr'><strong>possunt</strong></span> <span class='ocrx_word' id='word_1_587' title='bbox 1614 5035 1698 5082; x_wconf 87' lang='lat' dir='ltr'><strong>ea,</strong></span> <span class='ocrx_word' id='word_1_588' title='bbox 1731 5037 1852 5090; x_wconf 65' lang='lat' dir='ltr'><strong>qua:</strong></span> 
     </span>
    </p>
   </div>
   <div class='ocr_carea' id='block_1_84' title="bbox 286 5079 1848 5158">
    <p class='ocr_par' dir='ltr' id='par_1_84' title="bbox 286 5079 1848 5158">
     <span class='ocr_line' id='line_1_85' title="bbox 286 5079 1848 5158; baseline 0.008 -25"><span class='ocrx_word' id='word_1_589' title='bbox 286 5079 547 5158; x_wconf 57' lang='lat' dir='ltr'><strong>Origenes</strong></span> <span class='ocrx_word' id='word_1_590' title='bbox 580 5079 758 5158; x_wconf 75' lang='lat' dir='ltr'><strong>lih._iv</strong></span> <span class='ocrx_word' id='word_1_591' title='bbox 783 5084 985 5158; x_wconf 75' lang='lat' dir='ltr'><strong><em>_Contra</em></strong></span> <span class='ocrx_word' id='word_1_592' title='bbox 1016 5085 1223 5144; x_wconf 87' lang='lat' dir='ltr'><strong><em>Celsum</em></strong></span> <span class='ocrx_word' id='word_1_593' title='bbox 1267 5079 1519 5156; x_wconf 78' lang='lat' dir='ltr'><strong>scripsit,</strong></span> <span class='ocrx_word' id='word_1_594' title='bbox 1562 5079 1714 5145; x_wconf 83' lang='lat' dir='ltr'><strong>num.</strong></span> <span class='ocrx_word' id='word_1_595' title='bbox 1749 5079 1848 5158; x_wconf 83' lang='grc' dir='ltr'><strong>ἰο,</strong></span> 
     </span>
    </p>
   </div>
   <div class='ocr_carea' id='block_1_85' title="bbox 282 5099 983 5220">
    <p class='ocr_par' dir='ltr' id='par_1_85' title="bbox 282 5099 983 5220">
     <span class='ocr_line' id='line_1_86' title="bbox 286 5099 983 5203; baseline 0.006 -69"><span class='ocrx_word' id='word_1_596' title='bbox 286 5099 547 5203; x_wconf 58' lang='grc' dir='ltr'>υτιξμιιρδ</span> <span class='ocrx_word' id='word_1_597' title='bbox 580 5099 671 5135; x_wconf 80' lang='grc' dir='ltr'>ιιι).</span> <span class='ocrx_word' id='word_1_598' title='bbox 707 5099 758 5136; x_wconf 85' lang='lat' dir='ltr'><strong>Iv</strong></span> <span class='ocrx_word' id='word_1_599' title='bbox 784 5099 983 5138; x_wconf 60' lang='lat' dir='ltr'><strong>natura</strong></span> 
     </span>
     <span class='ocr_line' id='line_1_87' title="bbox 282 5152 983 5220; baseline 0.006 -16"><span class='ocrx_word' id='word_1_600' title='bbox 282 5166 338 5220; x_wconf 89' lang='lat' dir='ltr'><strong>p.</strong></span> <span class='ocrx_word' id='word_1_601' title='bbox 377 5186 392 5203; x_wconf 79' lang='grc' dir='ltr'>ι</span> <span class='ocrx_word' id='word_1_602' title='bbox 414 5152 503 5215; x_wconf 73' lang='grc'><strong>55,</strong></span> <span class='ocrx_word' id='word_1_603' title='bbox 528 5161 660 5206; x_wconf 85' lang='lat' dir='ltr'><strong>toni.</strong></span> <span class='ocrx_word' id='word_1_604' title='bbox 687 5155 707 5206; x_wconf 92' lang='grc' dir='ltr'>Ι</span> <span class='ocrx_word' id='word_1_605' title='bbox 733 5154 862 5208; x_wconf 85' lang='lat' dir='ltr'><strong>edit.</strong></span> <span class='ocrx_word' id='word_1_606' title='bbox 892 5157 983 5208; x_wconf 89' lang='lat' dir='ltr'><strong>cit.</strong></span> 
     </span>
    </p>
   </div>
   <div class='ocr_carea' id='block_1_86' title="bbox 355 5221 1850 5294">
    <p class='ocr_par' dir='ltr' id='par_1_86' title="bbox 355 5221 1850 5294">
     <span class='ocr_line' id='line_1_88' title="bbox 355 5221 1850 5294; baseline 0.01 -21"><span class='ocrx_word' id='word_1_607' title='bbox 355 5221 472 5294; x_wconf 79' lang='lat'><strong>(&#39;55)</strong></span> <span class='ocrx_word' id='word_1_608' title='bbox 519 5221 770 5278; x_wconf 81' lang='lat' dir='ltr'><strong>Diversas</strong></span> <span class='ocrx_word' id='word_1_609' title='bbox 825 5225 1192 5294; x_wconf 87' lang='lat' dir='ltr'><strong>antiquiorum</strong></span> <span class='ocrx_word' id='word_1_610' title='bbox 1263 5227 1483 5281; x_wconf 82' lang='lat' dir='ltr'><strong>Patrum</strong></span> <span class='ocrx_word' id='word_1_611' title='bbox 1551 5233 1850 5288; x_wconf 87' lang='lat' dir='ltr'><strong>sententias</strong></span> 
     </span>
    </p>
   </div>
   <div class='ocr_carea' id='block_1_87' title="bbox 283 5293 1848 5373">
    <p class='ocr_par' dir='ltr' id='par_1_87' title="bbox 283 5293 1848 5373">
     <span class='ocr_line' id='line_1_89' title="bbox 283 5293 1848 5373; baseline 0.008 -29"><span class='ocrx_word' id='word_1_612' title='bbox 283 5293 430 5373; x_wconf 74' lang='lat' dir='ltr'><strong>circa</strong></span> <span class='ocrx_word' id='word_1_613' title='bbox 463 5293 606 5373; x_wconf 78' lang='lat' dir='ltr'><strong>hunc</strong></span> <span class='ocrx_word' id='word_1_614' title='bbox 631 5295 846 5373; x_wconf 67' lang='lat' dir='ltr'><strong>locum,</strong></span> <span class='ocrx_word' id='word_1_615' title='bbox 877 5293 1110 5365; x_wconf 85' lang='lat' dir='ltr'><strong>quorum</strong></span> <span class='ocrx_word' id='word_1_616' title='bbox 1137 5298 1228 5350; x_wconf 91' lang='lat' dir='ltr'><strong>alii</strong></span> <span class='ocrx_word' id='word_1_617' title='bbox 1262 5313 1354 5373; x_wconf 83' lang='lat' dir='ltr'><strong>per</strong></span> <span class='ocrx_word' id='word_1_618' title='bbox 1384 5298 1613 5373; x_wconf 76' lang='grc' dir='ltr'>χιτῴνας</span> <span class='ocrx_word' id='word_1_619' title='bbox 1644 5301 1848 5373; x_wconf 84' lang='grc' dir='ltr'>δερμα-</span> 
     </span>
    </p>
   </div>
   <div class='ocr_carea' id='block_1_88' title="bbox 281 5363 1844 5434">
    <p class='ocr_par' dir='ltr' id='par_1_88' title="bbox 281 5363 1844 5434">
     <span class='ocr_line' id='line_1_90' title="bbox 281 5363 1844 5434; baseline 0.008 -19"><span class='ocrx_word' id='word_1_620' title='bbox 281 5363 464 5434; x_wconf 57' lang='lat' dir='ltr'><strong><em>alveo;</em></strong></span> <span class='ocrx_word' id='word_1_621' title='bbox 516 5364 823 5434; x_wconf 75' lang='lat' dir='ltr'><strong>intelligunt</strong></span> <span class='ocrx_word' id='word_1_622' title='bbox 864 5363 1080 5421; x_wconf 77' lang='lat' dir='ltr'><strong>carnem</strong></span> <span class='ocrx_word' id='word_1_623' title='bbox 1133 5363 1436 5430; x_wconf 79' lang='lat' dir='ltr'><strong>lnortaleiii,</strong></span> <span class='ocrx_word' id='word_1_624' title='bbox 1467 5370 1558 5423; x_wconf 91' lang='lat' dir='ltr'><strong>alii</strong></span> <span class='ocrx_word' id='word_1_625' title='bbox 1588 5363 1844 5427; x_wconf 69' lang='lat' dir='ltr'><strong>arlnirum</strong></span> 
     </span>
    </p>
   </div>
   <div class='ocr_carea' id='block_1_89' title="bbox 285 5433 1848 5508">
    <p class='ocr_par' dir='ltr' id='par_1_89' title="bbox 285 5433 1848 5508">
     <span class='ocr_line' id='line_1_91' title="bbox 285 5433 1848 5508; baseline 0.009 -23"><span class='ocrx_word' id='word_1_626' title='bbox 285 5433 542 5508; x_wconf 69' lang='lat' dir='ltr'><strong>cortices,</strong></span> <span class='ocrx_word' id='word_1_627' title='bbox 581 5435 671 5508; x_wconf 84' lang='lat' dir='ltr'><strong>alii</strong></span> <span class='ocrx_word' id='word_1_628' title='bbox 694 5433 1092 5508; x_wconf 81' lang='lat' dir='ltr'><strong>mortalitatem</strong></span> <span class='ocrx_word' id='word_1_629' title='bbox 1129 5440 1322 5508; x_wconf 85' lang='lat' dir='ltr'><strong>ipsam,</strong></span> <span class='ocrx_word' id='word_1_630' title='bbox 1356 5437 1443 5490; x_wconf 89' lang='lat' dir='ltr'><strong>alii</strong></span> <span class='ocrx_word' id='word_1_631' title='bbox 1477 5455 1604 5496; x_wconf 89' lang='lat' dir='ltr'><strong>vero</strong></span> <span class='ocrx_word' id='word_1_632' title='bbox 1635 5447 1848 5499; x_wconf 85' lang='lat' dir='ltr'><strong>tunicas</strong></span> 
     </span>
    </p>
   </div>
   <div class='ocr_carea' id='block_1_90' title="bbox 283 5503 1850 5581">
    <p class='ocr_par' dir='ltr' id='par_1_90' title="bbox 283 5503 1850 5581">
     <span class='ocr_line' id='line_1_92' title="bbox 283 5503 1850 5581; baseline 0.01 -27"><span class='ocrx_word' id='word_1_633' title='bbox 283 5503 542 5581; x_wconf 70' lang='lat' dir='ltr'><strong>pollicens</strong></span> <span class='ocrx_word' id='word_1_634' title='bbox 582 5503 751 5581; x_wconf 53' lang='lat' dir='ltr'><strong>juxta</strong></span> <span class='ocrx_word' id='word_1_635' title='bbox 788 5507 1018 5561; x_wconf 85' lang='lat' dir='ltr'><strong>litteram</strong></span> <span class='ocrx_word' id='word_1_636' title='bbox 1075 5503 1524 5581; x_wconf 67' lang='lat' dir='ltr'><strong>interpretantur,</strong></span> <span class='ocrx_word' id='word_1_637' title='bbox 1577 5515 1850 5581; x_wconf 79' lang='lat' dir='ltr'><strong>congessit</strong></span> 
     </span>
    </p>
   </div>
   <div class='ocr_carea' id='block_1_91' title="bbox 287 5573 1843 5654">
    <p class='ocr_par' dir='ltr' id='par_1_91' title="bbox 287 5573 1843 5654">
     <span class='ocr_line' id='line_1_93' title="bbox 287 5573 1843 5654; baseline 0.008 -29"><span class='ocrx_word' id='word_1_638' title='bbox 287 5573 548 5654; x_wconf 45' lang='lat' dir='ltr'><strong>.‘S‘uic‘erus</strong></span> <span class='ocrx_word' id='word_1_639' title='bbox 588 5573 956 5654; x_wconf 48' lang='lat' dir='ltr'><strong>iuAThesauro</strong></span> <span class='ocrx_word' id='word_1_640' title='bbox 997 5573 1332 5654; x_wconf 29' lang='lat' dir='ltr'><strong>ecglesasu‘b</strong></span> <span class='ocrx_word' id='word_1_641' title='bbox 1357 5573 1521 5654; x_wconf 15' lang='lat' dir='ltr'><strong>Avoce&#39;</strong></span> <span class='ocrx_word' id='word_1_642' title='bbox 1546 5573 1745 5651; x_wconf 72' lang='grc' dir='ltr'><strong>χιτώῖο,</strong></span> <span class='ocrx_word' id='word_1_643' title='bbox 1790 5600 1843 5654; x_wconf 88' lang='lat' dir='ltr'><strong>p.</strong></span> 
     </span>
    </p>
   </div>
   <div class='ocr_carea' id='block_1_92' title="bbox 287 5643 1842 5720">
    <p class='ocr_par' dir='ltr' id='par_1_92' title="bbox 287 5643 1842 5720">
     <span class='ocr_line' id='line_1_94' title="bbox 287 5643 1842 5720; baseline 0.009 -26"><span class='ocrx_word' id='word_1_644' title='bbox 287 5643 427 5696; x_wconf 81' lang='grc'><strong>1518</strong></span> <span class='ocrx_word' id='word_1_645' title='bbox 452 5659 605 5720; x_wconf 81' lang='lat' dir='ltr'><strong>seqq.</strong></span> <span class='ocrx_word' id='word_1_646' title='bbox 638 5646 812 5720; x_wconf 77' lang='lat' dir='ltr'><strong>_Conl‘.</strong></span> <span class='ocrx_word' id='word_1_647' title='bbox 846 5648 1008 5702; x_wconf 90' lang='lat' dir='ltr'><strong>etiam</strong></span> <span class='ocrx_word' id='word_1_648' title='bbox 1039 5647 1233 5720; x_wconf 89' lang='lat' dir='ltr'><strong>_lluetii</strong></span> <span class='ocrx_word' id='word_1_649' title='bbox 1270 5643 1610 5720; x_wconf 73' lang='lat' dir='ltr'><strong><em>Origcnimia,</em></strong></span> <span class='ocrx_word' id='word_1_650' title='bbox 1655 5643 1746 5708; x_wconf 49' lang='lat' dir='ltr'><strong>lih&#39;.</strong></span> <span class='ocrx_word' id='word_1_651' title='bbox 1784 5643 1842 5719; x_wconf 90' lang='grc' dir='ltr'><strong>ιί,</strong></span> 
     </span>
    </p>
   </div>
   <div class='ocr_carea' id='block_1_93' title="bbox 285 5715 1080 5787">
    <p class='ocr_par' dir='ltr' id='par_1_93' title="bbox 285 5715 1080 5787">
     <span class='ocr_line' id='line_1_95' title="bbox 285 5715 1080 5787; baseline 0.014 -24"><span class='ocrx_word' id='word_1_652' title='bbox 285 5723 478 5787; x_wconf 56' lang='lat' dir='ltr'><strong>quaest.</strong></span> <span class='ocrx_word' id='word_1_653' title='bbox 510 5715 594 5787; x_wconf 58' lang='lat'><strong>1:2,</strong></span> <span class='ocrx_word' id='word_1_654' title='bbox 633 5716 661 5787; x_wconf 84' lang='lat'>§</span> <span class='ocrx_word' id='word_1_655' title='bbox 691 5717 744 5778; x_wconf 90' lang='lat'><strong>8,</strong></span> <span class='ocrx_word' id='word_1_656' title='bbox 783 5733 834 5784; x_wconf 89' lang='lat' dir='ltr'><strong>p.</strong></span> <span class='ocrx_word' id='word_1_657' title='bbox 859 5735 934 5772; x_wconf 89' lang='grc' dir='ltr'>ιιι.</span> <span class='ocrx_word' id='word_1_658' title='bbox 961 5718 1080 5773; x_wconf 89' lang='grc'><strong>168.</strong></span> 
     </span>
    </p>
   </div>
   <div class='ocr_carea' id='block_1_94' title="bbox 357 5784 1840 5858">
    <p class='ocr_par' dir='ltr' id='par_1_94' title="bbox 357 5784 1840 5858">
     <span class='ocr_line' id='line_1_96' title="bbox 357 5784 1840 5858; baseline 0.009 -20"><span class='ocrx_word' id='word_1_659' title='bbox 357 5784 466 5858; x_wconf 82' lang='grc'><strong>(56)</strong></span> <span class='ocrx_word' id='word_1_660' title='bbox 521 5784 692 5853; x_wconf 73' lang='lat' dir='ltr'><strong>Quain</strong></span> <span class='ocrx_word' id='word_1_661' title='bbox 743 5789 1059 5844; x_wconf 79' lang='lat' dir='ltr'><strong>sententiam</strong></span> <span class='ocrx_word' id='word_1_662' title='bbox 1096 5795 1230 5846; x_wconf 84' lang='lat' dir='ltr'><strong>inter</strong></span> <span class='ocrx_word' id='word_1_663' title='bbox 1266 5795 1595 5851; x_wconf 84' lang='lat' dir='ltr'><strong>recentiores</strong></span> <span class='ocrx_word' id='word_1_664' title='bbox 1647 5796 1840 5851; x_wconf 87' lang='lat' dir='ltr'><strong>iterum</strong></span> 
     </span>
    </p>
   </div>
   <div class='ocr_carea' id='block_1_95' title="bbox 1960 3213 3529 3286">
    <p class='ocr_par' dir='ltr' id='par_1_95' title="bbox 1960 3213 3529 3286">
     <span class='ocr_line' id='line_1_97' title="bbox 1960 3213 3529 3286; baseline 0.003 -19"><span class='ocrx_word' id='word_1_665' title='bbox 1960 3213 2178 3276; x_wconf 87' lang='lat' dir='ltr'><strong>damur,</strong></span> <span class='ocrx_word' id='word_1_666' title='bbox 2210 3229 2468 3268; x_wconf 90' lang='lat' dir='ltr'><strong>carneum</strong></span> <span class='ocrx_word' id='word_1_667' title='bbox 2501 3229 2702 3284; x_wconf 90' lang='lat' dir='ltr'><strong>corpus</strong></span> <span class='ocrx_word' id='word_1_668' title='bbox 2733 3215 3048 3286; x_wconf 86' lang='lat' dir='ltr'><strong>indigitans.</strong></span> <span class='ocrx_word' id='word_1_669' title='bbox 3080 3215 3379 3272; x_wconf 86' lang='lat' dir='ltr'><strong>luoleverat</strong></span> <span class='ocrx_word' id='word_1_670' title='bbox 3406 3217 3529 3286; x_wconf 87' lang='lat' dir='ltr'><strong>qui-</strong></span> 
     </span>
    </p>
   </div>
   <div class='ocr_carea' id='block_1_96' title="bbox 1959 3304 3529 3378">
    <p class='ocr_par' dir='ltr' id='par_1_96' title="bbox 1959 3304 3529 3378">
     <span class='ocr_line' id='line_1_98' title="bbox 1959 3304 3529 3378; baseline 0.003 -19"><span class='ocrx_word' id='word_1_671' title='bbox 1959 3305 2080 3359; x_wconf 91' lang='lat' dir='ltr'><strong>dem</strong></span> <span class='ocrx_word' id='word_1_672' title='bbox 2114 3304 2227 3373; x_wconf 87' lang='lat' dir='ltr'><strong>jam</strong></span> <span class='ocrx_word' id='word_1_673' title='bbox 2263 3305 2402 3360; x_wconf 87' lang='lat' dir='ltr'><strong>inter</strong></span> <span class='ocrx_word' id='word_1_674' title='bbox 2420 3305 2834 3374; x_wconf 84' lang='lat' dir='ltr'><strong>antiquissimos</strong></span> <span class='ocrx_word' id='word_1_675' title='bbox 2868 3309 3153 3364; x_wconf 67' lang='lat' dir='ltr'><strong>hazreticos</strong></span> <span class='ocrx_word' id='word_1_676' title='bbox 3176 3310 3276 3364; x_wconf 89' lang='lat' dir='ltr'><strong>ista</strong></span> <span class='ocrx_word' id='word_1_677' title='bbox 3311 3310 3529 3378; x_wconf 68' lang='lat' dir='ltr'><strong>eXposi-</strong></span> 
     </span>
    </p>
   </div>
   <div class='ocr_carea' id='block_1_97' title="bbox 1959 3395 3532 3470">
    <p class='ocr_par' dir='ltr' id='par_1_97' title="bbox 1959 3395 3532 3470">
     <span class='ocr_line' id='line_1_99' title="bbox 1959 3395 3532 3470; baseline 0.003 -20"><span class='ocrx_word' id='word_1_678' title='bbox 1959 3396 2055 3458; x_wconf 89' lang='lat' dir='ltr'><strong>tio,</strong></span> <span class='ocrx_word' id='word_1_679' title='bbox 2084 3411 2245 3464; x_wconf 88' lang='lat' dir='ltr'><strong>quam</strong></span> <span class='ocrx_word' id='word_1_680' title='bbox 2279 3395 2335 3450; x_wconf 89' lang='lat' dir='ltr'><strong>in</strong></span> <span class='ocrx_word' id='word_1_681' title='bbox 2359 3395 2856 3456; x_wconf 85' lang='lat' dir='ltr'><strong>Valentinianorum</strong></span> <span class='ocrx_word' id='word_1_682' title='bbox 2884 3401 3163 3455; x_wconf 90' lang='lat' dir='ltr'><strong>erroribus</strong></span> <span class='ocrx_word' id='word_1_683' title='bbox 3188 3399 3532 3470; x_wconf 86' lang='lat' dir='ltr'><strong>reprehendit</strong></span> 
     </span>
    </p>
   </div>
   <div class='ocr_carea' id='block_1_98' title="bbox 1957 3485 3530 3560">
    <p class='ocr_par' dir='ltr' id='par_1_98' title="bbox 1957 3485 3530 3560">
     <span class='ocr_line' id='line_1_100' title="bbox 1957 3485 3530 3560; baseline 0.004 -21"><span class='ocrx_word' id='word_1_684' title='bbox 1957 3485 2192 3540; x_wconf 72' lang='lat' dir='ltr'><strong>lrenazus</strong></span> <span class='ocrx_word' id='word_1_685' title='bbox 2221 3485 2366 3556; x_wconf 84' lang='grc'><strong>(57),</strong></span> <span class='ocrx_word' id='word_1_686' title='bbox 2398 3485 2766 3544; x_wconf 86' lang='lat' dir='ltr'><strong>&#39;l‘ertullianus</strong></span> <span class='ocrx_word' id='word_1_687' title='bbox 2807 3490 2951 3560; x_wconf 83' lang='lat'><strong>(58),</strong></span> <span class='ocrx_word' id='word_1_688' title='bbox 3002 3491 3255 3547; x_wconf 86' lang='lat' dir='ltr'><strong>Clemens</strong></span> <span class='ocrx_word' id='word_1_689' title='bbox 3293 3493 3530 3546; x_wconf 81' lang='lat' dir='ltr'><strong>Alexan-</strong></span> 
     </span>
    </p>
   </div>
   <div class='ocr_carea' id='block_1_99' title="bbox 1959 3576 3526 3652">
    <p class='ocr_par' dir='ltr' id='par_1_99' title="bbox 1959 3576 3526 3652">
     <span class='ocr_line' id='line_1_101' title="bbox 1959 3576 3526 3652; baseline 0.004 -21"><span class='ocrx_word' id='word_1_690' title='bbox 1959 3576 2150 3631; x_wconf 90' lang='lat' dir='ltr'><strong>drinus</strong></span> <span class='ocrx_word' id='word_1_691' title='bbox 2182 3577 2316 3647; x_wconf 77' lang='lat'><strong>(39),</strong></span> <span class='ocrx_word' id='word_1_692' title='bbox 2359 3578 2558 3647; x_wconf 89' lang='lat' dir='ltr'><strong>aliique</strong></span> <span class='ocrx_word' id='word_1_693' title='bbox 2609 3579 2677 3634; x_wconf 92' lang='lat' dir='ltr'><strong>ab</strong></span> <span class='ocrx_word' id='word_1_694' title='bbox 2709 3579 2903 3636; x_wconf 89' lang='lat' dir='ltr'><strong>Huetio</strong></span> <span class='ocrx_word' id='word_1_695' title='bbox 2952 3583 3002 3636; x_wconf 91' lang='lat' dir='ltr'><strong>in</strong></span> <span class='ocrx_word' id='word_1_696' title='bbox 3035 3581 3393 3652; x_wconf 88' lang='lat' dir='ltr'><strong><em>Origenianis,</em></strong></span> <span class='ocrx_word' id='word_1_697' title='bbox 3419 3584 3526 3637; x_wconf 90' lang='lat' dir='ltr'><strong>loc.</strong></span> 
     </span>
    </p>
   </div>
   <div class='ocr_carea' id='block_1_100' title="bbox 1957 3664 3530 3742">
    <p class='ocr_par' dir='ltr' id='par_1_100' title="bbox 1957 3664 3530 3742">
     <span class='ocr_line' id='line_1_102' title="bbox 1957 3664 3530 3742; baseline 0.003 -20"><span class='ocrx_word' id='word_1_698' title='bbox 1957 3666 2052 3722; x_wconf 92' lang='lat' dir='ltr'><strong>cit.</strong></span> <span class='ocrx_word' id='word_1_699' title='bbox 2076 3673 2129 3722; x_wconf 88' lang='lat' dir='ltr'><strong>et</strong></span> <span class='ocrx_word' id='word_1_700' title='bbox 2148 3664 2196 3720; x_wconf 80' lang='grc' dir='ltr'>ι.</span> <span class='ocrx_word' id='word_1_701' title='bbox 2216 3664 2351 3724; x_wconf 82' lang='lat' dir='ltr'><strong>Rod.</strong></span> <span class='ocrx_word' id='word_1_702' title='bbox 2371 3667 2672 3727; x_wconf 79' lang='lat' dir='ltr'><strong>Wetstenio</strong></span> <span class='ocrx_word' id='word_1_703' title='bbox 2691 3675 2743 3728; x_wconf 93' lang='lat' dir='ltr'><strong>in</strong></span> <span class='ocrx_word' id='word_1_704' title='bbox 2770 3675 2917 3728; x_wconf 88' lang='lat' dir='ltr'><strong>notis</strong></span> <span class='ocrx_word' id='word_1_705' title='bbox 2951 3675 3014 3728; x_wconf 82' lang='lat' dir='ltr'><strong>ad</strong></span> <span class='ocrx_word' id='word_1_706' title='bbox 3047 3673 3296 3742; x_wconf 83' lang='lat' dir='ltr'><strong>Origenis</strong></span> <span class='ocrx_word' id='word_1_707' title='bbox 3344 3674 3530 3728; x_wconf 86' lang='lat' dir='ltr'><strong><em>Dialo-</em></strong></span> 
     </span>
    </p>
   </div>
   <div class='ocr_carea' id='block_1_101' title="bbox 1959 3760 3527 3834">
    <p class='ocr_par' dir='ltr' id='par_1_101' title="bbox 1959 3760 3527 3834">
     <span class='ocr_line' id='line_1_103' title="bbox 1959 3760 3527 3834; baseline 0.003 -21"><span class='ocrx_word' id='word_1_708' title='bbox 1959 3776 2082 3829; x_wconf 85' lang='lat' dir='ltr'><strong><em>gum</em></strong></span> <span class='ocrx_word' id='word_1_709' title='bbox 2123 3770 2305 3813; x_wconf 85' lang='lat' dir='ltr'><strong><em>contra</em></strong></span> <span class='ocrx_word' id='word_1_710' title='bbox 2337 3760 2708 3824; x_wconf 80' lang='lat' dir='ltr'><strong><em>Marcionitas,</em></strong></span> <span class='ocrx_word' id='word_1_711' title='bbox 2755 3778 2808 3833; x_wconf 80' lang='lat' dir='ltr'><strong>p.</strong></span> <span class='ocrx_word' id='word_1_712' title='bbox 2833 3763 2902 3817; x_wconf 88' lang='lat'><strong>88</strong></span> <span class='ocrx_word' id='word_1_713' title='bbox 2932 3767 3357 3834; x_wconf 79' lang='lat' dir='ltr'><strong>seqq.,excitati.</strong></span> <span class='ocrx_word' id='word_1_714' title='bbox 3391 3766 3527 3831; x_wconf 83' lang='lat' dir='ltr'><strong>Qui-</strong></span> 
     </span>
    </p>
   </div>
   <div class='ocr_carea' id='block_1_102' title="bbox 1957 3849 3526 3922">
    <p class='ocr_par' dir='ltr' id='par_1_102' title="bbox 1957 3849 3526 3922">
     <span class='ocr_line' id='line_1_104' title="bbox 1957 3849 3526 3922; baseline 0.003 -18"><span class='ocrx_word' id='word_1_715' title='bbox 1957 3849 2061 3905; x_wconf 87' lang='lat' dir='ltr'><strong>bus</strong></span> <span class='ocrx_word' id='word_1_716' title='bbox 2106 3865 2251 3904; x_wconf 90' lang='lat' dir='ltr'><strong>nunc</strong></span> <span class='ocrx_word' id='word_1_717' title='bbox 2279 3850 2468 3904; x_wconf 87' lang='lat' dir='ltr'><strong>saltem</strong></span> <span class='ocrx_word' id='word_1_718' title='bbox 2509 3851 2782 3917; x_wconf 84' lang='lat' dir='ltr'><strong>addimus,</strong></span> <span class='ocrx_word' id='word_1_719' title='bbox 2822 3852 3144 3922; x_wconf 89' lang='lat' dir='ltr'><strong>Procopium</strong></span> <span class='ocrx_word' id='word_1_720' title='bbox 3174 3852 3425 3908; x_wconf 64' lang='lat' dir='ltr'><strong>Gazwum</strong></span> <span class='ocrx_word' id='word_1_721' title='bbox 3470 3854 3526 3908; x_wconf 89' lang='lat' dir='ltr'><strong>in</strong></span> 
     </span>
    </p>
   </div>
   <div class='ocr_carea' id='block_1_103' title="bbox 1957 3941 3526 4016">
    <p class='ocr_par' dir='ltr' id='par_1_103' title="bbox 1957 3941 3526 4016">
     <span class='ocr_line' id='line_1_105' title="bbox 1957 3941 3526 4016; baseline 0.003 -20"><span class='ocrx_word' id='word_1_722' title='bbox 1957 3955 2155 3996; x_wconf 91' lang='lat' dir='ltr'><strong>comm.</strong></span> <span class='ocrx_word' id='word_1_723' title='bbox 2196 3941 2263 3996; x_wconf 90' lang='lat' dir='ltr'><strong>ad</strong></span> <span class='ocrx_word' id='word_1_724' title='bbox 2295 3956 2415 4011; x_wconf 88' lang='lat' dir='ltr'><strong>cap.</strong></span> <span class='ocrx_word' id='word_1_725' title='bbox 2442 3957 2501 3996; x_wconf 94' lang='grc' dir='ltr'><strong>ιιι</strong></span> <span class='ocrx_word' id='word_1_726' title='bbox 2527 3941 2821 4009; x_wconf 84' lang='lat' dir='ltr'><strong>Geneseos,</strong></span> <span class='ocrx_word' id='word_1_727' title='bbox 2852 3945 3014 3999; x_wconf 90' lang='lat' dir='ltr'><strong>etiam</strong></span> <span class='ocrx_word' id='word_1_728' title='bbox 3041 3944 3240 4003; x_wconf 80' lang='lat' dir='ltr'><strong>Justini</strong></span> <span class='ocrx_word' id='word_1_729' title='bbox 3273 3947 3526 4016; x_wconf 80' lang='lat' dir='ltr'><strong>martyris</strong></span> 
     </span>
    </p>
   </div>
   <div class='ocr_carea' id='block_1_104' title="bbox 1955 4031 3525 4093">
    <p class='ocr_par' dir='ltr' id='par_1_104' title="bbox 1955 4031 3525 4093">
     <span class='ocr_line' id='line_1_106' title="bbox 1955 4031 3525 4093; baseline 0.001 -5"><span class='ocrx_word' id='word_1_730' title='bbox 1955 4033 2256 4088; x_wconf 86' lang='lat' dir='ltr'><strong>orationem</strong></span> <span class='ocrx_word' id='word_1_731' title='bbox 2300 4031 2378 4088; x_wconf 90' lang='lat' dir='ltr'><strong><em>De</em></strong></span> <span class='ocrx_word' id='word_1_732' title='bbox 2423 4041 2798 4090; x_wconf 82' lang='lat' dir='ltr'><strong><em>resurrectione</em></strong></span> <span class='ocrx_word' id='word_1_733' title='bbox 2838 4037 2980 4092; x_wconf 88' lang='lat' dir='ltr'><strong>inter</strong></span> <span class='ocrx_word' id='word_1_734' title='bbox 3026 4037 3129 4093; x_wconf 90' lang='lat' dir='ltr'><strong>ista</strong></span> <span class='ocrx_word' id='word_1_735' title='bbox 3158 4037 3260 4092; x_wconf 89' lang='lat' dir='ltr'><strong>SS.</strong></span> <span class='ocrx_word' id='word_1_736' title='bbox 3302 4037 3525 4092; x_wconf 88' lang='lat' dir='ltr'><strong>Patrum</strong></span> 
     </span>
    </p>
   </div>
   <div class='ocr_carea' id='block_1_105' title="bbox 1955 4123 3526 4197">
    <p class='ocr_par' dir='ltr' id='par_1_105' title="bbox 1955 4123 3526 4197">
     <span class='ocr_line' id='line_1_107' title="bbox 1955 4123 3526 4197; baseline 0.003 -19"><span class='ocrx_word' id='word_1_737' title='bbox 1955 4132 2307 4190; x_wconf 83' lang='lat' dir='ltr'><strong>monumenta</strong></span> <span class='ocrx_word' id='word_1_738' title='bbox 2354 4123 2576 4191; x_wconf 85' lang='lat' dir='ltr'><strong>referre,</strong></span> <span class='ocrx_word' id='word_1_739' title='bbox 2629 4127 2830 4197; x_wconf 89' lang='lat' dir='ltr'><strong>quibus</strong></span> <span class='ocrx_word' id='word_1_740' title='bbox 2875 4128 3094 4182; x_wconf 89' lang='lat' dir='ltr'><strong>inventa</strong></span> <span class='ocrx_word' id='word_1_741' title='bbox 3147 4127 3215 4182; x_wconf 91' lang='lat' dir='ltr'><strong>ab</strong></span> <span class='ocrx_word' id='word_1_742' title='bbox 3258 4127 3526 4183; x_wconf 66' lang='lat' dir='ltr'><strong>haereticis</strong></span> 
     </span>
    </p>
   </div>
   <div class='ocr_carea' id='block_1_106' title="bbox 1955 4217 3527 4288">
    <p class='ocr_par' dir='ltr' id='par_1_106' title="bbox 1955 4217 3527 4288">
     <span class='ocr_line' id='line_1_108' title="bbox 1955 4217 3527 4288; baseline 0.001 -16"><span class='ocrx_word' id='word_1_743' title='bbox 1955 4217 2222 4286; x_wconf 79' lang='lat' dir='ltr'><strong>expositio</strong></span> <span class='ocrx_word' id='word_1_744' title='bbox 2261 4217 2618 4288; x_wconf 87' lang='lat' dir='ltr'><strong>pellicearum</strong></span> <span class='ocrx_word' id='word_1_745' title='bbox 2668 4219 2862 4274; x_wconf 86' lang='lat' dir='ltr'><strong>Adami</strong></span> <span class='ocrx_word' id='word_1_746' title='bbox 2911 4221 3220 4276; x_wconf 87' lang='lat' dir='ltr'><strong>tunicarum</strong></span> <span class='ocrx_word' id='word_1_747' title='bbox 3265 4220 3328 4274; x_wconf 88' lang='lat' dir='ltr'><strong><em>de</em></strong></span> <span class='ocrx_word' id='word_1_748' title='bbox 3369 4236 3527 4274; x_wconf 78' lang='lat' dir='ltr'><strong><em>carne</em></strong></span> 
     </span>
    </p>
   </div>
   <div class='ocr_carea' id='block_1_107' title="bbox 1957 4310 3526 4382">
    <p class='ocr_par' dir='ltr' id='par_1_107' title="bbox 1957 4310 3526 4382">
     <span class='ocr_line' id='line_1_109' title="bbox 1957 4310 3526 4382; baseline 0.002 -18"><span class='ocrx_word' id='word_1_749' title='bbox 1957 4310 2175 4365; x_wconf 83' lang='lat' dir='ltr'><strong><em>humani</em></strong></span> <span class='ocrx_word' id='word_1_750' title='bbox 2207 4311 2440 4381; x_wconf 87' lang='lat' dir='ltr'><strong><em>corporis</em></strong></span> <span class='ocrx_word' id='word_1_751' title='bbox 2465 4311 2709 4380; x_wconf 88' lang='lat' dir='ltr'><strong>rejicitur</strong></span> <span class='ocrx_word' id='word_1_752' title='bbox 2739 4310 2874 4382; x_wconf 79' lang='grc'><strong>(40).</strong></span> <span class='ocrx_word' id='word_1_753' title='bbox 2915 4311 3368 4382; x_wconf 86' lang='lat' dir='ltr'><strong>Quandoquidem</strong></span> <span class='ocrx_word' id='word_1_754' title='bbox 3395 4328 3526 4368; x_wconf 92' lang='lat' dir='ltr'><strong>vero</strong></span> 
     </span>
    </p>
   </div>
   <div class='ocr_carea' id='block_1_108' title="bbox 1957 4399 3526 4469">
    <p class='ocr_par' dir='ltr' id='par_1_108' title="bbox 1957 4399 3526 4469">
     <span class='ocr_line' id='line_1_110' title="bbox 1957 4399 3526 4469; baseline 0.003 -16"><span class='ocrx_word' id='word_1_755' title='bbox 1957 4399 2190 4454; x_wconf 63' lang='lat' dir='ltr'><strong>haeretici</strong></span> <span class='ocrx_word' id='word_1_756' title='bbox 2228 4403 2284 4454; x_wconf 90' lang='lat' dir='ltr'><strong>in</strong></span> <span class='ocrx_word' id='word_1_757' title='bbox 2316 4415 2381 4455; x_wconf 90' lang='lat' dir='ltr'><strong>eo</strong></span> <span class='ocrx_word' id='word_1_758' title='bbox 2417 4415 2604 4455; x_wconf 89' lang='lat' dir='ltr'><strong>errore</strong></span> <span class='ocrx_word' id='word_1_759' title='bbox 2638 4401 3018 4469; x_wconf 85' lang='lat' dir='ltr'><strong>versabantur,</strong></span> <span class='ocrx_word' id='word_1_760' title='bbox 3051 4401 3220 4457; x_wconf 91' lang='lat' dir='ltr'><strong>Deum</strong></span> <span class='ocrx_word' id='word_1_761' title='bbox 3273 4401 3526 4458; x_wconf 78' lang='lat' dir='ltr'><strong>faciendo</strong></span> 
     </span>
    </p>
   </div>
   <div class='ocr_carea' id='block_1_109' title="bbox 1885 4485 3526 4567">
    <p class='ocr_par' dir='ltr' id='par_1_109' title="bbox 1885 4485 3526 4567">
     <span class='ocr_line' id='line_1_111' title="bbox 1885 4485 3526 4567; baseline 0.003 -20"><span class='ocrx_word' id='word_1_762' title='bbox 1885 4485 1932 4540; x_wconf 86' lang='lat' dir='ltr'><strong>D</strong></span> <span class='ocrx_word' id='word_1_763' title='bbox 1959 4492 2275 4549; x_wconf 87' lang='lat' dir='ltr'><strong>hominibus</strong></span> <span class='ocrx_word' id='word_1_764' title='bbox 2311 4493 2528 4549; x_wconf 90' lang='lat' dir='ltr'><strong>tunicas</strong></span> <span class='ocrx_word' id='word_1_765' title='bbox 2555 4493 2810 4564; x_wconf 89' lang='lat' dir='ltr'><strong>pelliceas</strong></span> <span class='ocrx_word' id='word_1_766' title='bbox 2839 4495 3127 4551; x_wconf 88' lang='lat' dir='ltr'><strong>vestivisse</strong></span> <span class='ocrx_word' id='word_1_767' title='bbox 3167 4511 3261 4552; x_wconf 90' lang='lat' dir='ltr'><strong>eos</strong></span> <span class='ocrx_word' id='word_1_768' title='bbox 3289 4496 3526 4567; x_wconf 88' lang='lat' dir='ltr'><strong>primum</strong></span> 
     </span>
    </p>
   </div>
   <div class='ocr_carea' id='block_1_110' title="bbox 1959 4586 3529 4656">
    <p class='ocr_par' dir='ltr' id='par_1_110' title="bbox 1959 4586 3529 4656">
     <span class='ocr_line' id='line_1_112' title="bbox 1959 4586 3529 4656; baseline 0.004 -16"><span class='ocrx_word' id='word_1_769' title='bbox 1959 4586 2302 4655; x_wconf 89' lang='lat' dir='ltr'><strong>corporibus,</strong></span> <span class='ocrx_word' id='word_1_770' title='bbox 2336 4586 2492 4656; x_wconf 89' lang='lat' dir='ltr'><strong>quasi</strong></span> <span class='ocrx_word' id='word_1_771' title='bbox 2523 4597 2648 4642; x_wconf 88' lang='lat' dir='ltr'><strong>ante</strong></span> <span class='ocrx_word' id='word_1_772' title='bbox 2675 4587 2884 4656; x_wconf 91' lang='lat' dir='ltr'><strong>lapsum</strong></span> <span class='ocrx_word' id='word_1_773' title='bbox 2909 4586 3150 4644; x_wconf 82' lang='lat' dir='ltr'><strong>Adamus</strong></span> <span class='ocrx_word' id='word_1_774' title='bbox 3178 4598 3232 4644; x_wconf 90' lang='lat' dir='ltr'><strong>et</strong></span> <span class='ocrx_word' id='word_1_775' title='bbox 3254 4589 3360 4644; x_wconf 84' lang='lat' dir='ltr'><strong>Eva</strong></span> <span class='ocrx_word' id='word_1_776' title='bbox 3391 4589 3529 4646; x_wconf 69' lang='lat' dir='ltr'><strong>fuis~</strong></span> 
     </span>
    </p>
   </div>
   <div class='ocr_carea' id='block_1_111' title="bbox 1957 4678 3527 4748">
    <p class='ocr_par' dir='ltr' id='par_1_111' title="bbox 1957 4678 3527 4748">
     <span class='ocr_line' id='line_1_113' title="bbox 1957 4678 3527 4748; baseline 0.004 -14"><span class='ocrx_word' id='word_1_777' title='bbox 1957 4686 2079 4734; x_wconf 85' lang='lat' dir='ltr'><strong>sent</strong></span> <span class='ocrx_word' id='word_1_778' title='bbox 2121 4678 2464 4748; x_wconf 83' lang='lat' dir='ltr'><strong>incorporei;</strong></span> <span class='ocrx_word' id='word_1_779' title='bbox 2503 4693 2612 4733; x_wconf 92' lang='lat' dir='ltr'><strong>non</strong></span> <span class='ocrx_word' id='word_1_780' title='bbox 2645 4679 2843 4735; x_wconf 89' lang='lat' dir='ltr'><strong>desunt</strong></span> <span class='ocrx_word' id='word_1_781' title='bbox 2887 4689 3064 4736; x_wconf 88' lang='lat' dir='ltr'><strong>tamen</strong></span> <span class='ocrx_word' id='word_1_782' title='bbox 3095 4681 3284 4738; x_wconf 75' lang='lat' dir='ltr'><strong>Patres</strong></span> <span class='ocrx_word' id='word_1_783' title='bbox 3324 4684 3527 4740; x_wconf 81' lang='lat' dir='ltr'><strong>rectius</strong></span> 
     </span>
    </p>
   </div>
   <div class='ocr_carea' id='block_1_112' title="bbox 1955 4875 3531 4946">
    <p class='ocr_par' dir='ltr' id='par_1_112' title="bbox 1955 4875 3531 4946">
     <span class='ocr_line' id='line_1_114' title="bbox 1955 4875 3531 4946; baseline 0.002 -16"><span class='ocrx_word' id='word_1_784' title='bbox 1955 4876 2276 4930; x_wconf 89' lang='lat' dir='ltr'><strong>incrustavit</strong></span> <span class='ocrx_word' id='word_1_785' title='bbox 2298 4891 2603 4946; x_wconf 80' lang='lat' dir='ltr'><strong>anonymus</strong></span> <span class='ocrx_word' id='word_1_786' title='bbox 2629 4875 2852 4945; x_wconf 88' lang='lat' dir='ltr'><strong>quidam</strong></span> <span class='ocrx_word' id='word_1_787' title='bbox 2872 4882 2923 4934; x_wconf 93' lang='lat' dir='ltr'><strong>in</strong></span> <span class='ocrx_word' id='word_1_788' title='bbox 2941 4877 3371 4932; x_wconf 84' lang='lat' dir='ltr'><strong><em>Observationum</em></strong></span> <span class='ocrx_word' id='word_1_789' title='bbox 3396 4878 3531 4933; x_wconf 85' lang='lat' dir='ltr'><strong><em>Ilal-</em></strong></span> 
     </span>
    </p>
   </div>
   <div class='ocr_carea' id='block_1_113' title="bbox 1955 4945 3524 5019">
    <p class='ocr_par' dir='ltr' id='par_1_113' title="bbox 1955 4945 3524 5019">
     <span class='ocr_line' id='line_1_115' title="bbox 1955 4945 3524 5019; baseline 0.004 -20"><span class='ocrx_word' id='word_1_790' title='bbox 1955 4947 2178 5019; x_wconf 65' lang='lat' dir='ltr'><strong><em>tensium</em></strong></span> <span class='ocrx_word' id='word_1_791' title='bbox 2220 4945 2532 5019; x_wconf 75' lang='lat' dir='ltr'><strong>tomonll,</strong></span> <span class='ocrx_word' id='word_1_792' title='bbox 2579 4947 2699 5019; x_wconf 82' lang='lat' dir='ltr'><strong>obs.</strong></span> <span class='ocrx_word' id='word_1_793' title='bbox 2755 4962 2851 5019; x_wconf 84' lang='lat' dir='ltr'><strong>vt,_</strong></span> <span class='ocrx_word' id='word_1_794' title='bbox 2882 4963 2934 5016; x_wconf 87' lang='lat' dir='ltr'><strong>p.</strong></span> <span class='ocrx_word' id='word_1_795' title='bbox 2974 4949 3074 5002; x_wconf 83' lang='grc'>157</span> <span class='ocrx_word' id='word_1_796' title='bbox 3107 4967 3283 5019; x_wconf 84' lang='lat' dir='ltr'><strong>scqq.;</strong></span> <span class='ocrx_word' id='word_1_797' title='bbox 3342 4951 3427 5003; x_wconf 86' lang='lat' dir='ltr'><strong>cui</strong></span> <span class='ocrx_word' id='word_1_798' title='bbox 3475 4950 3524 5006; x_wconf 82' lang='lat' dir='ltr'><strong>J.</strong></span> 
     </span>
    </p>
   </div>
   <div class='ocr_carea' id='block_1_114' title="bbox 1955 5017 3528 5087">
    <p class='ocr_par' dir='ltr' id='par_1_114' title="bbox 1955 5017 3528 5087">
     <span class='ocr_line' id='line_1_116' title="bbox 1955 5017 3528 5087; baseline 0.003 -17"><span class='ocrx_word' id='word_1_799' title='bbox 1955 5017 2210 5072; x_wconf 82' lang='lat' dir='ltr'><strong>Fechtius</strong></span> <span class='ocrx_word' id='word_1_800' title='bbox 2235 5017 2560 5085; x_wconf 85' lang='lat' dir='ltr'><strong>peculiarem</strong></span> <span class='ocrx_word' id='word_1_801' title='bbox 2581 5017 3019 5072; x_wconf 90' lang='lat' dir='ltr'><strong>dissertationem</strong></span> <span class='ocrx_word' id='word_1_802' title='bbox 3051 5020 3116 5073; x_wconf 91' lang='lat' dir='ltr'><strong>de</strong></span> <span class='ocrx_word' id='word_1_803' title='bbox 3137 5017 3528 5087; x_wconf 77' lang='lat' dir='ltr'><strong>gloriosissime</strong></span> 
     </span>
    </p>
   </div>
   <div class='ocr_carea' id='block_1_115' title="bbox 1955 5087 3415 5156">
    <p class='ocr_par' dir='ltr' id='par_1_115' title="bbox 1955 5087 3415 5156">
     <span class='ocr_line' id='line_1_117' title="bbox 1955 5087 3415 5156; baseline 0.003 -16"><span class='ocrx_word' id='word_1_804' title='bbox 1955 5089 2165 5142; x_wconf 90' lang='lat' dir='ltr'><strong>lucente</strong></span> <span class='ocrx_word' id='word_1_805' title='bbox 2190 5088 2382 5141; x_wconf 84' lang='lat' dir='ltr'><strong>Adami</strong></span> <span class='ocrx_word' id='word_1_806' title='bbox 2411 5103 2636 5156; x_wconf 91' lang='lat' dir='ltr'><strong>corpore</strong></span> <span class='ocrx_word' id='word_1_807' title='bbox 2662 5089 2915 5156; x_wconf 86' lang='lat' dir='ltr'><strong>opposuit</strong></span> <span class='ocrx_word' id='word_1_808' title='bbox 2945 5087 3226 5144; x_wconf 78' lang='lat' dir='ltr'><strong>Rostochii</strong></span> <span class='ocrx_word' id='word_1_809' title='bbox 3260 5091 3415 5144; x_wconf 84' lang='lat' dir='ltr'><strong>l706.</strong></span> 
     </span>
    </p>
   </div>
   <div class='ocr_carea' id='block_1_116' title="bbox 2025 5157 3526 5230">
    <p class='ocr_par' dir='ltr' id='par_1_116' title="bbox 2025 5157 3526 5230">
     <span class='ocr_line' id='line_1_118' title="bbox 2025 5157 3526 5230; baseline 0.004 -18"><span class='ocrx_word' id='word_1_810' title='bbox 2025 5157 2135 5230; x_wconf 76' lang='grc'><strong>(57)</strong></span> <span class='ocrx_word' id='word_1_811' title='bbox 2190 5157 2353 5230; x_wconf 30' lang='grc' dir='ltr'><strong>1λί621</strong></span> <span class='ocrx_word' id='word_1_812' title='bbox 2382 5159 2645 5212; x_wconf 82' lang='lat' dir='ltr'><strong><em>Adversus</em></strong></span> <span class='ocrx_word' id='word_1_813' title='bbox 2694 5157 2945 5224; x_wconf 77' lang='lat' dir='ltr'><strong><em>liwreses,</em></strong></span> <span class='ocrx_word' id='word_1_814' title='bbox 2997 5177 3118 5230; x_wconf 88' lang='lat' dir='ltr'><strong>cap.</strong></span> <span class='ocrx_word' id='word_1_815' title='bbox 3151 5162 3202 5228; x_wconf 86' lang='grc'><strong>1,</strong></span> <span class='ocrx_word' id='word_1_816' title='bbox 3256 5177 3407 5215; x_wconf 87' lang='lat' dir='ltr'><strong>num.</strong></span> <span class='ocrx_word' id='word_1_817' title='bbox 3436 5162 3526 5229; x_wconf 88' lang='grc'><strong>10,</strong></span> 
     </span>
    </p>
   </div>
   <div class='ocr_carea' id='block_1_117' title="bbox 1951 5228 2492 5298">
    <p class='ocr_par' dir='ltr' id='par_1_117' title="bbox 1951 5228 2492 5298">
     <span class='ocr_line' id='line_1_119' title="bbox 1951 5228 2492 5298; baseline -0.002 -15"><span class='ocrx_word' id='word_1_818' title='bbox 1951 5243 2004 5298; x_wconf 86' lang='lat' dir='ltr'><strong>p.</strong></span> <span class='ocrx_word' id='word_1_819' title='bbox 2034 5229 2105 5282; x_wconf 70' lang='lat' dir='ltr'><strong>es</strong></span> <span class='ocrx_word' id='word_1_820' title='bbox 2134 5231 2261 5284; x_wconf 89' lang='lat' dir='ltr'><strong>edit.</strong></span> <span class='ocrx_word' id='word_1_821' title='bbox 2287 5228 2492 5284; x_wconf 88' lang='lat' dir='ltr'><strong>Grahii.</strong></span> 
     </span>
    </p>
   </div>
   <div class='ocr_carea' id='block_1_118' title="bbox 2027 5297 3524 5372">
    <p class='ocr_par' dir='ltr' id='par_1_118' title="bbox 2027 5297 3524 5372">
     <span class='ocr_line' id='line_1_120' title="bbox 2027 5297 3524 5372; baseline 0.001 -20"><span class='ocrx_word' id='word_1_822' title='bbox 2027 5299 2139 5370; x_wconf 83' lang='grc'><strong>(58)</strong></span> <span class='ocrx_word' id='word_1_823' title='bbox 2192 5299 2449 5372; x_wconf 84' lang='lat' dir='ltr'><strong><em>Adversus</em></strong></span> <span class='ocrx_word' id='word_1_824' title='bbox 2511 5297 2924 5368; x_wconf 83' lang='lat' dir='ltr'><strong><em>Valentinianos,</em></strong></span> <span class='ocrx_word' id='word_1_825' title='bbox 2974 5317 3092 5372; x_wconf 88' lang='lat' dir='ltr'><strong>cap.</strong></span> <span class='ocrx_word' id='word_1_826' title='bbox 3123 5300 3215 5365; x_wconf 65' lang='grc' dir='ltr'><strong>Ἡ,</strong></span> <span class='ocrx_word' id='word_1_827' title='bbox 3258 5310 3312 5354; x_wconf 92' lang='lat' dir='ltr'><strong>et</strong></span> <span class='ocrx_word' id='word_1_828' title='bbox 3363 5300 3455 5355; x_wconf 91' lang='lat' dir='ltr'><strong>lib.</strong></span> <span class='ocrx_word' id='word_1_829' title='bbox 3490 5316 3524 5354; x_wconf 78' lang='grc' dir='ltr'><strong>ν</strong></span> 
     </span>
    </p>
   </div>
   <div class='ocr_carea' id='block_1_119' title="bbox 1951 5370 2880 5441">
    <p class='ocr_par' dir='ltr' id='par_1_119' title="bbox 1951 5370 2880 5441">
     <span class='ocr_line' id='line_1_121' title="bbox 1951 5370 2880 5441; baseline 0.003 -16"><span class='ocrx_word' id='word_1_830' title='bbox 1951 5370 2030 5425; x_wconf 89' lang='lat' dir='ltr'><strong>De</strong></span> <span class='ocrx_word' id='word_1_831' title='bbox 2051 5371 2428 5441; x_wconf 79' lang='lat' dir='ltr'><strong><em>resurrectione</em></strong></span> <span class='ocrx_word' id='word_1_832' title='bbox 2458 5373 2658 5438; x_wconf 88' lang='lat' dir='ltr'><strong><em>carnis,</em></strong></span> <span class='ocrx_word' id='word_1_833' title='bbox 2688 5373 2880 5441; x_wconf 88' lang='lat' dir='ltr'><strong>cap.7.</strong></span> 
     </span>
    </p>
   </div>
   <div class='ocr_carea' id='block_1_120' title="bbox 2025 5440 3520 5512">
    <p class='ocr_par' dir='ltr' id='par_1_120' title="bbox 2025 5440 3520 5512">
     <span class='ocr_line' id='line_1_122' title="bbox 2025 5440 3520 5512; baseline -0.001 -16"><span class='ocrx_word' id='word_1_834' title='bbox 2025 5442 2136 5510; x_wconf 79' lang='lat'><strong>(59)</strong></span> <span class='ocrx_word' id='word_1_835' title='bbox 2186 5440 2386 5496; x_wconf 85' lang='lat' dir='ltr'><strong>Strom.</strong></span> <span class='ocrx_word' id='word_1_836' title='bbox 2439 5441 2533 5494; x_wconf 90' lang='lat' dir='ltr'><strong>lib.</strong></span> <span class='ocrx_word' id='word_1_837' title='bbox 2562 5457 2646 5504; x_wconf 89' lang='grc' dir='ltr'>ιιι,</span> <span class='ocrx_word' id='word_1_838' title='bbox 2692 5440 2878 5511; x_wconf 64' lang='lat' dir='ltr'><strong>p.350</strong></span> <span class='ocrx_word' id='word_1_839' title='bbox 2925 5441 3179 5497; x_wconf 88' lang='lat' dir='ltr'><strong>editionis</strong></span> <span class='ocrx_word' id='word_1_840' title='bbox 3226 5440 3520 5512; x_wconf 83' lang='lat' dir='ltr'><strong>Sylburgii,</strong></span> 
     </span>
    </p>
   </div>
   <div class='ocr_carea' id='block_1_121' title="bbox 1951 5512 3519 5581">
    <p class='ocr_par' dir='ltr' id='par_1_121' title="bbox 1951 5512 3519 5581">
     <span class='ocr_line' id='line_1_123' title="bbox 1951 5512 3519 5581; baseline 0.001 -16"><span class='ocrx_word' id='word_1_841' title='bbox 1951 5513 2042 5566; x_wconf 92' lang='lat' dir='ltr'><strong>ubi</strong></span> <span class='ocrx_word' id='word_1_842' title='bbox 2073 5512 2323 5566; x_wconf 90' lang='lat' dir='ltr'><strong>eumdem</strong></span> <span class='ocrx_word' id='word_1_843' title='bbox 2355 5527 2595 5566; x_wconf 90' lang='lat' dir='ltr'><strong>errorem</strong></span> <span class='ocrx_word' id='word_1_844' title='bbox 2631 5513 2682 5566; x_wconf 91' lang='lat' dir='ltr'><strong>in</strong></span> <span class='ocrx_word' id='word_1_845' title='bbox 2711 5513 2974 5568; x_wconf 80' lang='lat' dir='ltr'><strong>Cassiano</strong></span> <span class='ocrx_word' id='word_1_846' title='bbox 3005 5513 3236 5581; x_wconf 86' lang='lat' dir='ltr'><strong>quodam</strong></span> <span class='ocrx_word' id='word_1_847' title='bbox 3265 5514 3519 5580; x_wconf 50' lang='lat' dir='ltr'><strong>dau‘nnat;</strong></span> 
     </span>
    </p>
   </div>
   <div class='ocr_carea' id='block_1_122' title="bbox 1950 5581 3517 5653">
    <p class='ocr_par' dir='ltr' id='par_1_122' title="bbox 1950 5581 3517 5653">
     <span class='ocr_line' id='line_1_124' title="bbox 1950 5581 3517 5653; baseline 0 -17"><span class='ocrx_word' id='word_1_848' title='bbox 1950 5599 2051 5636; x_wconf 89' lang='lat' dir='ltr'><strong>nec</strong></span> <span class='ocrx_word' id='word_1_849' title='bbox 2082 5583 2262 5636; x_wconf 88' lang='lat' dir='ltr'><strong>minus</strong></span> <span class='ocrx_word' id='word_1_850' title='bbox 2287 5581 2340 5653; x_wconf 90' lang='lat' dir='ltr'><strong>in</strong></span> <span class='ocrx_word' id='word_1_851' title='bbox 2363 5581 2640 5652; x_wconf 75' lang='lat' dir='ltr'><strong><em>Excerptis</em></strong></span> <span class='ocrx_word' id='word_1_852' title='bbox 2665 5581 3052 5653; x_wconf 16' lang='lat' dir='ltr'><strong>Clementisgea:</strong></span> <span class='ocrx_word' id='word_1_853' title='bbox 3079 5583 3363 5648; x_wconf 77' lang='lat' dir='ltr'><strong><em>Theodoto,</em></strong></span> <span class='ocrx_word' id='word_1_854' title='bbox 3397 5600 3517 5653; x_wconf 83' lang='lat' dir='ltr'><strong>pag.</strong></span> 
     </span>
    </p>
   </div>
   <div class='ocr_carea' id='block_1_123' title="bbox 1951 5651 3214 5721">
    <p class='ocr_par' dir='ltr' id='par_1_123' title="bbox 1951 5651 3214 5721">
     <span class='ocr_line' id='line_1_125' title="bbox 1951 5651 3214 5721; baseline -0.001 -14"><span class='ocrx_word' id='word_1_855' title='bbox 1951 5653 2047 5707; x_wconf 82' lang='grc'><strong>571</strong></span> <span class='ocrx_word' id='word_1_856' title='bbox 2091 5653 2197 5719; x_wconf 88' lang='lat' dir='ltr'><strong>(vel</strong></span> <span class='ocrx_word' id='word_1_857' title='bbox 2235 5668 2286 5721; x_wconf 91' lang='lat' dir='ltr'><strong>p.</strong></span> <span class='ocrx_word' id='word_1_858' title='bbox 2315 5652 2437 5717; x_wconf 86' lang='lat'><strong>797,</strong></span> <span class='ocrx_word' id='word_1_859' title='bbox 2468 5655 2574 5708; x_wconf 90' lang='lat' dir='ltr'><strong>col.</strong></span> <span class='ocrx_word' id='word_1_860' title='bbox 2605 5654 2642 5708; x_wconf 69' lang='lat'><strong>2</strong></span> <span class='ocrx_word' id='word_1_861' title='bbox 2679 5654 2935 5708; x_wconf 90' lang='lat' dir='ltr'><strong>editionis</strong></span> <span class='ocrx_word' id='word_1_862' title='bbox 2963 5651 3214 5721; x_wconf 85' lang='lat' dir='ltr'><strong>Potteri).</strong></span> 
     </span>
    </p>
   </div>
   <div class='ocr_carea' id='block_1_124' title="bbox 2021 5721 3520 5794">
    <p class='ocr_par' dir='ltr' id='par_1_124' title="bbox 2021 5721 3520 5794">
     <span class='ocr_line' id='line_1_126' title="bbox 2021 5721 3520 5794; baseline -0.003 -16"><span class='ocrx_word' id='word_1_863' title='bbox 2021 5722 2130 5790; x_wconf 75' lang='grc' dir='ltr'><strong>(οιο)</strong></span> <span class='ocrx_word' id='word_1_864' title='bbox 2162 5721 2282 5777; x_wconf 81' lang='lat' dir='ltr'><strong>Vid.</strong></span> <span class='ocrx_word' id='word_1_865' title='bbox 2313 5721 2361 5777; x_wconf 82' lang='grc' dir='ltr'>ι.</span> <span class='ocrx_word' id='word_1_866' title='bbox 2390 5722 2449 5777; x_wconf 82' lang='grc' dir='ltr'><strong>Ε.</strong></span> <span class='ocrx_word' id='word_1_867' title='bbox 2480 5723 2662 5778; x_wconf 81' lang='lat' dir='ltr'><strong>Grabii</strong></span> <span class='ocrx_word' id='word_1_868' title='bbox 2711 5721 3048 5794; x_wconf 84' lang='lat' dir='ltr'><strong><em>Spicilegium</em></strong></span> <span class='ocrx_word' id='word_1_869' title='bbox 3076 5723 3303 5779; x_wconf 88' lang='lat' dir='ltr'><strong><em>Patrum</em></strong></span> <span class='ocrx_word' id='word_1_870' title='bbox 3331 5733 3379 5780; x_wconf 86' lang='lat' dir='ltr'><strong>ct</strong></span> <span class='ocrx_word' id='word_1_871' title='bbox 3413 5727 3520 5789; x_wconf 52' lang='lat' dir='ltr'><strong>hae</strong></span> 
     </span>
    </p>
   </div>
   <div class='ocr_carea' id='block_1_125' title="bbox 1953 5795 2771 5863">
    <p class='ocr_par' dir='ltr' id='par_1_125' title="bbox 1953 5795 2771 5863">
     <span class='ocr_line' id='line_1_127' title="bbox 1953 5795 2771 5863; baseline 0.002 -17"><span class='ocrx_word' id='word_1_872' title='bbox 1953 5798 2232 5850; x_wconf 77' lang='lat' dir='ltr'><strong><em>reticorum</em></strong></span> <span class='ocrx_word' id='word_1_873' title='bbox 2261 5795 2440 5850; x_wconf 75' lang='lat' dir='ltr'><strong><em>swculi</em></strong></span> <span class='ocrx_word' id='word_1_874' title='bbox 2473 5810 2532 5858; x_wconf 92' lang='grc' dir='ltr'>ιι,</span> <span class='ocrx_word' id='word_1_875' title='bbox 2571 5811 2624 5863; x_wconf 90' lang='lat' dir='ltr'><strong>p.</strong></span> <span class='ocrx_word' id='word_1_876' title='bbox 2652 5795 2771 5849; x_wconf 75' lang='grc'><strong>191.</strong></span> 
     </span>
    </p>
   </div>
  </div>
