3972 6318
490 343 626 398 1405

1315 338 1666 397 ΜΑΕΑΒίυὸ
1703 339 1998 396 MAGNES.
2038 337 2315 394 ΝΟΤΙἸΊΑ
2347 338 2434 393 ET
2474 336 2910 395 FRAGMENTA.

3574 337 3712 392 14οι

488 462 803 526 sentientes,
829 458 922 529 qui
962 459 1240 530 mysticam
1279 459 1423 513 illam
1459 461 1804 530 pellicearum
1832 458 2042 514 tunica-

2151 459 2335 512 στάσει
2381 458 2449 511 τὰ
2481 459 2703 528 σώματα
2733 457 2837 512 τῶν
2883 457 3195 528 ἀνθρώπων.
3253 455 3306 510 Id
3351 467 3475 511 est:
3509 455 3708 509 Habuit

488 566 609 605 rum
638 549 1048 620 expositionem,
1072 563 1233 604 sensu
1268 548 1391 604 licet
1415 550 1482 603 ab
1510 549 1776 604 haereticis
1808 549 2044 604 maxime

488 642 724 705 diverso,
774 640 1173 709 quodammodo
1221 641 1589 712 approbarunt
1630 656 1643 693 :
1687 641 1892 697 scilicet
1942 641 2044 696 sub

489 733 746 788 historica
777 732 1089 788 narratione
1120 733 1312 787 littera:
1339 733 1504 787 etiam
1546 733 1678 788 illud
1723 732 2043 803 significari,

486 824 692 892 primos
726 823 973 879 homines
998 832 1119 893 post
1147 835 1426 894 peccatum
1462 839 1688 893 corpore
1730 824 1944 878 mortali
1981 840 2044 880 ac

484 912 662 982 fragili
708 912 875 968 fuisse
916 912 1154 976 indutos,
1191 912 1556 981 voluptatibus
1601 913 1778 968 carnis
1815 913 2042 980 deditos,

483 1011 538 1056 et
569 1003 868 1058 innumeris
896 1003 1052 1056 malis
1084 1011 1245 1070 atque
1276 1003 1514 1056 miseriis
1545 1003 1807 1058 obnoxios
1869 1005 2046 1060 reddi-

487 1105 592 1150 tos.
629 1095 902 1160 Quorsum
960 1103 1202 1164 spectant
1235 1096 1394 1148 verba
1441 1094 1680 1164 Gregorii
1717 1093 2042 1150 Nazianzeni

483 1189 730 1242 oratione
771 1201 975 1242 xxxvm
1017 1189 1068 1240 in
1100 1185 1442 1240 Nativitatem
1469 1186 1668 1242 Christi
1707 1202 1721 1238 :
1766 1189 1874 1240 Καὶ
1918 1187 2044 1249 τοὺς

481 1280 832 1350 δερματίνους
875 1279 1229 1349 ἀμφιέννυται
1279 1277 1528 1348 χιτῶνας,
1578 1280 1704 1341 ἴσως
1737 1277 1839 1349 τὴν
1871 1293 2042 1346 παχυη

481 1374 643 1444 τέραν
708 1373 887 1444 σάρκα
958 1372 1051 1424 καὶ
1111 1370 1346 1441 θνητὴν,
1409 1371 1502 1422 καὶ
1568 1371 1880 1432 ἀντίτυπον,
1950 1371 2044 1422 καὶ

481 1459 635 1513 τοῦτο
667 1461 877 1530 πρῶτον
895 1460 1148 1527 γινώσκει
1183 1458 1279 1529 τὴν
1311 1459 1445 1512 ίδίαν
1476 1459 1756 1530 αἰσχύνην,
1798 1461 1891 1514 καλ⁵
1938 1459 2043 1513 ἀπὸ

481 1548 613 1602 Θεοῦ
645 1551 960 1620 κρύπτεται.
988 1551 1271 1622 Κερδαίνει
1309 1550 1407 1622 μέν
1437 1569 1488 1605 τι
1519 1553 1794 1606 κάνταῦθα
1823 1552 1910 1605 τὸν
1944 1552 2040 1605 Θά-

480 1657 656 1705 νατον,
686 1641 776 1693 καὶ
799 1640 858 1692 τὸ
879 1641 1200 1711 διακοπῆναι
1220 1641 1317 1712 τὴν
1349 1643 1642 1714 ἁμαρτίαν,
1675 1643 1760 1696 ἴνα
1794 1642 1866 1714 μὴ
1911 1643 2042 1697 ἀθά-

480 1749 639 1787 νατον
755 1734 814 1787 τὸ
836 1735 1022 1788 κακόν.
1052 1736 1160 1788 Καὶ
1198 1735 1402 1803 γίνεται
1427 1735 1796 1806 φιλανθρωπία
1823 1737 2042 1805 ἠτιμω-

481 1825 591 1896 ρία.
632 1823 685 1878 ld
719 1835 799 1880 est
840 1844 852 1878 :
899 1824 966 1879 Et
1002 1825 1244 1894 pelliceas
1284 1827 1488 1879 tunicas
1540 1826 1743 1892 induit,
1796 1827 1892 1881 hoc
1939 1838 2035 1895 est,
2069 1808 2111 1862 Β

481 1917 708 1986 fortasse
742 1918 1053 1971 crassiorem
1099 1933 1330 1982 carnem,
1373 1926 1424 1971 et
1466 1917 1740 1971 mortalem
1775 1935 1836 1972 ac
1864 1919 2038 1988 refra-

475 2008 701 2062 ctariam
723 2025 741 2062 :
763 2009 1031 2078 primoque
1063 2009 1309 2078 probrum
1342 2024 1497 2062 suum
1533 2019 1582 2062 et
1605 2009 1824 2062 dedecus
1853 2025 2041 2079 cogno-

477 2101 606 2164 scit,
637 2097 836 2169 Deoque
877 2116 929 2177 se
966 2099 1259 2153 abscondit.
1308 2098 1475 2169 Atque
1517 2097 1601 2152 hic
1635 2115 1835 2169 quoque
1866 2109 2038 2154 tamen

476 2197 699 2244 mortem
727 2206 788 2243 ac
815 2190 1012 2258 peccati
1045 2189 1404 2259 prazcisionem
1437 2188 1724 2254 elucratur,
1755 2206 1818 2243 ne
1839 2191 2038 2244 malum

475 2279 777 2333 immortale
827 2288 979 2333 esset.
1032 2278 1122 2334 Ita
1161 2297 1312 2350 pana
1360 2280 1477 2348 ipsa
1527 2279 1582 2331 in
1630 2279 2036 2334 misericordiam

477 2371 650 2424 cessit.
690 2369 821 2436 Quae
866 2370 1053 2424 eadem
1105 2369 1284 2424 adhuc
1329 2378 1647 2438 repetuntur
1684 2368 1736 2422 in
1788 2369 2036 2424 oratione

476 2459 650 2528 ipsius
701 2459 935 2514 secunda
989 2459 1044 2514 in
1072 2458 1302 2522 Pascha.
1333 2475 1384 2528 p.
1418 2459 1644 2515 m.257.
1701 2459 2033 2515 Sententiam

474 2549 720 2621 Gregorii
770 2550 841 2605 ita
891 2551 1274 2620 interpretatur
1317 2549 1533 2606 Nicetas
1574 2551 2029 2619 Serroniusul):

478 2644 644 2712 Atque
684 2647 844 2697 etiam
891 2642 1123 2711 pellicea:
1162 2653 1347 2708 vestes,
1387 2659 1517 2712 quas
1548 2643 1804 2696 Dominus
1829 2644 2032 2697 Adamo

474 2735 739 2804 ipsiusque
769 2735 922 2788 uxori
961 2735 1105 2803 fecit,
1141 2734 1530 2787 mortalitate»:
1568 2735 1842 2803 carnisque
1885 2751 2032 2788 cras-

476 2826 646 2880 sitient
690 2827 1012 2896 signiﬁcant.
1059 2825 1260 2895 Corpus
1309 2828 1448 2878 enim
1473 2825 1666 2878 Adami
1709 2842 1741 2878 a
1772 2827 2030 2894 principio

479 2919 681 2971 tenuius
714 2926 826 2972 erat
863 2927 912 2970 et
951 2917 1198 2980 mollius,
1235 2918 1350 2972 neci
1373 2916 1583 2967 omnino
1638 2915 1858 2969 mortale
1881 2955 1893 2977 ,
1941 2917 2028 2970 sed

479 3009 665 3065 media:
719 3009 994 3078 cujusdam
1049 3008 1365 3062 conditionis
1411 3007 1547 3061 inter
1584 3008 1808 3061 mortale
1845 3017 1895 3061 et
1931 3010 2029 3061 im-

475 3101 714 3156 mortale.
770 3102 840 3154 At
883 3110 1000 3169 post
1045 3101 1508 3169 transgressionem
1533 3141 1548 3164 ,
1594 3101 2026 3170 quemadmon
2053 3138 2094 3194 ϐ

473 3193 625 3262 pellis
663 3208 844 3245 crassa
876 3200 972 3255 est,
1000 3200 1050 3244 et
1071 3202 1300 3255 mortua,
1333 3206 1395 3243 ac
1423 3191 1579 3258 dum,
1608 3192 1684 3245 ita
1717 3208 1840 3245 caro
1868 3195 2027 3246 etiam

476 3300 678 3344 crassa,
716 3293 765 3337 et
795 3283 991 3351 gratis,
1028 3291 1078 3336 et
1117 3281 1390 3348 mortalis,
1431 3298 1493 3335 ac
1526 3283 1661 3334 dura
1693 3292 1742 3335 et
1773 3283 2031 3352 refracta-

475 3377 561 3428 ria
605 3373 736 3445 (42).
797 3371 999 3427 Praeter
1051 3371 1360 3442 Origenem,
1409 3374 1500 3442 qui
1541 3374 1592 3426 in
1627 3385 1916 3430 comment.
1962 3375 2028 3428 ad

477 3466 611 3520 Gen.
661 3478 744 3532 tu,
790 3464 882 3531 2i,
940 3464 1080 3518 hanc
1128 3464 1435 3532 opinionem
1477 3465 1689 3533 quidem
1741 3465 2026 3519 admodum

473 3557 828 3627 probabilem,
857 3571 965 3610 non
997 3565 1173 3610 tamen
1205 3556 1476 3612 evidenter
1523 3572 1704 3611 veram
1733 3571 1852 3611 esse
1881 3556 2029 3626 judi-

475 3648 619 3702 cavit
644 3647 779 3716 (45),
800 3645 1103 3702 Methodius
1135 3647 1297 3700 etiam
1333 3646 1453 3700 loco
1485 3661 1646 3716 supra
1679 3647 1911 3701 excitato
1940 3660 2032 3700 ve-

476 3748 587 3802 stes
628 3739 748 3793 illas
792 3753 897 3791 non
938 3736 1154 3808 quidem
1197 3737 1425 3790 mortale
1468 3752 1664 3806 corpus
1709 3751 1829 3792 esse
1870 3737 2026 3802 dixit,

476 3829 568 3884 sed
597 3828 838 3898 corporis
863 3836 1019 3882 antea
1048 3827 1389 3892 immortalis,
1417 3827 1610 3882 deinde
1634 3844 1760 3881 vero
1787 3830 2028 3883 mortalis

474 3920 650 3978 effecti
677 3921 1085 3976 dissolutionem
1122 3921 1445 3990 signiﬁcare.
1495 3917 1772 3974 Pertinent
1803 3921 1907 3974 huc
1934 3935 2030 3990 pa-

473 4015 608 4068 riter
628 4029 690 4068 ea
714 4028 834 4082 qua:
876 4012 929 4066 in
952 4011 1291 4066 bibliothecae
1309 4009 1485 4080 Regia:
1501 4009 1818 4065 Parisiensis
1842 4012 2032 4066 codice

477 4121 583 4160 ms.
609 4104 745 4158 1998
794 4118 880 4158 me
927 4103 1120 4174 legisse
1172 4101 1393 4156 memini
1443 4102 1508 4155 de
1555 4102 1658 4156 hoc
1690 4111 2026 4172 argumento,

479 4195 703 4260 Qualem
745 4195 983 4248 habuerit
1033 4210 1241 4248 carnem
1268 4194 1451 4256 homo,
1471 4201 1747 4260 antequam
1773 4203 2026 4262 peccaret.

477 4283 606 4359 Εἶχε
653 4287 750 4359 μὲν
783 4286 888 4358 γὰρ
920 4287 1013 4339 καὶ
1043 4284 1168 4355 πρὶν
1205 4283 1426 4357 ἁμάρτῃ
1446 4283 1645 4355 σάρκα,
1680 4283 1796 4337 ἀλλ’
1828 4285 1888 4336 οὐ
1924 4302 2030 4337 πα-

477 4382 649 4450 χεῖαν,
693 4378 814 4433 οὐδὲ
859 4377 1058 4450 θνητὴν
1082 4414 1098 4441 ,
1142 4373 1280 4429 ’ἀλλὰ
1334 4376 1448 4429 οἵαν
1487 4373 1662 4441 ἕξουσι
1705 4377 1761 4429 ὲν
1795 4377 1862 4445 τῇ
1902 4376 2031 4429 ἁνα-

547 4512 660 4583 (41)
682 4513 740 4583 ln
770 4507 1172 4583 commentariis
1182 4508 1260 4583 ‘ad
1285 4507 1524 4583 Gregorii
1551 4507 1873 4563 Nazianzeni
1904 4522 2027 4563 ora-

479 4578 655 4636 tiones
681 4582 894 4642 citatas,
925 4595 978 4649 p.
996 4594 1076 4649 _m.
1106 4579 1208 4634 4'79
1244 4587 1306 4649 et
1325 4578 1527 4649 p._547.

549 4651 660 4719 (42)
690 4647 981 4713 Gregorius
995 4647 1270 4720 Nyssenus
1297 4648 1349 4701 in
1377 4647 1740 4716 Disputatione
1765 4647 2029 4720 deanima

477 4731 530 4774 et
551 4718 941 4782 resurrectione,
969 4733 1020 4788 p.
1043 4718 1116 4772 in.
1139 4718 1264 4784 278,
1291 4719 1528 4773 tunicam
1556 4720 1700 4773 illam
1725 4718 2022 4788 pelliceam,

479 4806 640 4859 quam
667 4790 807 4860 Deus
835 4787 1052 4860 homini
1075 4788 1229 4860 lapso
1256 4798 1473 4860 propter
1507 4789 1921 4858 prepensionem
1958 4787 2026 4841 ad

481 4863 718 4914 deterius
752 4859 1122 4920 circumdedit,
1147 4859 1383 4928 appellat
1412 4869 1680 4913 mortuam
1724 4873 1786 4911 ac
1810 4866 2018 4924 turpem

483 4929 628 4984 illam
657 4929 892 4984 tunicam
919 4944 985 4983 ex
1011 4929 1216 4982 ratione
1244 4929 1551 4983 carentibus
1579 4929 1732 4983 nobis
1755 4928 2024 4995 injectam,

478 5017 571 5068 per
603 5015 769 5070 quam,
803 5009 1010 5053 naturae
1041 4997 1206 5070 brut_t_e
1240 5007 1288 5070 et
1321 4999 1651 5070 irrationalis
1689 4998 2026 5070 proprietates

479 5066 677 5124 homini
703 5069 945 5123 admistat
976 5077 1116 5121 sunt.
1148 5066 1297 5122 Unde
1326 5067 1500 5122 Moses
1529 5067 1861 5134 Bar-Cepha,
1893 5067 1982 5118 lib.
2011 5081 2029 5120 ι

479 5142 558 5194 De
596 5139 868 5209 paradiso,
911 5153 1031 5207 cap.
1054 5138 1147 5209 28,
1171 5138 1380 5209 scribit,
1405 5155 1469 5190 ex
1498 5140 1758 5209 sententia
1784 5135 2026 5209 Gregorii

484 5206 706 5279 NysSeni
732 5211 943 5264 tunicas
969 5206 1216 5278 pellieeas
1263 5208 1430 5279 fuisse
1461 5208 1758 5262 libidinem.
1779 5206 2027 5279 coitum,

481 5277 824 5350 conceptum,
862 5277 1094 5350 partum,
1138 5278 1529 5341 educationem,
1577 5293 1681 5350 qua
1719 5277 2024 5350 minutatim

480 5344 822 5419 angeseimus
845 5344 880 5412 ,’
916 5350 1229 5419 alimentum
1254 5387 1268 5409 ,
1326 5344 1616 5409 morbum,
1668 5344 2023 5419 iracundiam.

484 5415 710 5474 mortem
764 5421 1034 5489 denique:
1073 5418 1154 5489 his
1203 5419 1346 5470 enim
1379 5419 1651 5489 omnibus
1693 5415 1857 5489 malis
1908 5416 2026 5489 illos

483 5492 698 5544 indutos
744 5506 864 5545 esse
891 5485 924 5554 ,⁷
957 5488 1128 5543 simul
1161 5496 1321 5557 atque
1360 5487 1518 5543 donis
1566 5485 1800 5557 Spiritus
1854 5486 2026 5538 sancti

482 5571 611 5614 sunt
643 5560 947 5629 exspoliati.

554 5630 666 5695 (45)
713 5625 911 5684 Locum
941 5627 1218 5698 Origenis,
1249 5642 1406 5694 quem
1439 5625 1805 5681 Theodoretus
1832 5634 2021 5698 quaest.

481 5697 551 5752 59
572 5699 622 5751 in
641 5697 869 5753 Genesin
899 5710 951 5753 et
975 5696 1392 5753 oninesCatenm
1420 5713 1528 5750 uno
1556 5711 1820 5750 consensu
1854 5696 2025 5749 eidem

483 5767 745 5835 tribuunt,
779 5769 916 5824 inter
945 5770 1136 5825 selecta
1175 5784 1237 5825 ex
1265 5767 1664 5823 Commentariis
1699 5766 1944 5838 Ut‘igcnis
1971 5766 2024 5819 in

2148 549 2379 618 quidem,
2413 549 2572 601 etiam
2623 557 2903 618 antequam
2943 557 3198 615 peccaret,
3229 563 3458 610 carnem,
3490 547 3581 600 sed
3608 563 3706 600 non

2149 638 2278 692 adeo
2319 655 2588 704 crassam,
2643 655 2801 708 neque
2835 637 3123 700 mortalem,
3170 654 3343 692 verum
3398 637 3610 706 qualem
3652 637 3706 690 in

2147 728 2522 782 resurrectione
2575 744 2792 797 corpora
2839 728 3103 783 hominum
3151 727 3396 781 habitura
3433 730 3563 782 sint.
3615 727 3708 785 Est

2145 832 2346 885 tamen,
2394 821 2537 892 quod
2585 822 2714 876 huic
2759 821 2919 876 etiam
2960 822 3240 875 sententia:
3281 820 3477 876 merito
3505 820 3704 890 opponi

2144 913 2360 984 poterit,
2407 929 2529 967 cum
2559 929 2666 967 non
2696 912 2898 967 eaedem
2947 914 3057 966 sint
3090 913 3380 981 qualitates
3411 926 3702 981 corporum

2143 1005 2590 1076 gloriﬁcatorum,
2637 1013 2690 1058 et
2731 1005 2971 1072 corporis
3011 1003 3201 1057 Adami
3237 1004 3414 1058 adhuc
3440 1005 3515 1057 cin
3560 1014 3702 1058 statu

2143 1095 2458 1150 tentationis
2499 1094 2800 1148 constituti.
2853 1092 2986 1147 Nam
3036 1095 3243 1164 primus
3294 1096 3460 1149 homo
3513 1096 3700 1164 pulve-

2142 1201 2269 1244 reus
2317 1204 2349 1242 e
2399 1195 2545 1240 terra
2594 1183 2768 1239 factus
2849 1193 2932 1239 est
2973 1185 3039 1238 ad
3080 1185 3374 1239 naturalem
3413 1185 3613 1251 vitam;
3648 1195 3702 1240 at

2141 1276 2462 1344 corporibus
2494 1278 2548 1329 in
2577 1275 2975 1330 resurrectione
3008 1274 3320 1343 glorilicatis
3349 1275 3527 1344 major
3553 1291 3700 1345 qua:-

2141 1367 2262 1421 dam
2295 1368 2564 1423 subtilitas
2597 1382 2659 1422 ac
2691 1366 3046 1436 spiritualitas
3078 1367 3331 1420 tribuitur
3359 1367 3428 1421 ab
3453 1367 3700 1436 apostolo

2140 1457 2307 1511 Paulo
2339 1456 2358 1510 1
2385 1457 2510 1512 Cor.
2546 1474 2633 1524 xv,
2666 1458 2734 1512 44
2769 1473 2948 1527 seqq.,
2994 1473 3114 1528 quae
3141 1459 3206 1512 de
3245 1474 3474 1528 corpore
3507 1459 3696 1512 Adami

2141 1565 2245 1603 non
2284 1549 2580 1619 gloriﬁcato
2621 1548 2872 1604 allirmari
2923 1549 3109 1618 nequit
3149 1567 3162 1601 :
3207 1549 3343 1603 alias
3376 1549 3525 1602 nulla
3555 1558 3697 1604 essm

2141 1640 2444 1694 differentia
2476 1639 2616 1694 inter
2648 1650 2848 1694 statum
2897 1639 3222 1708 integritatis
3251 1649 3302 1693 et
3329 1649 3548 1694 aeterna:
3578 1639 3694 1708 glo-

2139 1730 2251 1784 rite.

2211 1820 2532 1876 Macarianae
2562 1820 2778 1876 demum
2825 1819 3254 1890 interpretationi
3295 1820 3501 1874 saniori
3533 1837 3694 1875 sensu

2140 1921 2370 1980 acceptae
2397 1920 2678 1967 succurret
2724 1912 2839 1980 ipsa
2869 1910 3161 1980 Scriptura:
3210 1926 3380 1966 sacrae
3425 1912 3598 1975 notio,
3641 1914 3685 1966 si

2138 2003 2479 2060 conferamus
2507 2005 2668 2060 verba
2700 2005 2759 2061 Β.
2782 2004 2933 2060 Iuda:
2957 2005 3010 2059 in
3039 2005 3209 2075 Epist.
3239 2021 3291 2059 v.
3315 2006 3408 2069 23,
3441 2006 3535 2059 ubi
3566 2024 3693 2076 apo-

2137 2099 2308 2153 stolus
2362 2097 2546 2153 ﬁdeles
2610 2097 2842 2169 graviter
2906 2097 3220 2152 cohortatur
3269 2096 3335 2149 ad
3383 2105 3595 2152 mentes
3641 2099 3694 2151 iu
3740 2163 3751 2173 .

2135 2188 2258 2254 ﬁde,
2289 2186 2618 2256 precatione,
2659 2202 2844 2242 amore
2869 2195 2919 2241 et
2953 2201 3045 2256 spe
3072 2186 3494 2252 conservandus,
3528 2196 3695 2256 atque

2136 2295 2166 2332 a
2196 2279 2319 2332 vita:
2348 2277 2619 2332 terrestris
2653 2276 2904 2331 sordibus
2931 2275 3314 2345 praecavendas
3342 2295 3354 2328 :
3393 2274 3692 2344 μισοῦντες,

2135 2367 2340 2436 inquit,
2391 2365 2609 2420 καὶτὸν
2650 2365 2755 2418 ἀπὸ
2815 2365 2912 2434 τῆς
2953 2364 3150 2436 σαρκὸς
3200 2363 3562 2435 ἐσπιλωμένον
3610 2381 3696 2435 χι-

2133 2459 2294 2523 τῶνα,
2321 2459 2441 2512 odio
2463 2459 2708 2511 habentes
2746 2472 2861 2511 eam
2898 2457 3150 2523 tunicam,
3181 2474 3297 2527 qua:
3335 2475 3367 2510 a
3392 2473 3548 2511 carne
3580 2474 3690 2510 ma-

2135 2551 2310 2604 culata
2337 2561 2432 2604 est.
2467 2549 2725 2616 Quamvis
2750 2549 2993 2619 Apostoli
3028 2564 3193 2618 scopo
3208 2548 3556 2603 nconveniens
3585 2548 3688 2602 uti-

2134 2657 2239 2710 que
2283 2642 2355 2697 sit
2394 2658 2455 2695 ea
2499 2641 2792 2710 explicatio
2836 2640 3192 2710 interpretum
3230 2650 3568 2705 nostrorum,
3601 2641 3689 2709 qui

2134 2733 2222 2787 hic
2262 2733 2327 2786 ad
2371 2741 2623 2787 externas
2665 2731 2880 2786 vivendi
2930 2732 3230 2801 agendique
3273 2732 3692 2787 consuetudines

2131 2826 2461 2894 respiciunt,
2529 2825 2728 2895 quibus
2776 2825 2925 2894 pravi
2989 2839 3047 2879 se
3097 2825 3346 2879 homines
3395 2841 3463 2879 ex
3514 2827 3690 2880 saeculi

2131 2931 2284 2971 more
2324 2917 2480 2986 quasi
2516 2917 2808 2981 amiciant;
2847 2915 3007 2971 altius
3055 2925 3230 2969 tamen
3277 2917 3572 2986 repetenda
3611 2918 3688 2970 vi-

2130 3007 2288 3061 detur
2316 3007 2479 3078 hujus
2522 3008 2780 3078 phraseos
2829 3006 3000 3077 origo,
3047 3008 3250 3062 scilicet
3283 3025 3312 3061 a
3339 3007 3541 3062 tunicis
3589 3008 3689 3062 illis

2128 3097 2411 3166 pelliceis,
2473 3098 2671 3168 quibus
2731 3108 2983 3167 corrupta
3044 3099 3341 3168 primorum
3407 3107 3690 3167 parentum

2133 3202 2260 3242 caro
2287 3186 2388 3242 fuit
2416 3188 2768 3242 circumdata.
2802 3184 2927 3242 Hazc
2954 3197 3072 3242 erat
3097 3187 3278 3241 tunica
3312 3187 3403 3240 illa
3430 3188 3686 3250 carnalis,

2129 3295 2235 3348 qua
2278 3291 2587 3348 peccatores
2617 3278 2767 3333 carni
2798 3294 2911 3333 suae
2937 3278 3164 3348 ejusque
3186 3279 3395 3332 vitiosis
3428 3281 3691 3348 cupidita-

2130 3368 2274 3424 tibus
2307 3370 2668 3439 obsequentes
2710 3378 2833 3438 post
2879 3368 3088 3438 lapsum
3125 3369 3512 3436 induebantur,
3543 3386 3688 3440 qua:-

2128 3479 2233 3535 que
2265 3463 2568 3517 alidelibus
2614 3461 2669 3514 in
2699 3469 2841 3515 statu
2893 3461 3319 3531 regenerationis
3367 3463 3519 3516 omni
3568 3463 3689 3518 odio

2128 3564 2209 3609 est
2233 3551 2628 3624 prosequenda,
2657 3561 2709 3605 et
2733 3551 2930 3605 virtute
2956 3550 3188 3622 Spiritus
3217 3553 3404 3622 gratia:
3423 3554 3687 3620 emenda,

2129 3646 2266 3717 Eph.
2288 3661 2362 3711 tv,
2389 3645 2479 3698 22.

2133 3760 2160 3831 ς
2203 3757 2339 3814 XXI.
2404 3757 2657 3831 Doctrina
2702 3756 2956 3826 Magnetis
2991 3757 3056 3831 de
3091 3767 3299 3825 peccato
3332 3758 3556 3827 originis
3602 3776 3693 3828 per

2373 3829 2757 3898 generationem
2796 3827 3095 3881 naturalem
3135 3838 3442 3897 propagato.

2197 3920 2274 3974 Ex
2303 3919 2572 3990 superiori
2604 3919 2766 3990 igitur
2805 3919 3126 3974 tractatione
3155 3933 3249 3988 per
3274 3933 3333 3973 se
3353 3919 3467 3987 jam
3499 3931 3693 3987 sponte

2131 4012 2420 4082 colligitur,
2459 4011 2589 4080 quid
2633 4012 2700 4065 de
2736 4021 2957 4080 peccato
2998 4010 3224 4081 originis
3253 4003 3488 4066 senserit
3510 4009 3692 4065 Maca-

2130 4104 2244 4158 rius
2275 4125 2285 4158 :
2313 4103 2587 4156 hominem
2623 4102 2828 4158 scilicet
2867 4103 2933 4157 ad
2967 4102 3254 4173 imaginem
3285 4102 3379 4158 Dei
3409 4109 3692 4163 conditum

2131 4209 2226 4265 per
2254 4193 2520 4248 libertatis
2543 4193 2772 4248 abusum
2806 4193 3092 4262 pristinam
3128 4194 3492 4262 cognitionem
3522 4199 3693 4253 virtu-

2131 4285 2202 4340 tis
2247 4296 2410 4354 atque
2463 4285 2599 4349 vitii,
2643 4285 2697 4340 in
2741 4299 2846 4354 qua
2888 4285 2958 4338 ab
2995 4285 3152 4338 initio
3198 4284 3462 4341 formatus
3515 4287 3696 4345 fuerat

2132 4373 2186 4446 (§
2212 4375 2321 4442 17),
2367 4389 2474 4428 una
2514 4390 2636 4430 cum
2681 4374 2964 4430 sanctitate
3001 4375 3287 4445 primava,
3331 4378 3608 4446 amisisse,
3641 4391 3696 4436 et

2130 4513 2347 4584 Genesin
2368 4511 2548 4567 retulit
2575 4509 2882 4584 DLCarolus
2906 4511 2980 4584 de»
2995 4511 3045 4565 la
3069 4511 3184 4565 Rue
3213 4521 3358 4567 tomo
3385 4511 3425 4566 ll
3450 4512 3690 4584 Operam

2127 4583 2394 4654 Origenis,
2426 4597 2478 4650 p.
2504 4597 2577 4634 ιιι.
2604 4580 2694 4644 29,
2724 4596 2788 4634 ex
2822 4595 2932 4651 quo
2969 4581 3083 4636 hiPC
3109 4597 3278 4650 pauca
3308 4580 3525 4649 saltem,
3559 4603 3685 4654 quae

2128 4653 2532 4733 aduinst‘itutum
2581 4659 2824 4733 noster
2865 4661 3126 4733 spectant,
3173 4667 3446 4733 apponere
3487 4653 3685 4733 iuvat:

2127 4723 2293 4792 Πάλιν
2331 4721 2528 4792 λέγειν,
2563 4722 2690 4792 rei);
2726 4720 3077 4792 δερματίνδυς
3107 4720 3337 4791 χιτῶνας
3363 4722 3463 4774 οὐκ
3491 4720 3690 4788 ἅλλους

2128 4789 2265 4846 εἶναι
2289 4830 2303 4854 ,
2359 4792 2393 4862 ἢ
2435 4791 2503 4842 τὰ
2542 4789 2798 4862 σώματα,
2828 4789 3052 4862 πιθανὸν
3088 4789 3206 4861 μὲν,
3249 4793 3338 4862 καὶ
3370 4794 3450 4862 είς
3480 4810 3686 4862 συγκα-

2125 4862 2351 4933 τάθεσιν
2379 4860 2805 4933 ςὲπισπάλσασίὶαι
2865 4860 3179 4933 δυνάμενον,
3212 4861 3292 4933 “ob
3354 4861 3458 4932 μὴν
3523 4860 3690 4933 σαφὲς

2124 4931 2198 5002 ὡς
2228 4929 2422 5002 ἀληθές
2441 4947 2453 4960 ο
2487 4932 2541 5002 si
2561 4930 2666 5001 γὰρ
2690 4931 2736 5002 ei
2767 4929 3086 5002 Bsppdrtwt
3113 4931 3332 5002 χιτῶνες
3356 4929 3568 5002 σάρκες
3600 4929 3690 4986 irai

2127 4997 2450 5078 ὀιιζτέαρίσὶζ
2467 4999 2583 5078 sui);
2611 4997 2715 5078 τὲεὸ
2737 4997 2936 5078 codri—2v
2970 4997 3144 5068 φησιν’
3169 5002 3196 5052 ὁ
3224 5001 3423 5078 ’Ἀδάμᾷ
3436 4997 3451 5030 ³
3470 5072 3481 5078 _
3507 5005 3687 5078 Τοῦζο

2125 5071 2242 5125 νῦν
2274 5069 2494 5124 ὀστοῦν
2518 5070 2586 5122 ἐκ
2613 5069 2731 5121 τῶν
2755 5069 2951 5122 ὀστῶν
2971 5088 3108 5138 μου,
3144 5070 3240 5122 καὶ
3269 5069 3423 5137 σὰρξ
3456 5072 3529 5124 ἐκ
3583 5073 3689 5138 τῆς

2126 5142 2350 5205 σαρκός
2391 5155 2546 5208 μου;
2581 5156 2635 5190 κ.
2665 5156 2712 5190 τ.
2747 5138 2794 5190 λ.
2843 5140 3069 5193 Rursum
3112 5141 3300 5203 dicere,
3353 5149 3513 5194 vestes
3559 5143 3685 5196 illas

2129 5211 2372 5278 pelliceas
2406 5209 2536 5261 nihil
2576 5209 2724 5261 aliud
2771 5225 2900 5272 esse,
2942 5225 3098 5278 quam
3133 5225 3372 5278 corpora,
3414 5211 3686 5278 probabile

2127 5281 2334 5348 quidem
2380 5287 2470 5350 est
2499 5289 2545 5332 et
2577 5279 2868 5350 ejusmodi,
2909 5290 2971 5350 ut
2999 5279 3066 5330 ad
3105 5281 3489 5350 assentiendum
3527 5281 3687 5350 facile

2128 5348 2471 5412 inducat;scd
2489 5365 2589 5401 non
2614 5348 2998 5417 evidens,quale
3020 5365 3130 5402 esse
3150 5349 3318 5411 debet,
3343 5352 3481 5419 quod
3507 5348 3684 5404 uerum

2126 5429 2219 5474 est.
2241 5419 2314 5490 Si
2343 5421 2477 5471 enim
2502 5419 2727 5490 pellicere
2745 5428 2920 5490 _vestes
2952 5427 3072 5490 sunt
3101 5435 3280 5472 carnes
3305 5432 3352 5472 et
3382 5436 3522 5483 ossa,
3550 5437 3680 5490 quo-

2128 5489 2281 5542 modo
2325 5499 2480 5541 antea
2513 5489 2649 5541 dixit
2675 5487 2885 5541 Adam:
2921 5506 2938 5538 ‹
2968 5487 3083 5540 Hoc
3122 5505 3257 5542 nunc
3290 5506 3346 5542 os
3387 5505 3451 5543 ex
3477 5486 3706 5543 oss'ibus'

2128 5560 2284 5623 meis,
2315 5569 2364 5611 et
2401 5574 2523 5611 caro
2557 5559 2619 5610 de
2644 5574 2800 5611 carne
2841 5559 2992 5611 mea?
3020 5576 3039 5608 ι
3078 5568 3181 5611 etc.
3223 5557 3382 5612 Conf.
3421 5557 3680 5628 Hierony-

2127 5644 2248 5683 mus
2276 5630 2431 5697 epist.
2463 5628 2522 5680 6i
2558 5628 2622 5680 ad
2658 5628 3082 5689 Pammachium,
3111 5629 3202 5681 ubi
3236 5628 3376 5682 hanc
3408 5629 3680 5684 ﬂuctuan-

2129 5709 2233 5754 tcm
2267 5700 2581 5754 sententiam
2617 5697 2863 5768 Origcnis
2894 5697 3104 5754 crimini
3141 5699 3244 5769 ipsi
3275 5701 3454 5755 vertit.
3629 5719 3632 5724 ·
