1965 3578
188 207 202 235 1
207 206 260 235 ωδ

493 203 523 230 S.
543 200 752 230 ARCHELAUS
770 198 1028 228 MESOPOTAMIE
1047 198 1245 229 EPISCOPUS.
1257 213 1292 220 —-
1303 198 1450 227 NOTl'l'lA.

1731 199 1799 228 “06

187 263 341 293 econtrario
365 263 572 298 propensionem
598 262 631 290 ad
654 262 725 289 mala
744 261 826 289 veluti
850 261 959 288 tunican

1020 262 1067 288 καὶ
1086 262 1136 297 τὴν
1158 261 1272 296 ὓπαρξιν
1292 262 1323 288 ὲκ
1340 262 1464 297 ρυπαρᾶς
1482 260 1535 288 τῶν
1554 261 1661 297 σαρκῶν
1684 260 1799 296 βλάστης

188 309 325 339 carnalem
353 308 535 344 assumpsisse
553 319 559 336 :
579 309 646 335 adco
665 313 695 335 ut
714 315 786 335 nunc
805 308 969 342 deploranda

187 357 224 384 sit
238 355 380 384 hominum
396 355 527 387 conditio,
542 355 587 390 qui
600 362 633 382 ex
646 354 785 382 immunda
800 353 891 381 carnis
908 360 970 388 pro-

188 401 332 441 pagatione
347 400 518 430 esistentiam
534 392 609 428 suam
626 400 756 435 ceperint,
773 399 889 427 docente
901 399 969 427 Jobo

187 457 248 483 cap.
275 456 331 481 x1v,
346 448 374 480 4,
394 452 421 476 et
441 446 541 475 Davide
565 447 661 482 psalm.
685 454 722 478 ιι,
745 445 770 473 7.
794 445 887 473 Elucet
913 445 970 472 haec

188 494 321 522 sententia
335 494 455 521 auctoris
467 493 553 521 nostri
564 500 596 521 ex
604 492 804 527 comparatione
812 491 968 526 angelorum

188 545 270 575 atque
294 540 434 567 hominum
453 539 620 570 mortalium,
638 546 718 574 quam
735 538 909 572 sequentibus
928 537 969 563 in-

189 585 276 612 stituit
295 585 404 613 verbis:
423 585 477 620 Τὴν
502 584 688 620 μακαριότητα
707 583 790 616 δεῖξαι
812 583 969 618 βουλόμενος

186 632 200 658 6
213 631 330 667 Χριστὸς
351 630 405 658 τῶν
421 631 504 657 οἰκεῖν
520 631 655 665 λαχόντων
669 629 718 665 τὴν
731 629 853 665 οὐράνιον
864 628 968 664 χώραν,

186 677 233 704 καὶ
253 676 392 704 ταλανισαι
408 677 470 708 τοὺς
491 677 518 703 ἐν
542 676 629 712 φθορᾷ
646 675 695 710 τῆς
720 675 772 710 γῆς
788 674 966 709 βιοτεύοντας,

187 758 921 773 ﬂ

1023 308 1213 343 ἀνειληφότας,
1225 307 1409 342 γεννωμένους
1423 307 1469 333 καὶ
1481 306 1640 340 γεννῶντας,
1658 307 1705 333 καὶ
1722 306 1799 342 δίκην

1024 353 1127 388 φύλλων
1145 353 1239 380 Οᾶττον
1252 352 1441 388 ἁπορῤέοντας,
1457 352 1548 388 ῳησίν,
1565 361 1592 379 κ.
1605 361 1630 379 τ.
1642 352 1666 379 λ.
1678 352 1798 380 Christus

1022 399 1189 426 indicaturus
1208 398 1394 425 beatitudinem
1408 406 1507 430 eorum,
1522 397 1615 432 quibus
1633 397 1742 425 celestis
1757 406 1798 425 re-

1023 443 1065 478 gio
1082 442 1226 469 habitanda
1254 442 1364 478 obtigit,
1388 442 1572 477 deploraturus
1593 447 1679 469 autem
1702 448 1798 470 sortem

1022 488 1129 515 illorum
1144 488 1189 523 qui
1206 489 1232 515 in
1249 488 1297 515 hac
1315 493 1418 515 terrena
1436 488 1597 514 mortalitate
1609 488 1707 521 vivunt,
1722 493 1747 515 et
1765 489 1797 515 ab

1021 534 1158 561 immunda
1176 542 1313 568 corporum
1328 534 1516 569 germinatione
1537 533 1711 560 substantia»:
1726 542 1799 568 cepe-

1021 585 1091 612 runt,
1105 580 1185 615 geniti
1200 580 1396 615 gignentesque,
1411 584 1436 606 et
1452 580 1537 606 instar
1549 579 1672 614 foliorum
1687 580 1738 606 cito
1756 579 1799 606 de-

1022 626 1143 659 ﬂuentes,
1161 626 1216 652 Ιιωε
1235 625 1304 652 dixit
1323 625 1395 659 (qua:
1408 624 1512 652 scilicet
1536 625 1563 651 in
1579 624 1797 652 antecedentibus

1020 679 1053 699 es
1066 671 1132 698 Luc.
1145 679 1192 704 xx,
1207 671 1252 704 55,
1266 670 1309 704 56,
1324 670 1440 697 adducta
1455 670 1552 705 erant),
1568 675 1619 697 etc.

928 752 1791 771 ..__—-———,
1622 765 1790 771 __..

187 765 1396 773 __——_____,_—i,i,
1419 765 1443 766 η

713 837 808 859 CIRCA
829 837 941 859 ANNUM
961 835 1076 858 DOMINI
1095 835 1267 857 CCLIXVHI.

486 926 593 1033 S.
709 923 1498 1032 ARCHELAUS

720 1089 1024 1121 MESOPOTAMDE
1051 1087 1262 1120 EPISCOPUS

388 1244 686 1321 NOTlTlA
731 1243 1591 1303 HlSTORlCO-LITTERABIA

576 1355 721 1387 (Gnaeum,
734 1355 849 1381 Veterum
859 1355 962 1380 Patrum
974 1352 1130 1384 Bibliotheca,
1144 1353 1187 1383 lll,
1200 1352 1311 1385 Proleg.,
1323 1360 1348 1384 p.
1362 1352 1417 1384 ss.)

183 1502 204 1531 Ι.
221 1502 359 1531 Dissensus
373 1509 487 1531 veterum
510 1503 542 1530 de
562 1504 689 1537 scriptore
713 1503 838 1531 Actorum
861 1504 955 1536 dispu-
974 1506 994 1535 Β
1010 1502 1054 1530 IX.
1074 1502 1157 1535 quue
1169 1509 1274 1529 rursum
1291 1502 1431 1528 astruitur.

216 1540 323 1566 tationis
355 1546 413 1565 cum
432 1538 549 1573 Manete,
572 1539 650 1573 facile
674 1539 865 1565 conciliandus.
893 1538 958 1564 llrcc

215 1576 281 1601 Acta
297 1573 409 1608 primum
424 1572 576 1608 Syriaceﬁab
591 1573 717 1600 Archelao
738 1574 835 1608 scripta
848 1573 958 1608 :dcinde

216 1609 283 1643 forte
298 1607 335 1635 ab
351 1608 509 1643 Hegemonio
522 1607 725 1643 Chalcedonensi
735 1608 855 1642 episcopo
868 1607 958 1635 erce

216 1642 330 1670 reddita.
347 1642 417 1675 Quid
431 1643 586 1670 censendum
603 1643 633 1670 de
646 1642 743 1669 Latina
755 1644 890 1670 versione?

180 1677 211 1705 ll.
226 1678 337 1705 Latinus
350 1678 474 1711 interpres
494 1676 585 1705 Crteca
604 1678 720 1705 versione
734 1678 859 1704 Actorum
877 1678 957 1712 fuisse

216 1722 278 1740 usus
292 1713 483 1747 comprobatur.

181 1746 224 1774 Ill.
257 1747 330 1774 Num
350 1746 498 1775 Archelaus
525 1751 621 1782 preter
651 1747 718 1774 Acta
748 1747 958 1781 disputationis.

215 1783 281 1809 alios
295 1783 376 1809 libros
391 1787 483 1817 contra
496 1782 627 1810 Manetem
641 1783 833 1817 perscripserit,
849 1783 959 1817 inquiri-

215 1822 267 1844 tur.
284 1817 385 1851 Lapsus
402 1816 555 1852 Epiphanii.

178 1851 223 1879 Π.
247 1850 389 1879 Archelaus
410 1850 461 1878 non
479 1851 670 1879 Cascharorum
687 1857 732 1878 aut
751 1850 956 1884 Care/(ararum,

255 1887 299 1914 sed
315 1887 476 1914 Charrarum
491 1888 518 1913 in
536 1886 725 1920 Mesopotamia
736 1887 881 1921 episcopus.

179 1920 304 1982 V.Manl
322 1927 435 1955 tempore
465 1922 554 1949 habita
577 1922 722 1956 disputatio
748 1920 870 1948 Archelai
900 1929 958 1948 cum

246 1965 294 1982 ane
306 1965 329 1982 e.

246 1961 329 1984 anete.

179 1989 224 2017 Vl.
240 1990 359 2017 Secundo
375 1999 443 2018 anno
457 1990 538 2017 Probi
547 1991 609 2025 imp.
620 1990 701 2025 juxta
716 1990 867 2018 Eusebium.

181 2025 235 2052 νιι.
262 2025 355 2053 Verum
385 2026 413 2053 id
440 2026 565 2053 accidisse
595 2031 714 2053 currente
737 2035 805 2053 anno
829 2026 883 2053 277
908 2031 964 2053 sta-

215 2061 309 2088 tuitur.

178 2094 248 2122 Vlll.
271 2097 396 2122 Actorum
425 2095 614 2130 disputationis
640 2095 785 2131 antiquitas
812 2100 889 2131 atque
917 2095 957 2121 in-

213 2131 322 2166 tegritas
343 2130 548 2158 demonstratur.

1011 1538 1045 1564 Χ.
1071 1538 1229 1564 Eorumdem
1251 1537 1375 1563 Actorum
1402 1537 1497 1564 ueritas
1523 1537 1605 1572 magis
1626 1537 1712 1565 adhuc
1732 1546 1792 1565 con-

1069 1577 1166 1599 rmata.

1178 1616 1224 1634 nos
1241 1607 1343 1647 integra
1356 1608 1516 1647 peruenerint
1532 1607 1661 1642 ejusmodi
1674 1608 1752 1635 Acta.

1011 1642 1071 1677 ΧΠ1
1085 1642 1184 1674 Quibus
1198 1649 1230 1669 ex
1244 1642 1376 1669 codicibus
1395 1642 1535 1677 descripta.

1012 1676 1082 1704 Xlll.
1105 1677 1230 1711 Magnum
1251 1684 1283 1704 ea:
1305 1677 1375 1703 hisce
1396 1677 1470 1705 Actis
1489 1677 1589 1704 accedit
1609 1677 1746 1705 cat/taline
1761 1678 1794 1711 ﬁ-

1046 1712 1089 1738 dei
1113 1712 1266 1746 prwsidium
1281 1716 1358 1746 atque
1375 1718 1567 1739 ornamentum.
1586 1713 1655 1740 Hinc
1670 1714 1732 1739 item
1749 1721 1792 1739 re-

1048 1755 1105 1773 rum
1120 1747 1290 1781 antiquarum
1302 1746 1429 1774 studiosis
1450 1747 1550 1782 aliquid
1564 1748 1730 1775 emolumenti
1751 1756 1793 1775 ac-

1046 1782 1180 1808 ccrsitum.

1011 1815 1081 1843 XIV.
1115 1815 1247 1843 Hactenus
1275 1815 1416 1843 observatis
1447 1815 1546 1843 additae
1575 1816 1706 1843 nonnulla
1733 1816 1792 1842 ani-

1047 1851 1238 1878 madversiones
1267 1851 1298 1877 de
1319 1851 1378 1877 sede
1398 1850 1520 1878 Archelai
1538 1851 1690 1885 episcopali,
1711 1850 1792 1885 deque

1046 1886 1172 1912 Actorum
1188 1886 1375 1920 disputationis
1399 1886 1431 1912 ab
1452 1894 1481 1912 eo
1499 1886 1597 1913 habita:
1617 1894 1676 1913 cum
1688 1885 1792 1913 Manet:

1047 1921 1207 1947 intearitate.

1047 1929 1207 1955 integritate.
1353 1955 1359 1961 .

1011 1954 1069 1982 XV.
1098 1956 1137 1981 An
1151 1956 1326 1990 fragmentum
1351 1954 1418 1981 illud
1434 1954 1574 1987 Actorum,
1594 1954 1662 1990 quod
1687 1962 1719 1982 es:
1739 1954 1791 1990 Cy-

1047 1990 1102 2017 rilli
1121 1990 1357 2025 Hierosolymitani
1371 1990 1499 2016 catechcsi
1513 1998 1538 2016 vr
1553 1991 1722 2024 descriptum.
1743 1991 1791 2016 iis-

1050 2026 1108 2052 dem
1120 2025 1194 2052 Actis
1209 2026 1360 2060 subjicitur,
1371 2025 1501 2060 integrum
1516 2025 1645 2052 Archelao
1664 2026 1698 2051 sit
1711 2026 1790 2052 attri-

1047 2060 1188 2087 buendum.
1210 2059 1302 2087 Pauca
1320 2059 1433 2087 insuper
1448 2060 1479 2087 de
1493 2065 1583 2088 nostra
1594 2061 1688 2087 horum
1711 2061 1790 2087 Acta-

1049 2103 1108 2121 rum
1120 2094 1243 2122 editione.

176 2177 230 2209 Ea:
262 2178 294 2210 γ,
313 2177 348 2209 σ.
363 2178 527 2212 Laurentii
549 2178 701 2217 Zacagnii
719 2178 904 2219 prwfatione
930 2176 971 2207 ad
985 2176 1180 2207 Collectanea
1202 2183 1470 2208 monumentorum
1494 2177 1641 2208 Ecclesia:
1656 2177 1786 2216 Graec,

891 2226 923 2256 ρ.
957 2225 992 2246 ιιι
1008 2225 1087 2256 seqq.

211 2277 231 2306 1.
247 2277 337 2307 Editio
355 2278 483 2307 Actorum
505 2278 576 2306 binas
592 2279 783 2314 disputationis
798 2279 833 2307 ab
848 2279 951 2306 Archa—
964 2282 986 2312 C
1003 2286 1064 2314 pus,
1082 2278 1108 2306 in
1122 2278 1198 2306 libris
1213 2286 1281 2314 quos
1288 2282 1381 2306 contra
1388 2277 1549 2306 Manichasos
1557 2275 1787 2313 conscripsitJle-

176 2323 220 2352 lao
232 2323 433 2359 Mesopotamia
444 2323 572 2360 episcopo
584 2330 647 2351 cum
660 2323 766 2352 Manete
780 2323 890 2352 nefaria:
901 2324 952 2351 hze-

175 2377 269 2398 reseos
284 2374 405 2402 auctore,
429 2369 501 2404 apud
525 2367 624 2397 Carras
649 2370 778 2405 primum,
807 2370 906 2398 deinde
927 2370 954 2397 in

176 2415 330 2444 Diodoridis
346 2415 404 2443 vi‘co
421 2414 529 2448 habita,
550 2419 606 2442 tum
628 2415 664 2443 ob
681 2415 802 2443 materiae
818 2420 953 2451 praestan-

176 2461 253 2494 tiam,
267 2466 324 2488 tum
339 2460 374 2488 ob
390 2460 428 2488 rei
443 2464 525 2496 gesta:
536 2461 736 2495 antiquitatem,
753 2461 953 2496 acceptissima,

176 2511 207 2534 ut
219 2506 346 2540 arbitror,
361 2506 414 2534 illis
427 2505 489 2538 erit,
506 2505 553 2541 qui
571 2514 712 2534 sacrarum
727 2506 880 2534 litterarum
895 2512 955 2534 stu-

175 2553 220 2580 dio
233 2556 367 2581 tenentur.
383 2551 499 2585 Quinam
516 2552 584 2579 Acta
604 2552 655 2579 ista
673 2553 782 2588 scriptis
807 2554 954 2588 consigna-

175 2599 253 2632 verit,
268 2598 339 2626 inter
351 2597 541 2632 Epiphanium,
560 2596 756 2632 Hieronymum
772 2602 799 2625 et
817 2597 956 2625 Heracliam

176 2652 241 2671 num
264 2643 510 2671 Chalcedonensem
541 2642 698 2677 episcopum
730 2650 785 2670 non
814 2643 951 2671 convenit.

177 2688 291 2716 Sanctus
306 2688 377 2715 enim
392 2686 559 2722 Epiphanius
582 2687 619 2722 (a)
645 2692 673 2715 et
692 2693 803 2715 sanctus
824 2687 955 2724 Hierony-

119 2759 124 2763 _
175 2732 289 2767 mus,(b)
303 2731 464 2760 Archelaum
482 2731 580 2766 ipsum,
600 2739 661 2766 quae
673 2740 764 2760 coram
779 2733 890 2760 delectis
910 2733 955 2768 ju-

175 2778 281 2805 dicibus
302 2778 432 2806 adversus
446 2776 579 2805 Manelem
596 2778 735 2810 disseruit,
752 2779 854 2814 scripto
871 2779 953 2806 tradi-

177 2824 358 2857 disscputant.
367 2822 543 2850 Eeraclianus
550 2830 614 2850 vero
620 2822 847 2853 Chalcedonensis
853 2825 954 2860 cpisco-

212 2898 249 2931 (a)
267 2898 338 2925 Hm.
353 2906 425 2929 var,
439 2905 515 2932 capp.
530 2898 574 2931 2i,
590 2899 625 2926 25
640 2904 667 2929 ct
682 2899 725 2926 32.

213 2933 301 2968 (bibe
317 2933 365 2960 t'ir.
385 2932 436 2967 ill.,
451 2941 476 2961 c.
493 2933 534 2963 72,.

1006 2324 1159 2359 gemonium
1179 2324 1325 2359 quemdam
1357 2324 1463 2351 illorum
1475 2329 1614 2351 auctorem
1628 2323 1712 2351 fuisse
1723 2330 1788 2350 cen-

1006 2370 1070 2397 suit.
1091 2368 1230 2404 Siquidem
1249 2369 1405 2405 Photius(c)
1418 2370 1514 2397 horum
1529 2369 1682 2397 lleracliani
1703 2369 1787 2397 libro-

1006 2423 1066 2442 rum
1080 2420 1206 2450 excerpta
1219 2414 1349 2447 referens,
1358 2415 1482 2443 eumdem
1495 2414 1683 2443 lleraclianum
1703 2416 1742 2444 ait
1758 2416 1785 2443 in

1005 2460 1175 2488 confutandis
1199 2460 1408 2489 Manichaeorum
1432 2463 1582 2493 erroribus,
1598 2470 1678 2489 usum
1700 2462 1785 2489 fuisse

1005 2506 1081 2533 Actis
1109 2506 1301 2541 disputationis
1330 2507 1455 2535 Archelai
1488 2508 1607 2543 episcopi
1639 2515 1700 2535 cum
1729 2507 1785 2535 Ma-

1005 2555 1077 2584 nete,
1093 2552 1127 2579 ab
1144 2550 1309 2586 Hegemonio
1323 2553 1493 2587 conscriptis.
1512 2553 1544 2580 Et
1558 2552 1709 2581 lleracliani
1724 2552 1783 2587 qui-

1005 2598 1065 2625 dem
1082 2598 1241 2625 scntentiam
1260 2598 1422 2626 conﬁrmare
1436 2600 1561 2627 videntur
1576 2600 1642 2626 Acta
1657 2599 1715 2633 ipsa
1728 2599 1784 2627 dis-

1005 2643 1166 2678 putationis,
1190 2644 1235 2671 ubi
1261 2644 1319 2672 haec
1343 2643 1457 2679 legimus
1486 2645 1550 2680 (d):
1575 2643 1705 2676 Quoniam
1725 2652 1784 2671 vero

986 2688 1103 2724 .placuit
1129 2689 1257 2717 Marcetlo
1288 2691 1494 2725 disputationem
1521 2691 1588 2717 hanc
1607 2691 1784 2725 excipiatque

1004 2734 1131 2767 describi,
1162 2736 1342 2763 contradicere
1365 2745 1416 2763 non
1440 2737 1532 2771 potui,
1553 2736 1665 2770 conﬁsus
1689 2737 1720 2763 de
1738 2737 1783 2763 be-

1005 2779 1132 2814 nignitate
1157 2780 1307 2815 legentium,
1335 2782 1404 2816 quod
1425 2782 1526 2808 veniam
1551 2782 1649 2809 dabunt
1671 2782 1694 2809 si
1720 2784 1783 2818 quid

1004 2823 1152 2858 imperitum
1174 2829 1220 2851 aut
1242 2825 1371 2852 rusticum
1397 2825 1500 2852 sonabit
1515 2826 1618 2859 oratio;
1645 2826 1692 2854 hoc
1713 2827 1782 2857 enim

1041 2901 1076 2934 (ί)
1089 2900 1171 2933 Bibl..
1186 2902 1245 2928 cod.
1262 2910 1359 2928 Lxxxv.

1039 2937 1077 2971 td)
1095 2936 1153 2964 Act.
1171 2937 1252 2971 disp.,
1269 2945 1293 2964 c.
1309 2937 1359 2972 59η
