3930 7156
461 278 484 332 Ι
496 276 594 332 407

1332 274 1390 330 S.
1430 272 1841 332 ARCHELAUS
1872 269 2384 328 MESOPOTAMLE
2420 267 2842 327 EPISCOPUS.‘

3504 279 3607 339 uos

463 402 671 449 tantum
724 401 824 457 est,
888 395 1025 465 quod
1075 395 1363 459 studemus,
1415 405 1471 450 ut
1524 397 1598 450 rei
1649 406 1805 467 gesta
1846 395 2024 467 cogni—
2050 390 2333 453 Aswcalis
2360 390 2646 445 tradiderit
2666 389 2856 459 patris,
2885 398 3189 459 permanent
3221 390 3323 446 illa:
3344 392 3393 445 in
3418 396 3615 453 columna

464 486 539 540 tio
558 486 852 541 studiosum
873 502 1120 556 quemque
1133 502 1236 540 non
1254 486 1440 544 lateat.
1459 487 1524 543 Et
1542 489 1740 544 clarius
1761 487 1887 542 alibi
1906 490 1981 558 (a)
2004 505 2018 541 :

464 575 664 642 Quibus
707 586 888 645 postea
926 577 1119 648 agnitis
1170 579 1478 646 Archelaus,
1531 580 1722 649 adjecit
1765 596 1827 634 ea
1856 580 2022 649 priori

462 668 834 739 disputationi,
879 678 937 723 ut
969 672 1208 725 omnibus
1248 672 1610 740 innotesceret,
1643 674 1778 727 sicut
1806 690 1899 743 ego
1929 674 2020 744 qui

460 761 729 831 inscripsi,
761 762 813 816 in
848 763 1109 832 prioribus
1138 765 1373 831 exposui.
1407 763 1709 820 Verisimile
1736 765 1879 820 enim
1912 782 2018 819 non

459 860 545 906 est
573 854 895 908 Archelaum
926 855 1000 910 ita
1032 855 1271 909 locutum
1314 854 1500 922 fuisse,
1541 857 1589 911 si
1628 857 1873 926 ipsemet,
1899 872 2021 927 quas

460 959 609 998 nunc
656 945 937 1010 habemus,
983 946 1364 1016 disputationis
1414 946 1578 1016 hujus
1620 946 1754 1001 Acta
1803 950 2020 1017 scriptis

461 1035 804 1102 mandasset;
843 1052 910 1091 eo
951 1039 1245 1106 praesertim
1267 1079 1283 1103 ,
1317 1039 1461 1109 quod
1497 1055 1592 1107 pro
1619 1039 1897 1107 inscripsi,
1946 1041 2022 1095 le-

460 1126 691 1193 gendum
730 1127 907 1197 potius
950 1144 1071 1183 esse
1111 1129 1356 1183 videatur
1384 1131 1660 1200 exscripsi.
1704 1128 1810 1185 Sed
1849 1131 2018 1186 nihilo

460 1221 639 1275 secius
669 1237 792 1277 cum
829 1224 883 1278 in
934 1236 1209 1295 postremo
1237 1225 1550 1280 eorumdem
1594 1225 1853 1281 Actorum
1898 1227 2019 1283 loco

460 1314 624 1367 modo
648 1325 946 1370 memorato
975 1317 1175 1373 diserte
1206 1318 1439 1381 dicatur,
1466 1316 1792 1372 Archelaum
1839 1319 2018 1388 ipsum

459 1405 722 1461 nonnulla
751 1407 918 1475 priori
950 1406 1306 1477 disputationi
1336 1422 1449 1463 sua:
1488 1408 1830 1476 postmodum
1863 1409 2017 1463 addi-

459 1495 625 1560 disse,
660 1497 713 1551 in
743 1513 864 1552 eam
897 1501 1221 1555 sententiam
1251 1501 1445 1555 lubens
1480 1500 1658 1564 venio,
1691 1509 1753 1556 ut
1783 1499 2019 1570 Epipha-

460 1586 610 1641 nium
634 1597 796 1658 atque
820 1588 1208 1662 Hieronymum
1238 1607 1361 1647 cum
1384 1589 1703 1647 Heracliano
1733 1590 2017 1647 conciliari

459 1680 881 1756 posse‘credam,
910 1680 957 1735 si
992 1680 1264 1745 dicamus,
1297 1680 1620 1736 Archelaum
1658 1680 1879 1753 Syriaca
1904 1681 2016 1751 pri-

460 1778 609 1817 mum
653 1765 835 1836 lingua
880 1776 1094 1836 cuncta,
1123 1784 1245 1839 qua:
1273 1785 1455 1825 coram
1500 1770 1719 1826 delectis
1740 1771 2015 1842 judicibus

459 1852 720 1913 adversus
768 1856 1033 1913 Manetem
1080 1861 1398 1928 protulerat,
1451 1861 1791 1932 divulgasse;
1844 1860 2017 1935 Hege-

459 1946 701 2001 monium
728 1963 878 2017 vero,
906 1966 1027 2020 qute
1066 1952 1134 2006 ab
1167 1950 1431 2007 Archelao
1459 1953 1571 2023 jam
1604 1954 1749 2009 edita
1781 1952 2013 2022 fuerant,

458 2038 671 2093 meliori
700 2054 806 2094 non
840 2041 1014 2095 solum
1043 2043 1231 2098 ordine
1267 2043 1583 2115 digessisse,
1618 2061 1806 2101 verum
1851 2045 2014 2101 etiam

458 2130 702 2198 exordio,
729 2132 962 2201 epilogo,
990 2134 1221 2204 aliisque
1242 2137 1520 2191 nonnullis
1548 2138 1931 2207 locupletasse,
1959 2146 2018 2192 ut

459 2222 712 2276 omnibus
746 2224 986 2278 numeris
1015 2225 1283 2293 absoluta,
1318 2227 1683 2283 celeberrima:
1714 2229 1858 2285 illius
1902 2227 2014 2284 dis-

456 2312 754 2379 putationis
777 2313 909 2366 Acta
943 2315 1007 2368 ad
1033 2324 1278 2384 posteros
1305 2319 1820 2374 transmitterentur.
1844 2318 2014 2374 Porro

456 2400 684 2473 Syriaca
735 2405 971 2473 primum
1015 2406 1196 2478 lingua
1247 2415 1447 2479 scripta
1490 2411 1656 2466 fuisse
1697 2415 1829 2466 Acta
1876 2411 2012 2477 ista,

455 2501 650 2563 praeter
700 2492 1082 2568 Hieronymum
1133 2499 1187 2553 id
1236 2500 1415 2571 ipsum
1467 2502 1588 2557 loco
1630 2518 1756 2557 mox
1794 2504 2015 2558 laudato

457 2587 602 2641 clare
637 2590 917 2645 testantem
938 2633 953 2657 ,
997 2592 1127 2647 illud
1167 2592 1332 2649 etiam
1381 2605 1702 2665 argumento
1730 2605 1836 2661 est,
1867 2597 2015 2666 quod

454 2677 754 2735 Archelaus
779 2680 843 2735 de
868 2682 1061 2738 solaris
1087 2698 1282 2738 cursus
1313 2685 1488 2753 spatio
1520 2700 1706 2755 agens,
1743 2686 2011 2755 sphaeram

457 2766 589 2824 illud
613 2785 645 2825 a
673 2769 872 2828 Graecis
893 2774 1073 2830 vocari
1105 2775 1182 2829 ait
1213 2774 1311 2845 (b).
1341 2775 1573 2842 Quinam
1594 2792 1657 2830 ea
1687 2777 1741 2831 in
1767 2776 2014 2833 Graecum

457 2873 762 2917 sermonem
807 2868 1162 2934 transtulerit,
1198 2877 1345 2923 certo
1373 2868 1627 2924 allirmari
1662 2885 1768 2925 non
1801 2879 2013 2941 potest,

459 2953 707 3021 quamvis
728 2970 920 3024 magna
941 2957 1084 3026 apud
1116 2972 1202 3012 me
1230 2957 1470 3025 suspicio
1501 2958 1593 3023 sit,
1621 2957 2014 3029 llegemonium

456 3044 552 3112 qui
593 3045 817 3102 alteram
852 3047 1100 3103 Archelai
1135 3049 1518 3118 disputationis
1556 3052 1846 3108 editionem
1881 3068 2013 3109 con-

458 3135 717 3203 cinnavit,
740 3138 915 3206 i‘psum
942 3154 1159 3210 quoque
1179 3143 1491 3199 eorumdem
1523 3144 1827 3198 versionem
1859 3159 1889 3199 e
1914 3142 2014 3216 Sy-

457 3230 610 3313 riaco
643 3231 697 3285 in
724 3232 972 3288 Graecum
1008 3235 1280 3304 eloquium
1312 3236 1682 3301 elucubrasse,
1720 3244 1781 3292 ut
1817 3236 1871 3290 in
1917 3252 2017 3292 uo-

456 3323 651 3377 tiorem
685 3324 923 3393 linguam
951 3326 1246 3393 transfusa,
1278 3329 1459 3384 cuncti
1488 3343 1582 3399 per
1611 3331 1799 3384 orbem
1831 3330 2015 3386 ﬁdeles

456 3413 828 3483 plenissimam
875 3418 1185 3471 earumdem
1235 3420 1482 3475 notitiam
1531 3421 1730 3476 habere
1772 3433 2015 3492 possent.

461 3502 682 3559 Factum
713 3505 764 3560 id
795 3508 1192 3576 antiquissimis
1225 3498 1555 3580 temporibus
1586 3512 1775 3578 fuisse,
1804 3529 1868 3567 ex
1890 3513 2019 3584 Epi—

456 3596 661 3666 phanio
702 3607 936 3664 constat,
985 3602 1079 3671 qui
1124 3602 1359 3673 insignia
1395 3605 1713 3659 eorumdem
1763 3614 2019 3677 excerpta

456 3686 646 3744 Graec
674 3689 838 3746 refert
861 3692 914 3746 in
943 3690 1363 3750 Manichaeorum
1394 3696 1587 3753 haeresi
1617 3716 1631 3751 :
1658 3713 1757 3754 nec
1776 3698 1882 3755 dici
1908 3712 2021 3770 pot-

457 3794 561 3845 est,
588 3798 655 3837 ex
682 3780 904 3854 Syriaco
924 3787 1219 3856 exemplari
1240 3787 1603 3859 Epiphanium
1632 3791 1808 3860 ipsum
1835 3792 2020 3848 Gratca

456 3867 675 3936 fecisse,
705 3886 829 3927 cum
858 3874 1039 3929 omnia
1067 3892 1187 3947 qua:
1211 3878 1280 3932 ab
1305 3878 1494 3933 eodem
1522 3895 1588 3933 ex
1603 3881 1750 3936 Actis
1778 3881 2021 3948 disputa-

457 3963 623 4019 tionis
655 3964 907 4020 Archelai
952 3981 1077 4022 cum
1124 3968 1334 4024 Manete
1368 3970 1690 4038 afferuntur,
1724 3972 1778 4025 in
1824 3970 2019 4029 Latina

456 4069 621 4125 quam
649 4057 891 4121 edimus,
922 4061 1170 4116 versione
1199 4061 1422 4117 totidem
1447 4065 1625 4119 verbis
1655 4065 2014 4134 reperiantur.

457 4148 537 4205 De
565 4147 758 4205 Latino
780 4151 1071 4220 interprete
1091 4152 1249 4208 nobis
1272 4161 1480 4208 tantum
1497 4155 1686 4224 liquet,
1716 4155 1865 4209 illum
1891 4154 2018 4210 Hie-

456 4256 685 4314 ronymo
730 4244 1086 4312 posteriorem
1134 4242 1323 4311 fuisse,
1365 4261 1526 4315 quem
1571 4247 1637 4302 de
1671 4246 1860 4302 Latina
1890 4263 2014 4303 ver-

457 4333 612 4389 sione
640 4335 966 4390 mentionem
1000 4335 1192 4391 fecisse
1225 4352 1324 4406 par
1352 4346 1488 4403 erat,
1522 4338 1567 4392 si
1616 4339 1733 4394 suis
1760 4339 2017 4408 temporia-

2038 3099 2085 3160 C

2121 482 2324 551 gloriw,
2353 484 2490 552 quod
2519 491 2736 536 vocatur
2755 482 2833 534 vir
2861 480 3141 550 perfectus.
3176 480 3271 537 Hic
3298 492 3455 537 autem
3478 489 3618 546 virest

2121 570 2364 625 columna
2408 572 2561 627 lucis.
2610 571 2743 638 Quae
2780 572 2945 625 verba
2980 572 3057 626 ita
3108 572 3350 643 leguntur
3390 577 3437 629 in
3476 577 3619 636 Grates

2120 665 2263 733 apud
2307 663 2673 734 Epiphanium
2709 663 2961 718 versione
2991 681 3005 717 :
3058 664 3171 734 Τῆς
3200 661 3289 718 οὖν
3317 666 3517 740 σελήνης
3554 689 3624 741 με-

2118 753 2433 825 ταδιδούσης
2461 756 2553 809 τὸν
2574 755 2742 827 γόμον
2762 753 2869 808 τῶν
2899 752 3089 825 ψυχῶν
3137 758 3249 818 τοῖς
3276 758 3422 812 αῐῶσι
3447 760 3525 813 τοῦ
3544 779 3624 815 πα-

2117 846 2265 917 τρὸς,
2284 846 2688 918 παραμένουσιν
2706 849 2763 901 ὲν
2778 846 2856 917 τῷ
2873 845 3050 917 στύλῳ
3065 844 3166 915 τῆς
3186 846 3357 918 δόξης,
3369 849 3422 912 ὃς
3432 851 3627 908 καλεῖται

2118 936 2227 1009 ἀὴρ
2248 940 2275 991 ὁ
2294 936 2528 1002 τέλειος·
2565 939 2595 991 ὁ
2621 938 2677 992 δὲ
2695 937 2802 1009 ἀὴρ
2836 931 3213 1002 οὖτοςστύλος
3240 940 3348 991 ἐστὶ
3375 943 3542 1009 φωτός.
3567 943 3629 999 Ex

2118 1030 2319 1098 quibus
2334 1038 2497 1099 patet,
2515 1028 2767 1084 Latinum
2786 1031 3137 1100 interpretem
3157 1030 3448 1085 Grtecarutn
3474 1048 3632 1090 vocum

2118 1120 2469 1175 similitudine
2491 1121 2799 1190 deceptum,
2817 1138 2913 1191 pro
2932 1124 3062 1195 ἀὴρ,
3085 1133 3145 1177 ιιι
3163 1121 3629 1192 Epiphaniushabet,

2117 1209 2257 1282 ἀνὴρ
2284 1209 2513 1280 legisse;
2548 1223 2744 1266 etcum
2777 1221 2988 1266 vertere
3012 1212 3331 1267 debuisset:
3370 1210 3629 1270 Permaneltt

2116 1300 2226 1355 illa:
2274 1301 2331 1354 in
2356 1301 2600 1355 columna
2624 1302 2805 1371 gloria:
2845 1319 2965 1373 qua:
2992 1316 3221 1356 vocatur
3260 1318 3348 1356 aer
3387 1303 3627 1373 perfectus;

2116 1406 2208 1445 aer
2234 1396 2406 1445 autem
2433 1391 2532 1445 iste
2552 1402 2630 1446 est
2657 1392 2903 1446 columna
2930 1392 3067 1447 lucis
3084 1410 3107 1456 ,'
3134 1394 3315 1462 ipsum
3346 1393 3471 1448 male
3495 1394 3630 1450 inter-

2114 1490 2383 1551 pretatum
2432 1480 2602 1538 fuisse
2648 1501 2662 1537 :
2703 1483 2855 1549 Quod
2892 1496 3117 1541 vocatur
3162 1485 3243 1539 vir
3269 1486 3504 1553 perfectus
3529 1490 3628 1543 :ln'c

2116 1580 2289 1626 autem
2313 1573 2392 1626 vir
2419 1584 2493 1627 est
2522 1572 2765 1627 columna
2795 1574 2961 1636 lucis;
2989 1575 3044 1629 in
3078 1590 3246 1645 quem
3280 1591 3405 1630 sane
3435 1592 3629 1633 errorem

2117 1678 2222 1717 non
2250 1663 2561 1729 incidisset,
2591 1665 2637 1720 si
2668 1664 2735 1720 ad
2771 1665 2979 1737 Syriaci
3014 1676 3203 1720 textus
3237 1665 3419 1732 fidem,
3462 1668 3509 1722 in
3546 1686 3629 1739 quo

2047 1748 2090 1804 Β
2118 1770 2370 1827 magnum
2402 1756 2543 1811 inter
2576 1766 2865 1826 utramque
2886 1772 3077 1812 vocem
3099 1756 3395 1811 discrimen
3419 1765 3513 1821 est,
3538 1776 3630 1813 ver-

2117 1846 2323 1902 sionem
2353 1862 2507 1904 suam
2541 1847 2892 1903 elaborasset.
2927 1846 3068 1903 Sunt
3099 1856 3156 1903 et
3182 1848 3302 1902 aliae
3333 1850 3544 1916 ejusdem
3564 1851 3627 1904 in-

2115 1938 2365 2006 terpretis
2407 1938 2876 2001 hallucinationes,
2909 1953 2978 1993 ex
3007 1938 3213 2008 quibus
3267 1938 3319 1992 id
3352 1939 3506 2007 ipsum
3540 1940 3628 1993 evi-

2115 2027 2432 2083 dentissime
2465 2029 2754 2098 colligitur.
2791 2029 3074 2100 Siquidem
3106 2032 3286 2100 capite
3317 2030 3347 2082 7
3375 2032 3435 2085 de
3462 2032 3628 2087 virente

2117 2119 2309 2188 spiritu
2336 2133 2365 2172 a
2403 2118 2615 2175 Manete
2648 2120 2878 2175 conficto
2913 2121 3166 2191 loquens,
3202 2122 3279 2175 ait
3306 2139 3320 2175 :
3352 2121 3627 2194 Rursasipse

2116 2212 2286 2266 vivens
2323 2213 2544 2282 spiritus
2577 2214 2772 2266 creavit
2804 2213 3119 2280 luminaria,
3149 2230 3269 2284 quae
3304 2226 3419 2268 sunt
3443 2217 3624 2287 reliquie

2116 2304 2329 2370 animle,
2362 2313 2411 2357 et
2446 2304 2563 2373 fecit
2589 2321 2649 2358 ea
2674 2305 3065 2367 ﬁrmamentum
3089 2307 3456 2369 circumire;et
3476 2310 3626 2361 iterum

2116 2393 2308 2446 creavit
2335 2401 2557 2460 terram,
2589 2403 2637 2448 et
2661 2404 2937 2450 suntocto.
2963 2393 3103 2451 Hinc
3130 2406 3313 2451 autem
3333 2404 3465 2466 patet
3489 2397 3626 2465 ipsum

2117 2481 2307 2538 Graeco
2354 2484 2650 2552 exemplari
2698 2500 2856 2539 usum
2915 2483 3107 2551 fuisse,
3166 2487 3221 2540 in
3266 2503 3374 2556 quo
3416 2489 3627 2556 scriptum

2116 2573 2323 2641 fuerat,
2357 2576 2464 2629 εἰσὶ
2494 2576 2553 2630 δὲ
2582 2576 2754 2640 ὀκτώ,
2786 2578 2870 2632 vel
2899 2579 3005 2632 elei.
3030 2578 3096 2650 δὴ
3122 2579 3300 2641 ὀκτώ,
3334 2594 3447 2632 cum
3489 2590 3629 2633 tamen

2116 2670 2255 2738 apud
2274 2668 2632 2741 Epiphanium
2652 2669 2860 2738 legatur
2879 2672 2959 2734 εἰς
2983 2671 3096 2742 εἴδη
3123 2669 3292 2732 ὀκτὼ,
3309 2671 3531 2739 octuplici
3545 2688 3629 2739 spe-

2115 2761 2229 2825 cie;
2256 2775 2377 2830 quae
2406 2776 2536 2816 sane
2562 2761 2921 2830 aaquivocatio
2966 2778 3073 2816 non
3104 2778 3177 2817 ex
3208 2760 3442 2833 Syriaca,
3471 2762 3550 2816 sed
3580 2778 3629 2814 ex

2116 2849 2299 2907 Greca
2329 2860 2534 2906 tantum
2563 2852 2747 2921 lingua
2773 2855 2905 2907 oriri
2931 2862 3162 2924 poterat.
3202 2853 3297 2908 Sic
3331 2869 3446 2923 cap.
3485 2854 3513 2905 8
3537 2869 3628 2906 ver-

2117 2946 2201 3007 tit,
2228 2946 2457 3014 eﬂ'undet
2488 2945 2701 3015 famem,
2739 2961 2862 3002 cum
2894 2956 3108 3002 vertere
3139 2948 3434 3010 debuisset,
3457 2956 3632 3016 pestem,

2117 3052 2148 3091 a
2179 3035 2488 3091 Graecarum
2512 3052 2706 3092 vocum
2744 3036 2921 3108 λιμός,
2954 3039 3145 3108 fames,
3181 3047 3239 3093 et
3266 3035 3462 3108 λοιμός,
3488 3038 3632 3105 pestis,

2117 3128 2473 3185 similitudine
2499 3130 2783 3200 deceptus,
2812 3138 2875 3184 ut
2919 3129 2975 3184 in
3009 3129 3217 3185 nostris
3244 3128 3315 3183 ad
3344 3144 3460 3182 eum
3490 3128 3635 3180 locum

2116 3221 2259 3276 notis
2296 3221 2727 3276 observavimus.
2759 3219 2851 3276 Sic
2882 3222 3055 3291 capite
3090 3222 3125 3277 9
3168 3238 3269 3292 pro
3310 3221 3512 3292 πήσσει,
3542 3234 3637 3272 cott~

2116 3313 2277 3385 gelat,
2305 3312 2502 3384 [rigore
2533 3315 2804 3383 astringit,
2834 3322 2893 3368 ut
2919 3324 3001 3369 est
3020 3315 3163 3384 apud
3191 3313 3557 3384 Epiphaniam,
3577 3312 3636 3363 le-

2115 3404 2260 3472 gisse
2292 3404 2503 3458 videtur
2545 3403 2794 3476 πλήσσει,
2824 3405 3069 3474 percutit,
3112 3414 3172 3458 ut
3201 3404 3257 3457 in
3303 3402 3496 3457 eisdem
3526 3399 3638 3454 nolis

2115 3492 2418 3548 docuimus.
2449 3491 2664 3548 Retinet
2687 3494 2848 3548 etiam
2881 3494 3171 3549 nonnullas
3194 3508 3359 3548 voces
3389 3490 3640 3547 Graecisin

2114 3584 2363 3640 versione
2394 3600 2521 3650 sua;
2553 3592 2607 3639 et
2639 3584 2910 3639 interdum
2944 3584 3165 3655 quidem
3198 3585 3469 3647 absolute,
3502 3582 3643 3636 inter-

2116 3675 2245 3730 dum
2282 3690 2410 3730 vero
2432 3674 2618 3731 addita
2643 3675 2956 3731 earumdem
2985 3678 3384 3748 explicatione;
3406 3677 3539 3747 quod
3560 3675 3646 3728 uti-

2117 3784 2224 3840 que
2253 3783 2359 3823 non
2383 3767 2620 3834 fecisset,
2648 3769 2740 3838 qui
2766 3767 2989 3840 Syriace
3015 3771 3281 3840 scriptum
3311 3786 3448 3840 Opus
3474 3766 3647 3823 Latini-

2117 3858 2214 3912 tali
2238 3858 2511 3913 donaSSet.
2539 3856 2676 3913 Hinc
2701 3872 2821 3927 cap.
2864 3858 2933 3912 53
2969 3859 3158 3913 talenti
3190 3874 3383 3915 vocem
3416 3875 3507 3928 pro
3539 3874 3647 3926 pou-

2116 3949 2244 4004 dere
2270 3957 2513 4019 usurpat,
2543 3963 2652 4018 quo
2684 3964 2847 4004 sensu
2870 3950 3009 4018 apud
3038 3949 3259 4007 Graecos
3289 3967 3395 4004 vox
3421 3949 3648 4003 τάλαντον

2116 4038 2385 4094 interdum
2416 4039 2696 4108 accipitur.
2734 4038 2825 4094 Sic
2856 4040 3018 4109 paulo
3053 4049 3198 4103 ante,
3233 4040 3379 4111 cybi,
3418 4038 3651 4093 vocabulo

2114 4130 2309 4194 utitur,
2344 4138 2399 4184 et
2446 4128 2628 4185 statim
2675 4131 2859 4186 subdit
2910 4145 2978 4184 ex
3026 4132 3416 4187 emendatione
3456 4140 3650 4189 nostra,

2114 4222 2252 4293 quod
2304 4237 2486 4276 nomen
2542 4232 2619 4276 est
2682 4223 2812 4286 tali;
2850 4223 2933 4276 vel
2978 4231 3037 4277 ut
3083 4222 3136 4277 in
3179 4223 3425 4293 quodam
3482 4221 3656 4290 Regio-

2114 4313 2478 4368 Alexandrino
2505 4313 2693 4368 codice
2731 4313 2954 4383 legitur,
2995 4315 3133 4383 quod
3160 4332 3356 4370 nomen
3384 4324 3464 4370 est
3505 4313 3653 4374 alea;

455 4424 564 4480 bus
587 4426 886 4482 exstitisset
913 4445 927 4480 :
956 4427 1156 4484 vixisse
1186 4402 1365 4485 tamen
1386 4439 1511 4486 ante
1537 4431 1826 4499 septimum
1852 4430 2013 4486 Chri-

2117 4419 2149 4457 a
2174 4402 2338 4468 κύὸος
2367 4404 2594 4469 scilicet,
2627 4420 2750 4474 quae
2782 4420 2883 4459 vox
2913 4420 3065 4475 aeque
3093 4409 3263 4461 talum
3293 4416 3465 4478 atque
3506 4406 3654 4460 aleam

458 4516 648 4573 stianze
693 4534 814 4573 atra:
848 4520 1104 4575 szeculum
1145 4521 1230 4576 vel
1275 4521 1399 4577 inde
1428 4522 1719 4594 colligitur,
1771 4523 1913 4593 quod
1958 4522 2015 4578 in

456 4609 743 4666 laudandis
761 4627 929 4667 sacrm
945 4610 1239 4681 Scriptura:
1255 4613 1389 4669 locis
1409 4614 1678 4685 vulgatam
1701 4615 2012 4682 editionem,

456 4717 580 4773 qua:
602 4718 668 4757 eo
698 4706 894 4761 saeculo
917 4722 1012 4777 per
1035 4706 1381 4764 Occidentem
1410 4707 1613 4777 passim
1649 4717 1861 4779 recepta
1892 4706 2013 4775 fuit,

457 4806 565 4849 non
592 4805 868 4865 sequatur.

530 4945 594 5001 ll.
624 4946 796 5005 Porro
820 4948 1056 5007 Graacam
1082 4954 1408 5021 versionem,
1442 4971 1549 5010 non
1575 4970 1704 5010 vero
1732 4954 2017 5026 Syriacum

457 5049 660 5097 textum
684 5058 794 5113 pra:
815 5044 1065 5100 manibus
1087 5044 1339 5101 Latinum
1360 5047 1708 5117 interpretem
1736 5047 2013 5114 habuisse,

457 5148 567 5188 non
602 5134 764 5189 modo
794 5150 862 5190 ex
888 5135 1138 5191 universa
1167 5137 1286 5206 ejus
1326 5138 1619 5205 locutione,
1650 5155 1770 5209 quae
1793 5139 2013 5204 Graecae,

460 5236 572 5279 non
653 5239 784 5280 vero
842 5224 1078 5296 Syriae-.e
1135 5225 1334 5299 lingua:
1387 5228 1623 5284 indolem
1693 5231 2017 5302 geniumque

459 5313 705 5380 redolet,
789 5316 922 5372 satis
991 5333 1262 5388 superque
1322 5319 1763 5388 demonstratur;
1824 5339 2014 5377 verum

459 5406 622 5463 etiam
670 5408 915 5478 pluribus
949 5409 1070 5467 aliis
1104 5411 1440 5482 argumentis
1473 5411 1770 5483 fortissime
1806 5416 2016 5472 evinci-

461 5509 570 5561 tur.
596 5499 803 5572 Quippe
830 5503 885 5557 in
914 5503 1077 5573 huius
1104 5503 1487 5574 disputationis
1518 5520 1640 5575 cap.
1676 5505 1710 5560 8
1740 5505 1812 5561 ita
1841 5508 2018 5578 loqui-

461 5600 589 5646 tur:
625 5591 757 5647 Cum
787 5596 952 5664 igitur
990 5595 1118 5650 luna
1156 5612 1285 5651 onus
1311 5598 1449 5671 quod
1480 5599 1636 5668 gerit,
1681 5600 2017 5672 animarum,

530 5704 744 5773 (a)Act.
774 5707 914 5779 disp.
931 5746 944 5771 ,
968 5724 1085 5781 cap.
1112 5709 1209 5765 ult.

2116 4494 2406 4565 signiﬁcat,
2431 4504 2492 4550 ut
2519 4495 2574 4550 in
2614 4496 2818 4551 nostris
2847 4496 2914 4550 ad
2938 4511 3062 4550 eum
3105 4498 3286 4554 locum
3316 4501 3464 4555 notis
3491 4499 3657 4552 obser-

2114 4587 2383 4643 vavimus.
2422 4585 2513 4643 Sic
2540 4587 2773 4657 denique
2803 4602 2924 4658 cap.
2961 4588 2994 4644 8
3025 4590 3206 4644 lunam
3239 4591 3542 4660 apocrusin,
3578 4587 3654 4641 de-

2116 4680 2421 4733 trimentum
2441 4679 2576 4750 pati,
2598 4679 2741 4749 quod
2772 4689 3100 4750 postremam
3131 4696 3319 4737 vocem
3353 4681 3552 4752 prioris
3582 4678 3655 4731 iu-

2116 4770 2557 4840 terpretationem
2578 4784 2701 4824 esse
2732 4786 2892 4827 nemo
2921 4788 3028 4827 non
3055 4773 3221 4828 videt.

2113 4890 2120 4916 ι
2185 4861 2274 4917 lll.
2313 4860 2498 4917 Refert
2542 4859 2879 4930 Epiphanius
2910 4879 3030 4934 cap.
3066 4864 3122 4918 ll
3162 4863 3510 4926 Archelaum,
3550 4866 3657 4931 post

2115 4952 2360 5025 fugatum
2391 4968 2423 5008 e
2447 4952 2635 5008 Garris
2660 4951 2946 5019 Manctem,
2976 4955 3043 5010 de
3070 4956 3189 5025 ejus
3213 4958 3443 5011 adventu
3467 4954 3518 5008 in
3543 4950 3653 5005 Dio—

2114 5042 2358 5098 doridem
2388 5050 2648 5108 castrum,
2690 5057 2722 5097 a
2764 5041 2999 5098 Diodoro
3036 5043 3141 5100 loci
3187 5044 3328 5100 illius
3360 5042 3653 5114 presbytero

2116 5133 2399 5191 certiorem
2433 5131 2659 5200 factum,
2692 5133 2831 5189 duos
2863 5135 2931 5188 ad
2973 5135 3223 5190 eumdem
3254 5133 3541 5189 Diodorum
3576 5126 3649 5180 λό-

2113 5242 2266 5296 γους,
2299 5226 2400 5281 hoc
2427 5234 2517 5303 est
2536 5225 2706 5281 libros
2731 5225 2967 5292 misisse,
3000 5234 3061 5281 ut
3091 5242 3279 5282 eorum
3312 5224 3538 5281 lectione
3575 5220 3647 5274 in-

2114 5307 2356 5373 Structus
2386 5317 2537 5387 impii
2581 5317 2820 5372 haeretici
2854 5327 3081 5373 conatus
3121 5327 3176 5371 et
3210 5318 3322 5388 ipse
3368 5313 3641 5382 infringere

2115 5411 2335 5465 valeret.
2389 5408 2493 5465 Sed
2535 5426 2603 5466 ea
2651 5413 2706 5467 in
2751 5425 2809 5465 re
2841 5412 3053 5481 lapsum
3099 5409 3267 5467 fuisse
3305 5404 3636 5480 Epiphanium

2115 5503 2250 5558 scite
2279 5501 2510 5557 advertit
2553 5502 2852 5559 Gulielmus
2882 5504 3024 5558 Cave
3065 5503 3117 5557 in
3147 5501 3469 5572 Scriptorum
3499 5494 3637 5551 eccle~

2117 5598 2450 5650 siasticorum
2487 5594 2711 5650 historia
2740 5595 3026 5661 litterario,
3056 5604 3106 5651 et
3130 5610 3195 5651 ex
3219 5594 3369 5653 Aetis
3397 5591 3518 5665 ipsis
3535 5587 3631 5644 dis«

2190 5708 2265 5780 rb)
2294 5706 2579 5783 lbid.,cap.
2604 5707 2693 5764 32.
