3972 6318
322 294 462 355 ίωθ

1781 288 2081 354 NOTITIA.

3404 303 3544 367 “l0

318 414 617 488 putationis
643 404 894 471 Archelai
920 430 1043 471 cum
1076 409 1286 472 Maneto
1311 416 1615 473 luculenter
1637 419 1873 474 ostendi-
1898 425 1944 483 Α
1972 418 2139 474 cratis
2167 417 2309 481 loca,
2342 416 2396 473 in
2422 417 2622 488 quibus
2650 417 2939 495 Κασχάρα,
2963 420 3048 477 vel
3081 412 3386 496 Καὰχάρων
3412 441 3539 495 per.

318 520 406 565 tur
434 527 450 564 :
495 509 548 563 in
580 508 647 563 iis
675 508 819 563 enim
846 523 966 578 cap.
1006 509 1069 562 Η
1103 510 1312 581 integra
1350 507 1584 565 refertur
1623 508 1873 565 Archelai

324 601 390 655 ad
423 598 721 653 Diodorum
760 598 1008 668 epistola,
1051 599 1105 653 in
1134 614 1239 668 qua
1279 614 1338 654 se
1369 600 1607 655 voluisse
1633 600 1872 670 quidem,

323 693 401 748 ait
431 690 747 757 Archelaus,
779 691 846 745 ad
880 689 1169 744 Diodorum
1201 691 1383 745 omnia
1416 691 1777 761 perscribere.
1810 695 1876 747 de

316 786 517 856 quibus
544 798 666 840 cum
697 782 906 838 Manete
931 799 1114 838 coram
1141 785 1363 840 delectis
1389 784 1665 854 judicibus
1688 784 1877 854 dispu-

312 885 558 944 taverat;
603 876 695 932 sed
723 886 1002 948 propterea
1036 877 1124 931 iis
1154 877 1430 932 mittendis
1461 877 1831 946 supersedisse
1856 919 1871 945 ,

313 970 461 1040 quod
494 969 761 1038 deinceps.
780 984 875 1040 per
896 969 1066 1024 otium
1097 969 1164 1024 de
1198 977 1308 1024 tota
1335 969 1700 1038 disputatione
1716 984 1872 1024 eumd

315 1062 438 1118 dem
471 1062 754 1118 certiorem
781 1062 1005 1117 reddere
1029 1061 1320 1133 cogitabat.
1358 1061 1416 1117 In
1446 1062 1552 1118 [lue
1583 1062 1745 1117 etiam
1769 1061 1876 1133 epi-

316 1135 471 1210 siolze
496 1160 620 1224 post
663 1152 898 1209 breviter
924 1153 1243 1223 perstrictos
1284 1153 1512 1209 Manetis
1545 1166 1789 1220 errores,
1817 1168 1877 1209 se

316 1245 487 1301 multa
518 1245 731 1302 silentio
758 1244 1080 1315 praeteriisse
1113 1245 1325 1311 scribit,
1363 1246 1491 1300 dum
1519 1245 1745 1301 celerem
1770 1243 1875 1315 ipsi

312 1337 729 1407 responsionem
762 1336 988 1392 reddere
1017 1333 1258 1404 festinat,
1306 1352 1375 1393 ne
1402 1337 1627 1392 minima
1653 1336 1872 1406 quidem

310 1430 583 1486 librorum
632 1431 700 1487 ad
742 1431 990 1487 eumdem
1040 1432 1333 1487 missorum
1378 1429 1653 1485 mentione
1707 1426 1870 1483 facta.

312 1520 534 1578 Certum
558 1522 743 1593 itaque
765 1533 866 1591 est,
894 1526 1238 1586 Archelaum,
1262 1537 1372 1592 quo
1396 1530 1635 1591 tempore
1653 1520 1720 1576 ad
1744 1518 1876 1573 Dio-

311 1614 504 1670 dorum
539 1615 911 1687 presbyterum
954 1616 1161 1672 litteras
1187 1613 1367 1679 dedit,
1405 1612 1584 1667 nullos
1612 1612 1873 1667 adversus

310 1705 542 1763 Manetis
577 1708 822 1763 haeresim
851 1708 1020 1765 libros
1047 1708 1398 1764 elucubrasse
1425 1723 1439 1759 :
1468 1704 1560 1759 sed
1588 1719 1689 1759 nec
1717 1719 1874 1759 secu-

312 1799 381 1853 tis
409 1798 663 1869 deinceps
692 1799 1028 1869 temporibus
1070 1798 1192 1853 libri
1240 1797 1334 1853 ulli
1369 1796 1438 1851 ab
1471 1794 1737 1851 Archelao
1773 1794 1869 1849 ad-
1901 1775 1946 1830 Β

310 1903 503 1943 versus
535 1888 782 1943 eumdem
817 1889 1004 1958 scripti
1054 1888 1222 1943 fuisse
1260 1887 1539 1962 videntur;
1592 1884 1699 1940 nisi
1743 1884 1871 1954 quis

308 1979 603 2034 contendat
629 1979 918 2049 ipsummet
944 1980 1075 2035 Acta
1103 1980 1485 2049 disputationis
1513 1993 1625 2033 suze
1649 1977 1867 2046 scriptis

311 2070 623 2125 mandasse.
668 2068 801 2124 Nam
835 2069 1171 2141 Epiphanius
1208 2072 1322 2140 ipse
1361 2085 1429 2124 ex
1470 2069 1576 2123 alio
1610 2068 1866 2137 quopiam

308 2159 563 2216 Archelai
593 2161 732 2216 libro
759 2162 834 2216 nil
865 2163 1077 2226 recitat,
1114 2162 1359 2232 nihilque
1397 2160 1568 2216 ferme
1606 2160 1867 2215 adversus

308 2249 732 2306 Manichazorum
762 2265 974 2307 errores
998 2250 1222 2321 profert,
1247 2253 1391 2321 quod
1412 2252 1466 2306 in
1489 2252 1866 2321 disputationis

311 2359 344 2397 a
372 2344 532 2398 nobis
558 2345 715 2399 edita:
746 2342 895 2398 Actis
925 2358 1033 2398 non
1069 2344 1389 2413 reperiatur.
1426 2342 1625 2398 Eadem
1650 2357 1867 2412 quoque

311 2435 427 2489 sola
463 2435 618 2501 Acta,
652 2450 757 2489 non
784 2450 912 2489 vero
937 2435 1072 2491 alios
1102 2436 1385 2505 quospiam
1411 2434 1658 2490 Archelai
1696 2435 1866 2490 libros

305 2524 494 2580 laudat
523 2524 874 2581 Heraclianus
900 2525 1356 2581 Chalcedonensis
1392 2527 1699 2596 episcopus,
1734 2526 1865 2581 dum

308 2615 555 2671 omnium
586 2616 933 2687 antiquorum
958 2615 1178 2670 Patrum
1208 2617 1404 2687 scripta
1442 2626 1863 2686 commemorat,

305 2707 508 2777 quibus
545 2707 597 2761 in
628 2722 728 2762 suo
750 2708 1011 2763 adversus
1041 2707 1370 2764 Manichaeos
1393 2724 1554 2779 opere
1579 2725 1730 2769 ususr
1748 2709 1867 2765 fue—

306 2810 412 2855 rat.
443 2799 806 2866 Quamobrem
858 2799 1144 2855 dicendum
1189 2809 1292 2868 est,
1338 2803 1440 2857 hac
1478 2802 1532 2856 in
1564 2818 1622 2857 re
1650 2817 1866 2873 quoque

304 2893 530 2947 humani
557 2892 686 2963 quid
709 2907 929 2962 passum
956 2890 1123 2948 fuisse
1144 2892 1523 2963 Epiphanium,
1546 2901 1601 2948 et
1631 2894 1863 2949 duorum

303 2985 558 3041 Archelai
586 2985 851 3039 librorum
883 2984 1004 3040 loco
1034 2985 1288 3040 habuisse
1312 2985 1446 3040 Acta
1474 2986 1588 3056 ipsa
1620 2985 1865 3056 disputa-

305 3077 473 3132 tionis
495 3094 524 3132 a
551 3076 708 3132 nobis
730 3077 887 3132 edita:
912 3095 925 3131 :
959 3092 1079 3147 quae
1106 3091 1229 3132 cum
1263 3092 1352 3132 res
1391 3078 1619 3134 diversis
1648 3086 1863 3149 tempo-

302 3170 465 3225 ribus
509 3179 688 3240 gestas
722 3168 1169 3238 complectantur,
1195 3168 1339 3222 haud
1375 3168 1521 3223 inani
1548 3171 1863 3240 conjectura

300 3262 485 3333 colligi
519 3269 715 3332 potest,
747 3262 800 3316 in
832 3263 968 3318 duas
997 3262 1126 3316 olim
1170 3271 1351 3331 partes
1382 3260 1554 3315 divisa
1590 3260 1783 3327 fuisse,
1810 3264 1863 3317 in

302 3366 535 3423 quarum
560 3354 740 3423 priore
761 3353 1054 3423 disputatio
1076 3351 1325 3408 Archelai
1349 3366 1471 3407 cum
1494 3351 1703 3407 Manete
1725 3355 1864 3422 apud

302 3448 533 3512 Carras;
561 3446 615 3500 in
648 3447 881 3501 secunda
912 3460 1060 3511 vero,
1085 3455 1277 3500 cuncta
1305 3461 1424 3514 quae
1455 3454 1562 3499 tam
1600 3445 1865 3502 Diodorus

303 3536 612 3608 presbyter,
640 3551 804 3605 quam
845 3536 987 3589 idem
1025 3534 1326 3591 Archelaus
1355 3550 1385 3589 a
1432 3534 1667 3590 Diodoro
1694 3536 1866 3591 moni-

302 3637 413 3694 tus,
446 3638 635 3682 contra
661 3626 925 3683 Manetem
958 3629 1009 3682 in
1036 3626 1347 3683 Diodoridis
1374 3627 1554 3683 'castro
1579 3628 1708 3698 egit,
1734 3643 1866 3684 con-

299 3717 631 3771 tinerentur.

372 3806 466 3863 1V.
510 3807 631 3863 Jam
658 3822 788 3865 vero
826 3807 1151 3865 Archelaum
1196 3809 1524 3882 Κασχάρων,
1570 3810 1865 3867 Coac/mro-

303 3916 424 3954 rum
461 3901 774 3971 episcopum
819 3899 986 3956 fuisse
1026 3902 1188 3956 tratlit
1219 3902 1465 3959 Socrates
1497 3904 1595 3971 (α),
1625 3903 1863 3974 Epipha-

302 3993 456 4046 nium
487 4000 706 4046 secutus
740 3989 836 4062 (ὁ).
865 3991 935 4046 At
976 4004 1166 4045 auctor
1196 3991 1297 4045 iste
1329 3990 1429 4046 sibi
1466 4005 1575 4045 non
1610 3999 1860 4056 constat,

301 4090 489 4151 utpote
517 4081 610 4151 qui
643 4081 860 4146 urbem,
891 4080 1049 4149 cujus
1076 4080 1361 4150 episcOpus
1381 4088 1496 4136 erat
1526 4079 1825 4136 Archelaus
1843 4122 1858 4146 ,

300 4171 602 4247 Καρχάρην
638 4173 762 4228 alibi
811 4173 1054 4229 nominat
1083 4174 1152 4244 (c)
1187 4173 1240 4227 in
1286 4172 1575 4229 Petaviana
1603 4174 1860 4244 editione,

300 4265 433 4323 licet
469 4268 520 4320 in
556 4266 661 4321 alia
694 4265 989 4321 Basileensi
1020 4267 1256 4322 editione
1279 4266 1584 4339 Καλχάρων
1606 4276 1861 4338 corrupte

302 4360 583 4415 habeatur.
616 4358 964 4429 ,Postremam
1007 4361 1147 4415 hanc
1192 4361 1477 4416 lectionem
1524 4362 1861 4432 expressisse

1972 525 2157 581 peram
2208 510 2422 580 legitur.
2474 508 2647 567 Porro
2696 513 2886 567 urbem
2937 512 3226 582 quamdam
3272 516 3540 573 Careham

1974 603 2194 656 nomine
2240 601 2295 655 in
2343 598 2542 656 Arabia
2593 600 2771 658 Felice
2803 604 2960 659 sitam
2996 604 3186 671 fuisse,
3238 621 3542 680 anonymus

1975 691 2260 747 Ravennas
2299 689 2638 763 Geographite
2688 695 2919 764 scriptor
2966 697 3129 751 tradit
3170 696 3262 768 (ε).
3296 696 3545 756 Meminit

1975 794 2028 838 et
2053 784 2275 838 alterius
2303 783 2527 839 Carchze
2556 781 2879 841 Ammianus
2916 785 3263 844 Marcellinus
3308 790 3399 859 (f).
3438 788 3540 846 Ve-

1972 889 2092 927 rum
2117 882 2320 929 neutra
2346 876 2537 929 harum
2564 876 2779 929 urbium
2807 877 3104 933 Archelaus
3126 881 3422 951 episcopus
3447 898 3541 938 ex-

1975 964 2146 1029 stitit;
2177 980 2300 1018 nam
2323 963 2452 1033 ejus
2493 980 2617 1020 cum
2649 964 2857 1021 Mauete
2899 967 3194 1038 disputatio
3228 970 3412 1027 habita
3443 976 3545 1029 est.

1974 1052 2027 1107 in
2056 1053 2455 1124 Mesopotamiae
2493 1057 2629 1110 urbe
2662 1056 2765 1112 sub
2794 1055 3161 1113 Romanorum
3192 1061 3397 1117 ditione
3435 1077 3535 1132 pos

1976 1145 2102 1209 sita,
2139 1146 2298 1214 cujus
2326 1146 2696 1216 episcopatum
2719 1146 2998 1202 obtinebat
3016 1149 3335 1217 Archelaus,
3365 1161 3426 1207 ut
3448 1153 3537 1208 dia

1973 1245 2114 1291 serte
2152 1238 2352 1292 dicitur
2391 1238 2532 1308 apud
2567 1237 2950 1309 Epiphanium,
2992 1248 3047 1294 et
3084 1240 3138 1294 in
3167 1241 3318 1299 Actis
3365 1244 3542 1315 ipsius

1972 1327 2396 1398 disputationis:
2442 1327 2671 1383 Carchav
2702 1344 2832 1386 vero
2884 1345 2916 1384 a
2962 1329 3287 1387 Marcellino
3331 1349 3542 1390 memo-

1972 1427 2111 1483 rata,
2146 1428 2296 1476 extra
2326 1419 2793 1490 Mesopotamiam.
2823 1428 2975 1478 trans
3007 1421 3235 1493 Tigrim,
3266 1424 3323 1479 in
3347 1424 3540 1481 Persa-

1972 1526 2094 1566 rum
2122 1512 2327 1568 ditione
2359 1514 2461 1569 sita
2494 1523 2630 1577 erat,
2663 1516 2854 1570 eodem
2885 1517 3174 1571 Ammiano
3217 1526 3356 1574 teste
3394 1519 3539 1577 locis

1971 1607 2227 1665 laudatis.
2257 1609 2484 1665 Carchze
2512 1625 2733 1681 quoque
2764 1610 2978 1667 Arabiae
3008 1612 3182 1678 urbis,
3207 1614 3366 1683 cujus
3387 1616 3533 1686 apud

1972 1715 2301 1773 anonymum
2332 1701 2695 1757 Ravennatem
2719 1703 2920 1758 mentio
2940 1712 3043 1766 est,
3065 1703 3364 1761 Archelaus
3385 1706 3543 1763 nullo

1971 1802 2131 1862 pacto
2161 1794 2449 1863 episcopus
2479 1809 2598 1849 esse
2644 1794 2853 1863 potuit;
2904 1810 3028 1849 cum
3079 1795 3293 1865 antiqui
3339 1813 3535 1855 omnes

1972 1886 2263 1955 scriptores
2289 1902 2411 1940 eum
2443 1901 2550 1940 non
2586 1886 2818 1952 Arabiae,
2847 1887 2937 1941 sed
2980 1886 3381 1956 Mesopotamiae
3412 1892 3535 1960 epi-

1972 1993 2199 2047 scopum
2243 1977 2411 2033 fuisse
2447 1979 2679 2032 tradant.
2708 1977 3070 2033 Posteriorem
3115 1981 3254 2049 apud
3285 1981 3525 2051 Epipha-

1970 2071 2121 2127 nium
2146 2070 2452 2132 lectionem,
2472 2078 2665 2139 praeter
2689 2069 2908 2124 Petrum
2930 2070 3173 2125 Siculum
3202 2081 3365 2142 atque
3387 2074 3531 2129 Pho-

1971 2163 2126 2227 tium,
2140 2161 2369 2230 probare
2385 2160 2604 2228 insuper
2619 2160 3007 2215 videnturActa
3021 2161 3132 2231 ipsa
3148 2161 3536 2232 disputatioiis

1968 2250 2219 2305 Archelai
2260 2265 2383 2305 cum
2426 2248 2658 2314 Manete,
2708 2250 2761 2303 in
2817 2264 3051 2318 quorum
3097 2252 3253 2306 initio
3284 2252 3486 2306 dicitur

1974 2341 2269 2398 Thesaurus
2304 2358 2475 2409 uerus,
2517 2343 2624 2396 sive
2659 2342 2953 2411 disputatio
2980 2343 3161 2397 habita
3198 2345 3255 2397 in
3295 2342 3534 2399 Carchar

1970 2434 2177 2489 civitate
2195 2433 2606 2503 Mesopotamia.
2633 2432 2833 2488 Verum
2867 2450 2988 2489 cum
3022 2432 3247 2491 inferius
3269 2435 3342 2507 (g)
3364 2436 3534 2492 Chan-

1969 2542 2085 2581 ram
2116 2526 2372 2590 habeant,
2407 2540 2638 2596 eamque
2663 2508 3068 2595 MesOpotamiae
3100 2527 3287 2582 urbem
3312 2543 3433 2584 esse
3456 2529 3538 2584 di-

1969 2626 2123 2685 cant;
2171 2618 2295 2673 hinc
2324 2617 2503 2673 lucide
2528 2625 2761 2683 constat,
2805 2626 2917 2672 tam
2943 2619 3130 2674 eadem
3178 2618 3335 2687 Acta,
3369 2635 3532 2691 quam

1969 2709 2329 2780 Epiphanium
2360 2720 2415 2764 et
2447 2709 2605 2777 alios,
2647 2709 3023 2780 intelligendos
3056 2723 3179 2765 esse
3206 2711 3273 2765 de
3300 2709 3535 2766 Charris

1969 2802 2316 2857 celeberrima
2339 2801 2740 2872 Mesopotamia:
2767 2806 2928 2872 urbe;
2964 2806 3104 2861 unde
3127 2806 3242 2861 vias
3267 2806 3403 2861 duas
3432 2821 3523 2860 re-

1970 2890 2085 2961 gias
2115 2892 2173 2947 in
2207 2891 2481 2947 Persidem
2515 2893 2774 2949 ducentes
2802 2894 3062 2963 distingui
3096 2896 3260 2951 tradit
3290 2895 3525 2951 Marcel-

1968 2985 2115 3042 linus
2177 2984 2253 3057 (h)
2296 3003 2312 3040 :
2341 3002 2462 3056 qua:
2507 2987 2639 3041 urbs
2669 2984 2875 3041 Cbarra
2902 2988 3065 3042 etiam
3103 2989 3358 3045 scribitur
3382 2990 3529 3061 apud

1969 3075 2195 3132 Paulum
2243 3076 2541 3132 Diaconum
2588 3076 2673 3149 (ἱ).
2720 3078 2958 3132 Carehar
3007 3088 3187 3133 autem
3214 3119 3229 3144 ,
3269 3080 3354 3135 vel
3397 3082 3534 3136 Car-

1966 3169 2131 3223 chara
2176 3169 2231 3223 in
2261 3168 2464 3224 eisdem
2509 3169 2683 3231 Actis.
2724 3178 2779 3224 et
2816 3170 2958 3240 apud
2992 3169 3348 3240 Epiphanium
3393 3173 3533 3229 scri-

1968 3268 2117 3329 ptum
2160 3258 2328 3315 fuisse
2356 3259 2589 3326 videtur,
2626 3260 2972 3313 librariorum
3026 3259 3257 3316 forsitan
3301 3275 3529 3330 errore,

1964 3352 2047 3406 vel
2080 3352 2223 3421 quod
2254 3352 2461 3423 vulgari
2506 3352 2882 3424 indigenarum
2914 3352 3098 3423 lingua
3124 3353 3200 3408 ita
3239 3368 3529 3426 nuncupad

1966 3451 2141 3497 retur.

2039 3532 2101 3587 V.
2139 3532 2213 3589 De
2242 3541 2482 3604 tempore
2510 3534 2672 3589 etiam
2710 3534 2908 3591 habitae
2939 3536 3008 3591 ab
3042 3533 3309 3591 Archelao
3336 3536 3536 3607 dispu-r

1966 3624 2195 3680 talionis
2222 3634 2589 3680 consentanea
2618 3626 2719 3681 sibi
2742 3641 3083 3696 nequaquam
3109 3627 3271 3681 tradit
3295 3626 3534 3698 Epipha-

1964 3715 2124 3782 nius;
2179 3730 2303 3769 nam
2354 3716 2409 3769 in
2448 3716 2588 3771 libro
2644 3716 2720 3770 De
2762 3719 3017 3771 mensuris
3057 3728 3106 3772 et
3155 3718 3472 3787 ponderibus
3499 3757 3521 3783 ν

1963 3822 2114 3860 num.
2146 3806 2239 3869 20,
2274 3806 2538 3861 Mauetem
2569 3808 2639 3862 ob
2664 3817 3022 3877 perpetratam
3052 3808 3194 3876 regis
3226 3807 3517 3862 Persarum

1963 3896 2055 3949 filii
2090 3911 2275 3951 necem
2302 3912 2367 3951 ex
2397 3895 2617 3951 Perside
2647 3897 2953 3968 profugum,
2989 3898 3042 3951 in
3071 3896 3518 3968 Mesopotamiam

1961 4001 2107 4040 nono
2133 3986 2404 4042 Valeriani
2435 3997 2490 4042 et
2514 3987 2741 4043 Gallieni
2768 3988 2936 4058 impp.
2975 4004 3123 4043 anno
3149 3990 3382 4051 venisse,
3413 3989 3516 4059 qui

1960 4088 2045 4133 est
2070 4077 2394 4135 Christianae
2419 4095 2539 4135 terte
2577 4095 2754 4135 annus
2780 4080 2905 4142 $62,
2938 4079 3237 4151 eodemque
3276 4090 3522 4151 tempore

1960 4187 2083 4228 eum
2112 4172 2379 4228 Archelao
2407 4171 2646 4242 ejusdem
2675 4171 2912 4244 regionis
2936 4173 3194 4242 episcopo
3217 4172 3526 4242 disputasse

1961 4260 2142 4317 refert.
2176 4265 2239 4318 At
2270 4262 2326 4316 in
2358 4262 2550 4318 haeresi
2580 4262 3011 4317 Manichaeorum
3042 4264 3143 4317 sub
3177 4263 3355 4333 ipsum
3396 4278 3528 4334 ope-

1958 4353 2037 4407 ris
2053 4353 2288 4419 initium,
2309 4362 2364 4408 et
2383 4366 2533 4407 num.
2565 4352 2659 4417 20,
2684 4352 2919 4422 primum
2942 4352 3160 4421 quidem
3185 4363 3334 4407 ortos
3356 4351 3527 4408 fuisse

302 4452 520 4506 videtur
555 4450 889 4523 Epiphanius
914 4468 980 4506 ex
1010 4451 1158 4507 Actis
1185 4453 1315 4523 ipsis
1345 4453 1731 4522 disputationis
1754 4453 1861 4506 Ar-

1968 4442 2311 4512 Manichtcos,
2356 4460 2450 4499 seu
2478 4446 2657 4511 potius
2695 4444 2975 4512 antiquam
3013 4443 3080 4498 de
3110 4444 3254 4498 bono
3283 4459 3349 4500 ac
3379 4444 3525 4500 malo

303 4546 479 4601 chelai
507 4545 742 4616 episcopi
774 4562 897 4601 cum
927 4545 1156 4610 Maneto,
1192 4546 1244 4600 in
1275 4561 1505 4616 quorum
1539 4546 1694 4601 initio
1721 4545 1860 4600 dici-

302 4649 394 4695 tur
420 4658 434 4694 :
469 4637 765 4694 Thesaurus
792 4656 960 4703 verus,
988 4640 1092 4694 sive
1119 4639 1407 4709 disputatio
1429 4637 1613 4692 habita
1642 4638 1697 4692 in
1723 4638 1859 4693 Car-

302 4730 433 4785 char
465 4730 676 4785 civitate
716 4730 1147 4800 Mesopotamia;
1185 4745 1416 4799 eamque
1461 4729 1748 4784 lectionem
1782 4744 1863 4784 se-

302 4829 547 4890 quuntur
572 4819 767 4875 Petrus
787 4819 1006 4875 Siculus
1032 4812 1108 4888 (ά)
1130 4828 1184 4876 et
1201 4817 1611 4877 PhotiusP.CP.
1626 4818 1680 4871 in
1698 4832 1861 4887 opere

303 4915 486 4969 adhuc
526 4913 729 4969 inedito
758 4913 1016 4968 adversus
1057 4911 1383 4966 Manichaeos
1414 4924 1516 4964 suo
1544 4925 1657 4963 aevo
1686 4909 1862 4979 repul-

301 5005 557 5071 lulantes,
588 5004 683 5059 lib.
724 5019 762 5069 l,
798 5005 891 5073 qui
919 5005 1045 5058 dum
1093 5001 1379 5072 Epiphanii
1427 5000 1767 5055 narrationes
1803 5000 1855 5053 in

300 5099 573 5165 epitomen
614 5095 883 5166 redigunt,
913 5095 1234 5148 Archelaum
1267 5108 1374 5146 non
1412 5091 1740 5162 Kasxa’tpmv,
1774 5090 1858 5145 vel

301 5189 626 5261 Καλχάρων,
656 5189 748 5244 sed
779 5187 1082 5258 Καρχάρων
1105 5185 1412 5255 episcopum
1444 5191 1680 5237 vocant:
1714 5182 1855 5237 unde

299 5283 466 5338 etiam
493 5289 659 5351 patet,
698 5280 1035 5337 emendanda
1060 5293 1180 5332 esse
1207 5277 1310 5331 alia
1339 5274 1625 5347 Epiphanii
1666 5283 1720 5330 et
1752 5272 1856 5329 So-

398 5458 451 5529 a)
484 5454 770 5529 Histeccl.
790 5454 884 5508 lib.
915 5468 955 5518 ι,
987 5453 1225 5529 eap.__22.

394 5521 450 5595 ii)
504 5528 645 5582 liter.
698 5541 845 5591 vat,
904 5521 1069 5594 capp;
1106 5525 1140 5578 5
1189 5532 1243 5578 et
1271 5524 1322 5592 7,
1375 5531 1429 5578 et
1469 5521 1542 5578 De
1592 5540 1754 5579 mens.
1804 5533 1852 5577 et

299 5597 484 5673 pond.,
523 5612 642 5667 cap.
673 5597 764 5651 20.
818 5642 819 5645 η

266 5704 269 5709 ‹
373 5673 443 5793 (ἢ
476 5669 579 5748 ld._,
616 5667 746 5720 bar.
779 5679 925 5747 ιεινι,
955 5678 1074 5731 cap.
1106 5662 1189 5715 Η,

375 5748 390 5793 ι
440 5742 454 5793 )
490 5737 633 5793 Hist.
663 5734 918 5793 Mante/L,
948 5748 1068 5793 pag.
1098 5733 1184 5788 57,

375 5733 454 5809 (ά)
490 5737 633 5793 Hist.
663 5734 918 5798 κακίαι,
948 5748 1068 5805 pag.
1098 5733 1184 5788 57.

1967 4534 2076 4590 Deo
2110 4536 2356 4590 haresim
2402 4550 2434 4589 a
2459 4535 2670 4590 Manete
2710 4549 2806 4604 per
2838 4534 3018 4588 varias
3059 4534 3209 4590 orbis
3253 4545 3525 4591 terrarum

1959 4636 2142 4699 partes
2172 4628 2317 4683 circa
2341 4642 2543 4682 annum
2577 4641 2629 4680 tv
2658 4626 2937 4681 Aureliani
2967 4627 3098 4696 imp.
3127 4642 3320 4683 rursus
3343 4628 3524 4683 divul-

1961 4731 2139 4793 gatam
2165 4720 2335 4776 fuisse
2358 4719 2576 4785 scribit;
2609 4719 2802 4774 deinde
2830 4734 2960 4774 vero
3001 4720 3103 4774 sub
3134 4719 3426 4774 Aureliano
3465 4727 3526 4777 et

1957 4811 2134 4867 Probo
2159 4811 2212 4866 id
2240 4827 2270 4865 a
2302 4809 2512 4865 Manete
2543 4809 2743 4865 factum
2789 4809 2962 4864 fuisse
2994 4810 3201 4874 innuit,
3243 4822 3304 4865 ut
3337 4810 3522 4866 videre

1957 4911 2039 4957 est
2068 4916 2219 4956 num.
2252 4900 2340 4965 19,
2373 4900 2466 4965 20,
2505 4900 2573 4955 59
2623 4909 2678 4955 et
2709 4900 2775 4952 77
2801 4900 3042 4970 ejusdem
3071 4900 3361 4957 haereseos.
3393 4899 3515 4956 Non

1957 4992 2133 5061 potuit
2153 4999 2334 5045 autem
2359 4989 2657 5045 Archelaus
2679 4988 2949 5045 Valeriani
2973 5000 3023 5045 et
3040 4990 3265 5046 Gallieni
3291 5005 3432 5045 anno
3456 5006 3512 5045 Ix

1958 5081 2221 5137 Manetem
2266 5082 2387 5135 viva
2420 5096 2553 5137 voce
2581 5082 2884 5148 confutare,
2919 5092 2977 5137 ut
3015 5082 3070 5136 in
3105 5083 3244 5137 libro
3273 5081 3345 5135 De
3369 5096 3513 5134 men-

1957 5175 2095 5228 suris
2121 5182 2170 5227 et
2199 5172 2513 5241 ponderibus
2541 5172 2616 5226 ait
2642 5171 3002 5242 Epiphanius,
3035 5173 3080 5227 si
3109 5180 3230 5241 post
3253 5185 3359 5229 non
3384 5185 3519 5240 pau-

1958 5280 2052 5320 cos
2084 5279 2279 5330 annos,
2308 5263 2393 5320 vel
2421 5278 2565 5319 anno
2608 5279 2662 5318 Iv
2700 5260 3000 5330 Aureliani,
3047 5262 3130 5316 vel
3173 5262 3315 5317 circa
3346 5259 3512 5315 ﬁnem

2027 5448 2096 5518 (ε)
2139 5437 2323 5518 Geogr.
2354 5446 2449 5500 lib.
2486 5458 2550 5508 tt,
2581 5459 2699 5518 cup.
2739 5443 2791 5494 7.

2025 5508 2092 5586 (Ῑ)
2122 5508 2426 5579 ιὶῡ.’Χνιιι,
2458 5530 2577 5584 cap.
2612 5508 2702 5577 23,
2737 5524 2791 5569 et
2820 5513 2912 5567 lib.
2952 5528 3077 5579 xxv,
3112 5526 3230 5582 cap.
3263 5508 3355 5578 20,
3382 5509 3475 5567 21.

2028 5590 2101 5656 (g)
2126 5589 2255 5642 Acta
2281 5586 2509 5653 disput.,
2540 5600 2667 5656 cap.
2689 5586 2742 5639 5.

2028 5654 2103 5726 (ἦ)
2132 5656 2248 5710 Lib.
2290 5671 2450 5720 χχιιι,
2487 5654 2613 5725 cap;
2641 5654 2697 5707 4,
2931 5673 3001 5726 Δ...

2029 5719 2095 5799 (ὅ)
2116 5726 2258 5782 Hist.
2285 5719 2458 5796 mica,
2484 5719 2579 5780 lib".
2614 5740 2748 5791 xm,
2779 5737 2895 5793 cap.
2927 5719 3019 5776 20.
