3972 6318
433 258 561 312 MM

1306 254 1362 309 S.
1405 253 1822 309 ARCHELAUS
1851 251 2368 309 MESOPOTAMLE
2407 244 2820 313 EPISCOPUS.’

3516 258 3654 312 “1?.

429 369 673 442 ejusdem
705 370 937 442 imperii,
965 379 1019 425 et
1047 369 1260 425 initium
1289 369 1474 438 Probi,
1503 369 1686 426 Manes
1719 371 1993 438 antiquio-
2019 375 2068 432 Α
2094 370 2254 437 nerit,
2285 380 2344 426 ut
2373 385 2440 427 eo
2489 381 2731 442 tempore
2778 371 3051 441 incepisse
3099 369 3507 442 quodammodo
3552 371 3658 426 dici

430 465 509 519 ris
537 463 731 518 nefarii
759 463 1026 533 dogmatis
1076 463 1410 518 incrementa
1459 463 1792 533 procuravit.
1831 460 1991 517 Prio-

430 572 544 610 rem
595 553 882 626 Epiphanii
916 554 1187 609 calculum
1235 555 1290 609 in
1333 555 1474 609 libro
1517 553 1595 608 De
1638 556 1895 608 mensuris
1943 562 1992 608 et

427 648 740 718 ponderibus
769 646 1014 717 sequitur
1047 645 1242 701 Petrus
1273 644 1494 700 Siculus
1522 645 1560 700 l.
1591 661 1642 700 c.
1675 654 1730 700 et
1767 645 1994 702 Photius

428 739 485 796 in
511 739 728 794 laudato
755 738 848 793 lib.
879 753 894 791 ι
928 738 1189 793 adversus
1215 735 1547 793 Manichzeos
1579 737 1991 806 repullulantes,

428 829 553 885 licet
579 827 900 882 Valerianus
937 828 1076 898 Aug.
1110 827 1217 896 iam
1242 827 1310 881 ab
1338 841 1484 881 anno
1525 842 1600 881 vn
1632 826 1752 894 ejus
1781 826 1994 896 imperii

429 936 459 977 a
500 918 706 991 Sapore
738 933 863 989 rege
885 917 1176 973 Persarum
1201 927 1391 988 captus
1417 915 1598 971 fuerit.
1625 915 1991 970 Pusteriorem

426 1027 556 1066 vero
584 1011 812 1081 probant
843 1009 975 1062 Acta
1010 1007 1124 1077 ipsa
1157 1006 1541 1076 disputationis
1576 1005 1826 1062 Archelai
1866 1022 1990 1087 cum

427 1101 660 1166 Manete,
690 1116 755 1155 ex
785 1114 1018 1170 quorum
1048 1114 1169 1168 cap.
1203 1097 1273 1154 37
1301 1097 1478 1153 lucide
1503 1100 1759 1167 'apparet,
1789 1099 1996 1154 Arche-

428 1193 574 1246 laum
611 1190 712 1245 sub
741 1188 969 1258 imperio
998 1186 1184 1252 Probi,
1221 1201 1330 1240 non
1361 1179 1542 1241 autem
1573 1186 1837 1252 Gallieni,
1865 1201 1990 1242 cum

427 1282 639 1338 Maneto
670 1282 737 1336 de
764 1280 923 1350 cujus
951 1277 1146 1334 haeresi
1189 1277 1267 1332 nil
1295 1277 1477 1333 adhuc
1513 1280 1618 1335 sibi
1652 1291 1990 1350 compertum

425 1386 567 1442 erat,
592 1378 917 1447 disputasse.
947 1373 1183 1445 Cyrillus
1209 1387 1430 1443 quoque
1450 1371 1990 1443 Hierosolymitanus,

425 1470 518 1541 qui
544 1467 879 1538 septuaginta
910 1475 1118 1520 tantum
1158 1465 1317 1520 annis
1359 1473 1488 1534 post
1514 1463 1778 1518 detectam
1807 1460 1992 1515 Mane-

423 1564 496 1617 tis
516 1560 762 1615 haeresim
789 1574 847 1614 se
874 1557 1112 1613 scribere
1131 1565 1363 1612 testatur
1395 1554 1493 1627 (α),
1518 1554 1786 1610 Manetem
1807 1553 1990 1608 Probo

425 1654 725 1724 imperante
753 1651 1002 1707 haeresim
1037 1649 1318 1721 divulgare
1348 1648 1602 1719 coepisse,
1631 1646 1833 1702 diserte
1855 1646 1993 1701 scri-

2096 463 2353 532 potuerit.
2397 462 2623 518 Videtur
2653 466 2798 519 enim
2829 464 3128 518 Archelaus
3160 473 3286 532 post
3313 462 3657 518 confutatam

2095 571 2278 610 coram
2306 555 2580 625 judicibus
2613 555 2904 622 Manetem,
2945 571 3060 609 rem
3100 563 3269 609 totam
3317 555 3533 620 cunctis
3565 567 3659 623 per

2094 647 2280 701 orbem
2303 647 2571 718 episcopis
2600 658 2787 703 notam
2810 647 3030 711 fecisse,
3058 655 3118 700 ut
3141 647 3346 701 labant'i
3378 646 3660 703 catholica:

2093 737 2238 804 fidei,
2267 746 2466 807 quanta
2509 747 2729 806 possent
2775 739 3066 795 sedulitate
3106 745 3532 794 succurrerent:
3567 751 3663 790 eo-

2093 844 2198 898 que
2231 839 2388 899 pacto
2435 830 2637 886 factum
2671 829 2840 886 fuisse
2870 847 2968 901 par
3013 837 3116 896 est,
3165 835 3228 883 ut
3268 827 3364 898 qui
3397 827 3662 883 subdolos

2092 911 2511 979 Manicha-orum
2541 938 2864 995 progressus
2899 922 3240 994 ignorabant,
3274 929 3406 976 tunc
3440 919 3662 974 illorum

2092 1016 2341 1072 hieresim
2387 1026 2568 1072 ortam
2615 1015 2785 1072 fuisse
2835 1013 3187 1076 crediderint,
3242 1026 3370 1067 cum
3418 1011 3662 1080 primum

2091 1109 2335 1180 ejusdem
2366 1109 2611 1164 notitiam
2648 1123 2716 1164 ex
2745 1108 2997 1164 Archelai
3026 1107 3222 1162 litteris
3251 1105 3585 1161 habuerunt.

2164 1198 2274 1254 VII.
2317 1199 2422 1255 Sed
2476 1210 2531 1255 et
2591 1201 2787 1255 habita:
2832 1201 2898 1254 ab
2950 1198 3216 1255 Archelao
3267 1196 3661 1267 disputationis

2093 1297 2306 1359 tempus
2355 1305 2422 1344 ex
2471 1288 2539 1343 D.’
2580 1288 2758 1345 Leone
2807 1287 3001 1358 Magno
3053 1286 3332 1358 pratcisius
3382 1285 3662 1356 designari

2093 1389 2289 1449 potest,
2316 1381 2409 1450 qui
2432 1381 2486 1433 in
2515 1395 2766 1436 sermone
2789 1395 2827 1434 ιι
2857 1379 2922 1434 de
2941 1377 3280 1441 Pentecoste,
3301 1375 3664 1432 Manicheum

2093 1471 2417 1534 innotuisse,
2449 1470 2547 1536 ait,
2581 1469 2755 1524 Probo
2799 1469 2930 1538 imp.
2975 1479 3030 1522 et
3071 1466 3302 1522 Paulino
3327 1481 3494 1535 coss.,
3513 1480 3664 1520 anno

2093 1571 2213 1633 post
2239 1561 2442 1620 Christi
2474 1561 2928 1618 resurrectionem
2957 1557 3085 1626 250,
3109 1567 3169 1613 ut
3195 1557 3663 1614 accommodatius

2093 1653 2159 1707 ad
2203 1652 2646 1723 chronologicam
2699 1651 2979 1706 veritatem
3029 1649 3086 1704 in
3133 1649 3320 1704 codice
3361 1647 3661 1705 Oxoniensi

423 1745 522 1799 bit.
555 1744 849 1799 Dicendum
879 1743 1062 1812 itaque
1094 1751 1197 1807 est,
1237 1740 1599 1812 Epiphanium
1628 1741 1683 1795 in
1726 1740 1870 1795 libro
1907 1738 1986 1794 De
2020 1728 2063 1784 Β
2092 1744 2194 1816 legi
2247 1744 2574 1812 Quesnellus
2619 1753 2865 1800 testatur.
2913 1743 2983 1797 At
3023 1742 3111 1797 hic
3156 1736 3318 1796 Probi
3359 1751 3415 1797 et
3448 1743 3661 1796 Paulini

424 1835 682 1888 mensuris
712 1845 762 1888 et
811 1831 1126 1902 ponderibus
1172 1846 1409 1896 errasse,
1455 1839 1510 1886 et
1551 1830 1724 1884 multo
1761 1829 1994 1885 certiora

423 1927 491 1982 de
523 1925 940 1982 Manichaeorum
972 1925 1197 1980 haeresis
1220 1933 1409 1979 exortu
1451 1924 1503 1977 in
1535 1922 1687 1977 libris
1728 1922 1992 1976 Aduersus

422 2021 641 2074 hereses
681 2018 838 2072 nobis
891 2017 1204 2081 tradidisse,
1252 2015 1377 2071 licet
1419 2015 1473 2068 in
1532 2013 1736 2069 eisdem
1775 2027 1992 2083 quoque

422 2111 579 2166 libris
631 2109 828 2165 iterum
888 2108 993 2164 sibi
1045 2124 1155 2164 non
1213 2116 1462 2163 constare
1510 2105 1986 2176 deprehendatur:

421 2219 548 2257 nam
591 2217 716 2257 cum
768 2202 994 2257 dixisset
1027 2214 1172 2255 anno
1218 2216 1274 2254 tv
1318 2198 1614 2260 Aureliani,
1637 2197 1732 2267 qui
1778 2205 1984 2267 partem

423 2297 551 2350 anni
589 2295 696 2348 273
723 2303 778 2349 et
799 2279 903 2347 274
934 2291 1329 2362 complectitur,
1380 2289 1669 2345 emersisse
1700 2287 1985 2350 Manetem,

422 2401 486 2441 ac
531 2392 790 2456 praeterea
827 2381 1172 2448 affirmasset,
1220 2381 1275 2436 id
1319 2379 1585 2435 accidisse
1622 2378 1902 2432 Aureliani
1935 2386 1988 2431 et

419 2476 584 2532 Probi
631 2475 988 2546 temporibus,
1030 2464 1136 2528 hoc
1183 2481 1266 2528 est
1313 2485 1456 2525 anno
1495 2469 1697 2525 Christi
1752 2469 1858 2522 276
1901 2483 1988 2524 se-

420 2570 657 2626 cundum
695 2568 982 2640 quosdam,
1013 2567 1108 2637 qui
1140 2565 1254 2636 jam
1290 2573 1404 2619 tum
1444 2567 1512 2617 ab
1546 2562 1665 2633 ejus
1702 2561 1987 2617 nativitate

419 2676 595 2716 annos
641 2675 930 2716 numer-are
963 2666 1272 2720 sueverant,
1314 2655 1439 2711 licet
1473 2669 1568 2710 eos
1601 2671 1630 2709 a
1679 2653 1879 2709 Christi
1929 2654 1982 2707 in

419 2755 589 2810 caelos
619 2751 989 2823 assumptione
1016 2764 1188 2804 annos
1211 2757 1506 2818 supputare
1537 2745 1871 2816 Epiphanius
1895 2759 1984 2799 as-

421 2856 602 2911 serat;
635 2839 725 2898 vel
750 2857 895 2896 anno
922 2840 1031 2895 246
1063 2839 1362 2896 secundum
1395 2838 1555 2902 alios,
1583 2838 1676 2907 qui
1719 2852 1750 2892 a
1778 2836 1984 2892 Christi

418 2945 594 2992 morte
623 2948 798 2989 annos
831 2932 1234 3003 supputabant;
1271 2938 1456 3000 postea
1505 2930 1710 2995 subdit,
1737 2944 1768 2984 a
1802 2929 1984 2986 Mane-

418 3029 490 3082 tis
523 3025 857 3096 temporibus
882 3038 1056 3093 usque
1091 3023 1158 3078 ad
1193 3037 1398 3076 annum
1426 3030 1522 3075 xm
1554 3021 1684 3090 imp.
1720 3020 1980 3087 Valentis,
2009 3063 2052 3124 α

416 3129 471 3174 et
501 3135 553 3173 Ix
583 3117 827 3173 Gratiani
849 3131 914 3171 ac
943 3116 1177 3186 primum
1203 3112 1564 3168 Valentiniani
1597 3111 1839 3169 Junioris
1871 3128 1979 3184 quo

417 3212 534 3280 ipse
565 3208 863 3278 scribebat”,
896 3207 1000 3262 hoc
1025 3215 1111 3263 est
1141 3220 1316 3276 usque
1346 3205 1414 3260 ad
1439 3210 1579 3275 {serua
1605 3205 1846 3276 vulgaris
1876 3220 1978 3260 an-

415 3317 547 3355 num
589 3298 707 3360 576,
723 3299 1092 3354 intercessisse
1116 3312 1290 3352 annos
1313 3297 1434 3360 l07,
1457 3295 1602 3366 quod
1632 3312 1763 3352 sane
1791 3313 1978 3352 verum

414 3405 537 3446 esse
561 3405 668 3445 non
701 3399 912 3461 potest;
946 3405 1069 3444 nam
1100 3390 1170 3444 ab
1200 3403 1343 3444 anno
1370 3389 1476 3444 276
1505 3390 1589 3445 vel
1621 3389 1728 3443 273
1757 3398 1852 3445 aut
1873 3389 1980 3444 274

414 3481 485 3538 ad
525 3497 728 3536 annum
768 3481 894 3545 576,
928 3497 1036 3537 non
1071 3493 1292 3537 centum
1339 3491 1390 3537 et
1433 3492 1640 3552 septem
1684 3482 1836 3547 anni,
1883 3481 1978 3537 sed

412 3581 632 3628 centum
658 3572 1055 3640 tantummodo,
1083 3572 1169 3628 vel
1203 3571 1306 3628 105
1335 3581 1430 3626 aut
1460 3571 1563 3627 104
1595 3572 1745 3639 anni,
1780 3587 1977 3628 secun-

348 3730 359 3741 ,
414 3665 545 3722 dum
573 3666 754 3722 varias
782 3666 1195 3736 supputationes
1222 3665 1384 3721 modo
1406 3673 1756 3733 memoratas,
1781 3679 1976 3720 nume-

413 3767 572 3813 rantu
581 3773 625 3812 l‘.

481 3847 571 3904 Vl.
590 3848 760 3905 Porro
777 3863 1014 3928 quonam
1029 3847 1190 3905 Probi
1207 3863 1352 3905 anno
1367 3849 1420 3905 id
1433 3849 1712 3917 acciderit,
1725 3864 1790 3905 ex
1809 3849 1977 3906 Euse-

411 3943 500 3999 bio
515 3942 692 4014 colligi
710 3943 1013 4012 potest,_qui
1024 3942 1078 3998 in
1090 3942 1347 3997 Chronico
1363 3942 1441 3998 sic
1455 3943 1521 3998 de
1553 3942 1974 3998 Manichaeorum

412 4032 582 4089 initiis
604 4031 876 4102 scribit(b)
893 4052 906 4084 :
924 4031 1162 4087 Secundo
1178 4049 1316 4086 anno
1334 4030 1513 4098 Probi,
1523 4033 1977 4104 juxtalAmioclte-

410 4141 504 4178 nos
515 4117 790 4178 CCCXXV
803 4137 964 4178 annus
986 4123 1108 4190 fuit,
1116 4122 1278 4193 juxta
1296 4123 1480 4194 Tyrios
1495 4124 1623 4179 CDll
1636 4125 1716 4180 vel
1729 4124 1882 4180 CDlll
1896 4141 1976 4178 se-

409 4215 929 4278 cundumquosdam;
951 4214 1108 4283 juxta
1135 4212 1456 4269 Laodicenos
1472 4215 1796 4282 CCCXXIV,
1811 4217 1976 4286 juxta

413 4307 704 4363 Edessenos
732 4308 802 4378 (c)
822 4305 1261 4363 CCCLXXXVIII
1282 4307 1377 4375 (ita
1408 4309 1551 4362 enim
1583 4309 1782 4379 corrigi
1816 4309 1974 4364 debet

2094 1837 2413 1892 consulatus
2458 1844 2670 1906 partem
2724 1834 2851 1889 anni
2902 1833 3062 1904 primi
3102 1841 3158 1888 et
3195 1833 3418 1888 secundi
3448 1834 3662 1902 imperii

2090 1926 2254 1982 Probi
2290 1927 2552 1990 continet,
2570 1941 2730 1996 quem
2760 1925 2994 1979 obeunte
3022 1921 3209 1977 Tacito
3229 1923 3314 1977 die
3339 1923 3406 1976 15
3435 1922 3660 1992 Aprilis,

2089 2019 2318 2088 ejusque
2345 2017 2512 2073 fratre
2552 2016 2806 2070 Floriano
2850 2025 2974 2086 post
3021 2014 3162 2070 duos
3203 2030 3420 2069 menses
3452 2016 3660 2080 occiso,

2091 2108 2394 2165 Romanum
2433 2110 2721 2181 imperium
2769 2109 3075 2164 obtinuisse
3120 2117 3353 2164 constat.
3386 2107 3568 2174 Quare
3614 2109 3662 2164 si

2082 2202 2237 2274 juxta
2269 2202 2564 2258 Eusebium
2594 2218 2736 2257 anno
2759 2202 2920 2256 l’rohi
2953 2217 2992 2255 ιι
3015 2209 3070 2256 et
3089 2201 3247 2272 juxta
3276 2200 3508 2257 Leonem
3541 2200 3661 2254 Ma-

2087 2310 2251 2364 gnum
2286 2295 2388 2349 sub
2430 2294 2717 2350 consulatu
2759 2292 2923 2348 Probi
2959 2302 3012 2348 et
3040 2291 3256 2347 Paulini
3283 2291 3546 2360 patefacta
3569 2301 3658 2347 est

2089 2385 2512 2442 Manichaeorum
2559 2386 2804 2452 haeresis,
2859 2385 3165 2442 necessario
3201 2386 3304 2441 dici
3341 2386 3520 2451 debet,
3557 2385 3661 2439 Ar—

2083 2478 2256 2533 chelai
2279 2493 2402 2532 cum
2420 2477 2627 2532 Manete
2645 2476 3190 2546 disputationem,per
3205 2492 3368 2547 quam
3387 2479 3662 2532 universa:

2084 2571 2338 2626 Ecclesia:
2387 2569 2617 2626 Manetis
2673 2585 2825 2625 error
2880 2569 3156 2635 innotuit,
3204 2569 3470 2626 accidisse
3515 2571 3657 2625 intra

2081 2661 2284 2718 Julium
2318 2671 2480 2732 atque
2513 2661 2864 2718 Decembrem
2895 2662 3023 2717 anni
3056 2662 3182 2716 277.
3229 2660 3423 2717 Verum
3456 2663 3658 2718 Arche-

2083 2755 2153 2810 lai
2187 2757 2357 2811 nostri
2383 2755 2542 2811 verba
2568 2755 2802 2825 benigne
2831 2764 2960 2810 sunt
2991 2753 3419 2824 interpretanda,
3471 2755 3567 2824 qui
3606 2757 3658 2810 in

2082 2861 2205 2916 cap.
2235 2844 2308 2899 27
2336 2843 2716 2916 disputationis
2749 2858 2863 2898 suae
2889 2850 3013 2912 post
3039 2852 3310 2896 trecentos
3344 2839 3458 2896 fere
3486 2855 3660 2896 annos

2083 2952 2116 2993 ι
2141 2935 2346 2992 Christi
2391 2945 2586 3001 morte,
2632 2935 2744 2989 imo
2773 2941 2897 3004 post
2925 2941 3213 2998 trecentos,
3252 2940 3306 2987 et
3333 2946 3400 2987 eo
3423 2933 3660 3004 amplius

2084 3043 2258 3084 annos
2280 3028 2348 3083 ab
2373 3028 2559 3083 eadem
2591 3025 2792 3081 Christi
2835 3034 3010 3080 morte
3052 3023 3339 3078 advenisse
3385 3021 3656 3078 Manetem

2086 3120 2301 3176 asserit.
2330 3119 2652 3174 Archelaum
2683 3117 2830 3172 enim
2865 3116 2930 3171 ad
2959 3115 3393 3185 exaggerandam
3427 3113 3657 3170 Manetis

2085 3213 2455 3278 stoliditatem,
2504 3211 2598 3281 qui
2648 3208 2990 3266 Paracletum
3045 3207 3308 3278 Spiritum
3359 3226 3389 3265 a
3438 3209 3657 3270 Christo

2085 3305 2438 3375 promissum,
2489 3312 2691 3358 temere
2747 3316 2806 3357 se
2849 3315 2970 3356 esse
3013 3298 3338 3368 afﬁrmabat,
3385 3317 3656 3357 annorum

2084 3411 2372 3453 numerum
2404 3396 2458 3450 in
2491 3392 2876 3466 disputationis
2920 3402 3053 3448 testu
3095 3393 3316 3449 auxisse
3362 3393 3657 3449 dicendum

2083 3499 2186 3556 est,
2214 3499 2274 3544 ut
2305 3487 2508 3544 clarius
2539 3485 2868 3552 ostenderet,
2922 3482 3099 3553 ipsum
3147 3483 3306 3556 longe
3350 3484 3491 3540 adeo
3535 3496 3662 3556 post

2083 3579 2288 3636 Christi
2325 3586 2556 3633 mortem
2601 3585 2847 3645 tempore
2895 3582 3282 3644 emergentem,
3312 3571 3658 3631 Paracletum

2082 3687 2204 3730 esse
2234 3687 2342 3728 non
2379 3684 2565 3742 posse,
2611 3681 2771 3739 quem
2804 3665 2966 3722 Jesus
3017 3672 3142 3736 post
3191 3680 3355 3721 suum
3396 3666 3454 3721 in
3486 3667 3656 3724 caelos

2083 3778 2391 3828 ascensum,
2417 3761 2562 3817 illico
2583 3775 2641 3816 se
2660 3758 2927 3830 apostolis
2948 3758 3246 3814 missurum
3267 3757 3655 3827 afﬁrmaverat;

2081 3865 2136 3911 et
2173 3869 2364 3910 revera
2407 3861 2531 3924 post
2577 3850 2969 3922 quinquaginta
3006 3849 3075 3905 ab
3104 3849 3224 3920 ejus
3251 3852 3660 3908 resurrectione

2080 3948 2197 4002 dies
2238 3947 2307 4001 ab
2335 3945 2453 4016 ipso
2480 3943 2710 4000 missum
2748 3940 2950 4006 fuisse,
2990 3941 3362 4012 apostolorum
3390 3943 3535 3998 Acta
3569 3944 3656 3998 di-

2081 4050 2226 4096 serto
2255 4047 2540 4094 testantur.

2151 4106 2289 4185 νῑιι.
2330 4127 2428 4184 His
2482 4127 2550 4183 de
2585 4125 2840 4182 Archelai
2870 4139 2995 4180 rum
3023 4122 3236 4179 Manete
3265 4123 3655 4195 disputationis

2080 4232 2320 4292 tempore
2352 4236 2418 4276 ac
2456 4218 2823 4284 versionibus,
2875 4216 3054 4286 deque
3098 4215 3344 4285 ejusdem
3392 4216 3653 4273 Archelai

2078 4309 2374 4382 episcopali
2417 4309 2542 4364 sede
2588 4307 2904 4378 praelibatis,
2942 4305 3208 4377 agendum
3253 4305 3417 4362 nobis
3460 4315 3549 4363 est
3589 4309 3656 4362 de

408 4397 632 4455 Pontaci
644 4399 829 4463 editio,
845 4401 896 4452 in
909 4415 1014 4468 qua
1027 4414 1303 4471 perperam
1320 4397 1970 4471 legiturCCCLXXXlX);
2006 4432 2050 4486 ι)
2080 4403 2391 4459 sinceritate
2413 4411 2578 4472 atque
2600 4399 2913 4470 priestantia
2936 4399 3176 4468 ejusdem
3201 4398 3416 4468 operis;
3436 4414 3504 4454 ac
3519 4415 3654 4469 prte-

402 4490 908 4561 juxtaAscalonitas
943 4489 1289 4558 CCCLXXX,
1325 4492 1515 4545 insana
1558 4489 1972 4545 Manichaeorum

409 4583 620 4638 heresis
635 4584 687 4635 in
703 4600 972 4638 commune
982 4585 1197 4638 humani
1210 4585 1406 4655 generis
1422 4585 1616 4639 malum
1626 4595 1830 4639 exorta.
1850 4583 1973 4639 Haec

417 4681 595 4728 autem
613 4671 824 4728 Eusebii
841 4672 1005 4726 verba
1020 4670 1090 4726 ita
1105 4669 1449 4742 intelligenda
1471 4680 1617 4736 sunt,
1631 4681 1690 4730 ut
1713 4689 1822 4729 non
1845 4683 1972 4728 tunc

410 4764 645 4836 primum
702 4763 1121 4820 Manichaeorum
1176 4766 1397 4822 lueresis
1449 4777 1568 4821 orta
1619 4765 1813 4834 fuerit;
1854 4767 1970 4836 jam

410 4857 553 4913 enim
583 4856 650 4910 ab
671 4857 1036 4925 apostolorum
1061 4856 1228 4913 ferme
1251 4859 1587 4928 temporibus
1609 4860 1970 4928 quorumdam

410 4958 620 5006 mentes
648 4949 735 5002 ille
763 4947 999 5003 nefarius
1025 4963 1178 5003 error
1209 4951 1501 5014 invaserat,
1528 4959 1587 5004 ut
1610 4965 1676 5005 ex
1703 4949 1970 5006 Archelao

409 5053 598 5099 nostro
625 5054 678 5099 et
706 5042 1004 5113 Epiphanio
1031 5044 1230 5114 liquet;
1265 5043 1358 5098 sed
1386 5045 1532 5111 quod
1571 5053 1698 5100 tunc
1730 5047 1966 5115 primum

408 5136 619 5192 Manete
653 5136 900 5193 haeresim
926 5145 1160 5192 veterem
1196 5151 1292 5205 per
1319 5136 1501 5190 varias
1524 5133 1763 5193 Orientis
1792 5141 1968 5210 regio-

407 5247 507 5288 nes
531 5233 941 5298 disseminante,
973 5241 1028 5287 et
1066 5232 1120 5286 in
1152 5232 1480 5286 Archelaum
1506 5230 1644 5286 forte
1674 5232 1964 5299 incidente,

405 5322 501 5394 qui
524 5337 712 5378 omnes
739 5323 859 5394 ejus
891 5329 1036 5377 artes
1059 5335 1124 5375 ac
1144 5334 1359 5374 errores
1389 5318 1718 5390 disputando
1741 5323 1963 5386 detexit,

405 5409 483 5466 ita
516 5412 570 5466 in
603 5423 921 5469 cunctorum
947 5426 1043 5483 per
1077 5411 1264 5466 orbem
1305 5409 1542 5466 fidelium
1579 5415 1826 5468 not.tiam
1868 5431 1964 5467 Vt:-

478 5615 556 5688 (_a)
587 5615 804 5688 Catech.
837 5635 910 5682 vr,
944 5630 1064 5688 pag.
1103 5618 1221 5673 140.

478 5685 554 5758 (lt)
581 5685 772 5744 Chron.
807 5690 896 5744 lib.
930 5685 1092 5760 post,
1115 5705 1236 5762 pag.
1268 5687 1387 5747 l77.

2077 4505 2224 4550 terea
2249 4495 2560 4558 videndum,
2590 4508 2657 4546 an
2691 4492 2872 4562 aliqua
2910 4491 2994 4546 sui
3029 4499 3180 4562 parte
3201 4493 3520 4548 mutilatum
3545 4497 3648 4558 sit;

2075 4599 2348 4660 postremo
2391 4586 2762 4651 indicandum,
2816 4601 3066 4655 quamam
3119 4585 3379 4640 Actorum
3409 4602 3538 4657 quae
3566 4590 3650 4642 in-

2076 4691 2223 4752 tegra
2252 4695 2396 4735 nunc
2421 4679 2584 4750 primi
2612 4679 2848 4744 edimus,
2881 4676 3182 4748 fragmenta
3221 4678 3351 4733 olim
3383 4679 3438 4732 in
3474 4679 3646 4735 lucem

2072 4772 2391 4843 prodierint,
2443 4779 2497 4825 et
2547 4786 2612 4824 ex
2665 4770 2824 4839 cujus
2876 4769 3218 4825 bibliothecae
3259 4769 3451 4825 codice
3481 4771 3646 4826 editio

2072 4873 2257 4919 nostra
2291 4861 2625 4933 proﬂuxerit.
2662 4861 2726 4916 Et
2777 4863 2953 4931 primo
3003 4862 3222 4930 quidem
3273 4860 3342 4916 de
3380 4861 3643 4918 Actorum

2071 4956 2299 5012 istorum
2335 4954 2644 5010 sinceritate
2668 4953 2909 5024 suspicio
2937 4954 3084 5009 nulla
3109 4954 3240 5007 oriri
3268 4963 3451 5023 potest
3478 4972 3491 5008 :
3518 4969 3642 5009 nam

2070 5047 2407 5118 Epiphanius
2434 5061 2576 5100 anno
2598 5044 2804 5099 Christi
2825 5043 2928 5098 576
2953 5045 3217 5100 adversus
3238 5045 3479 5100 haereses
3508 5045 3642 5100 scri-

2070 5139 2226 5204 bens,
2257 5136 2468 5207 insigne
2495 5151 2562 5190 ex
2593 5135 2962 5206 disputatione
2989 5135 3240 5191 Archelai
3275 5135 3638 5206 fragmentum

2069 5230 2298 5302 protulit
2344 5230 2397 5284 in
2444 5228 2635 5284 haeresi
2674 5227 3120 5296 Manichaeorum,
3175 5242 3292 5297 cap.
3347 5225 3443 5291 25,
3493 5227 3633 5297 quod

2067 5325 2309 5396 ejusdem
2343 5323 2490 5378 Actis
2517 5337 2584 5378 ex
2612 5320 2803 5376 Latina
2838 5319 3090 5375 versione
3120 5334 3151 5374 a
3186 5319 3342 5374 nobis
3373 5321 3428 5372 in
3461 5319 3630 5374 lucem

2066 5419 2227 5475 editis
2263 5433 2488 5488 prorsus
2535 5415 2861 5486 respondet;
2913 5429 2978 5469 ac
3022 5421 3282 5483 praeterea
3311 5411 3358 5468 si
3385 5411 3628 5468 Archelai

2141 5620 2210 5686 (c)
2267 5617 2410 5672 Edit.
2460 5617 2495 5672 2
2542 5617 2802 5688 Scaligeti
2855 5615 3017 5672 habet
3059 5634 3070 5670 :
3115 5616 3276 5686 juxta
3340 5613 3623 5670 Edessena
3673 5677 3676 5682 λ

2067 5703 2365 5747 υιιιιινιιι.
