3972 6318
275 317 412 378 “l3

1715 311 2012 376 NOTlTlA.

3362 327 3498 420 in;

273 453 523 500 rationes
555 454 719 514 atque
750 450 1064 515 argumenta
1105 459 1228 501 cum
1257 437 1543 516 Epiphanii
1588 443 1840 500 conluta-
1871 450 1917 504 Α
1946 441 2168 508 insuper
2198 431 2496 496 Archelaus
2529 457 2648 512 cap.
2682 444 2749 498 54
2777 439 3038 502 Manctem
3074 440 3129 502 in
3159 463 3374 506 carcere
3403 468 3505 522 po-

269 537 514 592 tionibus
561 536 832 603 corileras,
882 537 1289 594 evidentissime
1323 537 1623 608 apparebit,
1660 537 1836 606 ipsum

269 629 348 685 ita
379 631 434 684 in
461 629 713 684 omnibus
739 640 982 685 secutum
1011 629 1180 685 fuisse
1199 630 1548 696 Archelaum,
1575 637 1632 683 ut
1663 643 1838 700 pauca

270 720 339 776 de
369 737 470 776 suo
494 722 754 775 adversus
783 721 1011 775 lllanctis
1039 736 1254 776 errores
1292 720 1552 774 attulerit.
1594 720 1840 775 Meminit

267 813 428 867 etiam
450 812 707 867 Actorum
739 812 901 881 hujus
933 813 1319 882 disputationis
1351 811 1625 880 Socrates,
1651 809 1744 884 qui
1779 813 1834 868 in

268 901 556 956 consulatu
607 918 697 955 xvr
769 898 1062 957 Theodosii
1107 901 1374 969 Junioris,
1419 903 1522 958 hoc
1551 912 1634 958 est
1691 917 1837 957 anno

264 1008 390 1049 term
418 992 739 1047 Christianae
766 991 1333 1060 439,Ecclesiasticam
1354 995 1629 1048 historiam
1652 994 1832 1050 absol-

263 1088 380 1152 vit;
412 1093 465 1140 et
493 1100 557 1140 ea
591 1085 773 1140 omnia
797 1101 919 1154 qua:
951 1086 1018 1140 de
1043 1085 1464 1142 Manichaeorum
1489 1087 1679 1143 hazresi
1706 1067 1843 1142 nar;

264 1178 425 1242 ravit,
476 1194 534 1234 se
568 1193 636 1232 ex
677 1178 880 1234 eisdem
930 1178 1080 1234 Actis
1128 1180 1377 1236 hausisse
1417 1179 1647 1252 ingenue
1695 1179 1832 1236 fate-

261 1280 351 1326 tur
376 1271 476 1343 (a).
522 1269 723 1325 Eorum
775 1271 1016 1341 insuper,
1063 1282 1322 1341 tanquam
1375 1271 1444 1326 ab
1495 1267 1828 1343 Hegemonio

263 1363 502 1432 quodam
556 1362 904 1432 scriptorum,
956 1364 1284 1417 mentionem
1321 1362 1449 1419 facit
1478 1363 1828 1422 Heraclianus

255 1454 718 1510 Chalcedonensis
740 1455 1045 1525 episcopus,
1065 1463 1126 1509 ut
1157 1469 1322 1525 supra
1352 1455 1557 1511 dictum
1585 1466 1686 1512 est.
1721 1453 1827 1512 De-

257 1547 424 1617 nique
448 1547 701 1602 Archelai
723 1546 896 1602 nostri
917 1561 1139 1618 operum
1171 1545 1530 1618 fragmentum
1553 1549 1824 1605 contineri

256 1639 314 1692 in
348 1637 733 1694 veteriCatena
765 1638 1077 1693 Graecorum
1114 1635 1342 1693 Patrum
1380 1639 1436 1694 in
1467 1638 1822 1711 Evangelium

253 1728 500 1797 Joannis,
517 1747 636 1802 quae
655 1715 883 1785 babetui'
903 1730 958 1784 in
985 1730 1186 1800 scripto
1212 1730 1471 1786 Caesarea:
1485 1733 1824 1789 bibliothecae

257 1821 467 1887 codice,
494 1822 647 1877 testis
670 1831 755 1876 est
779 1820 1100 1877 Lambecius
1125 1821 1198 1892 (b)
1221 1840 1233 1875 :
1253 1823 1397 1892 quod
1423 1823 1608 1892 utique
1622 1839 1685 1878 ex
1721 1825 1822 1877 hu-

246 1912 342 1986 jus
357 1913 745 1983 disputationis
761 1912 910 1968 Actis
928 1913 1114 1968 desum
1123 1923 1272 1982 ptum
1295 1914 1318 1966 Γ
1318 1915 1462 1968 uisse
1479 1929 1585 1968 non
1609 1914 1818 1969 dubito.

325 2003 415 2058 IX.
458 2002 725 2058 Praeterea
756 2019 823 2058 ex
852 2005 1162 2058 eorumdem
1191 2005 1450 2059 Actorum
1490 2013 1639 2059 textu
1675 2008 1821 2061 varia

253 2105 577 2164 argumenta
620 2093 738 2148 erui
781 2101 1030 2164 possunt,
1071 2093 1271 2162 quibus
1303 2107 1491 2146 eorum
1525 2093 1820 2162 antiquitas

250 2194 416 2256 atque
483 2186 770 2241 sinceritas
837 2185 1260 2240 demonstratur.
1315 2182 1612 2239 Archelaus
1674 2185 1818 2240 enim

252 2293 375 2348 cap.
403 2277 470 2331 27
507 2285 562 2331 et
606 2276 675 2331 58
722 2276 904 2332 varios
950 2276 1236 2330 haereticos
1269 2289 1616 2342 enumerans,
1646 2276 1817 2330 nemi-

249 2384 374 2423 nem
410 2368 645 2424 Sabellio
686 2368 1043 2423 recentiorem
1090 2367 1342 2435 appellat,
1388 2382 1548 2435 quem
1593 2366 1730 2422 Sixti
1772 2366 1816 2421 ll

248 2457 608 2526 temporibus,
640 2457 733 2527 qui
763 2472 904 2511 anno
933 2457 1133 2511 Christi
1159 2455 1266 2510 257
1296 2465 1348 2510 et
1376 2457 1480 2511 258
1513 2456 1811 2513 Romanam

247 2549 549 2605 Ecclesiam
596 2550 756 2615 rexit,
785 2565 816 2604 a
851 2547 1107 2620 Dionysio
1134 2548 1499 2604 Alexandrino
1542 2551 1813 2608 haereseos

195 2671 205 2682 -
245 2649 565 2697 accusatum
613 2640 784 2696 fuisse
825 2649 1042 2695 constat
1065 2656 1132 2695 ex
1184 2641 1417 2697 Eusebio
1439 2642 1531 2712 (c).
1572 2641 1814 2699 Meminit

243 2748 468 2804 quoque
517 2733 815 2788 obsidionis
863 2732 1176 2801 Carrarum,
1233 2735 1321 2790 cui
1379 2745 1699 2805 praesentem
1755 2755 1814 2795 se

245 2825 420 2882 fuisse
448 2835 675 2882 testatur
703 2841 822 2896 cap.
855 2826 946 2890 24,
981 2842 1102 2896 quae
1141 2827 1286 2882 nulla
1317 2829 1420 2882 alia
1447 2829 1661 2884 videtur
1693 2846 1814 2887 esse

243 2935 430 2990 posse,
457 2935 620 2990 quam
655 2919 745 2973 illa
771 2934 892 2988 qua:
921 2919 1022 2974 sub
1052 2918 1336 2974 Valeriano
1365 2921 1609 2991 Augusto
1639 2925 1810 2978 conti-

243 3013 344 3083 git,
384 3028 506 3068 cum
540 3012 747 3068 scilicet
775 3027 806 3066 a
834 3011 1016 3066 Persis
1051 3022 1353 3083 expugnata
1408 3013 1541 3084 luit;
1588 3017 1671 3071 vel
1705 3018 1810 3072 alia

241 3105 350 3160 sub
379 3105 642 3172 Gallieno,
669 3119 792 3160 cum
814 3105 883 3159 ab
910 3101 1191 3159 Odenatho
1219 3103 1454 3162 Orientis
1483 3123 1607 3179 rege
1628 3107 1810 3166 Persis
1837 3131 1878 3190 α

237 3207 428 3269 erepta
459 3199 513 3252 in
544 3199 777 3254 Romani
811 3197 1026 3269 imperii
1056 3198 1313 3254 ditionem
1359 3198 1552 3254 iterum
1593 3202 1807 3257 redacta

237 3289 365 3356 fuit,
403 3289 670 3346 Trebellio
697 3289 938 3346 Pollione
971 3298 1109 3345 teste
1143 3290 1197 3343 in
1229 3289 1486 3357 Gallieno,
1513 3307 1634 3364 cap.
1666 3293 1732 3347 10
1754 3303 1808 3348 et

239 3381 330 3436 12.
359 3380 556 3436 Eorum
582 3383 805 3452 insuper
828 3381 1158 3436 mentionem
1185 3380 1313 3437 facit
1337 3398 1452 3452 cap.
1479 3383 1567 3449 52,
1593 3386 1686 3455 qui
1710 3401 1808 3455 per

237 3479 530 3541 parentum
563 3471 910 3525 traditionem
943 3471 1222 3542 Scythiani
1267 3471 1504 3528 haeretici
1532 3475 1805 3543 apostolo-

234 3578 361 3617 rum
391 3563 726 3632 temporibus
769 3563 1000 3618 viventis
1043 3563 1288 3620 notitiam
1316 3563 1640 3630 habnerant,
1665 3565 1802 3620 sibi-

235 3669 345 3724 que
375 3655 633 3709 nonnulla
673 3653 740 3710 de
770 3654 889 3724 ejus
931 3655 1124 3710 haeresi
1169 3666 1540 3712 narraverant.
1581 3655 1720 3723 Quin
1750 3666 1806 3712 et

232 3746 380 3800 varii
425 3745 633 3816 antiqui
675 3760 856 3800 mores
893 3745 946 3799 in
995 3746 1144 3802 hisce
1186 3745 1338 3801 Actis
1383 3746 1689 3814 memorati,
1737 3747 1804 3804 de

235 3837 552 3894 earumdem
579 3837 892 3893 sinceritate
915 3852 1015 3892 nos
1035 3837 1283 3892 dubitare
1306 3852 1412 3892 non
1439 3838 1640 3892 sinunt.
1667 3837 1800 3892 Nam

234 3932 292 3986 in
323 3932 444 4001 ipso
473 3930 737 3985 Actorum
772 3930 998 3985 exordio
1027 3929 1228 3984 dicitur
1265 3929 1558 3984 nonnullos
1592 3944 1658 3984 ex
1690 3929 1799 3984 Ro-

233 4039 526 4080 manarum
548 4024 822 4092 legionum
849 4019 1136 4088 militibus,
1159 4021 1396 4076 Marcelli
1419 4021 1800 4077 misericordia

233 4117 485 4173 exemplo
517 4114 1114 4185 commotos,-d‘eposito
1146 4112 1352 4167 militiae
1379 4112 1616 4182 cingulo,
1643 4113 1800 4168 Chri-

232 4209 428 4264 stiana:
451 4204 571 4262 lidei
584 4217 780 4258 nomen
804 4205 1018 4260 dedisse
1047 4222 1061 4258 :
1092 4205 1236 4274 quod
1268 4203 1662 4274 antiquissimis
1695 4207 1796 4261 Ec-

232 4301 418 4358 clesiae
452 4299 787 4369 temporibus
819 4313 849 4352 a
879 4295 1203 4352 Christianis
1227 4296 1512 4364 militibus,
1544 4313 1612 4352 ne
1635 4313 1796 4368 paga-

231 4409 432 4448 norum
475 4390 803 4448 commercio
845 4398 899 4446 et
948 4388 1424 4458 superstitionibus
1459 4391 1795 4445 macularen-

1946 533 2131 598 situm,
2172 533 2469 602 discipulos
2516 551 2663 590 suos
2699 537 2912 594 misisse
2946 541 3014 593 ad
3065 541 3199 608 loca,
3241 543 3294 596 in
3319 554 3509 614 quibus

1943 624 2361 677 Christianorum
2404 625 2527 678 libri
2579 629 3056 699 conscribebantur,
3114 635 3300 705 eisque
3350 636 3515 692 Cbri»

1942 714 2242 768 stianorum
2289 730 2347 770 se
2391 715 2612 772 nuntios
2649 734 2769 774 esse
2803 722 3186 780 simulantibus
3220 742 3505 782 sacrorum

1940 807 2189 861 codicum
2236 807 2442 876 copiam
2489 807 2686 864 laetam
2730 811 2917 868 fuisse.
2959 815 3026 870 At
3054 816 3105 871 id
3133 818 3236 872 sub
3265 819 3501 876 ethnicis

1939 906 2152 952 tantum
2207 899 2628 969 imperatoribus
2680 901 2856 958 facere
2914 907 3218 978 oportebat,
3273 926 3509 980 quorum

1936 989 2271 1059 temporibus
2317 987 2517 1047 Christi
2565 990 2751 1048 ﬁdeles
2783 1010 2995 1051 summa
3049 996 3309 1068 religione
3349 1019 3511 1060 curae-

1933 1079 2085 1148 bant,
2110 1096 2178 1136 ne
2211 1092 2574 1139 sacrosancta:
2599 1085 2733 1156 legis
2765 1085 2889 1140 libri
2921 1087 2989 1142 ad
3012 1089 3355 1148 ethnicorum
3387 1110 3510 1150 ma-

1932 1187 2038 1227 nus
2090 1173 2466 1242 pervenirent;
2524 1189 2588 1230 ac
2639 1186 2920 1246 propterea
2976 1195 3082 1234 non
3138 1183 3359 1254 ubique,
3411 1187 3508 1243 sed

1931 1263 2096 1319 certis
2130 1263 2456 1334 quibusdam
2485 1266 2541 1320 in
2572 1266 2728 1332 locis,
2765 1269 2906 1323 sacri
2943 1269 3157 1328 codices
3187 1277 3342 1330 vendi
3375 1293 3508 1334 con-

1932 1367 2240 1411 sueverant.
2289 1355 2654 1428 Corrigendus
2687 1369 2864 1415 autem
2901 1361 3257 1433 Epiphanius,
3305 1370 3403 1438 qui
3447 1372 3501 1426 in

1927 1447 2348 1505 Manichaeorum
2380 1450 2594 1520 haeresi,
2619 1467 2738 1522 cap.
2770 1453 2824 1516 5,
2862 1454 2937 1508 ait
2969 1453 3234 1511 Manetem
3261 1459 3500 1531 discipu-

1923 1541 2008 1597 los
2039 1558 2168 1597 suos
2206 1543 2274 1598 ad
2312 1543 2666 1612 inquirendos
2697 1559 2882 1600 sacros
2914 1544 3085 1603 libros
3116 1549 3353 1618 misisse,
3399 1568 3498 1607 an-

1924 1642 2142 1703 tequam
2177 1634 2231 1688 in
2264 1649 2537 1690 carcerem
2563 1636 2898 1704 truderetur;
2928 1654 3053 1693 nam
3085 1640 3140 1694 in
3173 1644 3334 1699 modo
3368 1644 3492 1699 Ian-

1925 1726 2052 1780 dato
2087 1725 2340 1781 Archelai
2370 1726 2754 1796 disputationis
2785 1727 2905 1783 loco
2927 1729 3126 1786 diserte
3157 1732 3355 1788 dicitur
3381 1735 3433 1790 id
3459 1751 3493 1792 a

1855 1790 1899 1851 Β
1922 1817 2131 1872 Manete
2162 1817 2362 1874 factum
2390 1817 2579 1885 fuisse,
2608 1834 2716 1890 quo
2747 1830 2990 1891 tempore
3023 1818 3078 1876 iu
3107 1840 3329 1882 carcere
3352 1824 3493 1885 deti-

1924 1910 2176 1964 nebatur.

1991 2000 2059 2054 X.
2101 1999 2210 2057 Nec
2239 2017 2305 2056 ex
2341 2002 2512 2058 sacris
2558 2003 2953 2074 tantummodo,
2993 2022 3182 2063 verum
3222 2010 3384 2065 etiam
3417 2024 3487 2068 ex

1919 2093 2164 2162 profanis
2196 2095 2519 2164 quibusdam
2576 2096 2738 2152 rebus
2781 2114 3012 2168 quarum
3061 2100 3114 2154 in
3156 2101 3307 2157 hisce
3331 2105 3486 2161 Actis

1919 2185 2123 2240 mentio
2160 2186 2236 2249 lit,
2264 2188 2576 2241 eorumdem
2609 2188 2740 2244 ﬁdes
2778 2192 3062 2247 astruitur.
3095 2194 3157 2248 In
3185 2194 3252 2249 iis
3283 2198 3483 2268 quippe

1918 2275 2145 2345 legimus
2192 2277 2478 2341 Manetem,
2530 2295 2656 2336 cum
2698 2298 2728 2336 a
2766 2282 3019 2341 Marcello
3059 2285 3254 2343 litteris
3277 2291 3484 2347 accitus

1917 2368 2114 2424 Carras
2167 2370 2331 2437 venit,
2386 2371 2637 2426 baculum
2686 2390 2751 2429 ex
2797 2392 2969 2432 coeno
3020 2378 3072 2433 in
3107 2381 3357 2438 manibus
3392 2400 3482 2455 ge-

1916 2468 2124 2526 stasse;
2176 2462 2319 2530 quod
2367 2462 2436 2516 ab
2462 2464 2769 2536 Alytarchis
2805 2465 3110 2526 factitatum
3150 2473 3280 2527 olim
3312 2474 3481 2541 fuisse

1913 2559 2143 2605 testatur
2166 2550 2214 2605 J.
2241 2551 2288 2605 Μ
2297 2553 2460 2608 alalas
2496 2556 2587 2625 (e).
2625 2555 2983 2614 Callisthenes
3014 2577 3230 2632 quoque
3258 2568 3480 2635 spurius

1914 2643 2148 2709 scriptor
2176 2661 2205 2698 a
2237 2647 2553 2702 doctissimo
2598 2647 2875 2721 Ducangio
2909 2651 2964 2706 in
2995 2653 3263 2710 Glossario
3293 2659 3478 2714 media:

1912 2745 1960 2787 et
1997 2735 2193 2804 inﬁma:
2228 2737 2526 2792 Graecitatis
2553 2739 2823 2806 laudatus,
2865 2743 3028 2798 verbo
3067 2746 3384 2813 Ἐὅελλϊνος,
3409 2751 3478 2806 de

1911 2824 2308 2884 Psammeticho
2349 2831 2420 2884 ita
2462 2830 2652 2886 scribit
2683 2850 2698 2885 :
2731 2833 2838 2886 Καὶ
2867 2835 3100 2890 ὲστολέει
3131 2838 3324 2893 ἑαυτὸν
3353 2857 3475 2894 aro-

1911 2917 2008 2989 λὴν
2055 2923 2365 2992 προφήτου,
2424 2923 2665 2995 κατέχων
2713 2927 2770 2978 ἐν
2803 2925 2866 2998 τῇ
2903 2926 3043 3000 χειρὶ⁸
3081 2930 3243 2983 αὑτοῦ
3279 2933 3472 3004 ῥάϐδον

1911 3010 2210 3082 ὲὸελλίνην,
2253 3012 2343 3066 ubi
2377 3010 2616 3086 Esopus
2648 3014 2889 3086 ejusdem
2924 3016 3269 3077 Callisthenis
3305 3022 3470 3079 inter-

1911 3117 2053 3172 pres,
2097 3103 2188 3173 qni
2231 3104 2536 3160 versionem
2569 3122 2726 3162 suam
2759 3106 3101 3177 Constantio,
3127 3113 3469 3171 Constantini

1909 3191 2087 3263 Magni
2129 3194 2260 3261 ﬁlio,
2305 3194 2524 3261 dicavit,
2557 3199 2695 3254 male
2735 3201 3009 3255 tamarisci
3048 3205 3246 3273 virgam
3271 3207 3467 3275 vertit;

1909 3287 2051 3342 unde
2093 3300 2238 3356 patet
2271 3287 2578 3358 hujusmodi
2615 3291 2811 3348 baculo
2840 3308 2936 3349 eos
2970 3297 3047 3350 uti
3092 3300 3466 3365 consuevisse,

1907 3377 2003 3447 qui
2037 3377 2254 3448 publica
2301 3380 2481 3450 aliqua
2523 3382 2780 3452 dignitate
2818 3385 3234 3457 decorabantur,
3266 3393 3469 3464 quique

1905 3467 2168 3522 doctrinae
2191 3468 2405 3524 laudem
2433 3469 2772 3544 all‘ectabant.
2809 3471 3085 3532 Incessum
3117 3495 3334 3552 quoque
3365 3484 3469 3538 im-

1907 3570 2239 3626 peratorum,
2269 3559 2398 3614 dum
2433 3560 2646 3630 publice
2670 3578 2793 3620 cum
2819 3569 3239 3636 protectoribus,
3271 3574 3464 3644 signis,

1905 3651 2256 3715 draconibus,
2299 3651 2521 3715 labaris,
2569 3651 2822 3722 ducibus,
2880 3659 3215 3729 principibus
3243 3673 3298 3718 et
3323 3680 3466 3734 prae-

1903 3742 2059 3799 lectis
2088 3743 2278 3798 urbem
2304 3742 2542 3813 aliquam
2573 3745 3003 3816 ingrederentur,
3035 3759 3223 3810 exacte
3251 3755 3462 3811 descri-

1905 3834 1986 3889 bit
2014 3849 2133 3904 cap.
2170 3831 2260 3887 37.
2291 3832 2534 3905 Denique
2557 3835 2625 3890 de
2645 3837 2928 3908 multiplici
2950 3840 3248 3911 sigillorum
3278 3855 3331 3900 et
3351 3847 3464 3902 clao

1901 3928 2048 3981 vium
2096 3942 2200 3980 usu
2233 3927 2372 3997 apud
2404 3935 2610 3984 veteres
2641 3944 2750 3982 non
2786 3944 2958 3999 pauca
2988 3931 3148 3988 tradit
3170 3949 3290 4004 cap.
3316 3936 3383 3991 14
3406 3945 3464 3994 et

1900 4017 1969 4072 26
1990 4017 2188 4088 quibus
2209 4016 2407 4072 similia
2433 4032 2657 4086 prorsus
2686 4018 2740 4072 in
2764 4021 3102 4078 ethnicorum
3134 4026 3458 4096 scriptorum

1900 4109 2268 4164 monumentis
2320 4117 2634 4173 occurrunt,
2676 4119 2737 4165 ut
2774 4111 2829 4166 in
2863 4115 3067 4170 nostris
3106 4117 3172 4171 ad
3214 4133 3277 4172 ea
3312 4122 3458 4177 notis

1900 4200 2256 4256 ostendimus.
2284 4198 2362 4252 Ex
2390 4198 2590 4269 quibus
2621 4201 2875 4256 omnibus
2907 4204 3039 4260 satis
3067 4220 3335 4276 superque
3363 4208 3458 4262 de-

1898 4302 2254 4358 monstratur,
2285 4293 2419 4349 Acta
2443 4293 2546 4348 ista
2566 4294 2799 4364 genuina
2829 4303 2882 4348 et
2911 4295 3288 4365 antiquissima
3311 4313 3454 4362 esse,

1899 4399 2000 4438 nec
2030 4398 2220 4438 eorum
2251 4385 2410 4440 tidem
2441 4383 2547 4438 ulla
2573 4399 2636 4439 ex
2668 4393 2820 4455 parte
2853 4395 3064 4440 nutare.

229 4495 344 4551 tur,
379 4484 580 4539 factum
607 4483 792 4546 fuisse,
827 4481 978 4536 testis
1004 4478 1571 4550 estTertullianus(d)
1599 4481 1796 4551 aliique
1829 4496 1871 4549 ι)
1970 4471 2060 4528 XI.
2105 4475 2240 4530 lllud
2286 4485 2464 4531 tamen
2512 4476 2857 4531 dissimulare
2902 4493 3009 4530 non
3048 4489 3291 4547 possum,
3322 4478 3454 4534 Acta

229 4578 289 4632 in
320 4576 523 4630 nostris
575 4557 644 4628 add
687 4588 808 4626 eum
841 4571 1018 4626 locum
1054 4570 1194 4624 notis
1222 4569 1444 4624 laudati.
1482 4569 1789 4624 Marcellum

229 4681 452 4738 quoque
485 4666 581 4730 ait,
616 4663 848 4733 hospitia
885 4663 938 4715 in
975 4660 1411 4718 Christianorum
1449 4662 1794 4732 peregrinan-

230 4761 372 4814 tium
401 4773 558 4812 usum
589 4772 683 4825 per
709 4757 824 4810 vias
857 4755 1034 4824 regias
1060 4755 1451 4819 construxisse,
1477 4769 1598 4822 qua:
1617 4769 1645 4806 a
1670 4753 1794 4806 Car-

228 4855 311 4908 ris
333 4853 388 4907 in
418 4849 695 4906 Persidem
731 4848 1001 4902 ducebant
1027 4865 1040 4900 :
1073 4847 1218 4916 quod
1252 4846 1432 4900 itidem
1461 4844 1528 4898 ab
1556 4843 1792 4912 antiquis

227 4943 557 5002 Christianis
574 4943 666 5011 qui
689 4940 930 4994 sedulam
953 4938 1304 5009 hospitalitati
1326 4951 1544 5007 operam
1571 4935 1790 4998 dabant,

227 5039 349 5094 ﬁeri
389 5034 736 5092 consuevisse
781 5040 962 5102 aperte
1006 5033 1276 5102 colligitur
1314 5046 1380 5085 ex
1411 5028 1656 5098 Gregorii
1686 5026 1796 5080 Na-

229 5126 478 5185 zianzeni
517 5127 781 5182 invectiva
819 5125 843 5178 l
883 5123 942 5176 in
987 5121 1261 5180 Julianum
1311 5123 1661 5192 Apostatam;
1697 5121 1789 5176 ubi

228 5224 615 5294 imperatorem
644 5221 789 5274 hunc
815 5218 1110 5274 diversoria
1139 5225 1192 5271 et
1221 5215 1451 5284 hospitia
1473 5229 1568 5284 per
1601 5213 1787 5268 orbem

228 5314 560 5378 Romanum,
605 5310 1036 5366 Christianorum
1077 5307 1324 5375 exemplo
1351 5305 1602 5360 aedificari
1636 5321 1791 5358 man-

228 5409 392 5462 dasse
425 5412 673 5469 testatur,
703 5413 763 5456 ut
796 5413 1128 5471 paganorum
1165 5395 1642 5468 superstitionibus
1675 5411 1790 5448 ma-

226 5502 406 5570 jorem
436 5497 649 5551 laudem
681 5491 1183 5560 venerationemque
1215 5488 1546 5542 conciliaret.
1594 5484 1791 5540 Narrat

309 5637 383 5704 (α)
427 5631 570 5686 Hist.
604 5630 726 5684 eccl.
888 5624 1194 5704 [χρείῃ-ρο.

305 5692 378 5776 ibi
419 5704 704 5776 Comment.
741 5699 864 5776 bibl.
901 5695 1052 5749 Vind.
1086 5695 1178 5776 nu.
1215 5711 1292 5761 ιιι,
1323 5695 1438 5750 cod.
1473 5692 1560 5748 40.

307 5766 374 5846 (ιτ)
419 5773 558 5826 Hist.
589 5771 712 5825 cccl.
749 5769 840 5822 lib.
871 5783 964 5832 vn,
999 5781 1114 5835 cap.
1143 5766 1194 5819 6.

1896 4569 1998 4623 ista
2054 4569 2438 4638 disputationis
2489 4568 2738 4625 Archelai
2780 4583 2905 4623 cum
2945 4567 3174 4635 Manete,
3221 4586 3343 4640 qua:
3386 4589 3450 4626 ex

1896 4659 2154 4716 Vaticano
2201 4660 2514 4717 Casinensis
2558 4661 2759 4716 codicis
2797 4660 3104 4731 apographo
3143 4661 3306 4731 primi
3338 4663 3452 4718 edi-

1893 4769 2036 4818 mus,
2068 4754 2275 4821 integra
2324 4768 2665 4821 nequaquam
2710 4752 2902 4816 videri,
2961 4751 3053 4806 sed
3104 4753 3352 4822 pluribus
3392 4758 3448 4810 in

1893 4845 2026 4898 locis
2064 4859 2092 4897 a
2139 4851 2312 4897 retere
2346 4844 2564 4896 librario
2592 4843 2858 4898 mutilata.
2896 4841 3170 4913 Siquidem
3218 4845 3448 4918 Cyrillus

1893 4935 2410 5006 Hierosolymitanus
2438 4935 2514 5003 (Ι)
2544 4936 2790 5004 quaedam
2844 4935 3072 4991 Manetis
3131 4948 3448 5008 argumenta

1891 5044 2014 5081 cum
2066 5025 2313 5080 Archelai
2357 5025 2817 5094 responsionibus
2844 5026 3052 5090 recitat,
3091 5042 3212 5097 qua:
3247 5028 3298 5081 in
3349 5045 3448 5082 no-

1893 5126 2004 5171 stra
2037 5116 2276 5170 editione
2306 5130 2412 5169 non
2444 5116 2818 5184 reperiuntur;
2846 5131 2944 5171 nec
2976 5116 3085 5171 dici
3111 5133 3270 5186 posse
3296 5119 3444 5172 vide-

1894 5216 2002 5270 tur,
2033 5205 2293 5277 Cyrillum
2321 5206 2566 5260 Archelai
2599 5207 2866 5262 dictorum
2896 5222 3137 5269 sensum,
3171 5223 3276 5260 non
3316 5221 3443 5261 vero

1890 5301 2120 5370 ipsamct
2148 5299 2395 5354 Archelai
2423 5299 2585 5354 verba
2624 5298 2896 5365 laudasse,
2928 5315 3048 5355 cum
3076 5297 3252 5354 simile
3280 5298 3440 5368 quid-

1891 5393 2032 5461 piam
2067 5391 2120 5444 in
2149 5390 2297 5444 nul-lo
2320 5397 2519 5444 nostrae
2537 5389 2788 5446 editionis
2810 5391 2928 5446 loco
2950 5390 3192 5461 legatur;
3215 5403 3280 5444 ac
3304 5403 3445 5458 prab-

1892 5492 2035 5538 terca
2072 5482 2232 5536 verba
2281 5480 2370 5534 illa
2417 5496 2537 5550 quae
2582 5481 2814 5553 Cyrillus
2857 5481 3035 5546 relcrt,
3067 5483 3140 5537 ita
3178 5492 3439 5551 concepta

1961 5620 2035 5690 (ά)
2073 5618 2145 5690 _De
2171 5634 2277 5673 cor.
2312 5618 2594 5690 mil.,ic_ap.
2622 5619 2706 5673 ll.

1960 5688 2029 5756 (Ve)
2062 5688 2280 5754 Clarum,
2306 5705 2425 5760 pag.
2459 5688 2579 5743 ⁸567.

1962 5761 2026 5833 (Ῑ)
2063 5760 2278 5814 Catech.
2311 5758 2467 5829 vt,‘p.
2505 5775 2575 5813 ω.
2615 5758 2731 5815 147.
