3930 7156
564 317 706 376 1813

1430 316 1486 372 S.
1528 317 1943 376 ARCliELAUS
1982 317 2498 376 MESOPOTAMUE
2538 320 2938 379 EPISCOPUS.

3594 330 3702 388 μω

564 441 694 506 sint,
728 446 787 492 ut
814 438 881 492 ab
911 436 1140 506 ipsemet
1166 435 1431 490 Archelao
1460 435 1671 506 prolata
1705 436 1870 490 fuisse
1902 436 2120 492 videan-
2148 449 2196 503 Α
2225 445 2428 507 posset,
2472 435 2662 506 quanti
2711 433 2967 490 facienda:
3013 435 3124 490 sint
3155 435 3382 502 antique
3411 435 3584 491 Latina:
3610 458 3704 496 vet-

563 541 671 584 tur.
706 529 808 581 Sed
846 537 898 581 et
934 528 1256 597 conjectura:
1283 527 1554 582 nonnulla:
1591 543 1654 582 ex
1688 537 1869 582 nostra
1902 543 2121 582 eorum-

563 621 686 676 dem
715 619 968 673 Actorum
995 617 1230 671 editione
1251 618 1358 687 peti
1379 627 1625 687 possunt,
1647 618 1846 689 quibus
1872 618 1921 672 id
1946 619 2124 687 ipsum

565 710 793 766 ulterius
844 708 1220 763 conlirmatur.
1265 707 1399 761 Nam
1442 709 1496 762 in
1545 708 1858 763 eorumdem
1893 723 2012 778 cap.
2057 707 2125 762 12

566 802 682 857 haec
711 799 973 853 habentur
1004 817 1015 852 :
1048 798 1301 852 Archelao
1344 807 1516 852 autem
1565 808 1680 852 erat
1725 815 1853 852 cura
1893 815 1985 868 pro
2028 815 2123 867 po-

565 894 712 964 pulo,
745 899 993 961 tanquam
1019 892 1220 960 pastori
1249 907 1343 960 pro
1373 891 1572 954 ovibus,
1605 907 1721 943 cum
1761 890 2003 960 luporum
2031 908 2128 960 pa-

567 993 755 1037 rantur
789 982 1016 1034 insiditn.
1047 981 1220 1050 Igitur
1250 979 1531 1034 Marcellus
1565 978 1854 1033 Turbonem
1899 980 2128 1033 muneri-

569 1081 660 1130 bus
689 1076 932 1145 plurimis
957 1073 1206 1143 implevit,
1237 1085 1284 1127 et
1309 1076 1364 1126 in
1400 1073 1645 1127 Archelai
1667 1073 1878 1125 domum
1907 1072 2128 1126 residere

566 1169 829 1239 prwcepit.
875 1165 1070 1218 Eadem
1118 1176 1291 1218 autem
1335 1167 1450 1234 ipsa
1477 1166 1561 1218 die
1592 1165 1885 1219 adventavit
1921 1163 2125 1229 Manes,

570 1269 622 1312 et
666 1274 786 1327 quae
833 1267 1156 1325 sequuntur.
1188 1256 1257 1308 At
1290 1271 1418 1308 vero
1471 1256 1545 1308 nil
1591 1255 1641 1308 in
1689 1254 2128 1311 antecedentibus

572 1360 842 1414 narratur,
885 1349 1029 1418 quod
1072 1363 1134 1401 ea
1163 1363 1267 1416 qua
1307 1345 1492 1400 Manes
1541 1348 1754 1400 advenit
1791 1347 1878 1400 die
1924 1346 2127 1402 factum

572 1442 754 1497 fuerit.
786 1441 1048 1497 Praeterea
1079 1441 1131 1495 in
1165 1456 1284 1509 cap.
1306 1441 1376 1494 25
1419 1439 1581 1509 hujus
1609 1441 1987 1509 disputationis
2023 1441 2127 1494 Ar-

572 1535 792 1589 chelaus
817 1535 921 1588 ait:
951 1531 1136 1586 Nonne
1160 1533 1329 1586 David
1352 1549 1415 1586 ea:
1435 1548 1522 1585 ore
1545 1532 1708 1585 leonis
1744 1531 1821 1584 vel
1860 1534 1968 1584 ursi
1993 1534 2125 1585 eruit

571 1626 750 1678 ovem?
791 1621 903 1676 Hoc
933 1623 1153 1675 dicimus
1189 1631 1396 1692 propter
1433 1636 1528 1675 ore
1560 1620 1752 1682 leonis,
1780 1619 1915 1689 quod
1943 1620 2039 1682 ait,
2067 1619 2130 1672 de

571 1735 658 1770 ore
698 1717 881 1780 leonis,
927 1724 1018 1767 aut
1057 1715 1120 1767 de
1163 1725 1335 1767 ventre
1379 1712 1490 1781 ejus
1529 1721 1695 1782 potest
1724 1711 1960 1774 educere,
1989 1710 2127 1780 quod

2223 528 2425 590 siones,
2468 537 2521 580 et
2563 535 2825 597 quantum
2878 526 3133 580 utilitatis
3175 540 3239 577 ex
3271 524 3372 577 illis
3399 527 3638 591 redundet,
3663 544 3708 588 ut

2223 620 2476 674 idemmet
2516 621 2590 674 ait
2643 620 2696 672 in
2737 617 3050 688 prmfatione
3105 617 3173 670 ad
3234 615 3446 669 Palladii
3494 619 3707 690 dialogum

2221 712 2287 764 de
2329 713 2435 764 vita
2475 709 2531 766 S.
2567 709 2791 764 Joannis
2842 707 3205 779 Chrysostomi
3240 721 3398 776 prope
3439 707 3576 762 tinem
3606 714 3712 766 :sed

2223 813 2413 872 postea
2444 803 2581 856 hanc
2613 818 2800 856 curam
2846 802 2912 856 iis
2946 789 3257 864 relinquere
3287 800 3448 853 satius
3478 801 3623 864 duxit,
3647 805 3713 870 qui

2224 910 2422 950 novam
2462 895 2749 948 editionem
2783 907 3003 963 Opernm
3053 890 3113 945 S.
3154 889 3432 959 Epiphanii
3469 896 3716 961 aggressuri

2225 994 2427 1051 essent,
2456 996 2548 1040 aut
2579 986 2671 1056 qui
2707 983 2946 1039 Socratis
2976 983 3239 1037 Historia?
3267 998 3385 1037 eum
3413 983 3542 1036 notis
3566 984 3718 1039 doctis-

2226 1077 2349 1132 simi
2383 1075 2586 1130 Valesii
2619 1092 2812 1131 rursus
2841 1075 3060 1130 edenda:
3092 1089 3316 1144 operam
3342 1074 3652 1141 susciperent.
3672 1075 3720 1131 Et

2227 1169 2490 1223 hactenus
2518 1167 2734 1236 quidem
2765 1167 2838 1220 nil
2874 1166 3016 1219 aliud
3047 1183 3114 1219 ex
3153 1165 3400 1218 Archelai
3424 1166 3720 1234 disputatione

2226 1259 2497 1329 publicam
2528 1259 2698 1312 lucem
2730 1257 2956 1327 aspexit.
3001 1257 3143 1311 Cum
3179 1266 3360 1314 autem
3393 1259 3519 1310 sacri
3550 1257 3635 1312 loci
3661 1276 3722 1313 re-

2227 1354 2463 1408 verentia
2492 1353 2706 1417 ductus,
2734 1352 2993 1406 Casinum
3028 1352 3331 1412 venissem,
3362 1360 3413 1404 et
3436 1351 3496 1403 ah
3521 1352 3722 1420 antiquis.

2227 1446 2380 1501 simis
2435 1447 2767 1515 temporibus
2799 1447 3068 1498 conditam
3110 1444 3189 1498 ibi
3225 1459 3255 1496 a
3286 1443 3586 1496 doctissimis
3609 1461 3723 1512 atque

2227 1553 2292 1593 ac
2322 1538 2680 1594 sanetissimis
2725 1537 3124 1591 comobiarchis
3177 1535 3541 1590 bibliothecam
3585 1539 3722 1605 perlu-

2229 1640 2510 1696 strassem,
2539 1630 2678 1683 inter
2703 1629 2806 1682 alia
2837 1645 2943 1681 non
2977 1642 3155 1697 pauca
3186 1627 3389 1680 inedita
3415 1627 3570 1680 adhuc
3589 1639 3724 1682 vetera

2229 1729 2601 1785 monumenta,
2627 1717 2876 1773 Archelai
2903 1717 3174 1788 integram
3207 1731 3336 1770 cum
3370 1715 3561 1772 Manete
3583 1718 3724 1788 dispu-

567 1809 677 1877 jam
716 1807 803 1859 ille
847 1805 1129 1858 devoravit.
1174 1805 1244 1857 ΑΙ.
1278 1819 1404 1858 VCI‘O
1450 1803 1503 1857 in
1543 1800 1982 1856 antecedentibus
2023 1813 2130 1853 non
2162 1795 2204 1852 Β
2233 1811 2484 1866 talionem
2515 1810 2570 1863 in
2600 1816 2979 1864 sexcentorum
3025 1815 3078 1862 et
3123 1807 3368 1876 amplius
3409 1821 3637 1859 annorum
3659 1823 3726 1860 co.

570 1899 800 1968 legimus
834 1897 947 1950 haec
977 1910 1213 1964 unquam
1251 1910 1280 1948 a
1316 1893 1523 1948 Manete
1567 1893 1710 1948 dicta
1758 1891 1945 1947 fuisse.
1986 1891 2128 1959 Quin

570 2001 623 2046 et
654 1992 707 2043 in
753 2005 871 2058 cap.
905 1987 971 2042 58
1018 1987 1179 2041 verba
1220 1985 1348 2040 illa:
1385 1985 1515 2050 Qua:
1543 1987 1749 2055 quidem
1787 2001 1878 2054 ego
1923 2001 2023 2038 non
2066 2001 2130 2039 ea:

571 2083 697 2135 meis
742 2080 905 2134 verbis
948 2080 1184 2144 adstruo,
1239 2086 1292 2133 et
1349 2094 1470 2147 qua:
1522 2086 1824 2146 sequuntur
1861 2091 2030 2144 usque
2062 2075 2128 2128 ad

572 2177 731 2228 tinent
752 2172 966 2242 capitis,
1000 2171 1201 2224 nullam
1230 2185 1352 2224 cum
1380 2168 1806 2238 prrecedentibus
1836 2166 2131 2221 connexio-

574 2280 697 2319 nem
735 2264 933 2317 habere
969 2264 1238 2317 videntur.
1285 2261 1526 2330 Denique
1559 2261 1612 2313 in
1649 2261 1838 2312 horum
1871 2258 2128 2314 Actorum

572 2359 750 2426 capite
789 2357 1002 2418 ultimo,
1044 2363 1168 2424 post
1204 2363 1477 2408 narratam
1511 2352 1736 2407 Man'etis
1771 2367 1976 2416 necem,
2017 2351 2131 2406 hazc

571 2449 800 2517 legimus
837 2466 850 2501 :
883 2447 1083 2512 Quibus
1113 2458 1291 2516 postea
1319 2448 1510 2517 agnitis
1539 2445 1826 2498 Archelaus
1850 2443 2041 2512 adjecit
2069 2460 2132 2497 ea

572 2540 738 2610 priori
769 2539 1134 2608 disputationi,
1163 2548 1218 2591 ut
1242 2539 1478 2592 omnibus
1502 2539 1861 2600 innotesceret,
1886 2537 2020 2588 sicut
2039 2551 2131 2605 ego

573 2632 662 2700 qui
689 2631 954 2699 inscripsi,
991 2631 1044 2682 in
1076 2628 1338 2696 prioribus
1391 2629 1625 2695 exposui.
1669 2624 1926 2680 Videntur
1951 2633 2132 2678 autem

576 2723 689 2774 hinc
724 2720 884 2774 verba
917 2735 1036 2774 esse
1070 2717 1381 2792 Hegemonii
1415 2717 1578 2780 illius,
1620 2716 1736 2786 qui,
1781 2723 1840 2768 ut
1883 2716 2132 2784 superius

573 2812 832 2875 diximus,
884 2818 1072 2866 eadem
1124 2811 1254 2866 Acta
1302 2810 1631 2879 compilavit,
1679 2818 1733 2863 et
1781 2808 1834 2862 in
1883 2807 2129 2862 Graecum

575 2919 879 2958 sermonem
929 2903 1224 2958 transtulit.
1278 2900 1380 2956 Sed
1412 2903 1467 2955 in
1500 2911 1682 2955 nostra
1731 2899 1982 2966 editione,
2022 2915 2131 2968 quo

575 2996 696 3050 loco
737 3011 800 3049 ea
843 2995 909 3049 de
942 3010 1000 3048 re
1035 3009 1214 3050 sermo
1245 2994 1528 3055 habeatur,
1572 3008 1678 3046 non
1719 2991 1969 3055 invenio;
2003 2991 2129 3060 quia

575 3086 805 3141 fortasse
835 3085 888 3139 in
918 3084 1197 3140 Casinensi
1227 3085 1410 3139 codice
1443 3076 1688 3154 praefatio
1713 3082 1909 3147 deficit,
1940 3083 1992 3135 in
2023 3098 2129 3151 qua

575 3179 938 3250 llegemonius
971 3178 1368 3248 compilationis
1403 3192 1514 3230 suae
1549 3176 1810 3229 rationem
1840 3174 2128 3229 reddebat:

575 3274 680 3326 nisi
727 3273 849 3342 quis
890 3272 1047 3324 verba
1082 3271 1170 3324 illa
1209 3288 1222 3324 :
1259 3269 1323 3322 In
1373 3269 1632 3338 prioribus
1683 3268 1917 3336 exposui,
1951 3267 2132 3321 dehis

576 3363 886 3432 accipienda
937 3376 1058 3416 esse
1109 3371 1344 3424 censeat,
1389 3376 1510 3429 qua:
1544 3360 1790 3430 proxime
1818 3361 1883 3414 de
1908 3359 2132 3414 Manetis

577 3462 750 3508 morte
783 3453 1038 3506 narravit.
1069 3449 1198 3504 Jure
1219 3451 1396 3520 itaque
1422 3452 1614 3506 merito
1644 3452 1904 3522 suspicari
1935 3461 2130 3522 potest,

573 3544 820 3613 eumqui
862 3542 1215 3597 Casinensem
1259 3543 1500 3597 codicem
1552 3552 1675 3598 ante
1721 3544 2043 3613 quingentos
2079 3553 2132 3598 et

576 3637 809 3706 amplius
843 3651 1012 3690 annos
1053 3635 1318 3699 exaravit,
1368 3651 1573 3704 magna:
1604 3635 1860 3689 Actorum
1890 3635 2132 3705 disputa-

576 3730 745 3782 tionis
781 3729 944 3798 hujus
980 3729 1285 3798 prolixitate
1323 3737 1629 3797 pertaesum,
1662 3729 1829 3781 multa
1859 3729 2129 3790 omisisse,

579 3822 856 3890 multaque
885 3821 1177 3887 breviasse,
1213 3835 1444 3889 quorum
1476 3828 1652 3874 tamen
1686 3820 1954 3890 epitomen
1990 3819 2130 3888 apud

582 3911 938 3981 lipiphanium
982 3910 1164 3964 haberi
1197 3911 1451 3973 arbitror,
1483 3925 1644 3979 quem
1675 3924 1739 3963 ex
1773 3909 1993 3977 integris
2028 3909 2132 3962 Ar-

581 4001 751 4054 chelai
785 4000 1167 4069 disputationis
1197 3999 1346 4053 Actis
1377 4015 1530 4053 suain
1568 3998 1984 4052 lllanichmorum
2021 3997 2129 4050 hae-

580 4110 761 4149 reseos
798 4092 1222 4148 confutationem
1259 4094 1601 4162 potissimum
1633 4093 1902 4156 hausisse,
1936 4091 2131 4147 editio-

579 4203 698 4241 nem
749 4195 990 4241 nostram
1041 4201 1164 4240 cum
1215 4185 1332 4255 ejus
1375 4185 1589 4254 scriptis
1641 4183 1939 4238 conferenti
1985 4183 2133 4238 clare

578 4278 800 4349 patebit.

645 4369 763 4422 XII.
805 4367 960 4436 Quod
1005 4367 1069 4422 ad
1119 4382 1304 4422 eorum
1344 4366 1635 4421 editionem
1681 4364 1892 4432 attinet,
1932 4367 2130 4421 vetusti

2229 1903 2349 1958 dice
2372 1901 2569 1972 reperi,
2623 1915 2785 1971 quam
2831 1900 2975 1954 bona
3024 1898 3471 1954 reverendissimi
3511 1901 3723 1968 quondam

2229 1995 2459 2057 abbatis,
2505 2008 2650 2048 nunc
2690 2005 2816 2046 vero
2861 1990 3261 2060 archiepiscopi
3305 1989 3628 2044 Rossanensis
3647 1994 3721 2042 An-

2228 2085 2368 2138 drea:
2410 2081 2630 2136 Deodati
2677 2081 2780 2137 viri
2823 2082 3208 2136 humanissimi
3263 2089 3425 2146 atque
3473 2083 3723 2136 amicissimi

2229 2174 2407 2241 venia,
2438 2190 2560 2228 cum
2595 2174 2867 2229 nonnullis
2893 2175 3014 2249 aliis
3047 2184 3299 2229 veterum
3324 2175 3520 2244 scriptis
3539 2176 3580 2227 in
3606 2174 3725 2227 Vati-

2229 2279 2378 2319 cana:
2423 2263 2762 2318 bibliotheca:
2812 2272 3196 2319 ornamentum
3255 2264 3526 2318 transcribi
3561 2265 3725 2328 curavi,

2230 2357 2449 2428 operam
2495 2355 2844 2426 favoremque
2882 2371 3042 2412 suum
3081 2356 3478 2411 humanissime
3503 2364 3728 2425 prastante

2230 2449 2428 2505 domno
2457 2449 2760 2520 Augustino
2785 2447 3057 2504 Colliccllo
3087 2464 3117 2503 a
3145 2446 3401 2517 Neapoli,
3431 2457 3545 2501 tunc
3571 2457 3730 2516 tempo-

2231 2541 2308 2596 ris
2342 2541 2678 2596 bibliotheca:
2719 2541 2864 2595 illius
2891 2539 3166 2610 praefecto.
3208 2538 3330 2593 Non
3362 2553 3566 2608 possum
3592 2547 3727 2591 tamen

2233 2630 2323 2686 hic
2361 2630 2577 2685 silentio
2610 2631 2882 2700 praeterire
2923 2638 3186 2699 quantum
3237 2627 3612 2698 diligentissimi
3634 2628 3730 2681 alte-

2233 2723 2346 2777 rius
2373 2721 2770 2777 bibliothecarii
2805 2723 3013 2777 Erasmi
3041 2720 3278 2776 Gattola:
3307 2739 3338 2775 a
3368 2720 3542 2791 Cajeta
3581 2721 3730 2774 buma-

2230 2815 2386 2871 nitati
2412 2815 2653 2878 debeam,
2679 2815 2772 2884 qui
2793 2829 3070 2884 nunquam
3103 2815 3246 2870 meis
3281 2814 3423 2869 votis
3452 2812 3618 2876 defuit,
3644 2811 3729 2881 plu-

2231 2906 2510 2976 rimosque
2541 2905 2595 2960 in
2625 2919 2868 2959 meorum
2909 2905 3216 2959 studiorum
3252 2901 3542 2974 profectum
3570 2902 3729 2954 labores

2230 2999 2375 3052 ultro
2413 2995 2965 3066 subivit,’pra35ertim
3001 2994 3056 3049 in
3097 2995 3454 3050 emaculanda
3477 2995 3567 3048 hac
3589 2992 3730 3061 dispu-

2233 3091 2434 3144 tatione
2486 3087 2776 3152 Archelai,
2832 3085 2988 3156 cujus
3035 3087 3338 3157 apographi
3396 3085 3606 3156 plurima
3646 3084 3728 3138 loci

2235 3182 2444 3236 mendis
2491 3179 2821 3242 incubantia,
2857 3193 2980 3234 cum
3011 3179 3310 3250 archetypo
3337 3179 3515 3233 codice
3539 3176 3729 3232 contulit.

2234 3271 2337 3328 Sed
2369 3281 2428 3327 ut
2458 3271 2523 3326 ad
2548 3271 2871 3326 Archelaum
2905 3271 3138 3335 redeam,
3175 3282 3396 3341 reperto
3426 3271 3521 3324 hoc
3545 3268 3718 3323 vetustis

2233 3365 2371 3420 simo
2395 3364 2652 3418 adversus
2679 3361 3003 3416 Manicheeos
3028 3375 3210 3431 opere,
3246 3361 3316 3415 ad
3345 3359 3552 3415 nefariae
3574 3374 3732 3413 eorum.

2231 3458 2352 3512 dem
2397 3457 2661 3510 haereseos
2714 3454 2994 3509 historiam
3044 3454 3497 3508 conscribendam
3544 3451 3728 3505 animum

2234 3546 2471 3611 admovi,
2504 3546 2660 3614 eique
2691 3560 2799 3599 non
2831 3544 2991 3599 modo
3021 3545 3292 3615 integram
3331 3544 3566 3599 Archelai
3591 3543 3730 3610 dispu-

2231 3637 2514 3702 tationem,
2545 3636 2636 3689 sed
2662 3643 2713 3689 et
2736 3633 2909 3690 Photii
2939 3635 3258 3705 patriarchae
3289 3633 3398 3691 CP.
3427 3634 3581 3688 libros
3607 3647 3647 3686 tv
3665 3631 3730 3684 ads

2229 3745 2420 3784 versus
2467 3727 2788 3781 Manichzeos
2836 3741 2937 3781 suo
2992 3735 3234 3796 tempore
3293 3726 3487 3780 iterum
3541 3731 3728 3784 exortus,

2231 3821 2444 3890 aliaque
2465 3820 2631 3873 multa
2659 3819 2835 3874 adhuc
2868 3819 3068 3874 inedita
3096 3822 3392 3890 magnique
3421 3817 3638 3872 facienda
3663 3828 3728 3867 ve-

2231 3923 2406 3967 terum
2438 3921 2718 3966 auctorum
2749 3911 2948 3980 scripta
2976 3911 3292 3980 appendicis
3319 3913 3439 3965 loco
3467 3909 3730 3977 subjungere

2231 4005 2573 4060 decreveram
2620 4023 2634 4059 :
2681 4003 2775 4058 sed
2809 4005 3248 4058 doctissimorum
3285 4005 3528 4058 virorum
3559 3998 3730 4054 consilio

2231 4096 2433 4152 factum
2473 4103 2578 4160 est,
2620 4104 2679 4150 ut
2723 4095 2775 4149 in
2826 4105 3165 4150 antecessum
3201 4095 3336 4150 Acta
3381 4095 3480 4148 ista
3520 4091 3568 4144 in
3601 4090 3728 4158 primo

2231 4188 2564 4244 collectionis
2617 4195 2816 4242 nostrze
2861 4197 3007 4242 tomo
3032 4189 3346 4244 ederentur.
3381 4188 3551 4243 Habes
3576 4187 3726 4253 itaque.

2229 4279 2438 4334 erudite
2473 4279 2665 4344 lector,
2704 4280 2964 4350 integram
3004 4279 3252 4334 Archelai
3291 4296 3417 4336 cum
3450 4279 3635 4332 Manete
3652 4274 3728 4325 dis-

2231 4372 2559 4441 putationem
2604 4372 2745 4426 bona
2793 4374 2896 4427 [ide
2927 4389 2993 4427 ex
3019 4376 3330 4442 apographo
3360 4368 3650 4428 Casiuensis
3665 4379 3728 4419 co-

576 4463 713 4516 adeo
749 4460 1084 4515 monumenti
1124 4471 1329 4529 partem
1366 4463 1565 4530 reperit
1601 4460 1651 4512 in
1683 4459 2003 4528 perantiquo
2032 4475 2126 4514 co-
2159 4477 2202 4532 ι)
2229 4461 2365 4518 dicis
2389 4463 2532 4533 quod
2557 4464 2609 4516 in
2636 4461 2893 4518 Vaticana
2917 4464 3240 4518 bibliotheca
3265 4473 3530 4526 servatur,
3557 4459 3724 4516 editam.

577 4554 696 4606 dice
723 4551 995 4614 Bobiensi,
1040 4552 1132 4620 qui
1165 4565 1306 4603 nunc
1335 4549 1387 4602 in
1423 4550 1780 4604 Ambrosiana
1804 4549 2128 4604 bibliotheca

579 4651 845 4706 servatur,
877 4641 1154 4696 Emericus
1185 4637 1425 4710 Bigotius
1450 4640 1892 4710 diligentissimus
1923 4637 2130 4694 ltalica-

577 4749 698 4788 rum
731 4733 1178 4787 bibliothecarum
1215 4742 1604 4802 perscrutator,
1635 4747 1863 4801 eamque
1891 4732 2131 4786 clarissi-

577 4839 669 4879 mo
716 4822 930 4878 Valcsio
973 4825 1415 4890 communicavit,
1473 4825 1566 4895 qui
1610 4825 1665 4879 in
1713 4825 1860 4880 calce
1907 4839 2129 4879 suarum

575 4924 828 4972 notarum
859 4915 923 4968 ad
950 4913 1222 4968 Socratem
1247 4925 1298 4969 et
1329 4915 1686 4970 Sozomenum
1717 4915 2013 4986 fragmenta
2040 4915 2128 4968 illa

573 5008 760 5064 edidit.
802 5007 1095 5060 Conlinent
1142 5017 1321 5061 autem
1379 5019 1487 5061 tum
1539 5018 1730 5062 cuncta
1765 5007 1855 5062 illa
1904 5022 2023 5076 qua:
2063 5021 2130 5062 ex

575 5101 762 5154 eadem
811 5097 1172 5168 disputatione
1221 5100 1336 5153 suis
1383 5102 1612 5152 inseruit
1648 5100 1863 5169 scriptis
1895 5098 2130 5169 Epipha-

577 5191 722 5254 nius,
776 5198 891 5243 tum
945 5189 1048 5242 alia
1099 5191 1350 5242 nonnulla
1407 5190 1475 5243 ab
1520 5191 1706 5244 eodem
1754 5189 1976 5256 omissa,
2011 5206 2131 5259 qua:

577 5292 758 5336 tamen
809 5296 876 5336 ne
928 5280 1190 5335 decimam
1245 5281 1462 5350 quidem
1509 5282 1674 5335 totius
1707 5282 1888 5350 operis
1923 5291 2128 5351 partem

575 5374 866 5442 complent.
900 5371 967 5426 Et
989 5373 1121 5426 tanti
1151 5373 1364 5442 quidem
1399 5376 1538 5443 apud
1572 5373 1837 5444 Bigotinm
1870 5372 1970 5428 fuit
2007 5390 2130 5443 pars

576 5464 665 5517 illa
691 5465 1075 5533 disputationis
1102 5465 1372 5532 Archelai,
1406 5476 1464 5520 ut
1486 5482 1602 5520 eam
1637 5483 1759 5520 eum
1792 5464 2028 5519 Palladio
2054 5483 2131 5520 rc‘

574 5555 770 5609 cudere
794 5559 1126 5625 cogitaverit,
1161 5558 1406 5627 apposito
1436 5557 1621 5612 Graeco
1650 5557 1936 5628 Epiphanii
1959 5566 2126 5623 textu,

573 5660 634 5701 ut
682 5665 747 5702 ex
798 5635 1080 5719 utriusque
1125 5652 1564 5720 comparatione,
1621 5651 1853 5722 genuina
1904 5650 2124 5704 illormn

575 5735 1000 5807 fragmentorum
1049 5741 1276 5799 lectione
1329 5742 1598 5809 restituta,
1652 5741 1832 5812 quivis
1877 5741 2126 5812 colligere

2230 4554 2591 4624 brevibusque
2615 4556 2760 4609 notis
2783 4555 2986 4609 criticis
3015 4555 3360 4622 illustratum,
3390 4567 3545 4624 atque
3568 4551 3640 4604 ubi
3664 4561 3727 4614 per

2230 4647 2505 4718 ingenium
2537 4656 2652 4702 tuto
2681 4647 2859 4712 licuit,
2893 4649 3264 4712 emendatam;
3303 4656 3431 4704 sunt
3457 4647 3591 4702 enim
3619 4643 3660 4694 in
3681 4654 3724 4692 eo

2230 4739 2416 4794 codice
2441 4738 2647 4793 librarii
2668 4739 2969 4809 sphalmata
2994 4740 3244 4809 plurima,
3275 4756 3396 4810 qua:
3422 4740 3534 4794 sine
3555 4731 3725 4789 alterius

2231 4829 2434 4885 codicis
2466 4845 2568 4900 ope
2606 4831 2892 4886 emendare
2934 4833 3299 4900 periculosum
3343 4841 3584 4888 conatum
3620 4838 3721 4884 esse.

2230 4921 2396 4991 probe
2427 4923 2608 4976 sciunt
2637 4923 2730 4992 qui
2761 4925 2817 4976 in
2857 4925 3084 4979 vetustis
3118 4925 3334 4993 scriptis
3370 4923 3581 4980 edendis
3607 4931 3724 4971 oceu-

2229 5023 2446 5082 pantur.
2481 5013 2585 5068 Sed
2631 5013 2863 5069 fortasse
2905 5015 3010 5070 hoc
3042 5031 3199 5085 opus,
3246 5015 3354 5070 Deo
3387 5017 3559 5079 dante,
3587 5022 3720 5063 corre-

2229 5105 2367 5160 ctius
2401 5106 2658 5160 reducere
2693 5105 2774 5161 fas
2817 5108 2917 5162 erit
2959 5124 3081 5162 cum
3119 5109 3240 5163 aliis
3275 5121 3506 5164 veterum
3547 5102 3722 5170 scripto-

2228 5211 2347 5249 rum
2371 5197 2627 5252 adversus
2653 5197 2972 5253 Manichaxos
3001 5199 3461 5254 lucubrationilms
3486 5197 3546 5252 ad
3567 5195 3718 5249 calcem

2230 5298 2427 5343 nostra:
2477 5287 2884 5343 Manichtcorum
2937 5291 3198 5356 ltistoriaz,
3257 5293 3304 5346 si
3360 5289 3561 5360 aliqum!
3615 5279 3719 5338 aliud

2227 5379 2501 5448 exetnplar
2540 5380 2679 5435 inter
2709 5381 3050 5437 lustrandum
3085 5383 3522 5437 bibliothecarum
3550 5386 3716 5432 nostra-

2229 5486 2346 5524 rum
2379 5471 2583 5526 loculos
2606 5482 2874 5536 occurrat,
2898 5483 2993 5528 aut
3015 5474 3068 5528 in
3101 5475 3221 5530 aliis
3253 5474 3472 5544 Europae
3493 5466 3717 5528 bibliothe-

2227 5562 2306 5616 cis
2339 5572 2607 5632 repertum
2637 5565 2768 5619 mihi
2794 5567 3217 5628 communicare.
3241 5569 3476 5623 eruditos
3499 5565 3623 5618 viros
3640 5569 3715 5611 non

2226 5655 2423 5724 pigeat.

2294 5741 2431 5798 Xlll.
2472 5743 2735 5803 Caeterum
2780 5762 3036 5817 magnum
3079 5765 3142 5806 ex
3183 5750 3428 5806 Archelai
3450 5744 3602 5803 nostri
3628 5751 3714 5793 rer-
