3982 6346
337 343 476 406 lil't

1843 333 2137 385 NU'l'lTlA.

3423 339 3556 392 HIS

337 470 421 522 his
461 460 742 518 catholica:
790 458 909 514 ﬁdei
951 454 1255 528 praesidium
1304 461 1466 520 atque
1509 455 1888 502 ornamentum
1920 453 1965 510 Α
1995 448 2086 502 sed
2123 455 2389 503 testantur
2415 450 2577 505 etiam
2608 451 2946 524 Epiphanius
2975 455 3068 525 (c),
3107 453 3358 510 Socrates
3397 455 3475 525 (ά)
3505 465 3560 511 et

335 558 562 618 accedit.
595 555 727 608 Nam
756 554 883 607 dum
908 549 1133 604 Manetis
1150 544 1396 600 haeresim
1420 541 1770 596 validissimis
1805 555 1894 594 ar-

337 649 606 722 gumentis
633 651 929 716 oppugnat,
965 642 1190 712 ejusque
1228 636 1490 706 originem
1521 642 1683 702 atque
1717 631 1894 686 incre-

337 753 516 801 menta
549 747 911 802 consectatur,
942 751 1048 789 non
1077 731 1236 787 modo
1257 744 1376 784 eam
1409 728 1653 783 funditus
1677 724 1895 779 subver-

336 839 420 902 tit,
453 845 506 890 et
548 847 710 905 quam
759 829 956 898 impios
998 826 1249 880 habuerit
1299 830 1569 885 auctores,
1620 817 1888 882 ostendit;

336 929 430 984 sed
461 935 514 980 et
548 925 803 994 pleraque
835 919 1236 974 Catholicorum
1268 915 1520 984 dogmata
1550 911 1782 967 illustrat
1810 919 1892 963 at-

335 1035 440 1090 que
470 1015 772 1071 conﬁrmat.
809 1011 1036 1082 Elegans
1063 1018 1144 1062 est
1165 1007 1303 1060 inter
1327 1005 1431 1059 alia
1461 1003 1614 1058 locus
1641 1001 1706 1056 de
1735 1001 1892 1054 insti-

335 1121 448 1165 tuta
473 1109 540 1161 ab
568 1103 848 1175 apostolis,
881 1115 1043 1171 quam
1079 1113 1250 1168 usque
1284 1111 1429 1150 nunc
1454 1109 1759 1156 servamus,
1789 1091 1890 1147 Ec-

333 1201 512 1256 clesiae
534 1195 858 1259 hierarchia,
882 1194 1029 1248 hisce
1051 1191 1230 1244 verbis
1253 1188 1307 1242 in
1329 1202 1448 1256 cap.
1465 1187 1534 1262 5i
1562 1193 1883 1254 conceptus:

334 1288 436 1342 Sed
448 1297 498 1340 et
511 1287 735 1352 Optimus
752 1282 1063 1334 architectus
1073 1277 1184 1348 ejus
1217 1276 1615 1348 fundamentum
1627 1283 1886 1340 nostrum,

330 1378 386 1430 id
416 1383 514 1439 est,
547 1370 816 1435 Ecclesiae,
848 1367 1049 1423 Paulus
1070 1368 1241 1438 posuit
1271 1376 1320 1422 et
1355 1366 1514 1436 legem
1539 1367 1776 1431 tradidit,
1807 1383 1888 1446 or-

329 1467 527 1521 dinatis
553 1463 830 1528 ministris,
853 1471 900 1515 et
931 1460 1266 1529 presbyteris,
1310 1468 1358 1512 et
1400 1459 1654 1527 episcOpis
1696 1457 1751 1510 in
1783 1475 1887 1526 ea;

328 1555 622 1609 describens
669 1570 758 1623 per
804 1553 918 1604 loca
973 1551 1201 1619 singula,
1259 1548 1516 1619 quomodo
1565 1558 1615 1602 et
1661 1547 1887 1618 qualiter

329 1654 560 1712 oporteat
596 1644 862 1696 ministros
889 1640 1006 1705 Dei,
1046 1639 1246 1710 quales,
1276 1651 1323 1692 et
1363 1639 1593 1707 qualiter
1620 1639 1739 1708 ﬁeri
1763 1656 1885 1708 pre-

327 1737 584 1806 sbyteros,
615 1732 890 1802 qualesque
920 1746 1028 1784 esse
1048 1728 1263 1803 debeant
1293 1728 1381 1797 qui
1411 1727 1761 1796 episcopatum
1794 1727 1884 1780 de-

327 1828 738 1892 siderant:qua:
767 1822 939 1874 omnia
983 1818 1106 1873 bene
1154 1818 1299 1872 nobis
1344 1826 1394 1870 et
1436 1825 1571 1870 recte
1605 1815 1884 1884 disposita,
1918 1807 1958 1861 Β

327 1931 488 1984 usque
520 1915 573 1966 in
602 1913 932 1974 hodiernum,
959 1918 1155 1964 statum
1183 1925 1333 1962 suum
1364 1907 1685 1972 custodiunt,
1705 1916 1752 1960 et
1775 1923 1888 1976 per-

330 2013 505 2060 manet
531 2002 670 2072 apud
701 2017 793 2055 nos
840 1999 998 2068 hujus
1047 1997 1238 2068 regula:
1285 1994 1586 2065 disciplina.
1620 1992 1885 2048 Palmaria

327 2111 544 2166 quoque
573 2103 700 2147 sunt
727 2093 780 2145 in
822 2092 969 2146 hisce
995 2089 1145 2144 Actis
1175 2089 1313 2153 loca,
1348 2087 1401 2142 in
1435 2085 1638 2157 quibus
1665 2084 1887 2140 humani

326 2186 538 2242 arbitrii
609 2185 828 2238 libertas
895 2181 1154 2237 adversus
1231 2180 1557 2235 recentiores
1609 2177 1889 2232 haereticos

326 2278 608 2343 astruitur,
642 2286 700 2331 ut
741 2277 921 2330 videre
947 2286 1030 2330 est
1053 2290 1174 2343 cap.
1211 2274 1278 2328 15
1310 2281 1364 2328 et
1398 2272 1484 2328 19.
1516 2270 1886 2325 Pulcherrima

327 2380 455 2426 sunt
478 2371 818 2440 maximeque
850 2368 1082 2423 notanda
1109 2367 1270 2422 verba
1299 2367 1388 2421 illa
1418 2381 1536 2435 cap.
1571 2364 1661 2428 3‘2,
1691 2363 1781 2416 ubi
1807 2362 1888 2417 sic

325 2464 445 2519 ait:
480 2463 618 2517 Deus
649 2463 787 2515 enim
833 2461 1009 2514 omnia
1051 2477 1167 2530 qua:
1206 2461 1350 2529 fecit,
1391 2457 1525 2512 bona
1563 2457 1713 2512 valde
1739 2455 1884 2525 fecit,

326 2553 480 2609 liberi
512 2554 721 2607 arbitrii
766 2569 976 2607 sensum
1016 2553 1294 2622 unicuique
1325 2550 1493 2614 dedit,
1534 2565 1639 2620 qua
1683 2548 1886 2601 ratione

324 2648 484 2701 etiam
512 2647 670 2717 legem
691 2646 886 2716 jndicii
919 2645 1111 2714 posuit.
1145 2644 1368 2698 Peccare
1398 2652 1634 2696 nostrum
1675 2650 1750 2694 est
1777 2657 1795 2694 :
1827 2650 1884 2694 ut

325 2749 497 2794 autem
539 2756 642 2793 non
684 2753 971 2808 peccemus,
1005 2737 1101 2791 Dei
1129 2737 1325 2790 donum
1354 2746 1452 2802 est,
1483 2750 1546 2789 ea:
1576 2752 1634 2788 eo
1659 2737 1795 2804 quod
1831 2733 1886 2787 in

325 2841 504 2886 nostro
541 2833 608 2885 sit
640 2830 862 2884 arbitrio
894 2831 1232 2884 constitutum
1261 2844 1494 2899 peccare,
1532 2827 1608 2882 vel
1639 2843 1737 2880 non
1767 2843 1886 2896 pec-

325 2941 462 2988 care;
493 2937 594 2978 etc.
621 2922 690 2976 Et
712 2932 847 2977 certe
874 2924 962 2993 qui
984 2921 1262 2986 voluerint,
1288 2919 1558 2975 observant
1592 2917 1881 2982 mandata;

325 3019 416 3087 qui
441 3033 558 3071 vero
587 3016 982 3084 contempserint
1010 3024 1057 3068 et
1083 3015 1140 3066 in
1162 3029 1454 3082 perversum
1485 3011 1881 3078 declinaverint,

1992 538 2220 595 Photius
2247 540 2318 610 (e)
2357 558 2371 596 :
2410 550 2470 595 ut
2501 553 2786 613 propterea
2815 545 2938 616 jure
2975 555 3169 616 arguat
3211 545 3558 604 doctissimus

1992 629 2327 687 Assemanus
2355 633 2443 704 (ι’)
2478 637 2846 704 statuendum,
2879 639 2932 692 in
2978 640 3139 694 unico
3178 639 3436 695 Actorum
3484 639 3570 695 lo.

1992 736 2057 776 co
2082 721 2157 793 (g)
2189 723 2536 780 librariorum
2569 728 2750 796 potius
2779 745 2965 785 errore
2995 730 3253 784 Charram
3292 734 3561 803 scriptum

1992 813 2182 879 fuisse,
2217 831 2381 885 quam
2411 818 2830 874 existimandum
2863 823 3178 878 mendosam
3209 839 3330 880 esse
3370 826 3559 880 lectio-

1993 923 2114 962 nem
2147 908 2383 964 Cascliar
2430 911 2586 965 initio
2630 914 2942 969 corumdem
2991 914 3270 982 Actorum,
3313 927 3367 973 et
3413 920 3555 991 apud

1989 1001 2154 1056 modo
2205 1003 2452 1059 laudatos
2508 1016 2826 1074 praestantes
2873 1018 3142 1076 auctores,
3170 1009 3554 1082 Epiphaniam,

1993 1091 2275 1148 Socratem
2307 1102 2362 1150 et
2395 1095 2670 1151 Ph0tium.
2701 1098 2879 1168 Atque
2909 1101 3020 1156 haec
3042 1103 3200 1171 plane
3233 1104 3445 1160 diversa
3472 1117 3557 1162 est

1989 1199 2019 1238 a
2041 1186 2266 1242 Charris
2295 1187 2408 1242 sive
2440 1187 2644 1255 Haran,
2679 1190 2973 1259 provincia:
3011 1190 3317 1251 Osrhoenes
3339 1197 3557 1252 civitate

1988 1276 2154 1330 altera
2205 1277 2351 1331 haud
2399 1280 2587 1348 procul
2615 1281 2683 1334 ab
2713 1279 2987 1351 Euphrate
3009 1285 3182 1353 posita
3215 1303 3228 1338 :
3263 1301 3362 1341 nec
3400 1288 3557 1358 longe

1987 1367 2138 1423 abest
2166 1367 2438 1440 Babylone
2461 1380 2515 1426 et
2549 1369 2816 1440 Seleucia,
2849 1389 2956 1428 non
2983 1373 3262 1431 Amidensi
3289 1386 3560 1448 mvtrOpo-

1986 1457 2094 1513 litae
2139 1460 2402 1529 subjecta,
2457 1462 2552 1517 sed
2603 1464 2849 1532 proxime
2900 1465 3550 1538 Seleuciensicatholico,

1987 1559 2046 1605 ut
2074 1561 2288 1607 constat
2329 1569 2392 1608 ex
2442 1554 2743 1610 Pontiﬁcali
2773 1555 3150 1614 Chaldaeorum
3202 1563 3345 1631 apud
3388 1561 3556 1617 Mori--

1985 1658 2114 1697 num
2151 1643 2226 1716 (lt)
2275 1654 2329 1700 et
2357 1647 2718 1702 Assemauum
2751 1649 2849 1716 (i);
2879 1650 2968 1705 ubi
2994 1651 3235 1721 jubetur,
3276 1661 3334 1707 ut
3377 1656 3556 1708 statim

1987 1736 2050 1789 ab
2085 1736 2231 1790 obitu
2269 1740 2538 1805 catholici,
2592 1743 2840 1796 mittatur
2875 1744 2942 1796 ad
2975 1746 3272 1816 episcopum
3299 1746 3553 1813 Caschar,

1989 1828 2034 1882 si
2072 1828 2127 1882 in
2160 1831 2286 1882 vivis
2318 1841 2429 1896 est,
2481 1840 2657 1901 utpote
2700 1834 2985 1903 principem
3019 1837 3392 1906 primariumve
3420 1856 3557 1909 prte-

1989 1920 2154 1974 snlem
2182 1921 2559 1991 patriarcltalis
2589 1925 2889 1992 provinciaz,
2918 1926 3007 1995 qni
3033 1925 3298 1982 dexteram
3319 1933 3558 2000 patriar-

1990 2008 2100 2065 cha:
2125 2019 2279 2078 tenet,
2311 2023 2586 2084 custosque
2620 2015 2763 2070 illius
2795 2017 2931 2070 sedis
2965 2027 3042 2070 est
3060 2028 3178 2087 post
3196 2021 3312 2089 ejus
3332 2021 3550 2079 obitum.

1989 2098 2145 2165 Quod
2195 2103 2450 2157 nimirum
2502 2105 2898 2175 accipiendum,
2946 2123 3012 2163 ex
3045 2125 3154 2179 quo
3183 2111 3424 2168 Carchar
3452 2116 3554 2171 sub

1993 2191 2197 2264 Sapore
2229 2211 2354 2268 rege
2403 2198 2456 2250 in
2505 2197 2790 2254 Persarum
2825 2211 3143 2271 potestatem
3176 2204 3342 2262 venit.
3374 2205 3555 2264 Probo

1989 2288 2133 2341 enim
2159 2288 2453 2359 imperante
2477 2291 2736 2349 Romana:
2760 2295 2984 2350 ditionis
3016 2310 3153 2364 erat,
3177 2315 3286 2370 quo
3307 2309 3552 2372 tempore

1989 2376 2175 2434 Manes
2203 2395 2234 2436 e
2261 2379 2504 2439 Persidis
2539 2385 2739 2442 ﬁnibus
2771 2385 3003 2459 fugiens,
3061 2391 3114 2444 in
3151 2392 3551 2450 Cascharorum

1988 2485 2126 2543 pago
2148 2487 2307 2542 quem
2331 2473 2675 2532 Diodoridem
2708 2481 3047 2549 appellabant
3069 2483 3169 2554 (j),
3195 2501 3550 2556 congressum

1989 2561 2138 2616 illum
2162 2563 2228 2618 de
2246 2565 2506 2637 religione
2539 2569 2728 2624 habuit
2755 2587 2879 2626 cum
2915 2574 3202 2631 Archelao.
3235 2575 3360 2634 lla‘c
3381 2578 3552 2636 ferme

1989 2645 2341 2718 Lequienius.

2057 2736 2229 2796 Porro
2257 2743 2502 2799 eamdem
2533 2749 2851 2803 sententiam
2877 2751 2944 2805 de
2967 2751 3326 2814 Cascharensi
3347 2757 3549 2814 Arche-

1987 2827 2056 2883 lai
2087 2831 2215 2886 sede
2244 2833 2488 2903 pluribus
2521 2852 2694 2908 nuper
2740 2842 3111 2911 comprobavit
3163 2861 3212 2899 v.
3253 2849 3328 2903 cl.
3361 2849 3553 2918 Augu-

1988 2917 2163 2974 stinus
2196 2920 2465 2979 Antonius
2494 2927 2756 2999 Georgius
2778 2931 3003 2986 ercmita
3036 2917 3464 3006 Augustinianus
3493 2940 3546 2992 in

1990 3013 2266 3076 praestanti
2297 3028 2459 3084 opere
2475 3019 2618 3086 quod
2647 3021 2992 3089 Alpltabetttm
3021 3023 3328 3080 Tibetanum
3360 3027 3552 3084 inscri-

323 3109 435 3162 sine
457 3107 613 3160 dubio
640 3109 800 3176 legem
829 3107 1024 3175 judicii
1058 3107 1244 3174 ferent.
1272 3103 1636 3159 Romanarum
1668 3118 1885 3173 quoque
1912 3140 1954 3200 Ο
1989 3101 2124 3200 psit;
2159 3104 2249 3158 ubi
2273 3107 2458 3174 etiam,
2489 3111 2630 3178 quod
2665 3113 2740 3166 rei
2777 3123 2939 3183 caput
2977 3125 3079 3180 est,
3111 3117 3371 3174 Actorum
3402 3119 3550 3190 ejus-

321 3199 705 3268 antiquitatum
761 3198 987 3253 studiosi
1045 3197 1198 3266 plura
1254 3197 1307 3250 in
1363 3195 1467 3250 hoc
1521 3209 1683 3264 opere
1736 3195 1888 3249 inve-

319 3295 476 3352 nient
519 3295 657 3349 scitu
697 3293 842 3348 haud
885 3293 1124 3363 indigna,
1178 3307 1407 3361 quorum
1435 3289 1690 3360 pleraque
1722 3304 1884 3358 supe-

1987 3192 2110 3247 dem
2161 3195 2408 3253 Archelai
2458 3201 2824 3258 sinceritatem
2870 3205 3131 3262 adversus
3157 3205 3548 3265 Beausobrium

1987 3284 2288 3343 luculenter
2340 3291 2521 3356 evicit,
2571 3310 2726 3349 suam
2779 3297 2862 3352 his
2909 3299 3089 3354 verbis
3131 3299 3546 3370 disputationem

317 3389 437 3444 rius
462 3387 1005 3443 commemoravimus
1043 3385 1157 3450 ubi,
1185 3387 1250 3438 de
1292 3383 1530 3453 ejusdem
1577 3383 1888 3437 sinceritate
1985 3377 2317 3437 concludens
2343 3382 2415 3453 (Ιί)
2451 3401 2463 3436 :
2496 3383 2782 3440 Teneamus
2806 3388 3048 3444 Caschar
3079 3392 3135 3445 in
3164 3391 3550 3464 Mesopotamia

319 3481 692 3536 tractavimus.
755 3479 993 3548 Denique
1050 3478 1176 3532 hinc
1223 3476 1385 3530 etiam
1440 3475 1650 3530 discere
1692 3489 1884 3543 possu-

320 3587 443 3626 mus
475 3586 761 3641 quousque
807 3569 1040 3624 Romani
1077 3568 1287 3638 imperii
1322 3567 1523 3623 limites
1558 3565 1880 3620 Parthorum

318 3679 412 3718 seu
444 3663 732 3716 Persarum
781 3661 1040 3716 ditionem
1081 3675 1268 3716 versus
1296 3671 1425 3715 tunc
1469 3659 1726 3728 temporis
1755 3673 1883 3727 pro-

317 3756 696 3818 tenderentur;
720 3753 933 3823 aliaque
961 3753 1217 3808 nonnulla
1241 3753 1306 3807 de
1329 3753 1462 3807 locis
1492 3751 1544 3804 in
1567 3749 1878 3805 earumdem

317 3846 604 3902 collimitio
624 3845 764 3912 sitis,
793 3845 966 3916 deque
996 3843 1366 3900 Romanorum
1396 3844 1626 3898 militum
1654 3858 1879 3896 numero

317 3941 410 4011 qui
443 3940 582 4010 apud
615 3939 816 3994 Carras
845 3948 1022 3993 castra
1056 3937 1345 3992 servabant
1377 3957 1390 3992 :
1419 3937 1483 3992 de
1508 3936 1592 3992 his
1624 3935 1766 3990 enim
1791 3949 1881 3989 re-

317 4033 420 4087 bus
448 4032 678 4102 sparsim
713 4031 890 4101 agitur
924 4030 979 4084 in
1002 4030 1192 4100 primis
1220 4029 1460 4100 quinque
1487 4028 1754 4100 capitibus
1783 4027 1881 4082 hu-

311 4123 405 4194 jus
431 4124 630 4193 operis,
666 4139 732 4178 ac
773 4131 1028 4192 praeterea
1068 4121 1121 4174 in
1149 4121 1389 4191 ejusdem
1421 4135 1574 4190 capp.
1617 4120 1706 4182 52,
1736 4119 1804 4174 54
1825 4129 1879 4174 et

315 4215 404 4269 55.
437 4213 598 4267 Plura
635 4213 827 4267 eruditi
859 4216 998 4266 inter
1019 4211 1301 4282 legendum
1326 4211 1710 4266 observabunt.
1737 4208 1877 4264 Hac-

314 4314 474 4359 tenus
503 4303 804 4374 Zacagnius
830 4319 882 4358 v.
912 4305 983 4361 cl.

381 4397 520 4453 XIV.
561 4396 638 4452 Ne
667 4410 844 4452 autem
876 4397 1088 4451 muneri
1120 4404 1305 4452 nostro
1326 4394 1515 4451 deesse
1540 4395 1762 4449 omnino
1791 4395 1872 4449 vi-

1985 3469 2237 3541 Katliaja.’
2263 3491 2280 3528 :
2307 3488 2357 3528 et
2401 3493 2515 3532 ecce
2553 3480 2840 3548 vinculum,
2865 3483 2993 3538 dum
3021 3486 3162 3541 data:
3197 3489 3323 3557 ﬁdei
3353 3506 3550 3546 memor

1981 3578 2090 3616 esse
2125 3564 2246 3618 velit
2300 3565 2676 3635 Beansobrius,
2730 3588 2833 3641 quo
2885 3585 3027 3629 arcte
3071 3581 3450 3651 constringitur
3477 3585 3548 3636 ad

1981 3653 2116 3708 Acta
2138 3659 2310 3711 sancti
2331 3659 2556 3730 episcopi
2590 3663 2834 3718 Archelai
2865 3675 3110 3736 tanquam
3133 3672 3366 3737 pretiosa
3393 3673 3548 3729 Chri-

1980 3748 2166 3804 stiana:
2216 3752 2550 3822 antiquitatis
2595 3768 2926 3811 monumenta
2973 3760 3374 3830 amplectenda;
3429 3783 3544 3835 quas

1982 3849 2155 3893 tamen
2178 3842 2338 3910 paulo
2365 3853 2486 3898 ante
2519 3845 2807 3904 lacerabat.
2845 3849 3112 3907 Nimirum
3141 3855 3207 3908 ad
3232 3869 3294 3909 ea
3326 3859 3549 3928 respicit

1979 3939 2186 3998 auctor,
2205 3949 2326 4002 qua:
2346 3934 2507 3992 habet
2523 3936 2887 3997 Beausobrius
2913 3943 2966 3996 in
2989 3942 3102 4000 haec
3121 3947 3282 4001 verba
3312 3946 3376 4019 (ι)
3397 3966 3412 4002 :
3430 3946 3545 4002 J’ai

1979 4020 2096 4075 bien
2129 4027 2321 4091 proueé
2343 4042 2441 4096 que
2475 4027 2528 4081 la
2566 4029 2773 4100 dispute
2801 4032 2889 4086 n‘a
2922 4034 3068 4102 point
3103 4037 3184 4090 έιέ
3206 4053 3269 4090 en
3305 4036 3547 4108 Mesopo-

1979 4116 2160 4170 tamie.
2195 4119 2334 4172 Mais
2366 4121 2413 4174 si
2449 4138 2580 4174 nous
2619 4122 2674 4176 la
2701 4123 2916 4192 placons
2947 4127 3080 4181 dans
3109 4129 3157 4183 le
3190 4128 3540 4200 Turquestau,

1974 4205 2074 4260 elle
2109 4224 2306 4277 pourra
2343 4226 2396 4263 se
2435 4214 2688 4268 soutenir.
2714 4214 2852 4272 C’est
2885 4216 2936 4271 Ιὰ
2975 4235 3074 4288 que
3099 4221 3469 4292 l‘ltérésiarque
3488 4239 3544 4276 se

1977 4301 2152 4365 retire,
2179 4301 2322 4357 selon
2356 4303 2430 4358 les
2467 4304 2796 4374 Orientaux;
2839 4311 2967 4380 qu‘il
2989 4327 3020 4380 y
3049 4329 3081 4363 a
3111 4327 3210 4365 une
3233 4311 3431 4367 Cascar
3449 4315 3541 4384 qui

1975 4393 2104 4448 n’est
2130 4396 2275 4464 point
2301 4399 2529 4452 soumise
2559 4416 2666 4454 ana:
2697 4400 2905 4466 Perses,
2943 4415 2990 4457 et
3023 4405 3089 4456 ait
3117 4404 3156 4456 il
3181 4422 3375 4473 pourra
3395 4406 3537 4475 plai-

313 4489 561 4555 deamur,
596 4488 662 4544 iis
694 4487 1128 4560 quanacagnius
1160 4488 1267 4540 huc
1299 4501 1468 4556 usque
1489 4486 1620 4543 satis
1648 4486 1874 4557 diligen-
1904 4486 1948 4541 Ι)
1976 4485 2069 4540 der
2095 4504 2156 4540 sa
2189 4505 2344 4543 cause
2381 4506 2442 4543 en
2480 4502 2619 4546 toute
2655 4493 2846 4548 sdreté.
2892 4495 3025 4550 C‘est
3066 4497 3119 4549 lit
3155 4497 3283 4565 qu’il
3319 4515 3352 4567 ῃ
3390 4516 3421 4550 a
3448 4500 3538 4553 dcs

311 4591 393 4637 ter
423 4581 732 4647 edisseruit,
763 4580 960 4636 addere
1003 4580 1257 4635 nonnulla
1286 4589 1649 4650 opportunum
1680 4580 1871 4635 existi-

311 4690 543 4728 mamus.
591 4672 658 4726 Et
706 4674 939 4742 primum
986 4672 1202 4741 quidem
1264 4674 1330 4726 ad
1379 4672 1560 4727 sedem
1621 4671 1872 4727 Archelai

307 4765 668 4836 episcopalem
698 4764 842 4834 quod
874 4764 1083 4828 attinet,
1133 4763 1187 4817 in
1213 4763 1374 4817 aliam
1405 4779 1434 4816 a
1468 4761 1718 4833 Zacagnii
1747 4779 1872 4818 sen-

307 4857 474 4912 tentia
507 4873 630 4912 cum
665 4856 956 4925 Lequienio
990 4871 1042 4910 v.
1073 4857 1140 4911 cl.
1172 4855 1324 4910 abire
1353 4855 1481 4910 libet
1502 4856 1599 4926 (a).
1634 4856 1872 4912 Cascha-

307 4964 493 5004 rorum
535 4949 700 5015 enim,
747 4965 854 5003 non
899 4948 1251 5015 Charrarum,
1303 4947 1558 5003 Ecclesia:
1588 4948 1870 5018 praefuisse

307 5042 652 5108 Archelaum,
707 5057 812 5095 non
860 5041 1033 5095 solum
1082 5041 1277 5096 docent
1317 5040 1450 5095 Acta
1481 5041 1867 5110 disputationis

306 5149 470 5204 quam
521 5143 741 5189 sanctus
788 5134 876 5188 ille
920 5135 1115 5205 praesul
1145 5134 1332 5188 habuit
1357 5149 1478 5187 cum
1516 5132 1726 5189 Manete
1757 5136 1863 5205 (tr);

400 5336 454 5407 a)
487 5333 580 5390 0r.
612 5335 762 5400 Cltr.,
793 5343 927 5390 tom.
959 5334 1023 5400 ll,
1060 5350 1215 5407 pagg.
1252 5335 1389 5389 1002
1415 5344 1468 5390 et
1493 5334 1647 5392 1165.

400 5406 450 5472 b)
484 5408 627 5468 Act.,
661 5421 778 5475 cap.
819 5408 866 5460 l.

376 5476 447 5544 (c)
486 5475 622 5528 liter.
660 5492 804 5541 val,
836 5493 986 5530 num.
1015 5478 1048 5532 5
1075 5485 1128 5531 et
1151 5476 1202 5530 '7.

375 5547 452 5614 (d)
488 5545 632 5616 Hist.
659 5547 782 5599 eccl.
816 5548 910 5600 lib.
943 5563 979 5608 l,
1012 5563 1130 5616 cap.
1157 5546 1247 5600 2‘2.

373 5617 442 5686 (ε)
483 5615 598 5670 Lib.
631 5631 645 5668 ι
681 5619 801 5672 adv.
841 5616 1069 5670 Manich.

373 5687 450 5755 (f)
483 5686 619 5739 Bibl.
655 5689 840 5738 orient.
877 5697 1003 5741 tom.
1041 5687 1083 5750 Ι,
1119 5702 1170 5755 p.
1203 5687 1326 5740 555.

373 5766 446 5827 (g)
478 5757 620 5820 Act.,
652 5771 769 5824 cap.
806 5757 858 5809 5.

579 5849 847 5911 ΡΑτιιοι..
873 5847 986 5908 Gn.
1023 5851 1103 5912 Κ.

1974 4579 2265 4645 Cltrétiens,
2310 4582 2398 4636 des
2434 4583 2663 4653 éréques,
2703 4586 2792 4654 qui
2838 4603 2898 4639 ne
2934 4597 3149 4656 peut'ent
3189 4604 3439 4659 manquer
3474 4592 3538 4642 de

1970 4674 2177 4728 s'élever
2199 4685 2374 4729 centre
2397 4693 2464 4729 nn
2491 4677 2776 4747 hérétique,
2794 4680 2884 4748 qui
2904 4680 3105 4734 detruit
3123 4679 3196 4734 les
3221 4683 3538 4751 principatu:

1971 4765 2182 4820 articles
2219 4766 2283 4820 de
2322 4766 2377 4818 la
2423 4767 2497 4836 [οἱ
2546 4768 2954 4826 εΙιι-έιὶεηηε.....
3009 4769 3076 4825 Je
3113 4772 3196 4842 n'y
3243 4773 3388 4827 arais
3440 4790 3536 4843 pas

1968 4860 2140 4928 pense.
2169 4857 2220 4912 Il
2255 4859 2370 4928 [aut
2407 4858 2626 4912 rétablir
2659 4871 2790 4916 cette
2815 4863 3020 4932 dispute
3048 4881 3146 4935 que
3176 4866 3278 4934 j‘ai
3311 4875 3422 4919 tant
3447 4877 3535 4919 at-

1969 4955 2168 5022 taquée.
2207 4953 2258 5006 Il
2291 4955 2376 5023 n‘y
2417 4973 2448 5007 a
2479 4956 2597 5024 qu'a
2627 4955 2680 5008 la
2719 4953 2834 5009 bien
2863 4955 3152 5024 placer.....
3185 4956 3432 5012 Donnons
3463 4973 3533 5011 au

1967 5042 2160 5097 lecteur
2181 5045 2524 5115 l'édiﬁcation
2548 5046 2612 5099 de
2637 5047 2748 5100 voir
2771 5048 2958 5116 qu‘une
2978 5049 3196 5100 ltistoire
3215 5048 3262 5100 si
3286 5050 3535 5102 ancienne

1966 5146 2042 5190 est
2063 5137 2310 5191 eéritable
2352 5140 2483 5191 dans
2529 5139 2576 5191 le
2626 5139 2772 5209 fond.
2828 5138 3095 5194 Caeterum
3138 5155 3204 5195 eo
3241 5141 3357 5208 ipso
3385 5155 3528 5193 anno

2037 5332 2112 5402 (It)
2147 5332 2219 5387 De
2243 5349 2382 5387 sacr.
2416 5334 2587 5387 ordin.

2035 5410 2048 5465 (
2073 5408 2122 5470 ἱ)
2149 5403 2279 5458 Loe.
2307 5405 2400 5462 cit.

2035 5475 2120 5542 (i)
2155 5475 2296 5538 Act.,
2331 5489 2450 5542 cap.
2479 5473 2567 5527 '59.

2033 5543 2106 5612 (Ir)
2144 5543 2368 5615 Alphab.
2401 5542 2592 5615 Ti_bet.,
2623 5560 2746 5615 pag.
2767 5544 2872 5600 363
2897 5543 3025 5599 edit.
3055 5542 3214 5600 Rom.
3247 5545 3405 5605 1762.
3431 5547 3486 5602 ι.

1966 5615 2096 5738 “(In
2124 5613 2280 5737 .152“.
2309 5615 2372 5669 de
2416 5613 2601 5669 Manes
2626 5613 2637 5615 θ
2656 5613 2713 5670 εί
2749 5617 2819 5669 du
2850 5615 3108 5682 Manich.,
3138 5626 3248 5671 tom
3299 5617 3336 5683 Ι,
3365 5633 3523 5688 pagg.

3132 5824 3210 5910 te
