3930 7156
478 291 618 350 N19

1329 287 1387 344 S.
1425 284 1835 341 ARCllELAUS
1873 283 2402 340 MESOPUTAMIE
2439 283 2829 343 El‘lSCOPUS.

3550 276 3657 332 ΝΞΟ

477 425 589 479 quo
628 405 806 478 prodit
829 403 1172 474 Alphabefum
1208 399 1538 465 Tibetanum,
1583 401 1664 454 vir
1697 401 1832 454 alter
1867 398 2046 454 erudi-
2077 402 2117 456 A
2151 413 2290 451 inus.
2323 395 2430 452 Nec
2461 398 2657 452 morari
2690 412 2790 452 nos
2823 395 2994 452 debet
3033 387 3373 463 parenthesis
3395 387 3626 459 longitudo
3653 412 3666 450 ς

479 501 728 554 tissimus
776 495 1087 549 eorumdem
1142 491 1400 545 Actorum
1450 491 1811 562 integritatem
1859 499 2043 545 contra

479 589 762 662 praefatum
808 584 1194 640 Beausobi-ium
1243 591 1463 637 strenue
1497 597 1868 653 propugnasse
1897 597 2049 636 com-

480 680 688 750 peritur
714 679 811 742 (a).

551 768 666 821 XV.
710 767 842 820 lllud
890 774 1149 835 przeterea
1191 780 1312 818 cum
1355 763 1473 818 viro
1509 763 1671 817 docto
1701 762 2046 816 animadver-

482 871 599 915 tere
633 861 874 922 interest,
911 857 938 928 §
968 859 1000 910 5
1035 857 1179 911 illius
1226 855 1511 925 fragmenti
1549 855 1806 908 Actorum
1861 855 2049 922 dispu-

485 953 708 1006 tationis
748 950 1015 1011 Archelai,
1063 948 1206 1017 quod
1238 964 1301 1002 cx
1345 945 1531 1016 Cyrilli
1575 943 2046 1016 llierosolymitani

481 1041 750 1096 cateclicsi
797 1057 848 1092 vr
900 1040 1244 1107 desumptum
1303 1037 1492 1090 iisdem
1549 1037 1694 1090 Actis
1741 1035 2047 1103 subjicitur,

483 1131 973 1202 Hierosolymitano
1003 1130 1184 1200 potius
1219 1129 1472 1198 episcopo
1501 1143 1664 1196 quam
1690 1125 2047 1181 Cascharensi

481 1242 602 1279 esse
636 1226 865 1279 fortasse
897 1224 1264 1278 tribuendum.
1295 1221 1384 1275 Sic
1409 1221 1552 1275 enim
1579 1222 1666 1275 ille
1692 1220 1764 1288 tb)
1795 1239 1808 1274 :
1841 1239 1859 1271 ι
1897 1218 2052 1273 Tam-

483 1317 581 1369 etsi
632 1318 768 1381 lucc,
813 1317 1008 1385 inquit,
1053 1316 1120 1368 ab
1167 1315 1322 1368 initio
1365 1313 1686 1384 paragraphi
1719 1313 1753 1366 5
1780 1327 1951 1381 usque
1983 1313 2049 1365 ad

484 1409 666 1470 linem,
695 1409 939 1461 Archelai
966 1408 1144 1461 verbis
1169 1407 1400 1478 Cyl-illus
1421 1405 1600 1459 dicere
1623 1403 1896 1468 videatur;
1925 1418 2046 1457 cum

483 1500 554 1553 ibi
611 1499 863 1568 subjiciat
906 1517 918 1545 =
965 1497 1284 1568 llujusmodi
1329 1496 1552 1566 aliisque
1603 1495 1840 1564 pluribus
1892 1496 2049 1550 dictis

481 1593 808 1645 cvertcbatur
838 1590 997 1643 draco
1020 1605 1038 1642 :
1073 1589 1267 1643 talibus
1312 1589 1598 1642 Archelaus
1630 1589 1837 1643 Mancm
1867 1588 2051 1656 conﬂi-

481 1681 800 1735 ctationibus
839 1680 1234 1749 prosternebat;
1275 1680 1416 1734 unde
1454 1678 1755 1748 Zaeagnius
1793 1679 1907 1733 hinc
1932 1694 2052 1732 om-

482 1775 571 1829 nia
602 1774 670 1828 ad
705 1775 909 1830 calcem
938 1773 1324 1844 disputationis
1355 1773 1601 1827 Archelai
1641 1784 1896 1844 tanquam
1926 1786 2050 1842 par-

483 1874 591 1920 tem
621 1866 740 1933 cjus
766 1881 946 1919 veram
976 1865 1221 1934 appinxit
1253 1883 1265 1917 :
1301 1864 1657 1919 nihilominus
1697 1865 1751 1918 in
1797 1865 1898 1918 hoc
1932 1864 2050 1918 loco

481 1958 729 2012 Archelai
764 1957 923 2011 verba
959 1956 1231 2020 desinere,
1265 1963 1314 2008 et
1346 1963 1559 2016 caetera,
1612 1954 1680 2008 ab
1713 1954 1794 2009 liis
1828 1953 2006 2007 verbis
2034 1971 2047 2008 :

483 2048 542 2105 Si
573 2061 770 2112 autem,
796 2059 923 2112 etc.,
953 2064 1123 2117 usque
1155 2047 1223 2101 ad
1258 2048 1439 2110 linem,
1475 2062 1503 2099 a
1534 2044 1738 2115 Cyrillo
1763 2051 2050 2115 parenthe-

483 2144 560 2198 sis
609 2143 748 2202 vice,
803 2141 1052 2194 Archelai
1113 2139 1416 2194 rationibus
1473 2139 1680 2208 adjecta
1741 2153 2046 2194 censemus.

483 2235 686 2292 Saltem
731 2234 966 2288 dubitari
1009 2248 1114 2287 non
1160 2239 1337 2302 potest
1386 2233 1516 2302 quin
1576 2232 1736 2285 verba
1775 2230 1946 2284 ταῦτα
1987 2229 2052 2283 τὰ

483 2328 756 2400 μυστήρια
787 2325 1016 2379 inferius
1045 2323 1440 2394 posita,Cyrilli
1474 2323 1605 2389 sint,
1642 2339 1748 2377 non
1779 2323 2048 2388 Archelai,

483 2419 695 2472 duabus
748 2416 1053 2471 rationibus
1101 2432 1220 2486 qua:
1270 2431 1430 2470 omne
1479 2424 1740 2485 punctum
1798 2414 2048 2468 afferunt.

485 2512 546 2564 1ο
581 2510 723 2562 enim
758 2509 852 2572 ait,
886 2509 1142 2580 mysteria
1172 2525 1294 2578 qua:
1321 2524 1464 2562 nunc
1487 2507 1729 2562 audienti
1753 2522 1782 2561 a
1805 2507 2054 2562 catechu-

483 2616 768 2656 menorum
810 2610 958 2655 sorte
1002 2616 1222 2670 egresso
1271 2601 1508 2671 exponit,
1541 2601 1744 2654 licitum
1781 2615 1886 2654 non
1933 2613 2053 2655 esse

486 2692 779 2763 gentilibus
814 2691 1058 2761 aperire;
1095 2701 1256 2763 atque
1292 2693 1347 2746 in
1384 2693 1470 2747 bis
1503 2691 1778 2763 mysteriis
1807 2690 2053 2746 nominat

481 2785 840 2842 sanctissima:
870 2784 1152 2839 Trinitatis
1178 2785 1504 2840 doctrinam.
1538 2785 1697 2854 Atqui
1732 2793 1790 2838 ut
1821 2785 1932 2837 hsce
1957 2799 2054 2851 ap-

485 2876 658 2946 prime
685 2877 1018 2932 conveniunt
1045 2876 1230 2947 Cyrilli
1259 2875 1620 2941 auditoribus,
1650 2891 1680 2928 e
1710 2876 2052 2929 catechume-

484 2985 678 3023 norum
707 2978 850 3022 statu
882 2970 932 3022 in
963 2969 1200 3022 ﬁdelium
1242 2982 1437 3022 nomen
1470 2983 1532 3021 ac
1559 2967 1782 3037 gradum
1816 2967 2049 3020 transla-

484 3061 582 3127 tis,
622 3060 831 3114 catecb.
877 3076 930 3123 v,
981 3058 1096 3129 §l,
1146 3059 1345 3128 quibus
1397 3058 1710 3130 mysteiium
1769 3057 2050 3114 Trinitatis

484 3153 697 3208 catech.
749 3168 801 3206 tv
844 3152 1161 3221 planissime
1215 3164 1536 3224 aperuerat;
1590 3154 1661 3207 ita
1703 3169 1809 3206 non
1852 3168 2050 3208 conre—

488 3244 642 3297 niunt
675 3242 894 3307 Maneti,
933 3243 1256 3314 qui,L‘yrillo
1296 3253 1429 3299 teste
1459 3247 1665 3300 catecb.
1695 3260 1768 3308 vr,
1805 3243 1832 3315 §
1865 3243 2052 3309 2l,ne-

485 3351 591 3404 que
611 3335 956 3390 Christianus
980 3350 1240 3402 unquam,
1267 3353 1439 3405 neque
1461 3339 1530 3392 ab
1556 3337 1789 3392 Ecclesia
1818 3337 2052 3407 rejectus

488 3427 682 3492 fuerat,
721 3428 919 3481 nedum
955 3429 1378 3484 catechumenus
1409 3439 1502 3483 aut
1531 3430 2050 3484 catecliumcnorum

487 3518 712 3586 gradum
765 3534 1169 3587 supergressus,
1220 3529 1384 3589 atque
1414 3521 1484 3573 ita
1514 3518 1766 3575 Ecclesia:
1796 3522 1938 3574 lilius
1974 3520 2053 3574 fa-

485 3620 609 3665 ctus
638 3617 802 3675 esset,
832 3610 1176 3676 Procatech.,
1213 3611 1240 3683 §
1275 3613 1357 3665 15.
1387 3610 1521 3666 Nam
1550 3613 1968 3669 catechumenos
1995 3629 2054 3668 re

487 3719 614 3758 Vera
642 3704 710 3758 ab
734 3701 974 3758 Ecclesia
1006 3704 1156 3771 rejici
1191 3705 1385 3773 probat
1414 3704 1653 3771 Lucifer,
1685 3708 1777 3776 qui
1824 3709 1876 3760 in
1914 3707 2052 3762 libro

487 3797 565 3851 De
597 3814 699 3851 non
719 3797 1090 3861 conveniendo,
1117 3808 1244 3864 etc.,
1267 3798 1647 3853 Constantium
1675 3800 2050 3869 imperatorem

485 3901 644 3947 vocat
685 3893 944 3946 hominem
973 3895 1208 3948 excisum
1243 3913 1270 3949 e
1308 3912 1522 3965 corpore
1549 3908 1746 3952 sancta:
1783 3898 2049 3954 Ecclesia‘.

565 4002 582 4036 ι
610 3983 699 4037 Ait
724 3983 801 4044 2°.
830 4000 950 4054 qua:
972 4001 1116 4040 nunc
1145 3988 1401 4056 mysteria
1431 3989 1549 4041 sine
1576 3990 1869 4045 involucris
1896 4007 2056 4061 expo-

487 4074 586 4140 nit,
619 4074 770 4129 ncfas
797 4090 922 4129 esse
947 4090 1131 4129 coram
1173 4078 1465 4143 gentilibus
1510 4081 1779 4150 proloqui.
1809 4083 1968 4152 Atqui
2001 4083 2054 4136 in

489 4166 768 4235 gentilium
821 4165 1095 4218 auditorio
1149 4165 1470 4234 loquebatur
1524 4169 1844 4232 Archelaus,
1899 4178 1958 4224 ut
1988 4185 2054 4224 es

487 4257 562 4327 ﬁt
601 4257 886 4328 fragmenti
934 4256 1215 4327 Cyrilliani
1260 4259 1552 4328 colligitur.
1595 4260 1672 4314 Illi
1708 4261 1871 4330 igitur
1905 4263 2056 4316 aliin-

489 4358 644 4418 κεῖαν
665 4349 1044 4404 contradicens
1065 4349 1261 4412 oratio,
1286 4367 1392 4419 qua
1420 4361 1570 4421 neget
1602 4367 1659 4406 se
1680 4368 1862 4406 coram
1886 4355 2059 4407 ethni-

2149 503 2272 540 nam
2322 487 2686 558 digressiones
2723 498 2778 542 et
2820 485 3206 558 parentlieses
3235 480 3492 550 longiores
3515 480 3675 553 Cyrillo

2151 594 2256 631 non
2286 579 2577 634 inusitatzr.
2608 579 2729 634 Vid.
2760 579 2976 634 catech.
3017 592 3136 639 XVI,
3185 572 3213 644 ᾗ
3250 573 3336 637 14,
3369 574 3502 627 hom.
3532 575 3574 629 in
3595 576 3676 632 Pa-

2149 673 2272 735 ra|.,
2307 669 2332 741 §
2359 670 2392 724 8
2415 688 2585 742 usque
2612 673 2676 726 ad
2711 673 2796 726 11.
2823 671 3108 725 Pratcrea
3138 670 3222 719 hae
3253 665 3409 718 unius
3440 663 3680 736 Scriptura:

2149 763 2254 817 loci
2307 765 2603 819 secundum
2646 766 2889 820 diversas
2953 760 3271 818 sententias
3326 759 3680 829 explicationes,

2147 854 2266 924 ejus
2295 866 2422 910 sunt
2447 858 2669 926 ingenii,
2706 868 2764 912 ut
2795 858 2986 912 videre
3017 865 3108 909 est
3135 852 3343 907 catceh.
3377 867 3496 917 xvn,
3521 851 3573 923 ἐξ
3599 853 3686 910 9et

2151 947 2237 1012 10,
2269 949 2474 1002 catecli.
2501 964 2620 1012 xm,
2656 949 2682 1020 §
2711 949 2799 1012 21.
2847 959 2954 1004 etc.
3001 945 3242 999 Demum
3282 959 3439 1013 quam
3464 959 3688 1015 postremo

2151 1041 2268 1094 loco
2306 1041 2467 1094 tradit
2499 1041 2660 1108 hujus
2706 1040 2807 1093 loci
2839 1037 3388 1107 interpretationem,
3419 1053 3590 1104 nempe
3626 1040 3690 1093 iit-

2150 1134 2336 1186 tirmos
2364 1131 2555 1186 oculos
2605 1133 2890 1185 veritatum
2937 1145 3094 1200 quas
3128 1141 3326 1196 capere
3358 1143 3457 1181 non
3485 1144 3690 1197 possunt,

2153 1222 2361 1292 fulgore
2391 1223 2637 1289 obtundi,
2664 1223 2977 1277 continetur
3013 1221 3072 1274 in
3107 1236 3174 1273 ea
3207 1220 3413 1272 ratione
3441 1237 3585 1288 quam
3605 1229 3695 1274 red-

2149 1316 2285 1369 didit
2313 1314 2627 1370 Procatech.
2666 1314 2809 1385 διε,
2857 1331 2956 1368 cur
3009 1310 3431 1368 catechumenis
3484 1317 3693 1384 mysteria

2151 1408 2427 1472 celentur;
2479 1406 2607 1476 quia
2651 1406 2900 1461 videlicet
2934 1413 3173 1460 noceret
3220 1403 3356 1472 ipsis
3399 1420 3561 1457 rerum
3587 1422 3694 1474 quas

2152 1499 2389 1552 nondum
2421 1513 2612 1568 capere
2646 1507 2892 1567 possunt,
2951 1495 3234 1568 cognitio.
3274 1513 3294 1545 ι
3350 1492 3595 1553 [lactentis
3633 1499 3696 1554 vir

2153 1591 2240 1644 ille
2272 1591 2489 1647 doctus.

2225 1684 2474 1739 Nostram
2525 1700 2687 1755 porro
2727 1684 2992 1754 ejusmodi
3029 1683 3311 1737 Actorum
3350 1679 3610 1737 editionem
3639 1687 3692 1739 ad

2155 1776 2300 1831 illam
2335 1778 2634 1855 exegimus,
2673 1793 2835 1847 quam
2885 1776 3078 1831 Romae
3134 1774 3383 1844 vulgavit
3425 1789 3554 1828 anno
3584 1777 3691 1832 l698

2154 1883 2205 1920 ν.
2236 1869 2300 1922 cl.
2342 1869 2670 1924 Laurentius
2702 1868 3006 1923 Alexander
3033 1864 3361 1936 Zaeagnius
3396 1863 3446 1916 in
3474 1863 3692 1921 Collecta-

2153 1962 2260 2016 neis
2289 1972 2741 2014 monumentorum
2773 1971 2997 2014 ceterum
3031 1959 3306 2014 Ecclesia
3329 1959 3514 2014 (ira-ca:
3536 1977 3590 2012 ac
3608 1959 3692 2014 La-

2152 2055 2294 2106 time.
2327 2051 2452 2106 Suis
2489 2052 2623 2107 locis
2667 2053 3004 2108 restituimus
3033 2069 3169 2108 cum
3210 2053 3456 2107 addenda
3485 2053 3692 2123 prolego-

2151 2147 2346 2209 monis,
2375 2153 2488 2198 tum
2521 2144 2699 2198 varias
2741 2144 2793 2198 in
2825 2144 3018 2214 primis
3046 2145 3350 2206 lectiones,
3382 2161 3502 2214 quas
3527 2147 3584 2199 ad
3617 2162 3693 2200 ca-

2151 2237 2259 2305 pita
2296 2235 2468 2291 51-55
2499 2236 2892 2306 Disputationis
2925 2236 3188 2290 Archelai
3238 2252 3369 2291 cum
3417 2237 3608 2300 Manete,
3631 2252 3687 2290 ex

2150 2328 2710 2398 Regio-Alexandrino
2734 2329 2921 2383 codice
2953 2329 3270 2396 deScriptas
3301 2329 3369 2382 ad
3409 2344 3507 2383 sua!
3529 2329 3690 2383 editio-

2151 2422 2235 2475 nis
2269 2421 2470 2476 calcem
2499 2419 2687 2490 rejecit
2712 2420 2848 2475 idem
2876 2421 2957 2474 vir
2985 2421 3273 2484 eruditus,
3303 2419 3402 2473 hac
3423 2421 3689 2489 prtefatiun-

2149 2513 2268 2568 cula
2301 2527 2434 2566 usus
2466 2510 2534 2582 (ε)
2573 2529 2586 2565 '.
2633 2510 2764 2566 Cum
2809 2520 2925 2580 post
2973 2512 3201 2578 editam,
3253 2512 3448 2582 inquit,
3491 2513 3686 2566 Archelai

2149 2603 2560 2672 disputationem
2609 2601 2745 2654 inter
2803 2600 3401 2670 Regio-Alexandrinos
3462 2597 3688 2652 Vaticana

2151 2695 2470 2749 bibliotheca:
2492 2693 2692 2747 codices
2721 2693 3024 2762 reperissem
3050 2692 3423 2762 apographum
3450 2691 3680 2760 cujusdam

2149 2788 2336 2842 vetusti
2363 2786 2580 2850 codicis,
2618 2785 2707 2855 qui
2738 2783 2865 2837 olim
2895 2783 2963 2837 ad
2990 2785 3378 2837 monasterium
3402 2783 3558 2836 sancti
3585 2783 3680 2838 Sal-

2151 2880 2240 2943 rii,
2263 2877 2626 2931 Ambianensis
2658 2876 2881 2946 fortasse
2906 2876 3144 2946 episcOpi
3169 2887 3221 2929 et
3255 2876 3518 2946 martyris,
3545 2878 3676 2945 perti-

2151 2971 2294 3033 nuit;
2332 2979 2379 3024 et
2403 2970 2456 3022 in
2482 2986 2540 3022 eo
2565 2969 2740 3022 codice
2763 2985 2870 3022 una
2898 2985 3014 3021 cum
3052 2968 3233 3022 sancti
3260 2969 3536 3038 Augustini
3555 2969 3681 3022 Com-

2153 3064 2428 3117 monitorio
2446 3063 2693 3117 adversus
2716 3061 2765 3116 Μ
2773 3063 3053 3128 aniclueos,
3071 3064 3216 3116 inter
3229 3063 3466 3132 ejusdem
3479 3062 3687 3132 epistolas

2151 3155 2314 3216 edito,
2359 3153 2674 3207 haberentur
2702 3162 2916 3222 exerpta
2945 3155 3186 3222 qua'dam
3218 3169 3287 3206 ea:
3320 3153 3466 3206 Actis
3489 3155 3688 3222 disputa-

2153 3247 2308 3301 tionis
2359 3245 2606 3300 Archelai
2650 3262 2682 3299 a
2727 3261 2844 3314 cap.
2871 3245 2933 3299 5|
2976 3261 3136 3315 usque
3172 3245 3250 3297 ad
3288 3262 3407 3314 cap.
3436 3245 3521 3311 55,
3553 3258 3688 3314 opere

2151 3341 2374 3409 pretium
2408 3339 2584 3393 censui
2612 3339 2786 3392 varias
2820 3352 2884 3392 ea:
2917 3337 3094 3390 eodem
3137 3338 3446 3408 apographo
3485 3337 3687 3390 lectiones

2151 3432 2320 3489 edere.
2356 3448 2473 3484 cum
2499 3432 2731 3500 ipsorum
2766 3447 2858 3500 ope
2885 3430 3125 3499 quasdam
3155 3430 3412 3483 Archelai
3439 3429 3548 3482 loca
3571 3429 3687 3482 resti-

2155 3533 2389 3577 tuantur.
2425 3521 2548 3577 lla'c
2573 3522 2679 3576 ille.
2707 3521 2983 3592 Ejusmodi
3013 3531 3192 3574 autem
3228 3523 3418 3576 varias
3441 3523 3682 3586 lectiones,

2156 3616 2299 3672 haud
2332 3631 2461 3670 sane
2492 3616 2937 3678 contemnendas,
2964 3615 3108 3668 aliud
3138 3631 3310 3686 agens
3346 3613 3687 3684 przeteriitFa-

2157 3710 2383 3770 bricius,
2416 3708 2499 3762 vir
2527 3718 2721 3764 caetera
2747 3708 2999 3778 diligens,
3046 3708 3098 3761 in
3137 3724 3236 3762 suo
3280 3706 3561 3778 Spicilcgio
3601 3724 3695 3760 san-

2156 3812 2356 3856 ctorum
2393 3800 2620 3854 Patrum
2661 3801 2842 3854 surculi
2881 3815 2962 3866 ιιι,
3003 3799 3238 3869 Operum
3277 3799 3690 3870 llippolyteorum

2157 3895 2364 3948 adnexo
2398 3912 2410 3947 :
2440 3902 2495 3947 at
2520 3893 2640 3947 illas
2661 3895 2792 3948 scite
2818 3893 3047 3947 intexuit
3077 3893 3300 3962 reliquis
3327 3892 3550 3946 editoris
3581 3890 3694 3944 notis

2157 3985 2504 4039 doctmsimus
2541 3993 2730 4037 auctor
2761 3982 3122 4052 Supplementi
3151 3983 3219 4035 ad
3245 3983 3477 4036 concilia
3521 3980 3697 4034 Veneto-

2159 4075 2438 4129 Labheana
2468 4075 2565 4144 (ά).
2595 4073 2867 4128 Praeterea
2920 4074 3280 4144 fragmentum
3332 4071 3697 4144 Disputationis

2158 4169 2406 4224 Archelai
2435 4184 2499 4223 ex
2531 4168 2714 4239 Cyrilli
2745 4167 3215 4239 Hierosolymitani
3250 4167 3525 4222 catccbesi
3549 4180 3597 4218 γι
3621 4163 3696 4217 de-

2159 4269 2434 4330 suniptum
2479 4268 2640 4328 atque
2669 4260 2856 4314 iisdem
2897 4259 3046 4314 Actis
3091 4261 3194 4315 sub
3227 4259 3389 4314 finem
3432 4257 3696 4328 adjectum,

2161 4352 2490 4408 contulimus
2521 4367 2644 4406 cum
2693 4354 2989 4409 novissima
3017 4353 3250 4407 editione
3282 4351 3575 4406 Parisiensi
3610 4346 3694 4402 BB.

489 4442 568 4497 cis
593 4442 758 4511 loqui,
783 4457 923 4511 quos
957 4453 1136 4496 tamen
1165 4442 1800 4513 disceptationisjudices
1828 4445 2052 4510 habeat;
2087 4437 2133 4494 D
2161 4443 2475 4516 Cyrilliana,
2507 4446 2922 4516 versionemque
2953 4447 3346 4509 recensuiinus,
3379 4453 3433 4500 et
3462 4446 3532 4500 cl.
3560 4443 3700 4498 edito-

493 4533 827 4602 alﬁrmctque
877 4549 933 4588 se
975 4550 1038 4588 ea
1093 4535 1346 4604 mysteria
1401 4535 1692 4603 explicare,
1747 4535 1814 4590 de
1860 4537 2060 4605 quibus

491 4625 720 4692 quaestio
761 4626 908 4678 nulla
954 4637 1104 4680 erat.
1125 4627 1258 4686 Cum
1310 4627 1492 4695 itaque
1529 4628 1714 4693 verba,
1766 4625 1939 4681 ταῦτα
1990 4629 2058 4680 τὰ

495 4717 788 4787 μυστήρια,
817 4717 1116 4773 certissime
1151 4723 1260 4774 sint
1293 4719 1499 4791 Cyrilli,
1535 4736 1707 4790 eaque
1741 4737 1860 4774 cum
1894 4737 2056 4790 supe-

408 4883 412 4888 _
493 4807 731 4863 riorihus
775 4811 1080 4864 necessaria
1132 4814 1470 4866 connexione
1511 4813 1921 4874 devinciantur;
1967 4829 2058 4867 nc-

491 4898 734 4954 cessario
762 4901 1102 4969 parenthesis
1135 4903 1347 4956 initium
1372 4907 1434 4956 -in
1473 4905 1576 4958 hoc
1611 4904 1731 4959 loco
1765 4903 2052 4959 collocavi-

547 5078 640 5150 ¹(ιι)
674 5077 936 5142 Travasa,
975 5077 1123 5134 Stor.
1147 5083 1270 5135 crit.
1296 5082 1428 5136 delle
1452 5085 1552 5137 vite
1581 5084 1718 5150 dein
1739 5101 1894 5149 eres.,
1923 5093 1958 5137 t.
1989 5084 2050 5144 V,

481 5165 614 5217 pag.
651 5150 757 5203 9J5
789 5160 842 5204 ct
878 5165 1029 5216 seqq.

565 5219 642 5288 (ὁ)
679 5219 924 5286 Touttée,
959 5219 1093 5289 Opp.
1141 5219 1198 5274 S.
1235 5220 1420 5292 Cyrilli
1467 5219 1700 5290 llieros.,
1752 5239 1875 5294 pag.
1931 5223 2052 5286 105,

480 5297 606 5346 ηοξ.
632 5297 732 5363 tr}.
1573 5319 1576 5326 ι

2164 4538 2240 4591 ris
2271 4549 2427 4591 notas
2456 4538 2809 4606 subjecimus.
2860 4539 3157 4595 Nonnullae
3205 4539 3440 4609 denique
3471 4538 3699 4591 observa-

2162 4629 2358 4694 tiones,
2385 4633 2451 4684 ad
2483 4631 2739 4684 Actorum
2765 4639 2968 4684 textum
2999 4631 3339 4700 potissimum
3369 4631 3694 4701 pertinentes.

2162 4731 2321 4790 prout
2353 4737 2412 4776 se
2455 4723 2578 4776 tulit
2620 4722 2858 4788 occasio,
2893 4723 3234 4786 addidimus;
3277 4737 3340 4776 ea
3384 4721 3596 4792 quidem
3625 4731 3696 4770 ra-

2163 4811 2308 4864 tione
2342 4826 2504 4879 quam
2551 4812 2604 4864 in
2637 4811 2758 4865 aliis
2803 4822 3043 4865 veterum
3094 4809 3314 4864 Patrum
3359 4803 3696 4864 monumentis

2164 4901 2425 4956 hactenus
2457 4902 2722 4972 evulgatis
2757 4902 2958 4972 passim
2990 4903 3247 4957 adhibere
3279 4900 3663 4956 consuevimus.

2256 5079 2302 5146 ι’)
2337 5077 2593 5148 Zacagn..
2621 5077 2838 5132 Collect.
2869 5093 3098 5131 manum.
3132 5089 3255 5143 ret.,
3291 5085 3421 5131 tom.
3451 5074 3487 5140 l,
3512 5089 3562 5144 p.
3588 5067 3686 5148 799;

2256 5080 2302 5146 ι’)
2337 5080 2593 5148 Zacagn..
2621 5080 2838 5132 Collect.
2869 5093 3098 5131 manum.
3132 5089 3255 5143 ret.,
3291 5085 3421 5131 tom.
3451 5080 3487 5140 l,
3512 5089 3562 5144 p.
3588 5080 3686 5124 7w.

2231 5080 2310 5222 id)
2342 5149 2534 5218 Mansi,
2562 5149 2826 5220 Supplem.
2866 5149 2934 5201 ad
2966 5147 3178 5212 concil.,
3216 5159 3349 5204 tom.
3379 5149 3420 5214 1,
3440 5161 3586 5218 pagg.
3608 5142 3688 5196 tts

2165 5237 2316 5292 seqq.
