  <div class='ocr_page' id='page_1' title='image "/cluster/home/n/w/nwhite01/storage/ocr_20150623/10/hvd.32044073501348/726.png"; bbox 0 0 3982 6346; ppageno 0'>
   <div class='ocr_carea' id='block_1_1' title="bbox 315 376 3553 473">
    <p class='ocr_par' dir='ltr' id='par_1_1' title="bbox 315 376 3553 473">
     <span class='ocr_line' id='line_1_1' title="bbox 315 376 3553 473; baseline 0.012 -41"><span class='ocrx_word' id='word_1_1' title='bbox 315 376 448 434; x_wconf 57' lang='grc' dir='ltr'>ιλιι</span> <span class='ocrx_word' id='word_1_2' title='bbox 533 453 536 460; x_wconf 32' lang='grc' dir='ltr'><strong>Ι</strong></span> <span class='ocrx_word' id='word_1_3' title='bbox 1504 392 1833 451; x_wconf 71' lang='lat' dir='ltr'><strong>VETERUM</strong></span> <span class='ocrx_word' id='word_1_4' title='bbox 1873 397 2314 456; x_wconf 70' lang='lat' dir='ltr'><strong>TESTIMONIA.</strong></span> <span class='ocrx_word' id='word_1_5' title='bbox 3415 417 3553 473; x_wconf 60' lang='lat'><strong>132%</strong></span> 
     </span>
    </p>
   </div>
   <div class='ocr_carea' id='block_1_2' title="bbox 317 600 3538 655">
    <p class='ocr_par' dir='ltr' id='par_1_2' title="bbox 317 600 3538 655">
     <span class='ocr_line' id='line_1_2' title="bbox 317 600 3538 655; baseline 0.007 -37"><span class='ocrx_word' id='word_1_6' title='bbox 317 600 3538 655; x_wconf 76' lang='lat'><strong>—____________________________________</strong></span> 
     </span>
    </p>
   </div>
   <div class='ocr_carea' id='block_1_3' title="bbox 1219 773 2615 877">
    <p class='ocr_par' dir='ltr' id='par_1_3' title="bbox 1219 773 2615 877">
     <span class='ocr_line' id='line_1_3' title="bbox 1219 773 2615 877; baseline 0.01 -15"><span class='ocrx_word' id='word_1_7' title='bbox 1219 773 1529 863; x_wconf 84' lang='lat' dir='ltr'><strong>VETE</strong></span> <span class='ocrx_word' id='word_1_8' title='bbox 1554 778 1794 866; x_wconf 79' lang='lat' dir='ltr'><strong>RUM</strong></span> <span class='ocrx_word' id='word_1_9' title='bbox 1874 781 2615 877; x_wconf 87' lang='lat' dir='ltr'><strong>TESTIMONIA</strong></span> 
     </span>
    </p>
   </div>
   <div class='ocr_carea' id='block_1_4' title="bbox 665 954 3194 1041">
    <p class='ocr_par' dir='ltr' id='par_1_4' title="bbox 665 954 3194 1041">
     <span class='ocr_line' id='line_1_4' title="bbox 665 954 3194 1041; baseline 0.012 -31"><span class='ocrx_word' id='word_1_10' title='bbox 665 954 753 1010; x_wconf 85' lang='lat' dir='ltr'><strong>DE</strong></span> <span class='ocrx_word' id='word_1_11' title='bbox 786 956 844 1014; x_wconf 85' lang='lat' dir='ltr'><strong>S.</strong></span> <span class='ocrx_word' id='word_1_12' title='bbox 885 957 1232 1016; x_wconf 79' lang='lat' dir='ltr'><strong>ARCHELAI</strong></span> <span class='ocrx_word' id='word_1_13' title='bbox 1271 962 1578 1020; x_wconf 82' lang='lat' dir='ltr'><strong>EPISCOPI</strong></span> <span class='ocrx_word' id='word_1_14' title='bbox 1613 966 2119 1026; x_wconf 84' lang='lat' dir='ltr'><strong>DlSPUTAT&#39;lONE</strong></span> <span class='ocrx_word' id='word_1_15' title='bbox 2154 972 2299 1029; x_wconf 86' lang='lat' dir='ltr'><strong>CUM</strong></span> <span class='ocrx_word' id='word_1_16' title='bbox 2337 974 2620 1033; x_wconf 83' lang='lat' dir='ltr'><strong>MANETE</strong></span> <span class='ocrx_word' id='word_1_17' title='bbox 2660 977 3194 1041; x_wconf 64' lang='lat' dir='ltr'><strong>HERESIARCHA.</strong></span> 
     </span>
    </p>
   </div>
   <div class='ocr_carea' id='block_1_5' title="bbox 1894 1155 1963 1164">
    <p class='ocr_par' dir='ltr' id='par_1_5' title="bbox 1894 1155 1963 1164">
     <span class='ocr_line' id='line_1_5' title="bbox 1894 1155 1963 1164; baseline -0.014 0"><span class='ocrx_word' id='word_1_18' title='bbox 1894 1155 1963 1164; x_wconf 68' lang='grc' dir='ltr'><strong>σι.-</strong></span> 
     </span>
    </p>
   </div>
   <div class='ocr_carea' id='block_1_6' title="bbox 1898 1274 1942 1329">
    <p class='ocr_par' dir='ltr' id='par_1_6' title="bbox 1898 1274 1942 1329">
     <span class='ocr_line' id='line_1_6' title="bbox 1898 1274 1942 1329; baseline 0.045 -2"><span class='ocrx_word' id='word_1_19' title='bbox 1898 1274 1942 1329; x_wconf 87' lang='grc' dir='ltr'><strong>Ι.</strong></span> 
     </span>
    </p>
   </div>
   <div class='ocr_carea' id='block_1_7' title="bbox 733 1357 3189 1445">
    <p class='ocr_par' dir='ltr' id='par_1_7' title="bbox 733 1357 3189 1445">
     <span class='ocr_line' id='line_1_7' title="bbox 733 1357 3189 1445; baseline 0.013 -34"><span class='ocrx_word' id='word_1_20' title='bbox 733 1399 746 1413; x_wconf 96' lang='grc'>.</span> <span class='ocrx_word' id='word_1_21' title='bbox 775 1357 1008 1429; x_wconf 81' lang='lat' dir='ltr'><strong>Cyrillus</strong></span> <span class='ocrx_word' id='word_1_22' title='bbox 1045 1360 1580 1432; x_wconf 79' lang='lat' dir='ltr'><strong>Hierosolymitanus,</strong></span> <span class='ocrx_word' id='word_1_23' title='bbox 1615 1367 1880 1426; x_wconf 76' lang='lat' dir='ltr'><strong>Caice/res.</strong></span> <span class='ocrx_word' id='word_1_24' title='bbox 1908 1389 1980 1440; x_wconf 76' lang='lat' dir='ltr'><strong>vi,</strong></span> <span class='ocrx_word' id='word_1_25' title='bbox 2014 1373 2040 1445; x_wconf 88' lang='lat'><strong>§</strong></span> <span class='ocrx_word' id='word_1_26' title='bbox 2071 1374 2164 1440; x_wconf 79' lang='lat'><strong>‘27,</strong></span> <span class='ocrx_word' id='word_1_27' title='bbox 2196 1391 2315 1445; x_wconf 80' lang='lat' dir='ltr'><strong>pag.</strong></span> <span class='ocrx_word' id='word_1_28' title='bbox 2352 1377 2472 1438; x_wconf 78' lang='grc'><strong>104.</strong></span> <span class='ocrx_word' id='word_1_29' title='bbox 2493 1380 2620 1434; x_wconf 85' lang='lat' dir='ltr'><strong>edit.</strong></span> <span class='ocrx_word' id='word_1_30' title='bbox 2666 1381 2780 1438; x_wconf 87' lang='grc' dir='ltr'><strong>ΒΒ.</strong></span> <span class='ocrx_word' id='word_1_31' title='bbox 2825 1383 3003 1440; x_wconf 82' lang='lat' dir='ltr'><strong>Paris.</strong></span> <span class='ocrx_word' id='word_1_32' title='bbox 3034 1387 3189 1443; x_wconf 72' lang='lat' dir='ltr'><strong>I720.</strong></span> 
     </span>
    </p>
   </div>
   <div class='ocr_carea' id='block_1_8' title="bbox 378 1470 1950 1573">
    <p class='ocr_par' dir='ltr' id='par_1_8' title="bbox 378 1470 1938 1555">
     <span class='ocr_line' id='line_1_8' title="bbox 378 1470 1938 1555; baseline 0.012 -32"><span class='ocrx_word' id='word_1_33' title='bbox 378 1470 568 1540; x_wconf 78' lang='grc' dir='ltr'>Φεύγει</span> <span class='ocrx_word' id='word_1_34' title='bbox 605 1472 669 1525; x_wconf 85' lang='grc' dir='ltr'><strong>ἐκ</strong></span> <span class='ocrx_word' id='word_1_35' title='bbox 713 1474 810 1546; x_wconf 84' lang='grc' dir='ltr'>τῆς</span> <span class='ocrx_word' id='word_1_36' title='bbox 841 1476 1082 1549; x_wconf 77' lang='grc' dir='ltr'><strong>φυλακῆς</strong></span> <span class='ocrx_word' id='word_1_37' title='bbox 1118 1479 1347 1552; x_wconf 81' lang='grc' dir='ltr'>(Μάνης)</span> <span class='ocrx_word' id='word_1_38' title='bbox 1393 1483 1485 1535; x_wconf 76' lang='grc' dir='ltr'>καὶ</span> <span class='ocrx_word' id='word_1_39' title='bbox 1525 1483 1741 1555; x_wconf 82' lang='grc' dir='ltr'>ἔρχεται</span> <span class='ocrx_word' id='word_1_40' title='bbox 1787 1490 1868 1552; x_wconf 89' lang='grc' dir='ltr'><strong>είς</strong></span> <span class='ocrx_word' id='word_1_41' title='bbox 1899 1502 1938 1552; x_wconf 79' lang='grc' dir='ltr'>Α</span> 
     </span>
    </p>
   </div>
   <div class='ocr_carea' id='block_1_9' title="bbox 1969 1470 3541 1573">
    <p class='ocr_par' dir='ltr' id='par_1_9' title="bbox 2038 1489 3541 1573">
     <span class='ocr_line' id='line_1_9' title="bbox 2038 1489 3541 1573; baseline 0.013 -30"><span class='ocrx_word' id='word_1_42' title='bbox 2038 1489 2200 1561; x_wconf 81' lang='lat' dir='ltr'><strong>Fugit</strong></span> <span class='ocrx_word' id='word_1_43' title='bbox 2233 1507 2262 1546; x_wconf 90' lang='lat' dir='ltr'><strong>e</strong></span> <span class='ocrx_word' id='word_1_44' title='bbox 2291 1507 2508 1548; x_wconf 84' lang='lat' dir='ltr'><strong>carcere</strong></span> <span class='ocrx_word' id='word_1_45' title='bbox 2536 1494 2769 1573; x_wconf 81' lang='lat' dir='ltr'><strong>(Manes)</strong></span> <span class='ocrx_word' id='word_1_46' title='bbox 2799 1508 2852 1552; x_wconf 90' lang='lat' dir='ltr'><strong>et</strong></span> <span class='ocrx_word' id='word_1_47' title='bbox 2883 1500 2935 1554; x_wconf 91' lang='lat' dir='ltr'><strong>in</strong></span> <span class='ocrx_word' id='word_1_48' title='bbox 2962 1499 3401 1573; x_wconf 64' lang='lat' dir='ltr'><strong>Mesoriotamiam</strong></span> <span class='ocrx_word' id='word_1_49' title='bbox 3447 1527 3541 1568; x_wconf 85' lang='lat' dir='ltr'><strong>ve-</strong></span> 
     </span>
    </p>
   </div>
   <div class='ocr_carea' id='block_1_10' title="bbox 305 1561 1877 1664">
    <p class='ocr_par' dir='ltr' id='par_1_10' title="bbox 305 1561 1875 1641">
     <span class='ocr_line' id='line_1_10' title="bbox 305 1561 1875 1641; baseline 0.011 -28"><span class='ocrx_word' id='word_1_50' title='bbox 305 1561 404 1633; x_wconf 82' lang='grc' dir='ltr'>τὴν</span> <span class='ocrx_word' id='word_1_51' title='bbox 437 1564 854 1635; x_wconf 79' lang='grc' dir='ltr'><strong>Μεσοποταμίαν</strong></span> <span class='ocrx_word' id='word_1_52' title='bbox 873 1583 885 1595; x_wconf 88' lang='grc'><strong>·</strong></span> <span class='ocrx_word' id='word_1_53' title='bbox 913 1565 1025 1619; x_wconf 76' lang='grc' dir='ltr'>ἀλλ’</span> <span class='ocrx_word' id='word_1_54' title='bbox 1056 1569 1268 1639; x_wconf 82' lang='grc' dir='ltr'><strong>ἀπαντᾷ</strong></span> <span class='ocrx_word' id='word_1_55' title='bbox 1304 1570 1451 1641; x_wconf 81' lang='grc' dir='ltr'>αὐτῷ</span> <span class='ocrx_word' id='word_1_56' title='bbox 1481 1573 1641 1626; x_wconf 80' lang='grc' dir='ltr'>ὅπλον</span> <span class='ocrx_word' id='word_1_57' title='bbox 1667 1574 1875 1629; x_wconf 88' lang='grc' dir='ltr'>δικαιο-</span> 
     </span>
    </p>
   </div>
   <div class='ocr_carea' id='block_1_11' title="bbox 1972 1561 3544 1664">
    <p class='ocr_par' dir='ltr' id='par_1_11' title="bbox 1979 1561 3544 1664">
     <span class='ocr_line' id='line_1_11' title="bbox 1979 1561 3544 1664; baseline 0.015 -30"><span class='ocrx_word' id='word_1_58' title='bbox 1979 1582 2058 1636; x_wconf 88' lang='lat' dir='ltr'><strong>nit</strong></span> <span class='ocrx_word' id='word_1_59' title='bbox 2088 1599 2102 1636; x_wconf 90' lang='lat'><strong>:</strong></span> <span class='ocrx_word' id='word_1_60' title='bbox 2136 1597 2325 1636; x_wconf 88' lang='lat' dir='ltr'><strong>verum</strong></span> <span class='ocrx_word' id='word_1_61' title='bbox 2349 1561 2558 1640; x_wconf 85' lang='lat' dir='ltr'><strong>obstitit</strong></span> <span class='ocrx_word' id='word_1_62' title='bbox 2605 1588 2652 1642; x_wconf 91' lang='lat' dir='ltr'><strong>ei</strong></span> <span class='ocrx_word' id='word_1_63' title='bbox 2699 1599 2912 1644; x_wconf 87' lang='lat' dir='ltr'><strong>scutum</strong></span> <span class='ocrx_word' id='word_1_64' title='bbox 2945 1561 3172 1661; x_wconf 72' lang='lat' dir='ltr'><strong>justitite</strong></span> <span class='ocrx_word' id='word_1_65' title='bbox 3193 1637 3208 1664; x_wconf 89' lang='lat'><strong>,</strong></span> <span class='ocrx_word' id='word_1_66' title='bbox 3243 1596 3544 1658; x_wconf 85' lang='lat' dir='ltr'><strong>Archelaus</strong></span> 
     </span>
    </p>
   </div>
   <div class='ocr_carea' id='block_1_12' title="bbox 308 1652 1880 1754">
    <p class='ocr_par' dir='ltr' id='par_1_12' title="bbox 308 1652 1880 1740">
     <span class='ocr_line' id='line_1_12' title="bbox 308 1652 1880 1740; baseline 0.01 -35"><span class='ocrx_word' id='word_1_67' title='bbox 308 1652 562 1726; x_wconf 65' lang='grc' dir='ltr'>σύνηςμ)</span> <span class='ocrx_word' id='word_1_68' title='bbox 581 1657 862 1728; x_wconf 81' lang='grc' dir='ltr'>Ἀρχέλαος</span> <span class='ocrx_word' id='word_1_69' title='bbox 880 1660 1192 1724; x_wconf 84' lang='grc' dir='ltr'>ἐπίσκοπος,</span> <span class='ocrx_word' id='word_1_70' title='bbox 1215 1663 1306 1715; x_wconf 75' lang='grc' dir='ltr'><strong>καὶ</strong></span> <span class='ocrx_word' id='word_1_71' title='bbox 1329 1664 1418 1715; x_wconf 75' lang='grc' dir='ltr'><strong>ἐπὶ</strong></span> <span class='ocrx_word' id='word_1_72' title='bbox 1441 1664 1738 1735; x_wconf 71' lang='grc' dir='ltr'>φιλοσόφων</span> <span class='ocrx_word' id='word_1_73' title='bbox 1767 1685 1880 1740; x_wconf 88' lang='grc' dir='ltr'>κρι-</span> 
     </span>
    </p>
   </div>
   <div class='ocr_carea' id='block_1_13' title="bbox 1973 1652 3545 1754">
    <p class='ocr_par' dir='ltr' id='par_1_13' title="bbox 1977 1674 3545 1754">
     <span class='ocr_line' id='line_1_13' title="bbox 1977 1674 3545 1754; baseline 0.015 -28"><span class='ocrx_word' id='word_1_74' title='bbox 1977 1674 2283 1743; x_wconf 83' lang='lat' dir='ltr'><strong>episcopus,</strong></span> <span class='ocrx_word' id='word_1_75' title='bbox 2321 1691 2554 1746; x_wconf 91' lang='lat' dir='ltr'><strong>eumque</strong></span> <span class='ocrx_word' id='word_1_76' title='bbox 2583 1694 2765 1733; x_wconf 89' lang='lat' dir='ltr'><strong>coram</strong></span> <span class='ocrx_word' id='word_1_77' title='bbox 2799 1682 3139 1754; x_wconf 82' lang='lat' dir='ltr'><strong>phil050phis</strong></span> <span class='ocrx_word' id='word_1_78' title='bbox 3159 1687 3434 1749; x_wconf 81' lang='lat' dir='ltr'><strong>iudicibus</strong></span> <span class='ocrx_word' id='word_1_79' title='bbox 3464 1707 3545 1748; x_wconf 84' lang='lat' dir='ltr'><strong>re-</strong></span> 
     </span>
    </p>
   </div>
   <div class='ocr_carea' id='block_1_14' title="bbox 305 1745 1877 1842">
    <p class='ocr_par' dir='ltr' id='par_1_14' title="bbox 305 1745 1876 1829">
     <span class='ocr_line' id='line_1_14' title="bbox 305 1745 1876 1829; baseline 0.01 -32"><span class='ocrx_word' id='word_1_80' title='bbox 305 1745 415 1798; x_wconf 86' lang='grc' dir='ltr'><strong>τῶν</strong></span> <span class='ocrx_word' id='word_1_81' title='bbox 451 1747 688 1817; x_wconf 78' lang='grc' dir='ltr'>ἐλέγξας,</span> <span class='ocrx_word' id='word_1_82' title='bbox 725 1751 1082 1822; x_wconf 71' lang='grc' dir='ltr'><strong>ἀκροατήριον</strong></span> <span class='ocrx_word' id='word_1_83' title='bbox 1118 1753 1424 1825; x_wconf 84' lang='grc' dir='ltr'>Ἑλληνικὸν</span> <span class='ocrx_word' id='word_1_84' title='bbox 1450 1758 1876 1829; x_wconf 79' lang='grc' dir='ltr'>συστησάμενος,</span> 
     </span>
    </p>
   </div>
   <div class='ocr_carea' id='block_1_15' title="bbox 1973 1745 3545 1842">
    <p class='ocr_par' dir='ltr' id='par_1_15' title="bbox 1979 1745 3545 1842">
     <span class='ocr_line' id='line_1_15' title="bbox 1979 1745 3545 1842; baseline 0.014 -26"><span class='ocrx_word' id='word_1_85' title='bbox 1979 1765 2344 1832; x_wconf 88' lang='lat' dir='ltr'><strong>prehendens,</strong></span> <span class='ocrx_word' id='word_1_86' title='bbox 2369 1768 2595 1823; x_wconf 84' lang='lat' dir='ltr'><strong>collecto</strong></span> <span class='ocrx_word' id='word_1_87' title='bbox 2618 1745 2894 1838; x_wconf 72' lang='lat' dir='ltr'><strong>gentilium</strong></span> <span class='ocrx_word' id='word_1_88' title='bbox 2922 1745 3214 1842; x_wconf 78' lang='lat' dir='ltr'><strong>auditorio,</strong></span> <span class='ocrx_word' id='word_1_89' title='bbox 3236 1795 3303 1836; x_wconf 89' lang='lat' dir='ltr'><strong>ne</strong></span> <span class='ocrx_word' id='word_1_90' title='bbox 3322 1783 3366 1835; x_wconf 92' lang='lat' dir='ltr'><strong>si</strong></span> <span class='ocrx_word' id='word_1_91' title='bbox 3393 1781 3545 1838; x_wconf 84' lang='lat' dir='ltr'><strong>Chri-</strong></span> 
     </span>
    </p>
   </div>
   <div class='ocr_carea' id='block_1_16' title="bbox 308 1836 1880 1945">
    <p class='ocr_par' dir='ltr' id='par_1_16' title="bbox 308 1836 1870 1945">
     <span class='ocr_line' id='line_1_16' title="bbox 308 1836 1870 1921; baseline 0.012 -33"><span class='ocrx_word' id='word_1_92' title='bbox 308 1836 391 1889; x_wconf 78' lang='grc' dir='ltr'><strong>ἵνα</strong></span> <span class='ocrx_word' id='word_1_93' title='bbox 427 1837 501 1909; x_wconf 80' lang='grc' dir='ltr'><strong>μὴ</strong></span> <span class='ocrx_word' id='word_1_94' title='bbox 535 1841 871 1911; x_wconf 78' lang='grc' dir='ltr'>Χριστιανῶν</span> <span class='ocrx_word' id='word_1_95' title='bbox 909 1845 1198 1915; x_wconf 82' lang='grc' dir='ltr'>κρινόντων</span> <span class='ocrx_word' id='word_1_96' title='bbox 1229 1846 1457 1902; x_wconf 84' lang='grc' dir='ltr'>δοκῶσιν</span> <span class='ocrx_word' id='word_1_97' title='bbox 1484 1852 1531 1902; x_wconf 82' lang='grc' dir='ltr'>οἱ</span> <span class='ocrx_word' id='word_1_98' title='bbox 1560 1852 1744 1921; x_wconf 79' lang='grc' dir='ltr'>κριταὶ</span> <span class='ocrx_word' id='word_1_99' title='bbox 1768 1868 1870 1921; x_wconf 84' lang='grc' dir='ltr'>χα-</span> 
     </span>
     <span class='ocr_line' id='line_1_17' title="bbox 348 1928 1535 1945; baseline 0 -1"><span class='ocrx_word' id='word_1_100' title='bbox 348 1928 395 1945; x_wconf 72' lang='lat'><strong>..</strong></span> <span class='ocrx_word' id='word_1_101' title='bbox 463 1931 487 1945; x_wconf 62' lang='grc' dir='ltr'><strong><em>η</em></strong></span> <span class='ocrx_word' id='word_1_102' title='bbox 627 1933 638 1945; x_wconf 91' lang='grc'>.</span> <span class='ocrx_word' id='word_1_103' title='bbox 671 1932 681 1945; x_wconf 92' lang='grc'>.</span> <span class='ocrx_word' id='word_1_104' title='bbox 914 1938 925 1945; x_wconf 88' lang='grc'>.</span> <span class='ocrx_word' id='word_1_105' title='bbox 1013 1937 1054 1945; x_wconf 85' lang='grc'><strong>.,</strong></span> <span class='ocrx_word' id='word_1_106' title='bbox 1160 1937 1191 1945; x_wconf 72' lang='grc'>..</span> <span class='ocrx_word' id='word_1_107' title='bbox 1523 1941 1535 1945; x_wconf 87' lang='lat'>_</span> 
     </span>
    </p>
   </div>
   <div class='ocr_carea' id='block_1_17' title="bbox 1974 1836 3546 1945">
    <p class='ocr_par' dir='ltr' id='par_1_17' title="bbox 1980 1856 3546 1945">
     <span class='ocr_line' id='line_1_18' title="bbox 1980 1856 3546 1945; baseline 0.014 -37"><span class='ocrx_word' id='word_1_108' title='bbox 1980 1856 2140 1910; x_wconf 86' lang='lat' dir='ltr'><strong>stiani</strong></span> <span class='ocrx_word' id='word_1_109' title='bbox 2174 1857 2384 1926; x_wconf 89' lang='lat' dir='ltr'><strong>judiees</strong></span> <span class='ocrx_word' id='word_1_110' title='bbox 2413 1869 2623 1923; x_wconf 79' lang='lat' dir='ltr'><strong>essent,</strong></span> <span class='ocrx_word' id='word_1_111' title='bbox 2660 1863 2974 1920; x_wconf 76' lang='lat' dir='ltr'><strong>viderentur</strong></span> <span class='ocrx_word' id='word_1_112' title='bbox 3014 1866 3246 1936; x_wconf 78' lang='lat' dir='ltr'><strong>favisse,</strong></span> <span class='ocrx_word' id='word_1_113' title='bbox 3280 1873 3391 1943; x_wconf 84' lang='lat' dir='ltr'><strong>Age</strong></span> <span class='ocrx_word' id='word_1_114' title='bbox 3422 1889 3546 1945; x_wconf 85' lang='lat' dir='ltr'><strong>pro-</strong></span> 
     </span>
    </p>
   </div>
   <div class='ocr_carea' id='block_1_18' title="bbox 308 1928 1880 2020">
    <p class='ocr_par' dir='ltr' id='par_1_18' title="bbox 308 1928 1572 2007">
     <span class='ocr_line' id='line_1_19' title="bbox 308 1928 1572 2007; baseline 0.009 -26"><span class='ocrx_word' id='word_1_115' title='bbox 308 1928 583 2000; x_wconf 75' lang='grc' dir='ltr'><strong>ρίζεσθαι⁸</strong></span> <span class='ocrx_word' id='word_1_116' title='bbox 611 1932 770 2001; x_wconf 77' lang='grc' dir='ltr'>Λέγε,</span> <span class='ocrx_word' id='word_1_117' title='bbox 807 1938 968 2006; x_wconf 74' lang='grc' dir='ltr'>φησὶν</span> <span class='ocrx_word' id='word_1_118' title='bbox 1013 1937 1322 2007; x_wconf 85' lang='grc' dir='ltr'>Ἀρχέλαος,</span> <span class='ocrx_word' id='word_1_119' title='bbox 1359 1957 1412 1992; x_wconf 89' lang='grc' dir='ltr'>κ.</span> <span class='ocrx_word' id='word_1_120' title='bbox 1443 1958 1491 1993; x_wconf 83' lang='grc' dir='ltr'><strong>τ.</strong></span> <span class='ocrx_word' id='word_1_121' title='bbox 1523 1941 1572 1992; x_wconf 90' lang='grc' dir='ltr'><strong>λ.</strong></span> 
     </span>
    </p>
   </div>
   <div class='ocr_carea' id='block_1_19' title="bbox 1123 1928 2695 2020">
    <p class='ocr_par' dir='ltr' id='par_1_19' title="bbox 1123 1937 2695 2020">
     <span class='ocr_line' id='line_1_20' title="bbox 1123 1937 2695 2020; baseline 0.011 -31"><span class='ocrx_word' id='word_1_122' title='bbox 1123 1937 1322 2006; x_wconf 69' lang='grc' dir='ltr'>(ἐλαος,</span> <span class='ocrx_word' id='word_1_123' title='bbox 1359 1957 1412 1992; x_wconf 87' lang='grc' dir='ltr'>κ.</span> <span class='ocrx_word' id='word_1_124' title='bbox 1443 1958 1491 1993; x_wconf 84' lang='grc' dir='ltr'><strong>τ.</strong></span> <span class='ocrx_word' id='word_1_125' title='bbox 1523 1941 1572 1992; x_wconf 91' lang='grc' dir='ltr'><strong>λ.</strong></span> <span class='ocrx_word' id='word_1_126' title='bbox 1980 1944 2080 2012; x_wconf 81' lang='lat' dir='ltr'><strong>fer,</strong></span> <span class='ocrx_word' id='word_1_127' title='bbox 2117 1948 2190 2002; x_wconf 89' lang='lat' dir='ltr'><strong>ait</strong></span> <span class='ocrx_word' id='word_1_128' title='bbox 2212 1949 2528 2016; x_wconf 77' lang='lat' dir='ltr'><strong>Archelaus,</strong></span> <span class='ocrx_word' id='word_1_129' title='bbox 2569 1961 2695 2020; x_wconf 90' lang='lat' dir='ltr'><strong>etc.,</strong></span> 
     </span>
    </p>
   </div>
   <div class='ocr_carea' id='block_1_20' title="bbox 830 2050 2985 2137">
    <p class='ocr_par' dir='ltr' id='par_1_20' title="bbox 830 2050 2985 2137">
     <span class='ocr_line' id='line_1_21' title="bbox 830 2050 2985 2137; baseline 0.009 -35"><span class='ocrx_word' id='word_1_130' title='bbox 830 2058 887 2102; x_wconf 88' lang='lat' dir='ltr'><strong>ut</strong></span> <span class='ocrx_word' id='word_1_131' title='bbox 934 2050 1077 2120; x_wconf 77' lang='lat' dir='ltr'><strong>infra</strong></span> <span class='ocrx_word' id='word_1_132' title='bbox 1108 2051 1176 2103; x_wconf 85' lang='lat' dir='ltr'><strong>ad</strong></span> <span class='ocrx_word' id='word_1_133' title='bbox 1221 2051 1414 2106; x_wconf 82' lang='lat' dir='ltr'><strong>calcem</strong></span> <span class='ocrx_word' id='word_1_134' title='bbox 1441 2053 1849 2122; x_wconf 81' lang='lat' dir='ltr'><strong>disputationis;</strong></span> <span class='ocrx_word' id='word_1_135' title='bbox 1879 2057 2065 2124; x_wconf 79' lang='lat' dir='ltr'><strong>quibus</strong></span> <span class='ocrx_word' id='word_1_136' title='bbox 2091 2059 2371 2124; x_wconf 80' lang='lat' dir='ltr'><strong>absolutis,</strong></span> <span class='ocrx_word' id='word_1_137' title='bbox 2392 2063 2576 2116; x_wconf 82' lang='lat' dir='ltr'><strong>statim</strong></span> <span class='ocrx_word' id='word_1_138' title='bbox 2604 2065 2781 2119; x_wconf 79' lang='lat' dir='ltr'><strong>subdit</strong></span> <span class='ocrx_word' id='word_1_139' title='bbox 2813 2064 2840 2137; x_wconf 86' lang='lat'><strong>§</strong></span> <span class='ocrx_word' id='word_1_140' title='bbox 2870 2066 2938 2121; x_wconf 79' lang='lat'><strong>50</strong></span> <span class='ocrx_word' id='word_1_141' title='bbox 2973 2087 2985 2121; x_wconf 88' lang='lat'>:</span> 
     </span>
    </p>
   </div>
   <div class='ocr_carea' id='block_1_21' title="bbox 371 2161 1943 2250">
    <p class='ocr_par' dir='ltr' id='par_1_21' title="bbox 371 2161 1867 2244">
     <span class='ocr_line' id='line_1_22' title="bbox 371 2161 1867 2244; baseline 0.009 -30"><span class='ocrx_word' id='word_1_142' title='bbox 371 2161 642 2226; x_wconf 82' lang='grc' dir='ltr'>Τοιούτοις</span> <span class='ocrx_word' id='word_1_143' title='bbox 673 2164 767 2217; x_wconf 74' lang='grc' dir='ltr'><strong>καὶ</strong></span> <span class='ocrx_word' id='word_1_144' title='bbox 805 2166 981 2230; x_wconf 82' lang='grc' dir='ltr'>ἄλλοις</span> <span class='ocrx_word' id='word_1_145' title='bbox 1023 2167 1262 2223; x_wconf 79' lang='grc' dir='ltr'>πλείοσιν</span> <span class='ocrx_word' id='word_1_146' title='bbox 1296 2171 1622 2241; x_wconf 83' lang='grc' dir='ltr'>ἀνετρέπετο</span> <span class='ocrx_word' id='word_1_147' title='bbox 1660 2173 1688 2224; x_wconf 85' lang='grc' dir='ltr'>ὁ</span> <span class='ocrx_word' id='word_1_148' title='bbox 1735 2173 1867 2244; x_wconf 88' lang='grc' dir='ltr'>δρά-</span> 
     </span>
    </p>
   </div>
   <div class='ocr_carea' id='block_1_22' title="bbox 1962 2161 3534 2250">
    <p class='ocr_par' dir='ltr' id='par_1_22' title="bbox 2045 2174 3534 2250">
     <span class='ocr_line' id='line_1_23' title="bbox 2045 2174 3534 2250; baseline 0.014 -21"><span class='ocrx_word' id='word_1_149' title='bbox 2045 2174 2140 2232; x_wconf 80' lang='lat' dir='ltr'><strong>[iis</strong></span> <span class='ocrx_word' id='word_1_150' title='bbox 2165 2177 2393 2249; x_wconf 88' lang='lat' dir='ltr'><strong>aliisque</strong></span> <span class='ocrx_word' id='word_1_151' title='bbox 2415 2180 2661 2250; x_wconf 86' lang='lat' dir='ltr'><strong>pluribus</strong></span> <span class='ocrx_word' id='word_1_152' title='bbox 2687 2186 3027 2242; x_wconf 83' lang='lat' dir='ltr'><strong>sermonibus</strong></span> <span class='ocrx_word' id='word_1_153' title='bbox 3048 2189 3392 2246; x_wconf 85' lang='lat' dir='ltr'><strong>evertebatur</strong></span> <span class='ocrx_word' id='word_1_154' title='bbox 3418 2192 3534 2250; x_wconf 87' lang='lat' dir='ltr'><strong>dra-</strong></span> 
     </span>
    </p>
   </div>
   <div class='ocr_carea' id='block_1_23' title="bbox 303 2255 1875 2354">
    <p class='ocr_par' dir='ltr' id='par_1_23' title="bbox 303 2255 1867 2334">
     <span class='ocr_line' id='line_1_24' title="bbox 303 2255 1867 2334; baseline 0.008 -30"><span class='ocrx_word' id='word_1_155' title='bbox 303 2268 446 2305; x_wconf 68' lang='grc' dir='ltr'>κων*</span> <span class='ocrx_word' id='word_1_156' title='bbox 499 2255 774 2320; x_wconf 79' lang='grc' dir='ltr'><strong>τοιαύταις</strong></span> <span class='ocrx_word' id='word_1_157' title='bbox 827 2257 1164 2328; x_wconf 82' lang='grc' dir='ltr'>συμπλοκαῖς</span> <span class='ocrx_word' id='word_1_158' title='bbox 1223 2261 1589 2315; x_wconf 80' lang='grc' dir='ltr'>κατεπάλαισε</span> <span class='ocrx_word' id='word_1_159' title='bbox 1645 2264 1720 2334; x_wconf 74' lang='lat'><strong>(2)</strong></span> <span class='ocrx_word' id='word_1_160' title='bbox 1777 2263 1867 2316; x_wconf 83' lang='grc' dir='ltr'><strong>τὸν</strong></span> 
     </span>
    </p>
   </div>
   <div class='ocr_carea' id='block_1_24' title="bbox 1961 2255 3533 2354">
    <p class='ocr_par' dir='ltr' id='par_1_24' title="bbox 1974 2268 3533 2354">
     <span class='ocr_line' id='line_1_25' title="bbox 1974 2268 3533 2354; baseline 0.011 -33"><span class='ocrx_word' id='word_1_161' title='bbox 1974 2281 2059 2328; x_wconf 86' lang='lat' dir='ltr'><strong>co.</strong></span> <span class='ocrx_word' id='word_1_162' title='bbox 2095 2268 2296 2324; x_wconf 79' lang='lat' dir='ltr'><strong>talibus</strong></span> <span class='ocrx_word' id='word_1_163' title='bbox 2324 2271 2622 2330; x_wconf 87' lang='lat' dir='ltr'><strong>Archelaus</strong></span> <span class='ocrx_word' id='word_1_164' title='bbox 2648 2274 3141 2334; x_wconf 81' lang='lat' dir='ltr'><strong>conﬂictationibus</strong></span> <span class='ocrx_word' id='word_1_165' title='bbox 3165 2278 3375 2337; x_wconf 80' lang='lat' dir='ltr'><strong>Manem</strong></span> <span class='ocrx_word' id='word_1_166' title='bbox 3406 2299 3533 2354; x_wconf 84' lang='lat' dir='ltr'><strong>pro-</strong></span> 
     </span>
    </p>
   </div>
   <div class='ocr_carea' id='block_1_25' title="bbox 300 2343 1872 2438">
    <p class='ocr_par' dir='ltr' id='par_1_25' title="bbox 300 2343 1866 2419">
     <span class='ocr_line' id='line_1_26' title="bbox 300 2343 1866 2419; baseline 0.007 -23"><span class='ocrx_word' id='word_1_167' title='bbox 300 2343 493 2415; x_wconf 83' lang='grc' dir='ltr'>Μάνην</span> <span class='ocrx_word' id='word_1_168' title='bbox 515 2346 544 2397; x_wconf 74' lang='grc' dir='ltr'>ὁ</span> <span class='ocrx_word' id='word_1_169' title='bbox 584 2347 888 2418; x_wconf 78' lang='grc' dir='ltr'>Ἀρχέλαος.</span> <span class='ocrx_word' id='word_1_170' title='bbox 913 2349 1105 2419; x_wconf 83' lang='grc' dir='ltr'>Φεύγει</span> <span class='ocrx_word' id='word_1_171' title='bbox 1134 2350 1290 2405; x_wconf 88' lang='grc' dir='ltr'>πάλιν</span> <span class='ocrx_word' id='word_1_172' title='bbox 1326 2353 1419 2406; x_wconf 80' lang='grc' dir='ltr'>καὶ</span> <span class='ocrx_word' id='word_1_173' title='bbox 1457 2353 1704 2406; x_wconf 77' lang='grc' dir='ltr'>ἐντεῦθεν</span> <span class='ocrx_word' id='word_1_174' title='bbox 1741 2354 1769 2406; x_wconf 85' lang='grc' dir='ltr'><strong>ὁ</strong></span> <span class='ocrx_word' id='word_1_175' title='bbox 1801 2355 1866 2407; x_wconf 83' lang='grc' dir='ltr'><strong>ἐκ</strong></span> 
     </span>
    </p>
   </div>
   <div class='ocr_carea' id='block_1_26' title="bbox 1961 2343 3533 2438">
    <p class='ocr_par' dir='ltr' id='par_1_26' title="bbox 1973 2343 3533 2438">
     <span class='ocr_line' id='line_1_27' title="bbox 1973 2343 3533 2438; baseline 0.012 -26"><span class='ocrx_word' id='word_1_176' title='bbox 1973 2359 2184 2413; x_wconf 79' lang='lat' dir='ltr'><strong>stravit.</strong></span> <span class='ocrx_word' id='word_1_177' title='bbox 2251 2359 2448 2416; x_wconf 88' lang='lat' dir='ltr'><strong>lterum</strong></span> <span class='ocrx_word' id='word_1_178' title='bbox 2481 2372 2534 2418; x_wconf 92' lang='lat' dir='ltr'><strong>et</strong></span> <span class='ocrx_word' id='word_1_179' title='bbox 2562 2364 2688 2419; x_wconf 88' lang='lat' dir='ltr'><strong>inde</strong></span> <span class='ocrx_word' id='word_1_180' title='bbox 2712 2365 2880 2438; x_wconf 78' lang='lat' dir='ltr'><strong>fugit,</strong></span> <span class='ocrx_word' id='word_1_181' title='bbox 2907 2369 2998 2438; x_wconf 90' lang='lat' dir='ltr'><strong>qui</strong></span> <span class='ocrx_word' id='word_1_182' title='bbox 3029 2369 3096 2424; x_wconf 92' lang='lat' dir='ltr'><strong>de</strong></span> <span class='ocrx_word' id='word_1_183' title='bbox 3129 2386 3345 2430; x_wconf 86' lang='lat' dir='ltr'><strong>carcere</strong></span> <span class='ocrx_word' id='word_1_184' title='bbox 3374 2343 3533 2430; x_wconf 74' lang='lat' dir='ltr'><strong>aufu-</strong></span> 
     </span>
    </p>
   </div>
   <div class='ocr_carea' id='block_1_27' title="bbox 298 2436 1870 2524">
    <p class='ocr_par' dir='ltr' id='par_1_27' title="bbox 298 2436 1865 2519">
     <span class='ocr_line' id='line_1_28' title="bbox 298 2436 1865 2519; baseline 0.008 -30"><span class='ocrx_word' id='word_1_185' title='bbox 298 2436 398 2506; x_wconf 79' lang='grc' dir='ltr'>τῆς</span> <span class='ocrx_word' id='word_1_186' title='bbox 431 2437 674 2509; x_wconf 79' lang='grc' dir='ltr'>φυλακῆς</span> <span class='ocrx_word' id='word_1_187' title='bbox 706 2441 889 2510; x_wconf 79' lang='grc' dir='ltr'>φυγών</span> <span class='ocrx_word' id='word_1_188' title='bbox 909 2460 921 2472; x_wconf 87' lang='grc'><strong>·</strong></span> <span class='ocrx_word' id='word_1_189' title='bbox 954 2443 1049 2496; x_wconf 73' lang='grc' dir='ltr'><strong>καὶ</strong></span> <span class='ocrx_word' id='word_1_190' title='bbox 1087 2444 1177 2496; x_wconf 77' lang='grc' dir='ltr'><strong>τὸν</strong></span> <span class='ocrx_word' id='word_1_191' title='bbox 1215 2445 1612 2518; x_wconf 77' lang='grc' dir='ltr'>ἀνταγωνιστὴν</span> <span class='ocrx_word' id='word_1_192' title='bbox 1645 2446 1865 2519; x_wconf 84' lang='grc' dir='ltr'>διαδρά-</span> 
     </span>
    </p>
   </div>
   <div class='ocr_carea' id='block_1_28' title="bbox 1961 2436 3533 2524">
    <p class='ocr_par' dir='ltr' id='par_1_28' title="bbox 1971 2436 3533 2524">
     <span class='ocr_line' id='line_1_29' title="bbox 1971 2436 3533 2524; baseline 0.011 -21"><span class='ocrx_word' id='word_1_193' title='bbox 1971 2459 2158 2518; x_wconf 74' lang='lat' dir='ltr'><strong>gerat;</strong></span> <span class='ocrx_word' id='word_1_194' title='bbox 2195 2460 2248 2506; x_wconf 89' lang='lat' dir='ltr'><strong>et</strong></span> <span class='ocrx_word' id='word_1_195' title='bbox 2272 2453 2492 2524; x_wconf 85' lang='lat' dir='ltr'><strong>elapsus</strong></span> <span class='ocrx_word' id='word_1_196' title='bbox 2539 2436 2886 2520; x_wconf 81' lang='lat' dir='ltr'><strong>adversario.</strong></span> <span class='ocrx_word' id='word_1_197' title='bbox 2925 2436 3075 2515; x_wconf 81' lang='lat' dir='ltr'><strong>venit</strong></span> <span class='ocrx_word' id='word_1_198' title='bbox 3115 2463 3182 2517; x_wconf 83' lang='lat' dir='ltr'><strong>ad</strong></span> <span class='ocrx_word' id='word_1_199' title='bbox 3210 2464 3533 2522; x_wconf 84' lang='lat' dir='ltr'><strong>vilissimum</strong></span> 
     </span>
    </p>
   </div>
   <div class='ocr_carea' id='block_1_29' title="bbox 299 2529 1871 2627">
    <p class='ocr_par' dir='ltr' id='par_1_29' title="bbox 299 2529 1866 2621">
     <span class='ocr_line' id='line_1_30' title="bbox 299 2529 1866 2621; baseline 0.01 -42"><span class='ocrx_word' id='word_1_200' title='bbox 299 2543 418 2591; x_wconf 83' lang='grc' dir='ltr'>σας,</span> <span class='ocrx_word' id='word_1_201' title='bbox 437 2529 652 2600; x_wconf 82' lang='grc' dir='ltr'>ἔρχεται</span> <span class='ocrx_word' id='word_1_202' title='bbox 681 2532 771 2584; x_wconf 74' lang='grc' dir='ltr'><strong>ἐπὶ</strong></span> <span class='ocrx_word' id='word_1_203' title='bbox 797 2532 989 2605; x_wconf 86' lang='grc' dir='ltr'>κώμην</span> <span class='ocrx_word' id='word_1_204' title='bbox 1021 2536 1429 2621; x_wconf 77' lang='grc' dir='ltr'>εὐτελεστάτην,</span> <span class='ocrx_word' id='word_1_205' title='bbox 1451 2539 1590 2592; x_wconf 87' lang='grc' dir='ltr'><strong>κατά</strong></span> <span class='ocrx_word' id='word_1_206' title='bbox 1614 2540 1704 2592; x_wconf 82' lang='grc' dir='ltr'><strong>τὸν</strong></span> <span class='ocrx_word' id='word_1_207' title='bbox 1722 2540 1866 2609; x_wconf 78' lang='grc' dir='ltr'>ὅφιν,</span> 
     </span>
    </p>
   </div>
   <div class='ocr_carea' id='block_1_30' title="bbox 1965 2529 3537 2627">
    <p class='ocr_par' dir='ltr' id='par_1_30' title="bbox 1974 2544 3537 2627">
     <span class='ocr_line' id='line_1_31' title="bbox 1974 2544 3537 2627; baseline 0.013 -33"><span class='ocrx_word' id='word_1_208' title='bbox 1974 2544 2260 2611; x_wconf 89' lang='lat' dir='ltr'><strong>quemdam</strong></span> <span class='ocrx_word' id='word_1_209' title='bbox 2290 2563 2488 2617; x_wconf 82' lang='lat' dir='ltr'><strong>pagum</strong></span> <span class='ocrx_word' id='word_1_210' title='bbox 2510 2590 2526 2616; x_wconf 93' lang='lat'><strong>,</strong></span> <span class='ocrx_word' id='word_1_211' title='bbox 2577 2550 2644 2604; x_wconf 92' lang='lat' dir='ltr'><strong>ad</strong></span> <span class='ocrx_word' id='word_1_212' title='bbox 2687 2551 2862 2606; x_wconf 91' lang='lat' dir='ltr'><strong>instar</strong></span> <span class='ocrx_word' id='word_1_213' title='bbox 2893 2555 3180 2622; x_wconf 87' lang='lat' dir='ltr'><strong>serpentis,</strong></span> <span class='ocrx_word' id='word_1_214' title='bbox 3206 2558 3324 2627; x_wconf 87' lang='lat' dir='ltr'><strong>qui,</strong></span> <span class='ocrx_word' id='word_1_215' title='bbox 3348 2559 3537 2615; x_wconf 84' lang='lat' dir='ltr'><strong>relicto</strong></span> 
     </span>
    </p>
   </div>
   <div class='ocr_carea' id='block_1_31' title="bbox 295 2620 1867 2708">
    <p class='ocr_par' dir='ltr' id='par_1_31' title="bbox 295 2620 1866 2701">
     <span class='ocr_line' id='line_1_32' title="bbox 295 2620 1866 2701; baseline 0.006 -28"><span class='ocrx_word' id='word_1_216' title='bbox 295 2620 388 2673; x_wconf 81' lang='grc' dir='ltr'><strong>τὸν</strong></span> <span class='ocrx_word' id='word_1_217' title='bbox 433 2624 488 2675; x_wconf 78' lang='grc' dir='ltr'><strong>ἐν</strong></span> <span class='ocrx_word' id='word_1_218' title='bbox 534 2623 840 2695; x_wconf 80' lang='grc' dir='ltr'>παραδείσῳ</span> <span class='ocrx_word' id='word_1_219' title='bbox 880 2627 1247 2682; x_wconf 85' lang='grc' dir='ltr'>καταλιπόντα</span> <span class='ocrx_word' id='word_1_220' title='bbox 1278 2620 1377 2682; x_wconf 79' lang='grc' dir='ltr'><strong>τὸν</strong></span> <span class='ocrx_word' id='word_1_221' title='bbox 1434 2629 1620 2700; x_wconf 79' lang='grc' dir='ltr'>Ἀδὰμ,</span> <span class='ocrx_word' id='word_1_222' title='bbox 1663 2631 1757 2683; x_wconf 72' lang='grc' dir='ltr'><strong>καὶ</strong></span> <span class='ocrx_word' id='word_1_223' title='bbox 1801 2633 1866 2701; x_wconf 80' lang='grc' dir='ltr'><strong>τῇ</strong></span> 
     </span>
    </p>
   </div>
   <div class='ocr_carea' id='block_1_32' title="bbox 1965 2620 3537 2708">
    <p class='ocr_par' dir='ltr' id='par_1_32' title="bbox 1973 2620 3537 2708">
     <span class='ocr_line' id='line_1_33' title="bbox 1973 2620 3537 2708; baseline 0.014 -22"><span class='ocrx_word' id='word_1_224' title='bbox 1973 2632 2143 2688; x_wconf 81' lang='lat' dir='ltr'><strong>Adam</strong></span> <span class='ocrx_word' id='word_1_225' title='bbox 2187 2634 2243 2690; x_wconf 90' lang='lat' dir='ltr'><strong>in</strong></span> <span class='ocrx_word' id='word_1_226' title='bbox 2289 2639 2579 2706; x_wconf 87' lang='lat' dir='ltr'><strong>paradiso,</strong></span> <span class='ocrx_word' id='word_1_227' title='bbox 2616 2641 2683 2696; x_wconf 89' lang='lat' dir='ltr'><strong>ad</strong></span> <span class='ocrx_word' id='word_1_228' title='bbox 2725 2641 2892 2697; x_wconf 85' lang='lat' dir='ltr'><strong>Evam</strong></span> <span class='ocrx_word' id='word_1_229' title='bbox 2924 2620 3176 2701; x_wconf 77' lang='lat' dir='ltr'><strong>accessit.</strong></span> <span class='ocrx_word' id='word_1_230' title='bbox 3224 2620 3337 2704; x_wconf 45' lang='lat' dir='ltr'><strong>.Sed</strong></span> <span class='ocrx_word' id='word_1_231' title='bbox 3360 2649 3537 2708; x_wconf 89' lang='lat' dir='ltr'><strong>bonus</strong></span> 
     </span>
    </p>
   </div>
   <div class='ocr_carea' id='block_1_33' title="bbox 298 2713 1870 2805">
    <p class='ocr_par' dir='ltr' id='par_1_33' title="bbox 298 2713 1863 2793">
     <span class='ocr_line' id='line_1_34' title="bbox 298 2713 1863 2793; baseline 0.006 -28"><span class='ocrx_word' id='word_1_232' title='bbox 298 2713 413 2785; x_wconf 70' lang='grc' dir='ltr'><strong>Εὕα</strong></span> <span class='ocrx_word' id='word_1_233' title='bbox 446 2715 829 2785; x_wconf 79' lang='grc' dir='ltr'>προσελθόντα.</span> <span class='ocrx_word' id='word_1_234' title='bbox 880 2719 1016 2771; x_wconf 83' lang='grc' dir='ltr'>Ἀλλ’</span> <span class='ocrx_word' id='word_1_235' title='bbox 1055 2722 1084 2773; x_wconf 85' lang='grc' dir='ltr'>ὁ</span> <span class='ocrx_word' id='word_1_236' title='bbox 1121 2721 1283 2784; x_wconf 87' lang='grc' dir='ltr'>καλὸς</span> <span class='ocrx_word' id='word_1_237' title='bbox 1313 2721 1516 2793; x_wconf 85' lang='grc' dir='ltr'>ποιμὴν</span> <span class='ocrx_word' id='word_1_238' title='bbox 1556 2721 1863 2793; x_wconf 83' lang='grc' dir='ltr'>Ἀρχέλαος,</span> 
     </span>
    </p>
   </div>
   <div class='ocr_carea' id='block_1_34' title="bbox 1963 2713 3535 2805">
    <p class='ocr_par' dir='ltr' id='par_1_34' title="bbox 1974 2727 3535 2805">
     <span class='ocr_line' id='line_1_35' title="bbox 1974 2727 3535 2805; baseline 0.014 -30"><span class='ocrx_word' id='word_1_239' title='bbox 1974 2733 2160 2792; x_wconf 88' lang='lat' dir='ltr'><strong>pastor</strong></span> <span class='ocrx_word' id='word_1_240' title='bbox 2189 2727 2490 2784; x_wconf 86' lang='lat' dir='ltr'><strong>Archelaus</strong></span> <span class='ocrx_word' id='word_1_241' title='bbox 2515 2770 2531 2796; x_wconf 92' lang='lat'><strong>,</strong></span> <span class='ocrx_word' id='word_1_242' title='bbox 2581 2732 2766 2787; x_wconf 92' lang='lat' dir='ltr'><strong>ovium</strong></span> <span class='ocrx_word' id='word_1_243' title='bbox 2793 2734 2951 2790; x_wconf 87' lang='lat' dir='ltr'><strong>saluti</strong></span> <span class='ocrx_word' id='word_1_244' title='bbox 2985 2738 3276 2805; x_wconf 90' lang='lat' dir='ltr'><strong>providens</strong></span> <span class='ocrx_word' id='word_1_245' title='bbox 3298 2780 3312 2804; x_wconf 88' lang='lat'><strong>,</strong></span> <span class='ocrx_word' id='word_1_246' title='bbox 3354 2741 3535 2798; x_wconf 85' lang='lat' dir='ltr'><strong>audita</strong></span> 
     </span>
    </p>
   </div>
   <div class='ocr_carea' id='block_1_35' title="bbox 298 2804 1870 2896">
    <p class='ocr_par' dir='ltr' id='par_1_35' title="bbox 298 2804 1868 2886">
     <span class='ocr_line' id='line_1_36' title="bbox 298 2804 1868 2886; baseline 0.006 -27"><span class='ocrx_word' id='word_1_247' title='bbox 298 2804 406 2859; x_wconf 86' lang='grc' dir='ltr'><strong>τῶν</strong></span> <span class='ocrx_word' id='word_1_248' title='bbox 440 2808 720 2879; x_wconf 81' lang='grc' dir='ltr'>προϐάτων</span> <span class='ocrx_word' id='word_1_249' title='bbox 753 2809 1014 2880; x_wconf 85' lang='grc' dir='ltr'>προνοῶν,</span> <span class='ocrx_word' id='word_1_250' title='bbox 1051 2813 1288 2878; x_wconf 86' lang='grc' dir='ltr'>ἀκούσας</span> <span class='ocrx_word' id='word_1_251' title='bbox 1314 2814 1410 2886; x_wconf 84' lang='grc' dir='ltr'>τὴν</span> <span class='ocrx_word' id='word_1_252' title='bbox 1439 2815 1635 2886; x_wconf 82' lang='grc' dir='ltr'>φυγὴν,</span> <span class='ocrx_word' id='word_1_253' title='bbox 1663 2813 1868 2877; x_wconf 79' lang='grc' dir='ltr'>εὐθέως</span> 
     </span>
    </p>
   </div>
   <div class='ocr_carea' id='block_1_36' title="bbox 1961 2804 3533 2896">
    <p class='ocr_par' dir='ltr' id='par_1_36' title="bbox 1978 2804 3533 2896">
     <span class='ocr_line' id='line_1_37' title="bbox 1978 2804 3533 2896; baseline 0.014 -28"><span class='ocrx_word' id='word_1_254' title='bbox 1978 2813 2126 2887; x_wconf 77' lang='lat' dir='ltr'><strong>fuga,</strong></span> <span class='ocrx_word' id='word_1_255' title='bbox 2157 2833 2323 2874; x_wconf 89' lang='lat' dir='ltr'><strong>cursu</strong></span> <span class='ocrx_word' id='word_1_256' title='bbox 2352 2822 2537 2890; x_wconf 88' lang='lat' dir='ltr'><strong>citato,</strong></span> <span class='ocrx_word' id='word_1_257' title='bbox 2567 2822 2635 2877; x_wconf 81' lang='lat' dir='ltr'><strong>ad</strong></span> <span class='ocrx_word' id='word_1_258' title='bbox 2661 2823 2847 2895; x_wconf 91' lang='lat' dir='ltr'><strong>lupum</strong></span> <span class='ocrx_word' id='word_1_259' title='bbox 2876 2804 3260 2896; x_wconf 82' lang='lat' dir='ltr'><strong>requirendum</strong></span> <span class='ocrx_word' id='word_1_260' title='bbox 3294 2829 3533 2892; x_wconf 83' lang='lat' dir='ltr'><strong>festinat.</strong></span> 
     </span>
    </p>
   </div>
   <div class='ocr_carea' id='block_1_37' title="bbox 295 2897 1867 2996">
    <p class='ocr_par' dir='ltr' id='par_1_37' title="bbox 295 2897 1866 2978">
     <span class='ocr_line' id='line_1_38' title="bbox 295 2897 1866 2978; baseline 0.006 -28"><span class='ocrx_word' id='word_1_261' title='bbox 295 2897 550 2970; x_wconf 81' lang='grc' dir='ltr'>δρομαῖος</span> <span class='ocrx_word' id='word_1_262' title='bbox 580 2901 671 2956; x_wconf 79' lang='grc' dir='ltr'>ἐπὶ</span> <span class='ocrx_word' id='word_1_263' title='bbox 703 2902 801 2970; x_wconf 79' lang='grc' dir='ltr'>τὴν</span> <span class='ocrx_word' id='word_1_264' title='bbox 834 2902 925 2956; x_wconf 76' lang='grc' dir='ltr'>τοῦ</span> <span class='ocrx_word' id='word_1_265' title='bbox 960 2903 1138 2958; x_wconf 78' lang='grc' dir='ltr'>λύκου</span> <span class='ocrx_word' id='word_1_266' title='bbox 1167 2906 1413 2975; x_wconf 75' lang='grc' dir='ltr'>ἐπείγετο</span> <span class='ocrx_word' id='word_1_267' title='bbox 1456 2907 1702 2978; x_wconf 77' lang='grc' dir='ltr'>ζήτησιν.</span> <span class='ocrx_word' id='word_1_268' title='bbox 1745 2906 1866 2960; x_wconf 86' lang='grc' dir='ltr'><strong>Μά-</strong></span> 
     </span>
    </p>
   </div>
   <div class='ocr_carea' id='block_1_38' title="bbox 1961 2897 3533 2996">
    <p class='ocr_par' dir='ltr' id='par_1_38' title="bbox 1973 2905 3533 2996">
     <span class='ocr_line' id='line_1_39' title="bbox 1973 2905 3533 2996; baseline 0.013 -36"><span class='ocrx_word' id='word_1_269' title='bbox 1973 2905 2158 2964; x_wconf 84' lang='lat' dir='ltr'><strong>Manes</strong></span> <span class='ocrx_word' id='word_1_270' title='bbox 2188 2921 2369 2968; x_wconf 89' lang='lat' dir='ltr'><strong>autem</strong></span> <span class='ocrx_word' id='word_1_271' title='bbox 2417 2916 2600 2970; x_wconf 85' lang='lat' dir='ltr'><strong>statim</strong></span> <span class='ocrx_word' id='word_1_272' title='bbox 2646 2926 2807 2987; x_wconf 87' lang='lat' dir='ltr'><strong>atque</strong></span> <span class='ocrx_word' id='word_1_273' title='bbox 2834 2920 3206 2977; x_wconf 87' lang='lat' dir='ltr'><strong>adversarium</strong></span> <span class='ocrx_word' id='word_1_274' title='bbox 3230 2927 3533 2996; x_wconf 79' lang='lat' dir='ltr'><strong>conspexit,</strong></span> 
     </span>
    </p>
   </div>
   <div class='ocr_carea' id='block_1_39' title="bbox 296 2990 1868 3080">
    <p class='ocr_par' dir='ltr' id='par_1_39' title="bbox 296 2990 1864 3072">
     <span class='ocr_line' id='line_1_40' title="bbox 296 2990 1864 3072; baseline 0.005 -29"><span class='ocrx_word' id='word_1_275' title='bbox 296 3007 394 3060; x_wconf 86' lang='grc' dir='ltr'><strong>νης</strong></span> <span class='ocrx_word' id='word_1_276' title='bbox 425 2990 500 3054; x_wconf 78' lang='grc' dir='ltr'>δὲ,</span> <span class='ocrx_word' id='word_1_277' title='bbox 532 2991 652 3046; x_wconf 83' lang='grc' dir='ltr'>ίδὼν</span> <span class='ocrx_word' id='word_1_278' title='bbox 691 2992 949 3065; x_wconf 79' lang='grc' dir='ltr'>ἐξαίφνης</span> <span class='ocrx_word' id='word_1_279' title='bbox 979 2996 1069 3050; x_wconf 79' lang='grc' dir='ltr'><strong>τὸν</strong></span> <span class='ocrx_word' id='word_1_280' title='bbox 1099 2997 1386 3065; x_wconf 90' lang='grc' dir='ltr'>ἀντίδικον,</span> <span class='ocrx_word' id='word_1_281' title='bbox 1424 2999 1744 3072; x_wconf 82' lang='grc' dir='ltr'>ἐξεπήδησε,</span> <span class='ocrx_word' id='word_1_282' title='bbox 1769 2997 1864 3051; x_wconf 80' lang='grc' dir='ltr'>καὶ</span> 
     </span>
    </p>
   </div>
   <div class='ocr_carea' id='block_1_40' title="bbox 1236 2990 2808 3080">
    <p class='ocr_par' dir='ltr' id='par_1_40' title="bbox 1236 2997 2808 3080">
     <span class='ocr_line' id='line_1_41' title="bbox 1236 2997 2808 3080; baseline 0.008 -28"><span class='ocrx_word' id='word_1_283' title='bbox 1236 2999 1386 3065; x_wconf 71' lang='grc' dir='ltr'>Βικον,</span> <span class='ocrx_word' id='word_1_284' title='bbox 1424 2999 1744 3072; x_wconf 78' lang='grc' dir='ltr'>ἐξεπήδησε,</span> <span class='ocrx_word' id='word_1_285' title='bbox 1769 2997 1864 3051; x_wconf 80' lang='grc' dir='ltr'>καὶ</span> <span class='ocrx_word' id='word_1_286' title='bbox 1973 3001 2180 3056; x_wconf 79' lang='lat' dir='ltr'><strong>exsiliit</strong></span> <span class='ocrx_word' id='word_1_287' title='bbox 2211 3002 2358 3072; x_wconf 88' lang='lat' dir='ltr'><strong>inde,</strong></span> <span class='ocrx_word' id='word_1_288' title='bbox 2391 3014 2553 3078; x_wconf 84' lang='lat' dir='ltr'><strong>atque</strong></span> <span class='ocrx_word' id='word_1_289' title='bbox 2581 3006 2808 3080; x_wconf 76' lang='lat' dir='ltr'><strong>aufugit.</strong></span> 
     </span>
    </p>
   </div>
   <div class='ocr_carea' id='block_1_41' title="bbox 299 3080 519 3151">
    <p class='ocr_par' dir='ltr' id='par_1_41' title="bbox 299 3080 519 3151">
     <span class='ocr_line' id='line_1_42' title="bbox 299 3080 519 3151; baseline 0.032 -19"><span class='ocrx_word' id='word_1_290' title='bbox 299 3080 519 3151; x_wconf 75' lang='grc' dir='ltr'>ἔφυγεν..</span> 
     </span>
    </p>
   </div>
   <div class='ocr_carea' id='block_1_42' title="bbox 1458 3300 3500 3386">
    <p class='ocr_par' dir='ltr' id='par_1_42' title="bbox 1458 3300 3500 3386">
     <span class='ocr_line' id='line_1_43' title="bbox 1458 3300 3500 3386; baseline 0.006 -28"><span class='ocrx_word' id='word_1_291' title='bbox 1458 3300 1519 3358; x_wconf 90' lang='lat' dir='ltr'><strong>S.</strong></span> <span class='ocrx_word' id='word_1_292' title='bbox 1560 3302 1908 3374; x_wconf 78' lang='lat' dir='ltr'><strong>Epiphanius,</strong></span> <span class='ocrx_word' id='word_1_293' title='bbox 1945 3301 2092 3358; x_wconf 76' lang='lat' dir='ltr'><strong>mer.</strong></span> <span class='ocrx_word' id='word_1_294' title='bbox 2121 3321 2265 3370; x_wconf 81' lang='lat' dir='ltr'><strong>uvt,</strong></span> <span class='ocrx_word' id='word_1_295' title='bbox 2298 3307 2325 3378; x_wconf 59' lang='grc' dir='ltr'>ᾗ</span> <span class='ocrx_word' id='word_1_296' title='bbox 2357 3308 2408 3362; x_wconf 88' lang='grc'>7.</span> <span class='ocrx_word' id='word_1_297' title='bbox 3497 3381 3500 3386; x_wconf 17' lang='grc'><strong>1</strong></span> 
     </span>
    </p>
   </div>
   <div class='ocr_carea' id='block_1_43' title="bbox 364 3390 1936 3485">
    <p class='ocr_par' dir='ltr' id='par_1_43' title="bbox 364 3390 1865 3469">
     <span class='ocr_line' id='line_1_44' title="bbox 364 3390 1865 3469; baseline 0.006 -26"><span class='ocrx_word' id='word_1_298' title='bbox 364 3390 685 3466; x_wconf 80' lang='grc' dir='ltr'>Συμσέδηκε</span> <span class='ocrx_word' id='word_1_299' title='bbox 723 3395 831 3466; x_wconf 86' lang='grc' dir='ltr'><strong>γὰρ</strong></span> <span class='ocrx_word' id='word_1_300' title='bbox 871 3397 1154 3468; x_wconf 82' lang='grc' dir='ltr'>Ἀρχέλαον</span> <span class='ocrx_word' id='word_1_301' title='bbox 1178 3397 1267 3452; x_wconf 82' lang='grc' dir='ltr'><strong>τὸν</strong></span> <span class='ocrx_word' id='word_1_302' title='bbox 1297 3397 1395 3469; x_wconf 83' lang='grc' dir='ltr'>τῆς</span> <span class='ocrx_word' id='word_1_303' title='bbox 1421 3399 1623 3463; x_wconf 86' lang='grc' dir='ltr'>πόλεως</span> <span class='ocrx_word' id='word_1_304' title='bbox 1645 3401 1865 3453; x_wconf 85' lang='grc' dir='ltr'>ἐπίσκο-</span> 
     </span>
    </p>
   </div>
   <div class='ocr_carea' id='block_1_44' title="bbox 1961 3390 3533 3485">
    <p class='ocr_par' dir='ltr' id='par_1_44' title="bbox 2042 3400 3533 3485">
     <span class='ocr_line' id='line_1_45' title="bbox 2042 3400 3533 3485; baseline 0.012 -31"><span class='ocrx_word' id='word_1_305' title='bbox 2042 3400 2261 3456; x_wconf 87' lang='lat' dir='ltr'><strong>Actum</strong></span> <span class='ocrx_word' id='word_1_306' title='bbox 2297 3403 2434 3460; x_wconf 78' lang='lat' dir='ltr'><strong>forte</strong></span> <span class='ocrx_word' id='word_1_307' title='bbox 2462 3406 2720 3478; x_wconf 78' lang='lat' dir='ltr'><strong>contigit,</strong></span> <span class='ocrx_word' id='word_1_308' title='bbox 2761 3415 2820 3463; x_wconf 87' lang='lat' dir='ltr'><strong>ut</strong></span> <span class='ocrx_word' id='word_1_309' title='bbox 2845 3410 3032 3466; x_wconf 88' lang='lat' dir='ltr'><strong>eodem</strong></span> <span class='ocrx_word' id='word_1_310' title='bbox 3067 3411 3151 3468; x_wconf 91' lang='lat' dir='ltr'><strong>die</strong></span> <span class='ocrx_word' id='word_1_311' title='bbox 3179 3429 3288 3485; x_wconf 88' lang='lat' dir='ltr'><strong>quo</strong></span> <span class='ocrx_word' id='word_1_312' title='bbox 3323 3415 3469 3472; x_wconf 87' lang='lat' dir='ltr'><strong>illam</strong></span> <span class='ocrx_word' id='word_1_313' title='bbox 3501 3433 3533 3472; x_wconf 71' lang='grc' dir='ltr'>τι</span> 
     </span>
    </p>
   </div>
   <div class='ocr_carea' id='block_1_45' title="bbox 294 3485 1866 3574">
    <p class='ocr_par' dir='ltr' id='par_1_45' title="bbox 294 3485 1866 3564">
     <span class='ocr_line' id='line_1_46' title="bbox 294 3485 1866 3564; baseline 0.006 -28"><span class='ocrx_word' id='word_1_314' title='bbox 294 3498 396 3536; x_wconf 76' lang='grc' dir='ltr'><strong>πον</strong></span> <span class='ocrx_word' id='word_1_315' title='bbox 427 3485 606 3538; x_wconf 73' lang='grc' dir='ltr'>οἴκαδε</span> <span class='ocrx_word' id='word_1_316' title='bbox 639 3485 755 3556; x_wconf 74' lang='grc' dir='ltr'><strong>ἅμα</strong></span> <span class='ocrx_word' id='word_1_317' title='bbox 779 3487 925 3558; x_wconf 79' lang='grc' dir='ltr'>αὐτῷ</span> <span class='ocrx_word' id='word_1_318' title='bbox 959 3492 1192 3543; x_wconf 86' lang='grc' dir='ltr'>συνεῖναι</span> <span class='ocrx_word' id='word_1_319' title='bbox 1225 3492 1345 3544; x_wconf 88' lang='grc' dir='ltr'>κατ’</span> <span class='ocrx_word' id='word_1_320' title='bbox 1371 3491 1583 3562; x_wconf 79' lang='grc' dir='ltr'>ἐκείνην</span> <span class='ocrx_word' id='word_1_321' title='bbox 1607 3491 1704 3563; x_wconf 76' lang='grc' dir='ltr'><strong>τὴν</strong></span> <span class='ocrx_word' id='word_1_322' title='bbox 1731 3493 1866 3564; x_wconf 80' lang='grc' dir='ltr'><strong>ὴμέ-</strong></span> 
     </span>
    </p>
   </div>
   <div class='ocr_carea' id='block_1_46' title="bbox 1962 3485 3534 3574">
    <p class='ocr_par' dir='ltr' id='par_1_46' title="bbox 1969 3490 3534 3574">
     <span class='ocr_line' id='line_1_47' title="bbox 1969 3490 3534 3574; baseline 0.013 -30"><span class='ocrx_word' id='word_1_323' title='bbox 1969 3490 2268 3551; x_wconf 67' lang='lat' dir='ltr'><strong>Manicba-o</strong></span> <span class='ocrx_word' id='word_1_324' title='bbox 2295 3497 2574 3566; x_wconf 84' lang='lat' dir='ltr'><strong>epistolam</strong></span> <span class='ocrx_word' id='word_1_325' title='bbox 2603 3499 2699 3554; x_wconf 89' lang='lat' dir='ltr'><strong>Dei</strong></span> <span class='ocrx_word' id='word_1_326' title='bbox 2727 3515 2919 3558; x_wconf 88' lang='lat' dir='ltr'><strong>servus</strong></span> <span class='ocrx_word' id='word_1_327' title='bbox 2949 3504 3189 3574; x_wconf 88' lang='lat' dir='ltr'><strong>accepit,</strong></span> <span class='ocrx_word' id='word_1_328' title='bbox 3235 3507 3534 3570; x_wconf 77' lang='lat' dir='ltr'><strong>Archelaus</strong></span> 
     </span>
    </p>
   </div>
   <div class='ocr_carea' id='block_1_47' title="bbox 298 3570 1870 3667">
    <p class='ocr_par' dir='ltr' id='par_1_47' title="bbox 298 3570 1865 3655">
     <span class='ocr_line' id='line_1_48' title="bbox 298 3570 1865 3655; baseline 0.007 -28"><span class='ocrx_word' id='word_1_329' title='bbox 298 3589 422 3646; x_wconf 86' lang='grc' dir='ltr'>ραν,</span> <span class='ocrx_word' id='word_1_330' title='bbox 464 3577 520 3628; x_wconf 82' lang='grc' dir='ltr'><strong>ἐν</strong></span> <span class='ocrx_word' id='word_1_331' title='bbox 627 3577 725 3650; x_wconf 79' lang='grc' dir='ltr'>τὴν</span> <span class='ocrx_word' id='word_1_332' title='bbox 766 3580 1050 3653; x_wconf 80' lang='grc' dir='ltr'>ἐπιστολὴν</span> <span class='ocrx_word' id='word_1_333' title='bbox 1095 3581 1183 3635; x_wconf 72' lang='grc' dir='ltr'>τοῦ</span> <span class='ocrx_word' id='word_1_334' title='bbox 1231 3582 1528 3652; x_wconf 86' lang='grc' dir='ltr'>Μανιχαίου</span> <span class='ocrx_word' id='word_1_335' title='bbox 1575 3583 1712 3655; x_wconf 82' lang='grc' dir='ltr'>μετὰ</span> <span class='ocrx_word' id='word_1_336' title='bbox 1753 3589 1865 3655; x_wconf 79' lang='grc' dir='ltr'>χεῖ-</span> 
     </span>
    </p>
   </div>
   <div class='ocr_carea' id='block_1_48' title="bbox 1962 3570 3534 3667">
    <p class='ocr_par' dir='ltr' id='par_1_48' title="bbox 1969 3585 3534 3667">
     <span class='ocr_line' id='line_1_49' title="bbox 1969 3585 3534 3667; baseline 0.013 -30"><span class='ocrx_word' id='word_1_337' title='bbox 1969 3585 2121 3642; x_wconf 91' lang='lat' dir='ltr'><strong>urbis</strong></span> <span class='ocrx_word' id='word_1_338' title='bbox 2168 3587 2458 3658; x_wconf 86' lang='lat' dir='ltr'><strong>episcopus</strong></span> <span class='ocrx_word' id='word_1_339' title='bbox 2504 3607 2612 3646; x_wconf 90' lang='lat' dir='ltr'><strong>una</strong></span> <span class='ocrx_word' id='word_1_340' title='bbox 2653 3608 2777 3647; x_wconf 91' lang='lat' dir='ltr'><strong>cum</strong></span> <span class='ocrx_word' id='word_1_341' title='bbox 2829 3594 2922 3648; x_wconf 93' lang='lat' dir='ltr'><strong>illo</strong></span> <span class='ocrx_word' id='word_1_342' title='bbox 2946 3595 3092 3651; x_wconf 89' lang='lat' dir='ltr'><strong>domi</strong></span> <span class='ocrx_word' id='word_1_343' title='bbox 3119 3608 3280 3654; x_wconf 86' lang='lat' dir='ltr'><strong>esset.</strong></span> <span class='ocrx_word' id='word_1_344' title='bbox 3341 3599 3446 3667; x_wconf 85' lang='lat' dir='ltr'><strong>Qui</strong></span> <span class='ocrx_word' id='word_1_345' title='bbox 3475 3616 3534 3656; x_wconf 89' lang='lat' dir='ltr'><strong>re</strong></span> 
     </span>
    </p>
   </div>
   <div class='ocr_carea' id='block_1_49' title="bbox 293 3671 1865 3759">
    <p class='ocr_par' dir='ltr' id='par_1_49' title="bbox 293 3671 1856 3750">
     <span class='ocr_line' id='line_1_50' title="bbox 293 3671 1856 3750; baseline 0.006 -27"><span class='ocrx_word' id='word_1_346' title='bbox 293 3688 397 3744; x_wconf 87' lang='grc' dir='ltr'><strong>ρας</strong></span> <span class='ocrx_word' id='word_1_347' title='bbox 442 3671 659 3744; x_wconf 79' lang='grc' dir='ltr'>εἴληφεν</span> <span class='ocrx_word' id='word_1_348' title='bbox 699 3675 728 3726; x_wconf 83' lang='grc' dir='ltr'>ὁ</span> <span class='ocrx_word' id='word_1_349' title='bbox 769 3673 861 3728; x_wconf 77' lang='grc' dir='ltr'>τοῦ</span> <span class='ocrx_word' id='word_1_350' title='bbox 905 3675 1040 3729; x_wconf 77' lang='grc' dir='ltr'>Θεοῦ</span> <span class='ocrx_word' id='word_1_351' title='bbox 1085 3677 1289 3744; x_wconf 81' lang='grc' dir='ltr'>δοῦλος.</span> <span class='ocrx_word' id='word_1_352' title='bbox 1338 3679 1397 3732; x_wconf 86' lang='lat'><strong>&#39;0</strong></span> <span class='ocrx_word' id='word_1_353' title='bbox 1442 3678 1500 3731; x_wconf 78' lang='grc' dir='ltr'>δὲ</span> <span class='ocrx_word' id='word_1_354' title='bbox 1551 3678 1856 3750; x_wconf 83' lang='grc' dir='ltr'>Ἀρχέλαος,</span> 
     </span>
    </p>
   </div>
   <div class='ocr_carea' id='block_1_50' title="bbox 1959 3671 3531 3759">
    <p class='ocr_par' dir='ltr' id='par_1_50' title="bbox 1968 3678 3531 3759">
     <span class='ocr_line' id='line_1_51' title="bbox 1968 3678 3531 3759; baseline 0.01 -29"><span class='ocrx_word' id='word_1_355' title='bbox 1968 3678 2117 3732; x_wconf 82' lang='grc' dir='ltr'><strong>οηιηί</strong></span> <span class='ocrx_word' id='word_1_356' title='bbox 2151 3691 2429 3748; x_wconf 89' lang='lat' dir='ltr'><strong>perspecta</strong></span> <span class='ocrx_word' id='word_1_357' title='bbox 2459 3681 2713 3739; x_wconf 89' lang='lat' dir='ltr'><strong>dentibus</strong></span> <span class='ocrx_word' id='word_1_358' title='bbox 2743 3682 3015 3753; x_wconf 80' lang='lat' dir='ltr'><strong>fremens,</strong></span> <span class='ocrx_word' id='word_1_359' title='bbox 3064 3689 3325 3759; x_wconf 78' lang='lat' dir='ltr'><strong>rugientis</strong></span> <span class='ocrx_word' id='word_1_360' title='bbox 3360 3691 3531 3747; x_wconf 82' lang='lat' dir='ltr'><strong>leonis</strong></span> 
     </span>
    </p>
   </div>
   <div class='ocr_carea' id='block_1_51' title="bbox 292 3764 1864 3847">
    <p class='ocr_par' dir='ltr' id='par_1_51' title="bbox 292 3764 1855 3841">
     <span class='ocr_line' id='line_1_52' title="bbox 292 3764 1855 3841; baseline 0.005 -26"><span class='ocrx_word' id='word_1_361' title='bbox 292 3764 454 3832; x_wconf 64' lang='grc' dir='ltr'>γνοὺς</span> <span class='ocrx_word' id='word_1_362' title='bbox 500 3765 600 3836; x_wconf 81' lang='grc' dir='ltr'>τὴν</span> <span class='ocrx_word' id='word_1_363' title='bbox 650 3767 863 3833; x_wconf 76' lang='grc' dir='ltr'>αἰτίαν,</span> <span class='ocrx_word' id='word_1_364' title='bbox 921 3767 1018 3820; x_wconf 73' lang='grc' dir='ltr'>καὶ</span> <span class='ocrx_word' id='word_1_365' title='bbox 1064 3771 1162 3841; x_wconf 79' lang='grc' dir='ltr'>τὴν</span> <span class='ocrx_word' id='word_1_366' title='bbox 1227 3770 1513 3841; x_wconf 82' lang='grc' dir='ltr'>ἐπιστολὴν</span> <span class='ocrx_word' id='word_1_367' title='bbox 1571 3771 1855 3840; x_wconf 75' lang='grc' dir='ltr'>ἀναγνοὺς,</span> 
     </span>
    </p>
   </div>
   <div class='ocr_carea' id='block_1_52' title="bbox 1962 3764 3534 3847">
    <p class='ocr_par' dir='ltr' id='par_1_52' title="bbox 1965 3765 3534 3847">
     <span class='ocr_line' id='line_1_53' title="bbox 1965 3765 3534 3847; baseline 0.011 -27"><span class='ocrx_word' id='word_1_368' title='bbox 1965 3765 2162 3835; x_wconf 87' lang='lat' dir='ltr'><strong>instar,</strong></span> <span class='ocrx_word' id='word_1_369' title='bbox 2194 3782 2258 3822; x_wconf 90' lang='lat' dir='ltr'><strong>ac</strong></span> <span class='ocrx_word' id='word_1_370' title='bbox 2281 3769 2467 3824; x_wconf 88' lang='lat' dir='ltr'><strong>divino</strong></span> <span class='ocrx_word' id='word_1_371' title='bbox 2497 3772 2733 3842; x_wconf 88' lang='lat' dir='ltr'><strong>quodam</strong></span> <span class='ocrx_word' id='word_1_372' title='bbox 2757 3775 2952 3831; x_wconf 89' lang='lat' dir='ltr'><strong>ardore</strong></span> <span class='ocrx_word' id='word_1_373' title='bbox 2975 3779 3234 3847; x_wconf 90' lang='lat' dir='ltr'><strong>percitus,</strong></span> <span class='ocrx_word' id='word_1_374' title='bbox 3273 3782 3338 3835; x_wconf 89' lang='lat' dir='ltr'><strong>ad</strong></span> <span class='ocrx_word' id='word_1_375' title='bbox 3361 3780 3534 3838; x_wconf 77' lang='lat' dir='ltr'><strong>Mani-</strong></span> 
     </span>
    </p>
   </div>
   <div class='ocr_carea' id='block_1_53' title="bbox 292 3854 1864 3942">
    <p class='ocr_par' dir='ltr' id='par_1_53' title="bbox 292 3854 1858 3934">
     <span class='ocr_line' id='line_1_54' title="bbox 292 3854 1858 3934; baseline 0.007 -28"><span class='ocrx_word' id='word_1_376' title='bbox 292 3854 488 3925; x_wconf 79' lang='grc' dir='ltr'>ἔδρυχε</span> <span class='ocrx_word' id='word_1_377' title='bbox 530 3858 656 3922; x_wconf 82' lang='grc' dir='ltr'>τοὺς</span> <span class='ocrx_word' id='word_1_378' title='bbox 700 3858 933 3923; x_wconf 82' lang='grc' dir='ltr'>ὀδόντας,</span> <span class='ocrx_word' id='word_1_379' title='bbox 980 3859 1166 3933; x_wconf 85' lang='grc' dir='ltr'>ῶσπερ</span> <span class='ocrx_word' id='word_1_380' title='bbox 1209 3861 1344 3915; x_wconf 81' lang='grc' dir='ltr'>λέων</span> <span class='ocrx_word' id='word_1_381' title='bbox 1385 3862 1715 3934; x_wconf 83' lang='grc' dir='ltr'>ὡρυόμενος,</span> <span class='ocrx_word' id='word_1_382' title='bbox 1763 3863 1858 3916; x_wconf 73' lang='grc' dir='ltr'><strong>καὶ</strong></span> 
     </span>
    </p>
   </div>
   <div class='ocr_carea' id='block_1_54' title="bbox 1958 3854 3530 3942">
    <p class='ocr_par' dir='ltr' id='par_1_54' title="bbox 1965 3859 3530 3942">
     <span class='ocr_line' id='line_1_55' title="bbox 1965 3859 3530 3942; baseline 0.01 -28"><span class='ocrx_word' id='word_1_383' title='bbox 1965 3859 2174 3914; x_wconf 64' lang='grc' dir='ltr'>οιιωυιη</span> <span class='ocrx_word' id='word_1_384' title='bbox 2218 3861 2401 3931; x_wconf 88' lang='lat' dir='ltr'><strong>potius</strong></span> <span class='ocrx_word' id='word_1_385' title='bbox 2443 3862 2713 3932; x_wconf 79' lang='lat' dir='ltr'><strong>proﬁcisci</strong></span> <span class='ocrx_word' id='word_1_386' title='bbox 2757 3867 3036 3936; x_wconf 84' lang='lat' dir='ltr'><strong>cupiebat,</strong></span> <span class='ocrx_word' id='word_1_387' title='bbox 3088 3869 3473 3942; x_wconf 87' lang='lat' dir='ltr'><strong>hominemque</strong></span> <span class='ocrx_word' id='word_1_388' title='bbox 3499 3888 3530 3928; x_wconf 87' lang='lat' dir='ltr'><strong>e</strong></span> 
     </span>
    </p>
   </div>
   <div class='ocr_carea' id='block_1_55' title="bbox 293 3946 1865 4029">
    <p class='ocr_par' dir='ltr' id='par_1_55' title="bbox 293 3946 1858 4027">
     <span class='ocr_line' id='line_1_56' title="bbox 293 3946 1858 4027; baseline 0.006 -27"><span class='ocrx_word' id='word_1_389' title='bbox 293 3946 452 4019; x_wconf 72' lang='grc' dir='ltr'>ζῆλον</span> <span class='ocrx_word' id='word_1_390' title='bbox 483 3948 615 4002; x_wconf 88' lang='grc' dir='ltr'><strong>Θεοῦ</strong></span> <span class='ocrx_word' id='word_1_391' title='bbox 643 3949 922 4005; x_wconf 79' lang='grc' dir='ltr'>ἀναλαδὼν</span> <span class='ocrx_word' id='word_1_392' title='bbox 957 3953 1212 4024; x_wconf 84' lang='grc' dir='ltr'>ἐπειρᾶτο</span> <span class='ocrx_word' id='word_1_393' title='bbox 1244 3954 1482 4025; x_wconf 84' lang='grc' dir='ltr'>ὁρμῆσαι</span> <span class='ocrx_word' id='word_1_394' title='bbox 1519 3955 1716 4027; x_wconf 84' lang='grc' dir='ltr'>μᾶλλον</span> <span class='ocrx_word' id='word_1_395' title='bbox 1754 3957 1858 4021; x_wconf 75' lang='grc' dir='ltr'><strong>ἕως</strong></span> 
     </span>
    </p>
   </div>
   <div class='ocr_carea' id='block_1_56' title="bbox 1957 3946 3529 4029">
    <p class='ocr_par' dir='ltr' id='par_1_56' title="bbox 1966 3952 3529 4029">
     <span class='ocr_line' id='line_1_57' title="bbox 1966 3952 3529 4029; baseline 0.008 -23"><span class='ocrx_word' id='word_1_396' title='bbox 1966 3952 2231 4015; x_wconf 84' lang='lat' dir='ltr'><strong>barbaris,</strong></span> <span class='ocrx_word' id='word_1_397' title='bbox 2259 3954 2404 4010; x_wconf 87' lang='lat' dir='ltr'><strong>unde</strong></span> <span class='ocrx_word' id='word_1_398' title='bbox 2427 3954 2474 4011; x_wconf 90' lang='lat' dir='ltr'><strong>is</strong></span> <span class='ocrx_word' id='word_1_399' title='bbox 2503 3964 2657 4012; x_wconf 90' lang='lat' dir='ltr'><strong>ortus</strong></span> <span class='ocrx_word' id='word_1_400' title='bbox 2683 3967 2818 4023; x_wconf 87' lang='lat' dir='ltr'><strong>erat,</strong></span> <span class='ocrx_word' id='word_1_401' title='bbox 2850 3960 3242 4029; x_wconf 83' lang='lat' dir='ltr'><strong>advenientem,</strong></span> <span class='ocrx_word' id='word_1_402' title='bbox 3263 3972 3318 4018; x_wconf 89' lang='lat' dir='ltr'><strong>et</strong></span> <span class='ocrx_word' id='word_1_403' title='bbox 3337 3963 3406 4020; x_wconf 87' lang='lat' dir='ltr'><strong>ad</strong></span> <span class='ocrx_word' id='word_1_404' title='bbox 3427 3964 3529 4019; x_wconf 82' lang='lat' dir='ltr'><strong>hu-</strong></span> 
     </span>
    </p>
   </div>
   <div class='ocr_carea' id='block_1_57' title="bbox 291 4039 1863 4127">
    <p class='ocr_par' dir='ltr' id='par_1_57' title="bbox 291 4039 1861 4114">
     <span class='ocr_line' id='line_1_58' title="bbox 291 4039 1861 4114; baseline 0.007 -22"><span class='ocrx_word' id='word_1_405' title='bbox 291 4039 478 4104; x_wconf 72' lang='grc' dir='ltr'>αὑτοῦ,</span> <span class='ocrx_word' id='word_1_406' title='bbox 508 4043 601 4095; x_wconf 69' lang='grc' dir='ltr'><strong>καὶ</strong></span> <span class='ocrx_word' id='word_1_407' title='bbox 625 4043 986 4114; x_wconf 83' lang='grc' dir='ltr'>χειρώσασθαι</span> <span class='ocrx_word' id='word_1_408' title='bbox 1006 4044 1096 4097; x_wconf 80' lang='grc' dir='ltr'><strong>τὸν</strong></span> <span class='ocrx_word' id='word_1_409' title='bbox 1125 4045 1360 4099; x_wconf 78' lang='grc' dir='ltr'>τοιοῦτον</span> <span class='ocrx_word' id='word_1_410' title='bbox 1398 4048 1474 4110; x_wconf 84' lang='grc' dir='ltr'>ὡς</span> <span class='ocrx_word' id='word_1_411' title='bbox 1507 4048 1760 4102; x_wconf 84' lang='grc' dir='ltr'>ἐπίλυτον</span> <span class='ocrx_word' id='word_1_412' title='bbox 1795 4051 1861 4104; x_wconf 86' lang='grc' dir='ltr'><strong>ἐκ</strong></span> 
     </span>
    </p>
   </div>
   <div class='ocr_carea' id='block_1_58' title="bbox 1757 4039 3329 4127">
    <p class='ocr_par' dir='ltr' id='par_1_58' title="bbox 1757 4047 3329 4127">
     <span class='ocr_line' id='line_1_59' title="bbox 1757 4047 3329 4127; baseline 0.006 -25"><span class='ocrx_word' id='word_1_413' title='bbox 1757 4068 1760 4087; x_wconf 67' lang='grc' dir='ltr'>ν</span> <span class='ocrx_word' id='word_1_414' title='bbox 1795 4051 1861 4104; x_wconf 85' lang='grc' dir='ltr'><strong>ἐκ</strong></span> <span class='ocrx_word' id='word_1_415' title='bbox 1969 4047 2117 4102; x_wconf 88' lang='lat' dir='ltr'><strong>mani</strong></span> <span class='ocrx_word' id='word_1_416' title='bbox 2149 4049 2364 4118; x_wconf 78' lang='lat' dir='ltr'><strong>generis</strong></span> <span class='ocrx_word' id='word_1_417' title='bbox 2391 4050 2686 4121; x_wconf 88' lang='lat' dir='ltr'><strong>perniciem</strong></span> <span class='ocrx_word' id='word_1_418' title='bbox 2715 4051 3084 4126; x_wconf 76' lang='lat' dir='ltr'><strong>insurgentem</strong></span> <span class='ocrx_word' id='word_1_419' title='bbox 3118 4070 3329 4127; x_wconf 84' lang='lat' dir='ltr'><strong>capere.</strong></span> 
     </span>
    </p>
   </div>
   <div class='ocr_carea' id='block_1_59' title="bbox 293 4128 1862 4211">
    <p class='ocr_par' dir='ltr' id='par_1_59' title="bbox 293 4128 1862 4211">
     <span class='ocr_line' id='line_1_60' title="bbox 293 4128 1862 4211; baseline 0.008 -27"><span class='ocrx_word' id='word_1_420' title='bbox 293 4128 604 4203; x_wconf 80' lang='grc' dir='ltr'>βαρδάρων,</span> <span class='ocrx_word' id='word_1_421' title='bbox 647 4133 770 4187; x_wconf 84' lang='grc' dir='ltr'>ὅθεν</span> <span class='ocrx_word' id='word_1_422' title='bbox 813 4135 907 4189; x_wconf 69' lang='grc' dir='ltr'>καὶ</span> <span class='ocrx_word' id='word_1_423' title='bbox 948 4135 1190 4207; x_wconf 83' lang='grc' dir='ltr'>ὡρμᾶτο,</span> <span class='ocrx_word' id='word_1_424' title='bbox 1236 4137 1374 4208; x_wconf 81' lang='grc' dir='ltr'>πρὸς</span> <span class='ocrx_word' id='word_1_425' title='bbox 1406 4139 1707 4211; x_wconf 83' lang='grc' dir='ltr'>ἀφανισμὸν</span> <span class='ocrx_word' id='word_1_426' title='bbox 1754 4143 1862 4196; x_wconf 89' lang='grc' dir='ltr'><strong>τῶν</strong></span> 
     </span>
    </p>
   </div>
   <div class='ocr_carea' id='block_1_60' title="bbox 290 4221 1322 4294">
    <p class='ocr_par' dir='ltr' id='par_1_60' title="bbox 290 4221 1322 4294">
     <span class='ocr_line' id='line_1_61' title="bbox 290 4221 1322 4294; baseline 0.004 -20"><span class='ocrx_word' id='word_1_427' title='bbox 290 4221 424 4275; x_wconf 74' lang='grc' dir='ltr'>υἱῶν</span> <span class='ocrx_word' id='word_1_428' title='bbox 453 4222 562 4277; x_wconf 89' lang='grc' dir='ltr'><strong>τῶν</strong></span> <span class='ocrx_word' id='word_1_429' title='bbox 593 4222 892 4294; x_wconf 84' lang='grc' dir='ltr'>ἀνθρώπων</span> <span class='ocrx_word' id='word_1_430' title='bbox 921 4227 1322 4282; x_wconf 66' lang='grc' dir='ltr'>ἐπαναστάντα.</span> 
     </span>
    </p>
   </div>
   <div class='ocr_carea' id='block_1_61' title="bbox 1703 4321 2163 4395">
    <p class='ocr_par' dir='ltr' id='par_1_61' title="bbox 1703 4321 2163 4395">
     <span class='ocr_line' id='line_1_62' title="bbox 1703 4321 2163 4395; baseline 0 -18"><span class='ocrx_word' id='word_1_431' title='bbox 1703 4323 2029 4392; x_wconf 75' lang='lat' dir='ltr'><strong>Idem,ibid.,</strong></span> <span class='ocrx_word' id='word_1_432' title='bbox 2058 4321 2086 4395; x_wconf 87' lang='lat'>§</span> <span class='ocrx_word' id='word_1_433' title='bbox 2110 4321 2163 4377; x_wconf 90' lang='lat'><strong>8.</strong></span> 
     </span>
    </p>
   </div>
   <div class='ocr_carea' id='block_1_62' title="bbox 369 4404 1941 4487">
    <p class='ocr_par' dir='ltr' id='par_1_62' title="bbox 369 4404 1923 4486">
     <span class='ocr_line' id='line_1_63' title="bbox 369 4404 1923 4486; baseline 0.004 -23"><span class='ocrx_word' id='word_1_434' title='bbox 369 4404 430 4463; x_wconf 83' lang='grc'><strong>’0</strong></span> <span class='ocrx_word' id='word_1_435' title='bbox 461 4408 518 4462; x_wconf 77' lang='grc' dir='ltr'>δὲ</span> <span class='ocrx_word' id='word_1_436' title='bbox 555 4409 848 4473; x_wconf 78' lang='grc' dir='ltr'>ἐπίσκοπος</span> <span class='ocrx_word' id='word_1_437' title='bbox 886 4411 1190 4481; x_wconf 81' lang='grc' dir='ltr'>Ἀρχέλαος,</span> <span class='ocrx_word' id='word_1_438' title='bbox 1231 4411 1367 4482; x_wconf 75' lang='grc' dir='ltr'><strong>ἔχων</strong></span> <span class='ocrx_word' id='word_1_439' title='bbox 1405 4413 1464 4466; x_wconf 84' lang='grc' dir='ltr'>ὲν</span> <span class='ocrx_word' id='word_1_440' title='bbox 1491 4413 1666 4486; x_wconf 84' lang='grc' dir='ltr'>ἐαυτῷ</span> <span class='ocrx_word' id='word_1_441' title='bbox 1716 4417 1853 4485; x_wconf 81' lang='grc' dir='ltr'><strong>μετά</strong></span> <span class='ocrx_word' id='word_1_442' title='bbox 1881 4423 1923 4480; x_wconf 85' lang='lat' dir='ltr'><strong>C</strong></span> 
     </span>
    </p>
   </div>
   <div class='ocr_carea' id='block_1_63' title="bbox 1949 4404 3521 4487">
    <p class='ocr_par' dir='ltr' id='par_1_63' title="bbox 2025 4413 3521 4487">
     <span class='ocr_line' id='line_1_64' title="bbox 2025 4413 3521 4487; baseline 0.007 -19"><span class='ocrx_word' id='word_1_443' title='bbox 2025 4416 2096 4470; x_wconf 83' lang='lat' dir='ltr'><strong>At</strong></span> <span class='ocrx_word' id='word_1_444' title='bbox 2125 4413 2426 4472; x_wconf 84' lang='lat' dir='ltr'><strong>Archelaus</strong></span> <span class='ocrx_word' id='word_1_445' title='bbox 2449 4415 2759 4486; x_wconf 83' lang='lat' dir='ltr'><strong>episcopus,</strong></span> <span class='ocrx_word' id='word_1_446' title='bbox 2781 4427 2980 4487; x_wconf 64' lang='lat' dir='ltr'><strong>praeter</strong></span> <span class='ocrx_word' id='word_1_447' title='bbox 3009 4418 3312 4475; x_wconf 87' lang='lat' dir='ltr'><strong>doctrinam</strong></span> <span class='ocrx_word' id='word_1_448' title='bbox 3333 4461 3348 4487; x_wconf 91' lang='lat'><strong>,</strong></span> <span class='ocrx_word' id='word_1_449' title='bbox 3396 4421 3521 4478; x_wconf 87' lang='lat' dir='ltr'><strong>ﬁdei</strong></span> 
     </span>
    </p>
   </div>
   <div class='ocr_carea' id='block_1_64' title="bbox 286 4495 1858 4583">
    <p class='ocr_par' dir='ltr' id='par_1_64' title="bbox 286 4495 1852 4572">
     <span class='ocr_line' id='line_1_65' title="bbox 286 4495 1852 4572; baseline 0.005 -21"><span class='ocrx_word' id='word_1_450' title='bbox 286 4495 379 4551; x_wconf 74' lang='grc' dir='ltr'><strong>τὸν</strong></span> <span class='ocrx_word' id='word_1_451' title='bbox 417 4496 571 4567; x_wconf 84' lang='grc' dir='ltr'>λόγον</span> <span class='ocrx_word' id='word_1_452' title='bbox 601 4500 695 4552; x_wconf 79' lang='grc' dir='ltr'><strong>καὶ</strong></span> <span class='ocrx_word' id='word_1_453' title='bbox 718 4498 776 4553; x_wconf 83' lang='grc' dir='ltr'>τὸ</span> <span class='ocrx_word' id='word_1_454' title='bbox 797 4500 1090 4572; x_wconf 75' lang='grc' dir='ltr'>ζηλωτικὸν</span> <span class='ocrx_word' id='word_1_455' title='bbox 1110 4503 1208 4572; x_wconf 83' lang='grc' dir='ltr'><strong>τῆς</strong></span> <span class='ocrx_word' id='word_1_456' title='bbox 1243 4501 1494 4567; x_wconf 85' lang='grc' dir='ltr'>πίστεως,</span> <span class='ocrx_word' id='word_1_457' title='bbox 1519 4503 1852 4570; x_wconf 79' lang='grc' dir='ltr'>ἐϐουλεύετο,</span> 
     </span>
    </p>
   </div>
   <div class='ocr_carea' id='block_1_65' title="bbox 1951 4495 3523 4583">
    <p class='ocr_par' dir='ltr' id='par_1_65' title="bbox 1961 4506 3523 4583">
     <span class='ocr_line' id='line_1_66' title="bbox 1961 4506 3523 4583; baseline 0.005 -23"><span class='ocrx_word' id='word_1_458' title='bbox 1961 4506 2180 4576; x_wconf 85' lang='lat' dir='ltr'><strong>insuper</strong></span> <span class='ocrx_word' id='word_1_459' title='bbox 2203 4507 2398 4562; x_wconf 86' lang='lat' dir='ltr'><strong>ardore</strong></span> <span class='ocrx_word' id='word_1_460' title='bbox 2426 4507 2708 4578; x_wconf 63' lang='lat' dir='ltr'><strong>praeditus,</strong></span> <span class='ocrx_word' id='word_1_461' title='bbox 2731 4518 2919 4564; x_wconf 88' lang='lat' dir='ltr'><strong>auctor</strong></span> <span class='ocrx_word' id='word_1_462' title='bbox 2942 4520 3060 4566; x_wconf 88' lang='lat' dir='ltr'><strong>erat</strong></span> <span class='ocrx_word' id='word_1_463' title='bbox 3105 4511 3236 4575; x_wconf 88' lang='lat' dir='ltr'><strong>ut,si</strong></span> <span class='ocrx_word' id='word_1_464' title='bbox 3261 4513 3372 4568; x_wconf 88' lang='lat' dir='ltr'><strong>tieri</strong></span> <span class='ocrx_word' id='word_1_465' title='bbox 3397 4527 3523 4583; x_wconf 87' lang='lat' dir='ltr'><strong>pos-</strong></span> 
     </span>
    </p>
   </div>
   <div class='ocr_carea' id='block_1_66' title="bbox 291 4586 1863 4674">
    <p class='ocr_par' dir='ltr' id='par_1_66' title="bbox 291 4586 1855 4669">
     <span class='ocr_line' id='line_1_67' title="bbox 291 4586 1855 4669; baseline 0.006 -27"><span class='ocrx_word' id='word_1_466' title='bbox 291 4590 341 4642; x_wconf 80' lang='grc' dir='ltr'><strong>εἰ</strong></span> <span class='ocrx_word' id='word_1_467' title='bbox 382 4586 449 4662; x_wconf 81' lang='grc' dir='ltr'>ἦν</span> <span class='ocrx_word' id='word_1_468' title='bbox 479 4590 718 4657; x_wconf 85' lang='grc' dir='ltr'>δυνατὸν,</span> <span class='ocrx_word' id='word_1_469' title='bbox 769 4592 828 4656; x_wconf 80' lang='grc' dir='ltr'><strong>ἐξ</strong></span> <span class='ocrx_word' id='word_1_470' title='bbox 866 4593 1032 4663; x_wconf 77' lang='grc' dir='ltr'>αὐτῆς</span> <span class='ocrx_word' id='word_1_471' title='bbox 1068 4595 1157 4646; x_wconf 85' lang='grc' dir='ltr'><strong>τὸν</strong></span> <span class='ocrx_word' id='word_1_472' title='bbox 1199 4593 1384 4664; x_wconf 80' lang='grc' dir='ltr'>ἄνδρα,</span> <span class='ocrx_word' id='word_1_473' title='bbox 1423 4593 1609 4666; x_wconf 81' lang='grc' dir='ltr'>ὥσπερ</span> <span class='ocrx_word' id='word_1_474' title='bbox 1649 4597 1855 4669; x_wconf 85' lang='grc' dir='ltr'>πάρδα-</span> 
     </span>
    </p>
   </div>
   <div class='ocr_carea' id='block_1_67' title="bbox 1943 4586 3515 4674">
    <p class='ocr_par' dir='ltr' id='par_1_67' title="bbox 1959 4598 3515 4674">
     <span class='ocr_line' id='line_1_68' title="bbox 1959 4598 3515 4674; baseline 0.005 -21"><span class='ocrx_word' id='word_1_475' title='bbox 1959 4610 2062 4664; x_wconf 86' lang='lat' dir='ltr'><strong>set,</strong></span> <span class='ocrx_word' id='word_1_476' title='bbox 2111 4599 2275 4653; x_wconf 88' lang='lat' dir='ltr'><strong>homo</strong></span> <span class='ocrx_word' id='word_1_477' title='bbox 2301 4599 2391 4653; x_wconf 86' lang='lat' dir='ltr'><strong>ille</strong></span> <span class='ocrx_word' id='word_1_478' title='bbox 2422 4598 2575 4668; x_wconf 82' lang='lat' dir='ltr'><strong>pardi</strong></span> <span class='ocrx_word' id='word_1_479' title='bbox 2610 4600 2784 4654; x_wconf 90' lang='lat' dir='ltr'><strong>instar</strong></span> <span class='ocrx_word' id='word_1_480' title='bbox 2825 4617 2890 4656; x_wconf 89' lang='lat' dir='ltr'><strong>ac</strong></span> <span class='ocrx_word' id='word_1_481' title='bbox 2918 4602 3030 4672; x_wconf 89' lang='lat' dir='ltr'><strong>lupi</strong></span> <span class='ocrx_word' id='word_1_482' title='bbox 3064 4603 3146 4658; x_wconf 87' lang='lat' dir='ltr'><strong>vel</strong></span> <span class='ocrx_word' id='word_1_483' title='bbox 3172 4604 3413 4674; x_wconf 83' lang='lat' dir='ltr'><strong>cujusvis</strong></span> <span class='ocrx_word' id='word_1_484' title='bbox 3443 4607 3515 4661; x_wconf 70' lang='grc' dir='ltr'><strong>ει-</strong></span> 
     </span>
    </p>
   </div>
   <div class='ocr_carea' id='block_1_68' title="bbox 290 4679 1862 4766">
    <p class='ocr_par' dir='ltr' id='par_1_68' title="bbox 290 4679 1850 4757">
     <span class='ocr_line' id='line_1_69' title="bbox 290 4679 1850 4757; baseline 0.005 -24"><span class='ocrx_word' id='word_1_485' title='bbox 290 4679 393 4746; x_wconf 92' lang='grc' dir='ltr'>λιν,</span> <span class='ocrx_word' id='word_1_486' title='bbox 434 4681 466 4754; x_wconf 84' lang='grc' dir='ltr'>ἦ</span> <span class='ocrx_word' id='word_1_487' title='bbox 513 4681 694 4744; x_wconf 82' lang='grc' dir='ltr'>λύκον,</span> <span class='ocrx_word' id='word_1_488' title='bbox 741 4684 776 4754; x_wconf 75' lang='grc' dir='ltr'>ἦ</span> <span class='ocrx_word' id='word_1_489' title='bbox 823 4701 874 4736; x_wconf 87' lang='grc' dir='ltr'><strong>τι</strong></span> <span class='ocrx_word' id='word_1_490' title='bbox 927 4683 1111 4755; x_wconf 71' lang='grc' dir='ltr'>ἕτερον</span> <span class='ocrx_word' id='word_1_491' title='bbox 1151 4683 1260 4737; x_wconf 85' lang='grc' dir='ltr'><strong>τῶν</strong></span> <span class='ocrx_word' id='word_1_492' title='bbox 1305 4684 1508 4756; x_wconf 86' lang='grc' dir='ltr'>θηρίων</span> <span class='ocrx_word' id='word_1_493' title='bbox 1557 4687 1850 4757; x_wconf 83' lang='grc' dir='ltr'>ἀγρεύσας,</span> 
     </span>
    </p>
   </div>
   <div class='ocr_carea' id='block_1_69' title="bbox 1949 4679 3521 4766">
    <p class='ocr_par' dir='ltr' id='par_1_69' title="bbox 1961 4688 3521 4766">
     <span class='ocr_line' id='line_1_70' title="bbox 1961 4688 3521 4766; baseline 0.004 -22"><span class='ocrx_word' id='word_1_494' title='bbox 1961 4689 2130 4744; x_wconf 89' lang='lat' dir='ltr'><strong>terius</strong></span> <span class='ocrx_word' id='word_1_495' title='bbox 2157 4688 2345 4744; x_wconf 66' lang='lat' dir='ltr'><strong>bestiae</strong></span> <span class='ocrx_word' id='word_1_496' title='bbox 2367 4689 2716 4758; x_wconf 88' lang='lat' dir='ltr'><strong>interceptus,</strong></span> <span class='ocrx_word' id='word_1_497' title='bbox 2740 4691 2900 4745; x_wconf 85' lang='lat' dir='ltr'><strong>morti</strong></span> <span class='ocrx_word' id='word_1_498' title='bbox 2936 4693 3256 4761; x_wconf 84' lang='lat' dir='ltr'><strong>traderetur,</strong></span> <span class='ocrx_word' id='word_1_499' title='bbox 3282 4709 3351 4751; x_wconf 87' lang='lat' dir='ltr'><strong>ne</strong></span> <span class='ocrx_word' id='word_1_500' title='bbox 3377 4696 3521 4766; x_wconf 85' lang='lat' dir='ltr'><strong>ejus-</strong></span> 
     </span>
    </p>
   </div>
   <div class='ocr_carea' id='block_1_70' title="bbox 287 4772 1859 4851">
    <p class='ocr_par' dir='ltr' id='par_1_70' title="bbox 287 4772 1848 4851">
     <span class='ocr_line' id='line_1_71' title="bbox 287 4772 1848 4851; baseline 0.004 -25"><span class='ocrx_word' id='word_1_501' title='bbox 287 4772 501 4844; x_wconf 81' lang='grc' dir='ltr'>Θανάτῳ</span> <span class='ocrx_word' id='word_1_502' title='bbox 535 4774 884 4844; x_wconf 80' lang='grc' dir='ltr'>παραδοῦναι,</span> <span class='ocrx_word' id='word_1_503' title='bbox 923 4775 1008 4828; x_wconf 83' lang='grc' dir='ltr'>ἵνα</span> <span class='ocrx_word' id='word_1_504' title='bbox 1045 4775 1118 4847; x_wconf 81' lang='grc' dir='ltr'>μὴ</span> <span class='ocrx_word' id='word_1_505' title='bbox 1156 4775 1399 4848; x_wconf 82' lang='grc' dir='ltr'>λυμανθῇ</span> <span class='ocrx_word' id='word_1_506' title='bbox 1433 4776 1500 4830; x_wconf 79' lang='grc' dir='ltr'><strong>τά</strong></span> <span class='ocrx_word' id='word_1_507' title='bbox 1543 4777 1848 4851; x_wconf 84' lang='grc' dir='ltr'>θρέμματα,</span> 
     </span>
    </p>
   </div>
   <div class='ocr_carea' id='block_1_71' title="bbox 1947 4772 3519 4851">
    <p class='ocr_par' dir='ltr' id='par_1_71' title="bbox 1960 4777 3519 4851">
     <span class='ocr_line' id='line_1_72' title="bbox 1960 4777 3519 4851; baseline 0.004 -17"><span class='ocrx_word' id='word_1_508' title='bbox 1960 4779 2108 4834; x_wconf 90' lang='lat' dir='ltr'><strong>modi</strong></span> <span class='ocrx_word' id='word_1_509' title='bbox 2139 4777 2265 4834; x_wconf 84' lang='lat' dir='ltr'><strong>ferae</strong></span> <span class='ocrx_word' id='word_1_510' title='bbox 2293 4779 2607 4834; x_wconf 87' lang='lat' dir='ltr'><strong>incursione</strong></span> <span class='ocrx_word' id='word_1_511' title='bbox 2635 4795 2830 4850; x_wconf 89' lang='lat' dir='ltr'><strong>pecora</strong></span> <span class='ocrx_word' id='word_1_512' title='bbox 2852 4783 3199 4851; x_wconf 63' lang='lat' dir='ltr'><strong>laederentur,</strong></span> <span class='ocrx_word' id='word_1_513' title='bbox 3221 4801 3346 4842; x_wconf 91' lang='lat' dir='ltr'><strong>cum</strong></span> <span class='ocrx_word' id='word_1_514' title='bbox 3375 4787 3519 4844; x_wconf 88' lang='lat' dir='ltr'><strong>illius</strong></span> 
     </span>
    </p>
   </div>
   <div class='ocr_carea' id='block_1_72' title="bbox 284 4865 1856 4943">
    <p class='ocr_par' dir='ltr' id='par_1_72' title="bbox 284 4865 1641 4940">
     <span class='ocr_line' id='line_1_73' title="bbox 284 4865 1641 4940; baseline 0.002 -22"><span class='ocrx_word' id='word_1_515' title='bbox 284 4865 526 4919; x_wconf 79' lang='grc' dir='ltr'>τοιούτου</span> <span class='ocrx_word' id='word_1_516' title='bbox 550 4866 715 4940; x_wconf 84' lang='grc' dir='ltr'>θηρὸς</span> <span class='ocrx_word' id='word_1_517' title='bbox 737 4869 821 4936; x_wconf 79' lang='grc' dir='ltr'><strong>ἐφ’</strong></span> <span class='ocrx_word' id='word_1_518' title='bbox 845 4867 965 4920; x_wconf 79' lang='grc' dir='ltr'>ὁδοῦ</span> <span class='ocrx_word' id='word_1_519' title='bbox 990 4868 1087 4936; x_wconf 82' lang='grc' dir='ltr'><strong>τὴν</strong></span> <span class='ocrx_word' id='word_1_520' title='bbox 1119 4868 1320 4921; x_wconf 74' lang='grc' dir='ltr'>εἴσοδον</span> <span class='ocrx_word' id='word_1_521' title='bbox 1344 4868 1641 4922; x_wconf 84' lang='grc' dir='ltr'>κατανοῶν.</span> 
     </span>
    </p>
   </div>
   <div class='ocr_carea' id='block_1_73' title="bbox 1087 4865 2659 4943">
    <p class='ocr_par' dir='ltr' id='par_1_73' title="bbox 1119 4868 2659 4943">
     <span class='ocr_line' id='line_1_74' title="bbox 1119 4868 2659 4943; baseline 0.004 -23"><span class='ocrx_word' id='word_1_522' title='bbox 1119 4868 1320 4921; x_wconf 74' lang='grc' dir='ltr'>εἴσοδον</span> <span class='ocrx_word' id='word_1_523' title='bbox 1344 4868 1641 4922; x_wconf 84' lang='grc' dir='ltr'>κατανοῶν.</span> <span class='ocrx_word' id='word_1_524' title='bbox 1959 4871 2266 4943; x_wconf 85' lang='lat' dir='ltr'><strong>ingressum</strong></span> <span class='ocrx_word' id='word_1_525' title='bbox 2292 4881 2659 4941; x_wconf 78' lang='lat' dir='ltr'><strong>cognosceret.</strong></span> 
     </span>
    </p>
   </div>
   <div class='ocr_carea' id='block_1_74' title="bbox 1674 5003 2184 5079">
    <p class='ocr_par' dir='ltr' id='par_1_74' title="bbox 1674 5003 2184 5079">
     <span class='ocr_line' id='line_1_75' title="bbox 1674 5003 2184 5079; baseline 0.004 -20"><span class='ocrx_word' id='word_1_526' title='bbox 1674 5003 2057 5079; x_wconf 75' lang='lat' dir='ltr'><strong>Idem,ibid.,§</strong></span> <span class='ocrx_word' id='word_1_527' title='bbox 2097 5006 2184 5061; x_wconf 71' lang='grc' dir='ltr'><strong>ιο.</strong></span> 
     </span>
    </p>
   </div>
   <div class='ocr_carea' id='block_1_75' title="bbox 365 5086 1937 5180">
    <p class='ocr_par' dir='ltr' id='par_1_75' title="bbox 365 5086 1852 5174">
     <span class='ocr_line' id='line_1_76' title="bbox 365 5086 1852 5174; baseline 0.006 -28"><span class='ocrx_word' id='word_1_528' title='bbox 365 5086 453 5156; x_wconf 82' lang='grc' dir='ltr'>Ὦς</span> <span class='ocrx_word' id='word_1_529' title='bbox 473 5091 529 5146; x_wconf 80' lang='grc' dir='ltr'>δὲ</span> <span class='ocrx_word' id='word_1_530' title='bbox 560 5093 730 5148; x_wconf 83' lang='grc' dir='ltr'>ταῦτα</span> <span class='ocrx_word' id='word_1_531' title='bbox 771 5089 838 5167; x_wconf 80' lang='grc' dir='ltr'>ἦν</span> <span class='ocrx_word' id='word_1_532' title='bbox 870 5095 1061 5162; x_wconf 77' lang='grc' dir='ltr'>οὕτως,</span> <span class='ocrx_word' id='word_1_533' title='bbox 1091 5100 1182 5151; x_wconf 72' lang='grc' dir='ltr'><strong>καὶ</strong></span> <span class='ocrx_word' id='word_1_534' title='bbox 1207 5099 1265 5152; x_wconf 86' lang='grc' dir='ltr'><strong>ἐν</strong></span> <span class='ocrx_word' id='word_1_535' title='bbox 1296 5101 1593 5173; x_wconf 68' lang='grc' dir='ltr'>καταλήψει</span> <span class='ocrx_word' id='word_1_536' title='bbox 1626 5103 1852 5174; x_wconf 82' lang='grc' dir='ltr'>γεγένη-</span> 
     </span>
    </p>
   </div>
   <div class='ocr_carea' id='block_1_76' title="bbox 1943 5086 3515 5180">
    <p class='ocr_par' dir='ltr' id='par_1_76' title="bbox 2033 5100 3515 5180">
     <span class='ocr_line' id='line_1_77' title="bbox 2033 5100 3515 5180; baseline 0.005 -24"><span class='ocrx_word' id='word_1_537' title='bbox 2033 5101 2157 5156; x_wconf 67' lang='lat' dir='ltr'><strong>Haec</strong></span> <span class='ocrx_word' id='word_1_538' title='bbox 2183 5102 2346 5173; x_wconf 78' lang='lat' dir='ltr'><strong>igitur</strong></span> <span class='ocrx_word' id='word_1_539' title='bbox 2375 5116 2497 5157; x_wconf 90' lang='lat' dir='ltr'><strong>cum</strong></span> <span class='ocrx_word' id='word_1_540' title='bbox 2525 5100 2596 5157; x_wconf 88' lang='lat' dir='ltr'><strong>ita</strong></span> <span class='ocrx_word' id='word_1_541' title='bbox 2622 5117 2680 5158; x_wconf 90' lang='lat' dir='ltr'><strong>se</strong></span> <span class='ocrx_word' id='word_1_542' title='bbox 2702 5101 2982 5171; x_wconf 83' lang='lat' dir='ltr'><strong>haberent,</strong></span> <span class='ocrx_word' id='word_1_543' title='bbox 3021 5115 3074 5162; x_wconf 90' lang='lat' dir='ltr'><strong>et</strong></span> <span class='ocrx_word' id='word_1_544' title='bbox 3098 5107 3395 5164; x_wconf 83' lang='lat' dir='ltr'><strong>Archelaus</strong></span> <span class='ocrx_word' id='word_1_545' title='bbox 3420 5124 3515 5180; x_wconf 83' lang='lat' dir='ltr'><strong>pe—</strong></span> 
     </span>
    </p>
   </div>
   <div class='ocr_carea' id='block_1_77' title="bbox 280 5184 1852 5268">
    <p class='ocr_par' dir='ltr' id='par_1_77' title="bbox 280 5184 1850 5265">
     <span class='ocr_line' id='line_1_78' title="bbox 280 5184 1850 5265; baseline 0.008 -30"><span class='ocrx_word' id='word_1_546' title='bbox 280 5198 370 5235; x_wconf 84' lang='grc' dir='ltr'><strong>ται</strong></span> <span class='ocrx_word' id='word_1_547' title='bbox 409 5184 508 5238; x_wconf 78' lang='grc' dir='ltr'>ὑπὸ</span> <span class='ocrx_word' id='word_1_548' title='bbox 539 5185 632 5239; x_wconf 80' lang='grc' dir='ltr'>τοῦ</span> <span class='ocrx_word' id='word_1_549' title='bbox 671 5187 956 5259; x_wconf 78' lang='grc' dir='ltr'>Ἀρχελάου</span> <span class='ocrx_word' id='word_1_550' title='bbox 990 5190 1068 5252; x_wconf 89' lang='grc' dir='ltr'><strong>είς</strong></span> <span class='ocrx_word' id='word_1_551' title='bbox 1105 5189 1203 5261; x_wconf 85' lang='grc' dir='ltr'><strong>τὴν</strong></span> <span class='ocrx_word' id='word_1_552' title='bbox 1237 5191 1517 5263; x_wconf 75' lang='grc' dir='ltr'>ἁντιὸολὴν</span> <span class='ocrx_word' id='word_1_553' title='bbox 1555 5191 1650 5246; x_wconf 82' lang='grc' dir='ltr'>τοῦ</span> <span class='ocrx_word' id='word_1_554' title='bbox 1685 5191 1850 5265; x_wconf 75' lang='grc' dir='ltr'>ζητή-</span> 
     </span>
    </p>
   </div>
   <div class='ocr_carea' id='block_1_78' title="bbox 1945 5184 3517 5268">
    <p class='ocr_par' dir='ltr' id='par_1_78' title="bbox 1957 5190 3517 5268">
     <span class='ocr_line' id='line_1_79' title="bbox 1957 5190 3517 5268; baseline 0.003 -22"><span class='ocrx_word' id='word_1_555' title='bbox 1957 5193 2105 5248; x_wconf 89' lang='lat' dir='ltr'><strong>nitus</strong></span> <span class='ocrx_word' id='word_1_556' title='bbox 2133 5190 2315 5248; x_wconf 91' lang='lat' dir='ltr'><strong>omnia</strong></span> <span class='ocrx_word' id='word_1_557' title='bbox 2353 5202 2668 5263; x_wconf 80' lang='lat' dir='ltr'><strong>cognosset,</strong></span> <span class='ocrx_word' id='word_1_558' title='bbox 2709 5201 2769 5249; x_wconf 92' lang='lat' dir='ltr'><strong>ut</strong></span> <span class='ocrx_word' id='word_1_559' title='bbox 2799 5196 2865 5250; x_wconf 88' lang='lat' dir='ltr'><strong>de</strong></span> <span class='ocrx_word' id='word_1_560' title='bbox 2889 5199 3190 5267; x_wconf 80' lang='lat' dir='ltr'><strong>quaestione</strong></span> <span class='ocrx_word' id='word_1_561' title='bbox 3218 5199 3306 5252; x_wconf 89' lang='lat' dir='ltr'><strong>illa</strong></span> <span class='ocrx_word' id='word_1_562' title='bbox 3331 5199 3517 5268; x_wconf 89' lang='lat' dir='ltr'><strong>dispu-</strong></span> 
     </span>
    </p>
   </div>
   <div class='ocr_carea' id='block_1_79' title="bbox 287 5277 1859 5355">
    <p class='ocr_par' dir='ltr' id='par_1_79' title="bbox 287 5277 1850 5355">
     <span class='ocr_line' id='line_1_80' title="bbox 287 5277 1850 5355; baseline 0.007 -29"><span class='ocrx_word' id='word_1_563' title='bbox 287 5291 472 5344; x_wconf 86' lang='grc' dir='ltr'>ματος,</span> <span class='ocrx_word' id='word_1_564' title='bbox 501 5277 844 5348; x_wconf 73' lang='grc' dir='ltr'>ἑτοιμότατος</span> <span class='ocrx_word' id='word_1_565' title='bbox 879 5279 1135 5348; x_wconf 84' lang='grc' dir='ltr'>ὑπάρχων</span> <span class='ocrx_word' id='word_1_566' title='bbox 1177 5280 1266 5333; x_wconf 76' lang='grc' dir='ltr'>διὰ</span> <span class='ocrx_word' id='word_1_567' title='bbox 1298 5282 1397 5352; x_wconf 76' lang='grc' dir='ltr'><strong>τὴν</strong></span> <span class='ocrx_word' id='word_1_568' title='bbox 1431 5283 1564 5355; x_wconf 82' lang='grc' dir='ltr'>πρὸς</span> <span class='ocrx_word' id='word_1_569' title='bbox 1593 5282 1725 5337; x_wconf 76' lang='grc' dir='ltr'>Θεὸν</span> <span class='ocrx_word' id='word_1_570' title='bbox 1753 5301 1850 5337; x_wconf 90' lang='grc' dir='ltr'>πο-</span> 
     </span>
    </p>
   </div>
   <div class='ocr_carea' id='block_1_80' title="bbox 1939 5277 3511 5355">
    <p class='ocr_par' dir='ltr' id='par_1_80' title="bbox 1955 5283 3511 5354">
     <span class='ocr_line' id='line_1_81' title="bbox 1955 5283 3511 5354; baseline 0.001 -17"><span class='ocrx_word' id='word_1_571' title='bbox 1955 5293 2071 5339; x_wconf 92' lang='lat' dir='ltr'><strong>tare</strong></span> <span class='ocrx_word' id='word_1_572' title='bbox 2120 5293 2338 5353; x_wconf 89' lang='lat' dir='ltr'><strong>posset;</strong></span> <span class='ocrx_word' id='word_1_573' title='bbox 2377 5298 2609 5354; x_wconf 87' lang='lat' dir='ltr'><strong>cumque</strong></span> <span class='ocrx_word' id='word_1_574' title='bbox 2654 5283 2720 5339; x_wconf 89' lang='lat' dir='ltr'><strong>ad</strong></span> <span class='ocrx_word' id='word_1_575' title='bbox 2765 5286 2817 5340; x_wconf 90' lang='lat' dir='ltr'><strong>id</strong></span> <span class='ocrx_word' id='word_1_576' title='bbox 2860 5298 3002 5344; x_wconf 89' lang='lat' dir='ltr'><strong>esset</strong></span> <span class='ocrx_word' id='word_1_577' title='bbox 3037 5289 3511 5354; x_wconf 66' lang='lat' dir='ltr'><strong>instructissimus,</strong></span> 
     </span>
    </p>
   </div>
   <div class='ocr_carea' id='block_1_81' title="bbox 283 5364 1855 5445">
    <p class='ocr_par' dir='ltr' id='par_1_81' title="bbox 283 5364 1846 5445">
     <span class='ocr_line' id='line_1_82' title="bbox 283 5364 1846 5445; baseline 0.008 -29"><span class='ocrx_word' id='word_1_578' title='bbox 283 5364 586 5422; x_wconf 83' lang='grc' dir='ltr'>λυποίκιλον</span> <span class='ocrx_word' id='word_1_579' title='bbox 611 5369 808 5437; x_wconf 84' lang='grc' dir='ltr'>γνῶσιν</span> <span class='ocrx_word' id='word_1_580' title='bbox 837 5370 929 5423; x_wconf 75' lang='grc' dir='ltr'>τοῦ</span> <span class='ocrx_word' id='word_1_581' title='bbox 959 5370 1168 5442; x_wconf 76' lang='grc' dir='ltr'>ἀνδρὸς,</span> <span class='ocrx_word' id='word_1_582' title='bbox 1203 5373 1295 5424; x_wconf 75' lang='grc' dir='ltr'><strong>καὶ</strong></span> <span class='ocrx_word' id='word_1_583' title='bbox 1323 5372 1390 5424; x_wconf 77' lang='grc' dir='ltr'>δι’</span> <span class='ocrx_word' id='word_1_584' title='bbox 1416 5373 1482 5443; x_wconf 83' lang='grc' dir='ltr'>ἢν</span> <span class='ocrx_word' id='word_1_585' title='bbox 1510 5374 1846 5445; x_wconf 80' lang='grc' dir='ltr'>προεντεοεί-</span> 
     </span>
    </p>
   </div>
   <div class='ocr_carea' id='block_1_82' title="bbox 1941 5364 3513 5445">
    <p class='ocr_par' dir='ltr' id='par_1_82' title="bbox 1955 5373 3513 5444">
     <span class='ocr_line' id='line_1_83' title="bbox 1955 5373 3513 5444; baseline 0.003 -16"><span class='ocrx_word' id='word_1_586' title='bbox 1955 5373 2150 5444; x_wconf 87' lang='lat' dir='ltr'><strong>partim</strong></span> <span class='ocrx_word' id='word_1_587' title='bbox 2177 5374 2321 5444; x_wconf 88' lang='lat' dir='ltr'><strong>quod</strong></span> <span class='ocrx_word' id='word_1_588' title='bbox 2348 5389 2378 5428; x_wconf 90' lang='lat' dir='ltr'><strong>a</strong></span> <span class='ocrx_word' id='word_1_589' title='bbox 2404 5374 2688 5444; x_wconf 88' lang='lat' dir='ltr'><strong>multiplici</strong></span> <span class='ocrx_word' id='word_1_590' title='bbox 2735 5375 3042 5432; x_wconf 88' lang='lat' dir='ltr'><strong>divinarum</strong></span> <span class='ocrx_word' id='word_1_591' title='bbox 3072 5391 3254 5432; x_wconf 91' lang='lat' dir='ltr'><strong>rerum</strong></span> <span class='ocrx_word' id='word_1_592' title='bbox 3285 5377 3513 5433; x_wconf 82' lang='lat' dir='ltr'><strong>scientia</strong></span> 
     </span>
    </p>
   </div>
   <div class='ocr_carea' id='block_1_83' title="bbox 281 5457 1853 5538">
    <p class='ocr_par' dir='ltr' id='par_1_83' title="bbox 281 5457 1844 5534">
     <span class='ocr_line' id='line_1_84' title="bbox 281 5457 1844 5534; baseline 0.006 -26"><span class='ocrx_word' id='word_1_593' title='bbox 281 5471 428 5508; x_wconf 86' lang='grc' dir='ltr'>κειτο</span> <span class='ocrx_word' id='word_1_594' title='bbox 469 5457 751 5530; x_wconf 85' lang='grc' dir='ltr'>παρά.τοῦ</span> <span class='ocrx_word' id='word_1_595' title='bbox 781 5459 1062 5530; x_wconf 79' lang='grc' dir='ltr'>Τύρδωνος</span> <span class='ocrx_word' id='word_1_596' title='bbox 1103 5460 1342 5531; x_wconf 75' lang='grc' dir='ltr'>ἀκριϐῶς</span> <span class='ocrx_word' id='word_1_597' title='bbox 1382 5461 1715 5534; x_wconf 85' lang='grc' dir='ltr'>μεμαθηκὼς</span> <span class='ocrx_word' id='word_1_598' title='bbox 1745 5466 1844 5534; x_wconf 83' lang='grc' dir='ltr'>τῆς</span> 
     </span>
    </p>
   </div>
   <div class='ocr_carea' id='block_1_84' title="bbox 1943 5457 3515 5538">
    <p class='ocr_par' dir='ltr' id='par_1_84' title="bbox 1954 5464 3515 5538">
     <span class='ocr_line' id='line_1_85' title="bbox 1954 5464 3515 5538; baseline 0.003 -19"><span class='ocrx_word' id='word_1_599' title='bbox 1954 5465 2334 5535; x_wconf 82' lang='lat' dir='ltr'><strong>paratissimus</strong></span> <span class='ocrx_word' id='word_1_600' title='bbox 2353 5473 2487 5530; x_wconf 88' lang='lat' dir='ltr'><strong>erat,</strong></span> <span class='ocrx_word' id='word_1_601' title='bbox 2505 5467 2701 5536; x_wconf 86' lang='lat' dir='ltr'><strong>partim</strong></span> <span class='ocrx_word' id='word_1_602' title='bbox 2725 5467 2870 5536; x_wconf 85' lang='lat' dir='ltr'><strong>quod</strong></span> <span class='ocrx_word' id='word_1_603' title='bbox 2899 5483 2927 5521; x_wconf 89' lang='lat' dir='ltr'><strong>a</strong></span> <span class='ocrx_word' id='word_1_604' title='bbox 2957 5464 3205 5537; x_wconf 85' lang='lat' dir='ltr'><strong>Tyrbone</strong></span> <span class='ocrx_word' id='word_1_605' title='bbox 3222 5468 3515 5538; x_wconf 82' lang='lat' dir='ltr'><strong>perdoctus</strong></span> 
     </span>
    </p>
   </div>
   <div class='ocr_carea' id='block_1_85' title="bbox 351 5614 1923 5688">
    <p class='ocr_par' dir='ltr' id='par_1_85' title="bbox 351 5614 1842 5688">
     <span class='ocr_line' id='line_1_86' title="bbox 351 5614 1842 5688; baseline 0.005 -19"><span class='ocrx_word' id='word_1_606' title='bbox 351 5614 427 5688; x_wconf 71' lang='lat' dir='ltr'><strong>(l)</strong></span> <span class='ocrx_word' id='word_1_607' title='bbox 469 5615 701 5688; x_wconf 51' lang='lat' dir='ltr'><strong>&quot;Ore/tor</strong></span> <span class='ocrx_word' id='word_1_608' title='bbox 728 5617 844 5671; x_wconf 82' lang='grc' dir='ltr'>δικ.</span> <span class='ocrx_word' id='word_1_609' title='bbox 901 5617 957 5688; x_wconf 85' lang='lat' dir='ltr'><strong>ln</strong></span> <span class='ocrx_word' id='word_1_610' title='bbox 988 5617 1146 5674; x_wconf 90' lang='lat' dir='ltr'><strong>editis</strong></span> <span class='ocrx_word' id='word_1_611' title='bbox 1172 5619 1318 5688; x_wconf 83' lang='grc' dir='ltr'>ὅπλῳ</span> <span class='ocrx_word' id='word_1_612' title='bbox 1349 5619 1454 5672; x_wconf 86' lang='grc' dir='ltr'>δικ.</span> <span class='ocrx_word' id='word_1_613' title='bbox 1506 5637 1524 5670; x_wconf 72' lang='grc' dir='ltr'><em>α</em></span> <span class='ocrx_word' id='word_1_614' title='bbox 1559 5621 1724 5676; x_wconf 89' lang='lat' dir='ltr'><strong>armis</strong></span> <span class='ocrx_word' id='word_1_615' title='bbox 1753 5623 1842 5688; x_wconf 87' lang='lat' dir='ltr'><strong>ju-</strong></span> 
     </span>
    </p>
   </div>
   <div class='ocr_carea' id='block_1_86' title="bbox 587 5614 2159 5688">
    <p class='ocr_par' dir='ltr' id='par_1_86' title="bbox 587 5617 2159 5688">
     <span class='ocr_line' id='line_1_87' title="bbox 587 5617 2159 5688; baseline 0.003 -17"><span class='ocrx_word' id='word_1_616' title='bbox 587 5621 701 5671; x_wconf 80' lang='grc' dir='ltr'>λον</span> <span class='ocrx_word' id='word_1_617' title='bbox 728 5617 844 5671; x_wconf 82' lang='grc' dir='ltr'>δικ.</span> <span class='ocrx_word' id='word_1_618' title='bbox 901 5617 957 5688; x_wconf 85' lang='lat' dir='ltr'><strong>ln</strong></span> <span class='ocrx_word' id='word_1_619' title='bbox 988 5617 1146 5674; x_wconf 90' lang='lat' dir='ltr'><strong>editis</strong></span> <span class='ocrx_word' id='word_1_620' title='bbox 1172 5619 1318 5688; x_wconf 83' lang='grc' dir='ltr'>ὅπλῳ</span> <span class='ocrx_word' id='word_1_621' title='bbox 1349 5619 1454 5672; x_wconf 86' lang='grc' dir='ltr'>δικ.</span> <span class='ocrx_word' id='word_1_622' title='bbox 1506 5637 1524 5670; x_wconf 72' lang='grc' dir='ltr'><em>α</em></span> <span class='ocrx_word' id='word_1_623' title='bbox 1559 5621 1724 5676; x_wconf 89' lang='lat' dir='ltr'><strong>armis</strong></span> <span class='ocrx_word' id='word_1_624' title='bbox 1753 5623 1842 5688; x_wconf 87' lang='lat' dir='ltr'><strong>ju-</strong></span> <span class='ocrx_word' id='word_1_625' title='bbox 1949 5621 2159 5680; x_wconf 79' lang='grc' dir='ltr'>Τουττ.</span> 
     </span>
    </p>
   </div>
   <div class='ocr_carea' id='block_1_87' title="bbox 280 5682 1852 5763">
    <p class='ocr_par' dir='ltr' id='par_1_87' title="bbox 280 5682 1838 5763">
     <span class='ocr_line' id='line_1_88' title="bbox 280 5682 1838 5763; baseline 0.005 -25"><span class='ocrx_word' id='word_1_626' title='bbox 280 5682 526 5763; x_wconf 60' lang='lat' dir='ltr'><strong>s’titite._i</strong></span> <span class='ocrx_word' id='word_1_627' title='bbox 571 5686 822 5763; x_wconf 67' lang='lat' dir='ltr'><strong>Legimus</strong></span> <span class='ocrx_word' id='word_1_628' title='bbox 863 5687 1124 5763; x_wconf 58' lang='lat' dir='ltr'><strong>51;10v_in</strong></span> <span class='ocrx_word' id='word_1_629' title='bbox 1177 5682 1310 5763; x_wconf 53' lang='lat' dir='ltr'><strong>mss.</strong></span> <span class='ocrx_word' id='word_1_630' title='bbox 1357 5689 1522 5743; x_wconf 88' lang='lat' dir='ltr'><strong>Coisl.</strong></span> <span class='ocrx_word' id='word_1_631' title='bbox 1555 5689 1705 5763; x_wconf 68' lang='lat' dir='ltr'><strong>Boe,</strong></span> <span class='ocrx_word' id='word_1_632' title='bbox 1734 5682 1838 5747; x_wconf 81' lang='lat' dir='ltr'><strong>Ca-</strong></span> 
     </span>
    </p>
   </div>
   <div class='ocr_carea' id='block_1_88' title="bbox 1939 5682 3511 5763">
    <p class='ocr_par' dir='ltr' id='par_1_88' title="bbox 1961 5691 3511 5763">
     <span class='ocr_line' id='line_1_89' title="bbox 1961 5691 3511 5763; baseline 0.002 -15"><span class='ocrx_word' id='word_1_633' title='bbox 1961 5762 1970 5763; x_wconf 17' lang='lat'><strong>,</strong></span> <span class='ocrx_word' id='word_1_634' title='bbox 2017 5693 2092 5762; x_wconf 68' lang='lat'><strong>(2)</strong></span> <span class='ocrx_word' id='word_1_635' title='bbox 2121 5691 2544 5763; x_wconf 79' lang='grc' dir='ltr'>Κατεπάλαισε</span> <span class='ocrx_word' id='word_1_636' title='bbox 2569 5710 2634 5750; x_wconf 84' lang='lat' dir='ltr'><strong>ex</strong></span> <span class='ocrx_word' id='word_1_637' title='bbox 2653 5693 2844 5758; x_wconf 89' lang='lat' dir='ltr'><strong>Coisl.,</strong></span> <span class='ocrx_word' id='word_1_638' title='bbox 2863 5691 3066 5758; x_wconf 84' lang='lat' dir='ltr'><strong>Ottob.,</strong></span> <span class='ocrx_word' id='word_1_639' title='bbox 3097 5692 3231 5763; x_wconf 82' lang='lat' dir='ltr'><strong>Roe,</strong></span> <span class='ocrx_word' id='word_1_640' title='bbox 3250 5693 3511 5763; x_wconf 89' lang='lat' dir='ltr'><strong>Casaub.,</strong></span> 
     </span>
    </p>
   </div>
   <div class='ocr_carea' id='block_1_89' title="bbox 281 5754 1853 5827">
    <p class='ocr_par' dir='ltr' id='par_1_89' title="bbox 281 5754 1831 5827">
     <span class='ocr_line' id='line_1_90' title="bbox 281 5754 1831 5827; baseline 0.005 -22"><span class='ocrx_word' id='word_1_641' title='bbox 281 5755 436 5827; x_wconf 65' lang='lat' dir='ltr'><strong>s_auh,</strong></span> <span class='ocrx_word' id='word_1_642' title='bbox 469 5754 628 5812; x_wconf 84' lang='lat' dir='ltr'><strong>Petro</strong></span> <span class='ocrx_word' id='word_1_643' title='bbox 646 5754 753 5812; x_wconf 91' lang='lat' dir='ltr'><strong>Sic.</strong></span> <span class='ocrx_word' id='word_1_644' title='bbox 781 5758 942 5827; x_wconf 73' lang='lat' dir='ltr'><strong>Grnd.</strong></span> <span class='ocrx_word' id='word_1_645' title='bbox 970 5761 1062 5826; x_wconf 89' lang='lat' dir='ltr'><strong>qui</strong></span> <span class='ocrx_word' id='word_1_646' title='bbox 1085 5761 1244 5827; x_wconf 81' lang='lat' dir='ltr'><strong>vertit</strong></span> <span class='ocrx_word' id='word_1_647' title='bbox 1277 5777 1294 5809; x_wconf 74' lang='grc' dir='ltr'><strong>ι</strong></span> <span class='ocrx_word' id='word_1_648' title='bbox 1320 5759 1788 5827; x_wconf 65' lang='grc' dir='ltr'>εουιυηιῙυειὶιίιιξ.</span> <span class='ocrx_word' id='word_1_649' title='bbox 1814 5783 1831 5813; x_wconf 78' lang='grc' dir='ltr'><strong>ι</strong></span> 
     </span>
    </p>
   </div>
   <div class='ocr_carea' id='block_1_90' title="bbox 1522 5754 3094 5827">
    <p class='ocr_par' dir='ltr' id='par_1_90' title="bbox 1522 5754 3094 5827">
     <span class='ocr_line' id='line_1_91' title="bbox 1522 5754 3094 5827; baseline 0.004 -15"><span class='ocrx_word' id='word_1_650' title='bbox 1522 5759 1788 5827; x_wconf 65' lang='grc' dir='ltr'><strong>ιῙυςιὶιίω.</strong></span> <span class='ocrx_word' id='word_1_651' title='bbox 1814 5783 1831 5813; x_wconf 77' lang='grc' dir='ltr'><strong>ι</strong></span> <span class='ocrx_word' id='word_1_652' title='bbox 1945 5754 2125 5819; x_wconf 69' lang='lat' dir='ltr'><strong>6!de</strong></span> <span class='ocrx_word' id='word_1_653' title='bbox 2148 5763 2290 5819; x_wconf 82' lang='lat' dir='ltr'><strong>Editi</strong></span> <span class='ocrx_word' id='word_1_654' title='bbox 2325 5773 2379 5820; x_wconf 84' lang='lat' dir='ltr'><strong>et</strong></span> <span class='ocrx_word' id='word_1_655' title='bbox 2406 5765 2585 5820; x_wconf 66' lang='lat' dir='ltr'><strong>caeteri</strong></span> <span class='ocrx_word' id='word_1_656' title='bbox 2614 5754 2963 5819; x_wconf 85' lang='grc' dir='ltr'>κατεπάλαιε.</span> <span class='ocrx_word' id='word_1_657' title='bbox 3001 5754 3094 5818; x_wconf 66' lang='grc' dir='ltr'><strong>Ιι›’.¹</strong></span> 
     </span>
    </p>
   </div>
   <div class='ocr_carea' id='block_1_91' title="bbox 280 5823 1834 5900">
    <p class='ocr_par' dir='ltr' id='par_1_91' title="bbox 280 5823 1834 5900">
     <span class='ocr_line' id='line_1_92' title="bbox 280 5823 1834 5900; baseline 0.006 -24"><span class='ocrx_word' id='word_1_658' title='bbox 280 5823 515 5881; x_wconf 87' lang='lat' dir='ltr'><strong>Omnino</strong></span> <span class='ocrx_word' id='word_1_659' title='bbox 556 5843 622 5882; x_wconf 79' lang='lat' dir='ltr'><strong>ex</strong></span> <span class='ocrx_word' id='word_1_660' title='bbox 664 5828 802 5900; x_wconf 87' lang='lat' dir='ltr'><strong>stle</strong></span> <span class='ocrx_word' id='word_1_661' title='bbox 849 5823 1053 5894; x_wconf 80' lang='lat' dir='ltr'><strong>Cyrilli.</strong></span> <span class='ocrx_word' id='word_1_662' title='bbox 1113 5826 1247 5885; x_wconf 82' lang='lat' dir='ltr'><strong>Vide</strong></span> <span class='ocrx_word' id='word_1_663' title='bbox 1290 5829 1511 5886; x_wconf 86' lang='lat' dir='ltr'><strong>Catech.</strong></span> <span class='ocrx_word' id='word_1_664' title='bbox 1548 5823 1626 5896; x_wconf 70' lang='lat' dir='ltr'><strong>il,</strong></span> <span class='ocrx_word' id='word_1_665' title='bbox 1659 5847 1713 5886; x_wconf 85' lang='grc' dir='ltr'><strong>ιι.</strong></span> <span class='ocrx_word' id='word_1_666' title='bbox 1748 5833 1834 5886; x_wconf 78' lang='grc'><strong>15.</strong></span> 
     </span>
    </p>
   </div>
  </div>
