3982 6346
477 328 616 384 ηπ
657 287 660 290 ’
1309 330 1366 386 s.
1401 328 1819 388 ARCHELAUS
1853 329 2365 388 ussoronmm
2402 332 2792 391 EPISCOPUS.
3570 330 3703 399 ttat

477 453 604 499 ante
639 442 853 509 fuerat,
899 451 952 498 et
994 457 1183 497 omnes
1228 441 1418 497 nefarii
1474 444 1708 497 hominis
1741 444 2010 513 prmstigia

2145 444 2272 516 περὶ
2318 444 2409 498 τὸν
2440 444 2606 517 ἄνδρα
2638 446 2891 518 γοητείας
2931 448 2999 502 τὰ
3042 448 3239 516 πάντα,
3284 449 3397 506 ἰδοὺ
3445 452 3475 505 6
3512 454 3700 527 Μάνης

476 543 732 589 accurate
798 534 1107 602 didicerat;
1165 550 1293 590 ecce
1342 550 1466 589 cum
1514 551 1736 590 suorum
1783 536 2017 590 comitati

2144 537 2481 609 παρεγένετο
2523 538 2641 610 μεθ’
2681 534 2757 595 ὧν
2802 535 2914 610 εἶχε
2954 539 3072 611 μεθ’
3114 541 3308 596 ἑαυτοῦ
3350 543 3585 617 ἀνδρῶν.
3617 547 3702 614 Ἐξ

474 622 665 680 Manes
714 624 963 679 accessit.
1019 623 1200 690 Quare
1245 622 1511 689 subinde,
1565 623 1710 676 nulla
1763 622 2017 692 interject:

2142 628 2310 700 αὐτῆς
2334 626 2427 683 οῦν
2455 630 2549 685 καὶ
2581 630 2743 696 εὐθὺς
2781 632 3142 706 παρέρχονται
3177 636 3257 701 είς
3289 635 3585 708 συζήτησιν
3611 638 3702 710 δη.

475 733 665 783 mora,
714 717 987 787 publicam
1034 716 1378 771 collationem
1433 715 1721 771 instituunt
1758 715 1813 768 in
1844 712 2017 783 oppidi

2144 719 2304 791 μοσίᾳ
2329 722 2385 773 ἐν
2411 721 2546 794 αὐτῇ
2580 725 2647 795 τῇ
2686 723 2976 796 Κασχάρῃ,
3018 725 3279 799 πρότερον
3310 729 3391 790 είς
3410 725 3512 798 τὴν
3529 728 3704 784 αὐτῶν

477 806 600 876 ipso
627 807 900 862 Caschara
923 847 938 872 ,
989 816 1047 861 ut
1075 818 1201 861 ante
1231 806 1413 861 omnia
1437 805 1861 860 controversiam
1895 805 2039 858 illam

477 898 766 969 agitarent.
821 899 900 953 Ad
929 898 982 953 id
1012 915 1141 954 vero
1172 897 1593 954 concertationis
1641 898 1874 953 arbitros
1901 896 2039 951 deli-

478 999 631 1059 gnnt,
665 988 960 1060 Marsipum
995 989 1284 1058 quemdam
1305 1031 1321 1056 ,
1350 999 1405 1044 et
1436 989 1743 1051 Claudium,
1775 996 1826 1042 et
1854 986 2040 1056 IEgia—

470 1082 620 1137 leum
645 1119 661 1145 ,
712 1088 766 1134 et
792 1078 1111 1135 Cleobulum
1137 1122 1151 1146 ,
1195 1095 1427 1150 quorum
1454 1079 1666 1150 primus
1694 1079 1924 1134 ethnica:
1949 1093 2037 1133 sa—

469 1174 724 1246 pientiae,
787 1172 1062 1228 secundus
1120 1172 1399 1228 medicina:
1468 1170 1784 1243 professor,
1846 1170 2037 1226 tertius

471 1264 879 1337 grammaticus,
912 1274 1221 1334 postremus
1246 1272 1362 1319 erat
1386 1263 1653 1333 sophista.
1697 1261 1862 1316 Multa
1893 1262 1946 1316 in
1971 1277 2035 1318 ea

467 1356 836 1427 disputatione
886 1355 1030 1410 ultro
1062 1356 1308 1425 citroque
1330 1355 1533 1425 jactata
1560 1362 1718 1420 sunt;
1752 1369 1875 1408 cum
1910 1353 2036 1408 hinc

467 1448 654 1505 Manes
682 1448 893 1504 fabulas
922 1464 1051 1504 suas
1074 1458 1413 1518 preponeret,
1429 1447 1551 1502 inde
1573 1445 1890 1511 Archelaus,
1916 1444 2034 1501 vel~

467 1549 529 1594 ut
579 1540 829 1610 egregius
861 1540 1037 1605 miles,
1073 1538 1369 1594 adversarii
1408 1539 1516 1594 tela
1540 1537 1595 1593 vi
1619 1552 1718 1593 sua
1743 1553 1808 1593 ac
1834 1539 2034 1593 virtute

465 1633 782 1688 discuteret.
836 1630 1121 1686 Postremo
1149 1631 1324 1686 victus
1348 1639 1431 1687 est
1462 1630 1669 1699 Manes,
1699 1646 1761 1686 ac
1798 1630 1865 1686 de
1890 1630 2032 1701 judi-

466 1742 591 1781 cum
623 1725 890 1783 sententia
930 1723 1143 1777 veritati
1166 1722 1352 1778 cessit.

2139 808 2419 882 ἀντιϐολὴν
2459 810 2553 863 τοῦ
2587 810 2896 883 ζητήματος
2926 814 3279 885 αίρησάμενοι
3319 816 3457 887 ὁμοῦ
3491 820 3702 889 κριτὰς,

2139 898 2428 970 Μάρσιπόν
2475 917 2594 953 τινα
2633 901 2876 973 ὀνόματι,
2912 903 3007 956 καὶ
3032 903 3342 970 -Κλαύδιον,
3386 907 3481 960 καὶ
3516 908 3706 977 Αἰγια-

2137 989 2254 1054 λέα,
2293 991 2387 1045 καὶ
2429 991 2778 1059 Κλεόϐουλον,
2812 994 2903 1047 τὸν
2945 994 3043 1065 μὲν
3074 995 3182 1049 τῶν
3222 997 3379 1061 ἐκτὸς
3408 998 3586 1068 λόγων
3618 1018 3704 1071 qn-

2136 1080 2363 1152 λόσοφον
2383 1123 2397 1148 ,
2431 1083 2523 1136 τὸν
2558 1083 2614 1137 δὲ
2655 1086 3085 1157 ίατροσοφιστὴν,
3118 1086 3207 1140 τὸν
3236 1087 3292 1141 δὲ
3329 1089 3489 1158 φύσει
3524 1107 3703 1162 γραμο

2139 1174 2386 1243 ματικδν,
2424 1174 2520 1229 καὶ
2551 1174 2641 1230 τὸν
2680 1175 2837 1229 ἄλλον
2881 1177 3161 1248 σοφιστήν.
3208 1179 3315 1231 Καὶ
3354 1179 3566 1233 πολλῶν
3606 1184 3702 1253 pq-

2137 1265 2323 1336 μάτων
2353 1267 2658 1339 εἰρημένων
2695 1266 2753 1334 ἐξ
2804 1268 3079 1342 ἑκατέρων
3123 1266 3231 1323 τῶν
3276 1270 3478 1342 μερῶν,
3516 1273 3610 1326 τοῦ
3643 1291 3703 1327 τε

2133 1357 2291 1430 Μάνη
2319 1358 2387 1413 τὰ
2425 1359 2524 1431 τῆς
2562 1357 2838 1430 μυθώδους
2868 1360 3213 1425 διδασκαλίας
3244 1362 3698 1435 προϐαλλομένω,

2132 1446 2225 1499 καὶ
2270 1444 2362 1500 τοῦ
2419 1447 2740 1520 Ἀρχελάου,
2786 1447 2973 1521 ῶσπερ
3016 1449 3388 1521 ἀριστεύοντος
3442 1453 3700 1519 ὁπλίτου,

2132 1538 2225 1593 καὶ
2255 1540 2322 1612 τῇ
2352 1538 2457 1612 ἰδίᾳ
2480 1540 2642 1594 αὐτοῦ
2676 1540 2898 1612 δυνάμει
2928 1541 3317 1614 καθαιροῦντος
3336 1545 3406 1599 τὰ
3430 1543 3560 1618 βέλη
3594 1547 3702 1601 τῶν

2129 1632 2447 1699 διεναντίας,
2490 1635 2551 1689 τὸ
2590 1634 2763 1708 πέρας
2802 1632 2862 1688 τὸ
2904 1630 3067 1708 ἧττον
3113 1636 3557 1707 ἀπενεγκαμένου
3606 1638 3699 1693 τοῦ

2128 1726 2309 1799 Μάνη,
2338 1726 2432 1780 καὶ
2462 1727 2760 1799 κρινάντων
2789 1726 2898 1781 τῶν
2930 1726 3153 1799 κριτῶν,
3182 1727 3242 1780 τὸ
3276 1727 3530 1800 βραϐεῖον
3560 1726 3698 1786 εἶναι

2059 1812 2102 1867 n
2130 1818 2196 1888 τῇ
2225 1815 2470 1889 ἀληθείᾳ.

1842 1901 2014 1971 Idem,
2043 1906 2197 1974 ibid.,
2245 1907 2272 1980 §
2299 1908 2386 1962 ti.

533 2002 662 2059 Inde
706 2002 871 2074 igitur
915 2001 1201 2057 discedens
1226 1997 1412 2054 Manes
1454 1997 1799 2054 Diodoridem
1831 1997 2024 2070 (pagus

461 2098 509 2160 is
541 2105 624 2153 est
647 2096 700 2151 in
724 2094 1037 2165 Carcharis)
1064 2107 1186 2151 sese
1218 2090 1452 2147 contulit
1480 2109 1494 2147 :
1534 2091 1627 2146 ubi
1654 2090 1913 2162 Tryphon
1945 2090 2020 2162 (5)

459 2190 684 2262 quidam
716 2196 835 2243 erat
855 2186 940 2240 vir
965 2183 1225 2255 optimus,
1256 2197 1321 2237 ac
1345 2190 1458 2237 tum
1486 2181 1592 2237 loci
1623 2181 1769 2238 illius
1795 2181 2019 2253 presby-

460 2293 559 2338 ter.
621 2281 702 2336 Ad
749 2280 894 2334 hunc
935 2277 1121 2332 Manes
1162 2275 1475 2340 divertens,
1526 2289 1746 2330 rursum
1793 2273 2023 2328 miscere

462 2374 642 2431 omnia
666 2415 682 2439 ,
726 2386 792 2428 ac
819 2387 880 2427 se
910 2379 1227 2440 arroganter
1254 2367 1446 2423 ellerre
1470 2407 1486 2432 ,
1517 2376 1712 2424 nactus
1747 2367 2018 2422 hominem

460 2464 661 2535 alioqui
727 2463 929 2518 bonum
955 2502 971 2526 ,
1023 2468 1078 2515 et
1125 2459 1409 2515 excellenti
1459 2458 1657 2529 pietate
1712 2458 2018 2528 praeditum,

458 2558 552 2613 sed
592 2555 856 2611 orationis
903 2552 1157 2624 praesidio
1202 2550 1539 2607 destitutum.
1590 2547 1788 2605 Verum
1832 2564 1902 2604 ne
1940 2546 2020 2605 sic

455 2647 705 2719 quidem,
754 2647 832 2701 uti
858 2651 1204 2716 speraverat,
1239 2642 1463 2699 illudere
1484 2642 1690 2698 Christi
1733 2657 1889 2698 servo
1917 2656 2016 2711 po-

456 2741 581 2797 tuit.

2211 2000 2490 2056 Ἐντεῦθεν
2534 2001 2563 2055 ό
2591 2000 2784 2071 Μάνης
2814 1996 3143 2074 ἀποδράσας⁹
3164 2008 3268 2056 etc.
3309 1998 3695 2074 Ἀναχωρήσας

2127 2092 2186 2147 δέ
2241 2092 2460 2165 ἔρχεται
2512 2091 2594 2155 είς
2654 2089 2849 2164 κώμην
2900 2091 3000 2163 τῆς
3038 2092 3346 2165 Καρχάρων
3404 2095 3694 2167 Διοδωρίδα

2125 2182 2482 2255 καλουμένην,
2533 2184 2592 2237 ἐν
2721 2183 2951 2255 Τρύφων
2989 2201 3073 2248 τις
3118 2186 3520 2250 ἐπιεικέστατος
3573 2189 3693 2241 κατ’

2124 2276 2300 2330 ἐκεῖνο
2346 2273 2535 2347 καιροῦ
2580 2274 2841 2346 ἐτύγχανε
2886 2274 2994 2330 τῶν
3044 2276 3233 2331 αὐτόθι
3288 2275 3691 2349 πρεσϐύτερος·

2125 2367 2255 2440 παρ’
2291 2358 2336 2436 ᾧ
2375 2368 2404 2420 6
2435 2368 2627 2437 Μάνης
2656 2367 2965 2437 γενόμενος,
3000 2368 3159 2422 πάλιν
3202 2369 3376 2422 ἐκύκα
3403 2371 3666 2440 καυχώμε

2122 2476 2231 2523 νος,
2259 2458 2574 2513 καταλαϐὼν
2600 2460 2690 2515 τὸν
2727 2460 2892 2531 ἄνδρα
2931 2461 3131 2530 ἀγαθὸν
3167 2461 3265 2532 μὲν
3295 2461 3364 2515 τὰ
3399 2461 3555 2522 ἄλλα,
3595 2467 3689 2516 καὶ

2124 2548 2429 2620 θαυμαστὸν
2454 2550 2519 2619 τῇ
2554 2547 2850 2620 θεοσεϐείᾳ,
2878 2548 3127 2622 πενιχρὸν
3151 2549 3209 2604 δὲ
3234 2551 3310 2622 τῷ
3326 2550 3492 2622 λόγῳ.
3535 2550 3689 2607 Ἀλλὰ

2122 2639 2219 2695 καὶ
2257 2640 2316 2693 ὲν
2356 2638 2585 2705 τούτοις,
2625 2639 2700 2704 ὡς
2742 2640 3056 2712 ὑπείληφεν,
3090 2641 3190 2697 οὐκ
3232 2642 3451 2712 ἴσχυσεν
3495 2644 3691 2697 ἐπιτω-

2122 2731 2305 2798 θάζειν
2336 2732 2413 2806 τῷ
2441 2731 2536 2787 τοῦ
2570 2732 2803 2803 Χριστοῦ
2827 2732 3019 2806 δούλῳ.

1887 2848 2060 2905 Paula
2098 2860 2214 2921 post
2243 2866 2261 2905 :

527 2944 631 3002 Sed
676 2960 799 3001 cum
849 2943 1036 2998 Manes
1082 2941 1276 2997 iterum
1321 2954 1443 2995 cum
1481 2940 1769 3012 Tryphone
1795 2941 2015 3012 presby-
2044 2948 2088 3005 ο

453 3046 571 3093 tero
602 3034 861 3107 congredi
893 3033 1072 3098 vellet,
1108 3032 1200 3103 qui
1233 3031 1335 3087 sibi
1367 3031 1420 3084 in
1445 3031 1716 3102 plerisque
1738 3032 2015 3087 contradi-

453 3137 630 3193 xerat,
679 3127 767 3181 ille
788 3140 901 3179 rem
926 3137 1143 3178 omnem
1187 3136 1283 3192 per
1312 3120 1518 3201 litteras
1545 3118 1811 3176 Archelao
1842 3120 2010 3193 signi-

455 3223 600 3277 ticat.

2204 2936 2480 2995 Ἐντεῦθεν
2533 2938 2692 2995 πάλιν
2742 2938 3092 3012 βουληθέντος
3150 2939 3501 3007 διαλέξασθαι
3555 2944 3689 3014 πρός

2118 3032 2383 3106 Τρύφωνα
2402 3034 2490 3088 τὸν
2522 3032 2901 3105 πρεσϐύτερον,
2921 3031 3012 3086 καὶ
3043 3031 3203 3086 αὐτοῦ
3230 3034 3291 3086 ἐν
3321 3033 3539 3099 πολλοῖς
3568 3036 3688 3089 ἅντ-

2118 3123 2382 3189 ειπόντος,
2410 3122 2717 3195 γράψαντός
2738 3140 2796 3177 τε
2830 3122 2910 3194 τῷ
2949 3122 3231 3197 Ἀρχελάῳ,
3242 3133 3348 3181 etc.

1830 3302 1898 3357 Et
1944 3313 2060 3373 post
2081 3318 2251 3376 pauca
2274 3322 2294 3360 :

519 3400 840 3467 Archelaus,
887 3400 970 3455 his
994 3399 1230 3469 acceptis
1259 3398 1476 3466 litteris,
1505 3400 1643 3455 duos
1676 3398 1743 3453 ad
1781 3412 1909 3452 eum
1944 3397 2011 3452 li-

340 3511 345 3517 ·
451 3497 580 3552 bros
613 3494 799 3558 mittit,
828 3507 968 3565 quos
990 3493 1043 3546 in
1073 3501 1325 3562 promptu
1351 3489 1620 3563 facileque
1650 3490 2011 3561 comprehen-

448 3591 643 3651 deret,
696 3595 887 3643 contra
936 3584 1149 3641 Manem
1201 3585 1564 3656 conscriptos.
1641 3583 1905 3639 Caeterum
1954 3595 2015 3638 ut

449 3682 739 3739 adventum
783 3693 945 3736 suum
1000 3678 1403 3749 praestolaretur
1432 3674 1732 3731 admonuit.
1790 3673 2010 3729 Interim

448 3773 634 3829 Manes
659 3771 899 3829 medium
929 3769 983 3825 in
1010 3783 1203 3839 pagum
1231 3782 1446 3824 summo
1471 3766 1709 3823 diluculo
1733 3764 2009 3836 prodiens,

426 3864 794 3935 Tryphonem
838 3860 904 3916 ad
929 3859 1316 3930 disputandum
1341 3864 1620 3928 provocat.
1667 3855 1921 3923 Quicum
1949 3869 2011 3912 se

448 3955 709 4021 stitisset,
759 3961 813 4008 et
841 3952 908 4008 ad
937 3951 1122 4007 omnia
1163 3965 1287 4021 quae
1312 3948 1640 4020 quazsierat,
1692 3945 2007 4018 singillatim

446 4061 545 4120 pro
572 4060 636 4102 ea
659 4059 823 4116 quam
855 4058 882 4098 a
913 4041 1025 4098 Deo
1069 4045 1348 4111 acceperat
1397 4038 1660 4111 sapientia
1693 4037 2009 4109 respondis-

445 4148 548 4207 set,
573 4149 735 4211 atque
755 4140 1105 4209 impostorem
1132 4135 1307 4192 lenius
1336 4136 1584 4207 agitaret,
1614 4136 1754 4208 apud
1782 4150 1841 4190 se
1869 4151 2007 4192 non-

446 4233 582 4289 nihil
610 4232 895 4298 haesitans;
927 4239 1144 4300 repente
1175 4228 1473 4285 Archelaus
1496 4240 1594 4284 nec
1626 4228 1849 4299 opinato
1872 4244 2007 4285 con-

444 4336 661 4399 spcctus
685 4333 787 4390 est,
818 4324 912 4394 qui
944 4333 1199 4393 tanquam
1246 4321 1544 4377 acerrimus
1593 4321 2004 4393 paterfamilias,

446 4432 780 4488 suorumque
824 4414 1260 4471 studiosissimus
1282 4454 1295 4479 ,
1332 4414 1585 4469 audacter
1611 4414 1665 4468 in
1695 4413 2004 4484 praedonem

2196 3396 2253 3451 Ὀ
2291 3397 2349 3451 δὲ
2391 3394 2703 3451 ἀπέστειλεν
2741 3392 2890 3466 αὐτῷ
2929 3394 3023 3450 δύο
3066 3395 3260 3467 λόγους
3301 3400 3363 3453 ἐν
3407 3399 3687 3474 προχείρῳ

2114 3488 2510 3546 καταλαϐέσθαι
2555 3487 2632 3560 τῷ
2682 3488 2862 3559 Μάνῃ,
2912 3487 3234 3554 ἐκδέξασθαι
3270 3491 3329 3545 δέ
3372 3492 3470 3564 τὴν
3522 3494 3684 3547 αὐτοῦ

2113 3580 2414 3655 παρουσίαν
2437 3578 2584 3650 αὐτῷ
2618 3578 2907 3649 ἐσήμανεν.
2949 3577 3009 3632 '0
3042 3577 3233 3651 Μάνης
3259 3581 3317 3634 δὲ
3346 3582 3406 3635 ἐν
3437 3584 3508 3653 τῇ
3545 3583 3686 3654 μέσῃ

2117 3671 2281 3746 κώμῃ
2308 3670 2574 3744 προῆλθεν
2603 3666 2995 3741 ὀρθριαίτερον,
3025 3670 3591 3746 προσκαλούμενος-,ἐχ
3611 3671 3683 3744 τῷ

2115 3739 2496 3836 ωναρξασθαι,
2535 3739 2918 3834 προκαλεῖσθαι
2949 3761 3038 3815 τὸν
3069 3739 3347 3835 Τρύφωνα⁷
3378 3750 3463 3829 εἰς

2112 3858 2285 3928 ἥκειν.
2324 3856 2430 3911 Καὶ
2469 3855 2562 3909 τοῦ
2602 3852 2892 3926 Τρύφωνος
2926 3853 3318 3926 ίνδαλλομένου,
3353 3858 3686 3929 ἀποκριθέν-

2111 3966 2202 4015 τος
2229 3949 2287 4003 δὲ
2318 3947 2483 4003 αὐτοῦ
2517 3950 2653 4021 πρὸς
2680 3950 2808 4015 ἔπος
2840 3941 2914 4003 ὧν
2953 3948 3121 4021 ᾔτησε
3145 3949 3289 4003 κατὰ
3318 3950 3418 4023 τὴν
3446 3952 3515 4004 ἐκ
3543 3950 3683 4005 Θεοῦ

2110 4040 2353 4096 δοθεῖσαν
2384 4041 2529 4114 αύτῷ
2561 4041 2796 4108 σύνεσιν,
2830 4043 2925 4098 καὶ
2957 4042 3355 4116 στροϐήσαντος
3395 4043 3491 4097 τὸν
3534 4044 3684 4098 ἀπα-

2109 4133 2302 4198 τεῶνα,
2347 4132 2529 4205 ἠρέμα
2557 4134 2694 4199 πῶς,
2729 4134 2787 4188 ἐν
2816 4128 2860 4204 ᾧ
2893 4134 3069 4205 ἐαυτῷ
3110 4132 3443 4204 ἐνεδοίαζεν,·
3477 4133 3685 4189 ἀνακύ-

2111 4242 2235 4280 πτει
2274 4227 2302 4280 6
2355 4225 2639 4298 Ἀρχέλαος
2670 4226 2858 4300 ῶσπερ
2892 4226 3108 4300 ίσχυρὸς
3142 4226 3534 4300 οἰκοδεσπότης
3570 4228 3682 4282 τῶν

2115 4315 2259 4370 ίδίων
2294 4315 2736 4387 ἐπιμελούμενος,
2771 4317 2867 4372 καὶ
2905 4318 3045 4389 μετὰ
3083 4316 3391 4392 παρρησίας
3432 4317 3680 4372 ἐπελθὼν

2109 4407 2187 4480 τῷ
2226 4408 2387 4479 συλᾷν
2411 4408 2771 4481 ἐπιχειροῦντι
2803 4409 3155 4483 ὲνεϐριμεῖτο.
3186 4410 3364 4475 Εὐθὺς
3401 4411 3460 4464 δὲ
3493 4412 3573 4476 ὡς
3602 4407 3681 4465 εἷ-

445 4511 684 4568 fremens
711 4510 961 4565 incurrit.
992 4507 1161 4574 Quem
1198 4516 1257 4561 ut
1279 4504 1464 4562 Manes
1497 4508 1727 4578 aspexit,
1752 4506 2003 4563 simulata

2118 4498 2196 4552 Βεν
2215 4499 2245 4551 6
2268 4498 2459 4569 Μάνης
2487 4499 2577 4551 τὸν
2613 4499 2916 4572 Ἀρχέλαον,
2943 4500 3373 4574 ὑποκοριστικῶς
3395 4501 3523 4556 καθ’
3548 4502 3679 4556 ὑπό-

448 4602 737 4667 blanditin,
776 4599 904 4655 Sine
925 4614 1034 4666 me,
1088 4598 1285 4670 inquit,
1317 4613 1440 4654 cum
1470 4598 1762 4670 Tryphoue
1785 4606 2008 4654 conten-

446 4690 607 4755 dere;
657 4697 713 4742 tu
746 4687 890 4742 enim
933 4701 1021 4741 me
1042 4726 1058 4752 ,
1108 4701 1233 4742 cum
1268 4687 1345 4743 sis
1377 4687 1665 4758 episcopus
1688 4727 1705 4753 ,
1748 4687 2007 4759 dignitate

444 4795 689 4851 superas.
724 4777 1023 4833 Archelaus
1050 4793 1199 4844 vero,
1228 4793 1293 4832 ex
1321 4793 1389 4834 eo
1419 4779 1563 4849 quod
1580 4778 1695 4848 jam
1729 4778 1876 4834 illius
1903 4778 2004 4833 do~

444 4884 569 4942 gma
591 4867 931 4924 cunfutatum
976 4876 1112 4934 erat,
1160 4869 1332 4923 multo
1378 4884 1539 4939 quam
1571 4868 1750 4924 verbis
1775 4868 2006 4939 exprimi

440 4972 627 5037 posset
646 5002 677 5031 ,ε
698 4960 988 5017 simulandi
1019 4948 1353 5018 callidiorem
1395 4978 1516 5019 esse
1558 4962 1784 5030 docuit,
1834 4976 2007 5031 osque

445 5055 522 5110 illi
568 5069 797 5126 prorsus
842 5053 1090 5109 occlusit.
1145 5052 1282 5109 Tum
1325 5071 1447 5126 quae
1495 5055 1685 5110 abillo
1729 5057 2004 5126 proposita

444 5148 661 5204 fuerant
699 5144 1041 5211 dissolvens,
1097 5161 1299 5204 novum
1344 5147 1392 5201 ei
1435 5147 1695 5216 pudorem
1755 5148 2003 5213 incussit,

444 5251 567 5292 cum
599 5250 666 5289 ne
694 5234 904 5291 hiscere
931 5234 1150 5305 quidem
1182 5235 1420 5317 amplius
1448 5235 1689 5292 auderet.
1737 5236 1853 5291 Sub
1889 5236 2003 5293 haec

445 5327 716 5400 populus,
777 5326 1093 5383 ardentibus
1151 5342 1369 5382 rursum
1424 5328 1658 5395 animis,
1714 5323 1999 5384 scelestum

414 5403 596 5474 .illum
641 5405 947 5489 opprimere
994 5427 1223 5473 conatus
1252 5429 1351 5474 est.
1407 5420 1649 5487 Quorum
1697 5420 1786 5476 ille
1810 5436 2002 5477 manus

441 5511 705 5582 eﬂ‘ugiens
732 5510 801 5565 ad
831 5510 1111 5566 castellum
1136 5510 1426 5568 Arabionis
1449 5527 1700 5568 reversus
1723 5522 1823 5569 est.

515 5645 591 5715 (3)
631 5642 730 5699 llic
759 5644 1077 5710 notandum,
1107 5643 1465 5717 Epiphaniam
1499 5648 1777 5717 piat-peram
1822 5663 1840 5696 ι
1871 5643 2003 5717 Τις)-

441 5714 677 5798 phonettt
715 5731 733 5765 ι
761 5729 958 5798 vocare
988 5714 1360 5798 presbyterum
1390 5717 1563 5798 illum,
1612 5716 1853 5798 quicum
1882 5714 1998 5798 Illa.

438 5795 566 5840 ncte
599 5785 922 5854 disputavit;
961 5801 1087 5840 nam
1120 5785 1175 5841 iu
1207 5787 1358 5842 Actis
1386 5785 1768 5858 disputationis
1795 5785 1999 5840 Arche-

2109 4605 2286 4661 κρισιν
2337 4589 2477 4661 ἔφη·
2536 4590 2641 4645 Ἔα
2686 4608 2752 4663 με
2796 4591 2931 4665 πρὸς
2971 4591 3236 4665 Τρύφωνα
3284 4591 3674 4660 διαλέγεσθαι·

2107 4681 2419 4753 ὑπερϐαίνει
2450 4683 2559 4756 γάρ
2593 4700 2661 4756 με
2694 4683 2756 4737 τὸ
2803 4684 2894 4739 σὸν
2934 4684 3152 4757 ἀξίωμα
3187 4684 3276 4738 διὰ
3316 4684 3408 4738 τὸν
3451 4686 3677 4739 ἐπίσκο-

2106 4790 2225 4827 πον.
2266 4773 2324 4827 Ὀ
2350 4774 2428 4840 δὲ,
2457 4774 2550 4829 καὶ
2578 4774 2716 4846 μετὰ
2740 4774 2994 4846 ἐλέγχους
3012 4775 3107 4830 τοῦ
3133 4775 3290 4844 λόγου
3317 4775 3549 4845 μείζονα
3576 4777 3675 4830 αύ-

2105 4863 2194 4917 τὸν
2233 4864 2527 4936 ὑποκριτὴν
2566 4864 2873 4930 ἀποδείξας,
2922 4864 3304 4937 ἀπεφίμωσεν’
3346 4864 3456 4919 τῶν
3493 4865 3552 4920 δὲ
3583 4864 3674 4918 ὑπ’

2105 4954 2313 5008 ἐκείνου
2347 4954 2709 5027 προτεθέντων
2743 4956 2916 5026 λόγων
2940 4956 3039 5020 τὰς
3066 4955 3337 5019 ἐπιλύσεις
3367 4957 3675 5029 ποιησάμε-

2104 5065 2212 5110 νος,
2239 5044 2391 5111 αὖθις
2419 5050 2496 5112 εἰς
2524 5048 2783 5120 αἰσχύνην
2806 5049 2965 5103 αὐτὸν
2998 5049 3315 5120 κατέστησε,
3354 5050 3560 5121 μηκέτι
3583 5050 3677 5104 δυ-

2103 5138 2332 5210 νάμενον
2351 5140 2577 5212 διαίρειν
2604 5140 2798 5211 στόμα.
2828 5141 2890 5194 Ui
2918 5138 2976 5194 δὲ
2997 5139 3114 5193 λαοὶ
3137 5140 3296 5211 ζῆλον
3331 5142 3498 5223 πάλιν
3524 5142 3674 5195 ἀνει-

2102 5234 2349 5307 ληφότες,
2398 5235 2691 5308 ἐπειρῶντο
2735 5237 2824 5291 τὸν
2879 5235 3152 5308 ἀλιτήριον
3212 5235 3668 5310 διαχειρίσασθαι.

2114 5326 2171 5381 '0
2198 5327 2274 5391 δὲ,
2304 5327 2543 5399 ἀποδρὰς
2573 5328 2698 5392 τοὺς
2726 5327 2950 5399 δήμους,
2979 5328 3072 5381 καὶ
3105 5328 3187 5392 είς
3210 5328 3301 5382 τὸν
3332 5329 3673 5403 προειρημέ-

2101 5436 2189 5474 νον
2221 5418 2507 5473 κάστελλον
2547 5419 2869 5491 Ἀραϐίωνος
2888 5417 3047 5473 πάλιν
3072 5419 3317 5489 ἀφῖκται.

2100 5648 2169 5702 lai
2207 5666 2227 5699 ι
2265 5628 2531 5703 Diodorus
2567 5666 2585 5699 ι
2622 5646 2823 5717 diserte
2847 5648 3189 5717 appellatur:
3212 5643 3477 5705 Eumdem
3506 5661 3670 5706 erro-

2102 5735 2216 5775 rem
2244 5719 2444 5775 erravit
2467 5716 2694 5777 Photius
2718 5714 2857 5775 infra
2884 5714 3041 5773 num.
3067 5717 3123 5772 7.
3154 5715 3386 5774 Ζλοιειι.
