3930 7156
225 357 343 412 1425

1376 343 1707 398 VETEHUSI
1748 344 2190 406 TESTIMONIA.

3300 345 3316 397 Ι
3333 347 3429 400 5'26

1555 463 1723 529 Idem,
1754 466 1908 529 ibid.,
1939 466 2074 529 §2L

1555 466 1723 529 Idem,
1754 466 1766 519 ἰ

285 562 415 630 Ἤδη
447 559 502 613 δὲ
539 559 764 633 ἀνδράσι
797 560 1052 632 μεγάλοις
1097 559 1423 631 θαυμαστῶς
1449 560 1568 615 κατ’
1601 560 1764 614 αὐτοῦ

1892 508 1908 534 ,
1986 467 2074 521 21.

1938 466 2056 617 ξατο
2086 577 2115 617 a
2142 563 2352 634 magnis
2382 562 2514 618 viris
2543 559 2888 617 admirabiles
2913 559 2983 616 ad
3009 559 3154 616 illius
3185 557 3431 614 refutan-

222 653 550 725 ἀντιρρήσεις
575 651 667 707 τοῦ
705 653 924 723 ἐλέγχου
960 653 1280 725 πεποίηνται
1303 670 1317 683 ·
1357 652 1629 724 Ἀρχελάω
1665 652 1764 723 μὲν

1883 653 1970 709 ios
1996 669 2208 708 errores
2242 654 2645 710 lucubrationes
2689 662 2815 709 sunt
2838 653 2995 708 edita:
3016 693 3034 718 ,
3058 652 3206 709 velut
3233 652 3301 707 ab
3329 650 3433 704 Ar-

220 746 289 818 τῷ
322 745 614 817 ἐπισκόπῳ,
645 743 721 810 ὡς
751 745 1084 819 προείρηται.

1869 745 2060 801 chelae
2086 746 2365 818 episcopo,
2405 756 2463 801 ut
2493 755 2648 801 antea
2673 745 2876 802 dictum
2907 753 3010 800 est.

1670 837 1738 893 Et
1778 838 1805 910 ς
1847 839 1935 895 9.5.

283 935 428 986 Κατὰ
461 932 606 998 λέξιν
632 933 688 986 δέ
715 931 948 1002 καθεξῆς
998 933 1250 1000 ὑποτάξω
1303 933 1682 1005 ἀρμοττόντως
1705 932 1766 985 τὸ

219 1021 367 1076 αὐτοῦ
389 1021 640 1092 φρόνημα
665 1022 771 1074 ἀπὸ
806 1020 1094 1092 Ἀρχελάου
1116 1022 1251 1094 πρὸς
1271 1022 1429 1076 αὐτὸν
1448 1039 1767 1094 πεπραγμα-

219 1112 475 1183 τευμένων
507 1115 564 1166 ἐν
621 1115 685 1183 τῇ
722 1112 857 1184 πρὸς
909 1112 1067 1166 αὑτὸν
1114 1114 1418 1185 ἀντιλογίᾳ,
1481 1115 1556 1178 ὼς
1601 1114 1764 1178 αὐτὸς

222 1201 520 1272 ἀπεκάλυψε
575 1203 822 1276 Τύρϐων,
857 1199 936 1268 εἷς
988 1203 1094 1257 τῶν
1137 1204 1300 1259 αὑτοῦ
1334 1205 1608 1276 μαθητῶν,
1638 1205 1765 1276 περὶ

221 1286 274 1347 οὗ
306 1293 408 1348 ἄνω
458 1295 826 1366 ἐπεμνήσθην.
902 1297 1393 1369 Ἐπερωτησάντων
1447 1297 1626 1350 τοίνυν
1658 1297 1765 1350 τῶν

221 1385 335 1458 περὶ
373 1388 656 1458 Ἀρχέλαον
702 1388 790 1442 τὸν
819 1388 1116 1442 ἐπίσκοπον
1141 1391 1234 1444 καὶ
1283 1390 1600 1462 Μάρκελλον
1625 1389 1766 1462 Τύρ-

1941 931 2043 987 Sed
2077 947 2220 987 nunc
2249 932 2393 989 illius
2417 933 2611 1002 dogma
2648 933 2712 986 ad
2749 931 2969 988 verbum
2999 975 3014 1000 ,
3043 934 3122 988 uti
3145 942 3432 988 consenta-

1872 1039 2032 1078 neum
2063 1033 2146 1078 est
2170 1064 2184 1086 ,
2214 1026 2478 1079 ascriham
2506 1064 2520 1087 ,
2573 1040 2637 1078 ex
2661 1025 2908 1080 Archelai
2941 1040 3102 1095 opere
3125 1065 3140 1090 ,
3169 1025 3312 1094 quod
3338 1027 3433 1081 ad-

1871 1128 2060 1167 versus
2105 1112 2352 1167 eumdem
2394 1113 2544 1168 illum
2570 1114 2756 1179 edidit,
2791 1130 2854 1169 ex
2887 1114 2956 1170 iis
2979 1130 3099 1184 qua:
3125 1131 3154 1169 a
3185 1113 3434 1187 Tyrbone

1872 1203 2141 1274 discipulo
2187 1203 2331 1260 illius
2359 1213 2670 1275 acceperat,
2699 1207 2766 1261 de
2795 1221 2903 1276 quo
2946 1206 3272 1262 mentionem
3309 1216 3434 1262 ante

1876 1294 2125 1351 fecimus.
2159 1293 2293 1350 Nam
2328 1312 2449 1350 eum
2483 1298 2778 1352 Archelaus
2808 1299 3113 1368 episc0pus,
3134 1307 3186 1352 et
3211 1297 3433 1353 Marcel-

1875 1389 1958 1442 lus
1989 1388 2056 1442 de
2077 1386 2248 1443 Manis
2279 1389 2622 1458 dogmatibus
2653 1389 2952 1458 Tyrbonem
2989 1391 3432 1461 interrogassent,

1874 1483 1988 1537 haec
2026 1483 2114 1537 ille
2139 1483 2256 1552 ipsa
2281 1481 2580 1550 respondit,
2611 1496 2733 1549 qua:
2761 1497 2859 1537 nos
2886 1497 2947 1536 ex
2977 1497 3041 1536 eo
3071 1481 3208 1535 libro
3233 1479 3436 1534 descri-

1876 1572 2110 1644 psimus,
2145 1582 2378 1642 suntque
2401 1571 2687 1642 ejusmodi.

221 1477 352 1530 ϐωνα
381 1478 506 1551 περὶ
531 1479 628 1551 τῆς
653 1479 746 1532 τοῦ
769 1480 926 1551 Μάνη
954 1480 1315 1549 διδασκαλίας,
1337 1483 1365 1534 ὁ
1392 1481 1616 1553 Τύρϐων
1641 1482 1768 1535 ἀπε-

219 1568 427 1639 κρίνατο
455 1567 644 1638 λέγων,
677 1571 832 1625 ἆτινα
861 1573 926 1626 ἐκ
945 1569 1038 1626 τοῦ
1072 1571 1274 1644 βιϐλίου
1304 1571 1640 1644 παρεθέμην,
1675 1571 1769 1626 καὶ

220 1660 323 1714 ἐστι
352 1660 495 1714 τάδε.
2121 1723 2127 1727 _

284 1753 589 1826 Sequuntur
609 1765 860 1828 excerpta
900 1773 964 1813 ex
995 1757 1143 1813 Actis
1189 1755 1576 1826 disputationis
1605 1755 1853 1811 Archelai
1885 1770 2007 1811 cum
2026 1754 2256 1820 Manete,
2282 1771 2400 1824 quae
2428 1753 2491 1808 G.
2527 1753 2586 1808 L.
2623 1754 2892 1809 habentur
2917 1755 2969 1807 in
2996 1754 3228 1808 editione
3252 1761 3436 1809 nostra

220 1857 326 1914 cap.
351 1841 460 1897 VII.
489 1875 559 1884 —
585 1844 729 1899 Idem
760 1844 1093 1916 Epiphanius
1124 1845 1177 1902 in
1209 1844 1347 1901 libro
1377 1843 1454 1901 De
1486 1845 1746 1902 mensuris
1773 1853 1820 1900 et
1856 1845 2191 1914 ponderibus,
2225 1846 2252 1917 §
2280 1845 2367 1911 20,
2411 1845 2607 1901 iterum
2646 1844 2895 1900 meminit
2931 1842 3178 1901 Archelai
3209 1845 3436 1916 ejusque

219 1936 586 2009 disputationis
610 1953 734 1994 cum
762 1937 990 1996 Manete.

1774 2032 1860 2089 ill.

1126 2127 1184 2184 S.
1223 2128 1595 2200 Hieronymus,
1632 2129 1723 2182 lib.
1757 2129 1820 2183 de
1853 2127 1966 2183 Vir.
1992 2128 2216 2193 illustr.,
2261 2145 2376 2199 cap.
2412 2128 2498 2182 72.

281 2219 594 2276 Aacueuus
625 2219 909 2290 episcopus
931 2218 1331 2292 Mesopotamiae
1358 2222 1553 2277 librum
1579 2223 1767 2293 dispu-
1797 2234 1840 2288 Β
1868 2223 2164 2278 translatus
2216 2223 2268 2277 in
2318 2222 2563 2277 Graecum
2618 2223 2847 2277 habetur
2890 2237 2917 2275 a
2965 2221 3168 2276 multis.
3226 2221 3432 2278 Claruit

222 2312 425 2367 talionis
455 2327 568 2367 suae
594 2327 756 2382 quam
797 2312 983 2368 habuit
1026 2315 1285 2370 adversus
1309 2313 1659 2368 Manicbzeum
1684 2329 1773 2368 ex-
1878 2315 1979 2370 sub
2011 2315 2332 2386 imperatore
2365 2313 2565 2382 Probo,
2598 2315 2689 2386 qui
2716 2314 3004 2370 Aureliano
3028 2323 3082 2370 et
3107 2313 3296 2370 Tacito
3319 2329 3437 2371 suc-

217 2412 415 2458 euntem
451 2403 518 2458 de
542 2401 794 2468 Perside,
827 2401 963 2475 Syro
993 2419 1242 2460 sermone
1285 2405 1623 2476 composuit;
1675 2406 1772 2476 qui
1875 2419 2125 2465 cesserat.

1772 2521 1861 2578 IV.

299 2639 646 2694 fleraclianus
670 2639 1100 2696 Chalcedonensis
1125 2641 1415 2712 episcopus,
1440 2642 1493 2697 in
1525 2643 1674 2699 libris
1705 2644 1950 2700 adversus
1979 2644 2318 2700 .ilanichwos.
2346 2645 2499 2716 Apud
2531 2646 2776 2701 Photium
2805 2644 3058 2699 Biblioth.
3093 2644 3209 2697 cod.
3237 2657 3357 2699 xcv.

1943 2765 2143 2821 Evertit
2175 2782 2301 2820 vero
2332 2765 2382 2820 id
2409 2807 2424 2832 ,
2473 2766 2618 2836 quod
2648 2763 2929 2819 Manichaei
2962 2762 3234 2831 appellant
3258 2758 3436 2813 Evan-

1874 2857 2092 2929 geliuut,
2120 2866 2172 2912 et
2198 2856 2519 2927 Giganteum
2543 2856 2760 2919 librum.
2791 2863 2950 2924 atque
2981 2852 3308 2907 Thesauros.
3329 2849 3437 2905 Re-

1874 2955 2058 3002 censet
2107 2945 2329 3016 insuper
2373 2961 2500 3010 eos,
2553 2945 2643 3014 qui
2694 2953 2817 2998 ante
2847 2960 2906 2999 se
2936 2944 2988 2997 in
3018 2942 3434 2996 Manichaeorum

1876 3038 2206 3108 impietatem
2234 3039 2505 3094 calamum
2532 3038 2901 3100 strinxerunt,
2936 3033 3324 3106 liegemoniutn
3357 3031 3439 3086 ni-

1876 3129 2097 3197 mirum,
2127 3131 2217 3200 qui
2245 3129 2666 3199 disputationem
2687 3125 2940 3184 Archelai
2965 3126 3226 3182 adversus
3257 3123 3433 3194 ipsum

1873 3219 2140 3276 Manetem
2176 3219 2513 3291 perscripsit,
2547 3231 2652 3275 etc.

289 2759 599 2832 Ἀνατρέπει
652 2759 708 2815 δὲ
747 2759 807 2813 τὸ
870 2761 1018 2833 παρά
1067 2762 1384 2833 Μανιχαίοις
1439 2762 1768 2834 καλούμενον

218 2851 555 2920 Εὖαγγέλιον,
585 2852 677 2905 καὶ
703 2851 800 2924 τὴν
829 2853 1135 2922 Γιγάντειον
1157 2853 1352 2924 βίϐλον,
1384 2855 1477 2906 καὶ
1507 2855 1630 2918 τοὺς
1662 2855 1770 2926 Θη-

217 2943 452 3014 σαυρούς.
489 2943 788 3012 Καταλὲγει
811 2945 905 2998 καὶ
926 2946 1036 2997 ὅσοι
1062 2944 1165 3016 πρὸ
1186 2944 1346 2998 αὑτοῦ
1381 2944 1521 2998 κατὰ
1549 2945 1647 3016 τῆς
1673 2944 1765 2999 τοῦ

216 3035 505 3105 Μανιχαίου
561 3033 901 3106 συνέγραψαν
955 3033 1270 3106 ἀθεότητος,
1338 3035 1651 3107 Ἥγεμόνιόν
1707 3053 1765 3088 τε

219 3124 304 3178 τὸν
331 3126 425 3191 τάς
472 3127 765 3199 Ἀρχελάου
805 3127 940 3200 πρὸς
967 3127 1123 3183 αὐτὸν
1170 3128 1474 3199 ἀντιλογίας
1533 3131 1768 3204 ἀναγρά-

213 3215 394 3285 ψαντα.

1791 3329 1854 3386 ν.

1267 3421 1533 3485 Socrates,
1573 3421 1922 3479 Ilist.eccles.
1979 3423 2254 3492 libt,cap.
2302 3422 2392 3478 22.

273 3508 452 3563 Ταῦτα
480 3509 536 3563 δὲ
559 3511 719 3581 ἡμεῖς
749 3510 810 3563 οὐ
867 3508 1169 3573 πλάσαντες
1219 3510 1470 3582 λέγομεν·
1507 3511 1640 3565 ἀλλά
1672 3512 1761 3565 διὰ

1936 3511 2114 3583 Atque
2150 3514 2263 3566 haec
2298 3526 2398 3567 nos
2429 3511 2848 3582 haudquaquam
2872 3508 3165 3565 commenti
3195 3525 3384 3566 sumus
3417 3528 3436 3580 ;

205 3600 356 3670 λόγου
415 3602 709 3674 Ἀρχελάου
755 3601 848 3654 τοῦ
905 3602 1201 3655 ἐπισκόπου
1255 3603 1579 3674 Κασχάρων,
1638 3605 1766 3674 μιᾶς

1883 3605 1960 3660 sed
1989 3620 2054 3658 ex
2090 3603 2457 3671 disputatione
2485 3604 2717 3672 quadam
2758 3600 3004 3656 Archelai
3038 3600 3433 3657 Cascharorum

206 3691 310 3745 τῶν
341 3694 396 3745 ἐν
424 3691 821 3764 Μεσοποταμίᾳ
848 3692 1075 3757 πόλεων,
1119 3693 1428 3762 ἐντυχόντες
1461 3693 1763 3766 συνηγάγο-

1883 3695 2024 3748 urbis
2052 3695 2106 3748 in
2139 3693 2532 3764 Mesopotamia
2581 3693 2853 3764 episcopi,
2883 3708 2914 3748 ει
2947 3692 3106 3748 nobis
3135 3693 3268 3748 lecta
3289 3733 3304 3757 ,
3335 3709 3435 3747 cx-

204 3801 328 3854 μεν·
364 3785 526 3848 αὐτὸς
551 3784 657 3856 γὰρ
719 3785 1004 3857 Ἀρχέλαος
1049 3785 1391 3857 διαλεχθῆναι
1434 3786 1580 3858 αὐτῷ
1633 3805 1764 3860 φησι

1883 3786 2188 3856 :erpsimus.
2209 3784 2305 3841 Hic
2331 3786 2474 3840 enim
2490 3785 2783 3840 Archelaus
2798 3785 2891 3851 ait,
2913 3801 2969 3839 se
2992 3800 3113 3839 cum
3140 3784 3434 3839 Manichaeo

201 3877 295 3929 καὶ
321 3877 390 3930 τὰ
418 3877 887 3950 προγεγραμμένα
919 3879 999 3942 είς
1019 3877 1109 3931 τὸν
1144 3877 1255 3948 βίον
1283 3878 1572 3933 ἐκτίθεται.

1887 3893 1984 3949 pso
2011 3878 2320 3949 disputasse
2346 3920 2360 3944 ,
2391 3887 2446 3932 et
2470 3892 2532 3933 ea
2558 3892 2678 3947 qua:
2721 3878 2969 3946 superius
3020 3892 3051 3931 a
3087 3876 3242 3932 nobis
3267 3877 3433 3931 relata

1869 3979 2020 4038 sunt,
2053 3971 2119 4026 de
2150 3969 2298 4026 illius
2328 3969 2435 4024 vita
2467 3979 2875 4026 commemorat.

270 4172 497 4232 Penus
533 4175 760 4232 Stanus
789 4176 843 4231 in
873 4176 1117 4232 Historia
1152 4176 1559 4232 Manicheam»:
1579 4219 1594 4244 ,
1647 4194 1770 4250 pag.
1879 4181 2020 4234 suris
2050 4190 2100 4236 et
2127 4179 2464 4252 ponderibus,
2496 4191 2549 4236 et
2577 4197 2641 4236 ex
2672 4179 2910 4236 Socratis
2938 4177 3178 4233 Historia
3197 4174 3435 4230 ecclesia-

190 4264 283 4328 25,
311 4267 383 4321 55
407 4279 464 4322 et
487 4267 577 4332 37,
601 4282 665 4323 ea
687 4277 883 4323 cuncta
909 4269 976 4324 ad
1003 4269 1227 4325 verbum
1252 4267 1435 4335 refert,
1466 4285 1587 4340 qua;
1610 4285 1773 4340 supra
1877 4273 2032 4337 stica,
2061 4272 2126 4327 de
2153 4271 2420 4326 Archelao
2441 4272 2668 4343 ejusque
2691 4285 2813 4327 cum
2837 4268 3046 4324 Maneto
3073 4265 3435 4338 disputatione

185 4371 252 4412 ex
277 4358 494 4431 Cyrillo
520 4357 1007 4432 Hierosolymitano
1032 4403 1048 4428 ,
1098 4358 1156 4416 S.
1188 4359 1492 4431 Epiphanio
1529 4360 1605 4416 De
1625 4377 1768 4416 men-
1879 4362 2042 4417 modo
2073 4363 2376 4418 retulimus.

1771 4454 1879 4510 VII.

331 4547 589 4618 Photius,
631 4551 724 4608 lib.
753 4569 793 4621 ι,
831 4551 1077 4608 adversus
1103 4551 1441 4607 Manichwos.
1477 4549 1668 4605 Exstat
1707 4552 1880 4607 editus
1915 4535 1971 4607 in
2009 4551 2259 4606 Biblioth.
2298 4550 2522 4606 Coislin.
2554 4568 2598 4604 ιν.
2644 4547 2710 4602 cl.
2757 4547 3048 4618 Mouttauc.
3083 4564 3135 4616 ρ.
3167 4543 3291 4600 556.

250 4637 450 4705 Φυγάς
503 4638 552 4709 (ὁ
596 4639 808 4711 Μάνης)
856 4639 1257 4711 καταλαμϐάνει
1316 4638 1754 4710 Μεσοποταμίαν,

1938 4641 1980 4696 E
2013 4655 2232 4697 carcere
2277 4638 2489 4709 fugiens
2522 4636 2746 4709 (Manes)
2788 4638 2842 4692 in
2871 4636 3312 4707 Mesopotamiam
3351 4651 3436 4690 ve-

171 4726 275 4780 καὶ
304 4725 563 4798 σπείρειν
591 4727 752 4781 πάλιν
779 4728 1080 4800 ἀπάρχεται
1111 4730 1179 4784 τά
1201 4729 1300 4800 τῆς
1325 4727 1655 4791 ἀποστασίας
1681 4729 1760 4792 ζι-

1883 4733 1977 4798 tit,
2022 4733 2205 4803 ibique
2253 4731 2522 4786 haereseos
2571 4745 2682 4785 sua:
2716 4729 2920 4783 zizania
2950 4730 3143 4785 iterum
3179 4743 3433 4800 spargere

173 4817 366 4881 ζάνια.
423 4819 485 4870 Ὀ
529 4818 586 4872 δέ
617 4819 722 4873 τῶν
775 4821 1080 4894 Καρχάρων
1121 4821 1432 4884 ἐπίσκοπος,
1475 4819 1762 4891 Ἀρχέλαος

1883 4824 2051 4894 :oepit.
2083 4824 2152 4878 At
2173 4824 2572 4878 Carcharorum
2600 4823 2887 4893 cpiscopus
2911 4822 2996 4878 cui
3021 4836 3214 4876 nomen
3238 4819 3436 4875 Arche-

171 4907 334 4979 αὑτῷ
391 4908 590 4979 ὄνομα,
623 4910 759 4982 ἀνὴρ
816 4912 978 4982 ἱερὸς,
1005 4912 1096 4966 καὶ
1146 4913 1273 4985 περὶ
1315 4911 1503 4980 λόγους
1555 4911 1680 4975 τούς
1702 4929 1760 4964 τε

1883 4918 2012 4982 laus,
2063 4915 2147 4969 vir
2173 4930 2346 4980 sacer,
2401 4925 2454 4970 et
2479 4914 2647 4968 multa
2681 4915 2733 4968 in
2767 4915 3110 4970 sermonibus
3139 4913 3205 4968 de
3234 4912 3433 4967 divinis

170 4997 367 5062 θείους
405 4999 650 5064 καὶτοὺς
683 5001 1053 5075 ἀνθρωπίνους
1101 5005 1418 5077 περιδέξιος,
1461 5004 1766 5078 Ἑλληνικὸν

1883 5006 2235 5077 humanisque
2308 5006 2469 5061 rebus
2521 5006 2838 5062 dexteritate
2889 5007 3184 5073 praeditus,
3243 5012 3434 5059 coacto

169 5089 594 5163 ἀθροισάμενος
625 5094 1000 5169 ἀκροατήριον,
1033 5097 1117 5150 ἵνα
1147 5098 1219 5169 μὴ
1250 5097 1396 5169 δόξῃ,
1430 5097 1766 5170 Χριστιανῶν

1883 5097 2209 5153 ethnicorum
2242 5096 2516 5152 auditorio
2536 5137 2551 5162 ,
2585 5113 2652 5152 ne
2682 5097 2728 5153 si
2758 5097 3049 5153 Christiani
3074 5095 3428 5166 judicassent,

167 5182 516 5250 κρινόντων,
550 5185 825 5258 φιλοτιμίᾳ
849 5187 1140 5259 λαμϐάνειν
1172 5189 1241 5243 τὰ
1262 5190 1551 5261 νικητήρια
1584 5191 1617 5261 ἡ
1641 5188 1766 5258 ἀλή-

1883 5191 2088 5246 veritati
2139 5191 2421 5247 victoriam
2461 5190 2703 5260 judicum
2744 5190 2926 5246 favore
2966 5189 3195 5262 cessisse
3218 5185 3431 5239 videre-

167 5271 322 5336 θεια,
352 5273 507 5344 πρὸς
529 5276 621 5330 τὸν
655 5277 752 5348 τῆς
789 5279 983 5350 μανίας
1035 5279 1337 5352 ἐπώνυμον,
1368 5280 1458 5335 τὸν
1485 5281 1582 5351 τῆς
1613 5281 1764 5334 εὐσε-

1883 5291 1980 5348 lur,
2033 5295 2206 5350 usque
2253 5281 2388 5335 adeo
2418 5280 2801 5350 impiissimum
2831 5282 2976 5334 illum
3012 5275 3282 5346 redarguit
3310 5282 3434 5327 tan-

159 5362 331 5428 ϐείας
363 5365 719 5440 ἀνακινήσας
749 5369 924 5439 λόγον,
977 5371 1118 5424 οὕτω
1167 5372 1468 5444 κατῄσχυνε
1523 5372 1615 5425 καὶ
1659 5371 1765 5424 διέ-

1883 5389 2033 5444 Loque
2063 5372 2267 5442 pudore
2294 5371 2535 5437 sntfudit,
2590 5379 2649 5425 ut
2694 5372 2872 5426 statim
2905 5370 3082 5440 fugam
3113 5365 3427 5436 arripuerit,

151 5456 327 5526 λεγξε
359 5457 464 5510 τὸν
510 5461 931 5534 τρισαλιτήριον,
963 5462 1039 5527 ὡς
1073 5456 1270 5518 αὐτίκα
1299 5481 1360 5517 τε
1394 5466 1583 5533 φυγεῖν
1620 5465 1764 5516 ἐκεί-

1883 5474 1924 5520 :t
1954 5465 2073 5535 ejus
2099 5465 2368 5520 haereseos
2419 5465 2624 5520 semina
2650 5504 2664 5528 ,
2719 5471 3006 5530 antequam
3051 5463 3426 5518 nascerentur,

165 5549 288 5614 θεν,
322 5549 430 5603 καὶ
464 5553 608 5623 μηδέ
632 5553 769 5625 φυὴν
789 5553 971 5608 λαϐεῖν
1002 5554 1070 5608 τά
1096 5556 1195 5627 τῆς
1234 5555 1571 5618 ἀποστασίας
1597 5552 1762 5608 αὐτοῦ

1883 5567 2130 5622 oppressa
2154 5551 2375 5608 fuerint.
2434 5551 2604 5607 Porro
2633 5551 2759 5606 inde
2784 5549 2994 5619 fugiens
3019 5545 3224 5612 Manes,
3251 5545 3318 5600 ad
3347 5546 3430 5598 vi-

175 5644 516 5716 σπὲρματα.
586 5645 723 5699 Ἀλλ’
772 5647 975 5700 ἐκεῖθεν
1041 5648 1307 5718 ἀποδρὰς,
1364 5647 1762 5717 καταλαμϐάνει

178 5733 387 5808 κώμην
421 5733 550 5789 τινά
573 5736 678 5791 τῶν
703 5736 1121 5810 εὐτελεστάτων,
1151 5740 1310 5794 κάκεῖ
1336 5740 1496 5795 πάλιν
1531 5737 1762 5793 ὑποθάλ-

1870 5645 2135 5700 lissimum
2162 5644 2431 5714 quoddam
2461 5643 2714 5716 Oppidum
2739 5640 3001 5713 pervenit,
3031 5640 3209 5712 ibique
3236 5653 3430 5694 rursus

1869 5733 2053 5791 fovere
2100 5742 2265 5806 atque
2311 5735 2564 5806 evulgare
2600 5747 2756 5790 suam
2785 5731 3114 5802 impietatem
3144 5732 3425 5787 machina.

1505 6362 1940 6400 ῃ-Ι-ή-
2001 6362 2038 6366 ἢ
