3982 6346
576 345 712 400 ita?
1434 335 1490 390 s.
1529 334 1938 392 ARCHELAUS
1981 331 2487 388 MESOPOTAMIAS
2526 331 2907 388 EPISCOPUS.
3564 343 3666 398 ms

575 438 765 505 batur;
801 437 896 494 sed
927 436 1221 492 acerrimus
1242 435 1454 505 pietatis
1482 443 1847 504 propugnator
1869 441 1923 489 et
1948 449 2007 488 re
2037 449 2132 488 ve-

2254 450 2357 486 τειν
2408 432 2736 504 ἐμηχανᾶτο,
2765 446 2858 484 και
2892 415 3280 498 παραδεικνύειν
3307 429 3359 482 τὸ
3381 431 3540 487 οἰκεῖον
3575 432 3672 485 tua”

578 545 637 583 ra
667 538 851 598 pastor
893 527 1192 583 Archelaus
1231 527 1324 597 qui
1353 526 1590 582 sedulam
1618 526 1796 580 ovium
1832 540 2016 580 curam
2047 539 2138 594 ge-

2254 526 2466 596 ςέϐημα·
2503 525 2615 579 ἄλλ’
2646 527 2675 578 6
2699 523 2896 595 θερμὸς
2921 520 3018 591 τῆς
3055 518 3307 582 εὐσεϐείας
3331 520 3584 591 ὑπέρμαχος
3604 523 3674 576 καὶ

576 625 768 687 rebat,
815 623 1063 677 eumdem
1102 623 1228 690 lupo
1261 620 1540 675 suaviorem
1581 620 1634 674 in
1675 618 1874 673 Christi
1899 633 2133 688 gregem,

2254 618 2306 682 bc
2333 617 2544 688 ἀληθῶς
2599 615 2798 686 ποιμὴν
2839 611 3140 683 Ἀρχέλαος,
3166 612 3220 663 οὐ
3243 611 3328 681 τὴν
3358 611 3573 680 τυχοῦσαν
3597 612 3676 664 τῶν

578 725 779 768 uteum
815 713 1169 782 disperderet,
1192 712 1483 767 irruentem
1513 711 1762 783 persequi
1793 725 2132 780 nequaquam

2254 709 2516 780 προϐάτων
2575 705 2894 776 ποιούμενος
2941 704 3221 776 πρόνοιαν,
3267 703 3354 757 οὐκ
3397 701 3676 772 ἐνεῤῥᾳθύμει

577 802 830 858 cessavit.
2228 799 2446 855 διώκειν
2491 800 2580 854 τὸν
2611 799 2930 871 πικρότερον
2959 797 3123 850 λύκου
3173 794 3230 848 τὸ
3258 794 3472 864 ποίμνιον
3505 793 3681 846 διασπα-

2141 913 2146 918 ·
2230 891 2449 961 ράσσειν
2481 890 2922 961 ἐπανιστάμενον.

1864 981 1932 1036 Ει
1951 983 2112 1053 infra,
2137 1001 2257 1054 pag.
2283 984 2388 1039 558
2413 1003 2428 1040 :

597 1127 602 1130 .
649 1076 747 1134 Hic
801 1078 986 1147 itaque
1030 1076 1216 1133 Manes
1265 1086 1374 1132 tam
1411 1076 1590 1147 impiae
1634 1074 1900 1131 haereseos
1951 1086 2139 1130 auctor

579 1185 726 1224 nono
754 1184 898 1224 anno
928 1167 1198 1222 Valeriani
1229 1177 1284 1222 et
1309 1168 1557 1234 Gallieni,
1591 1167 1682 1237 qui
1715 1166 2015 1221 Romanum
2042 1165 2138 1220 ob-

577 1256 824 1311 tinebant
848 1256 1160 1324 imperium,
1194 1271 1260 1310 ex
1282 1255 1570 1311 Persarum
1594 1256 1902 1310 carceribus
1930 1253 2140 1324 fugiens

578 1346 678 1416 (nil
706 1347 850 1400 enim
880 1355 1063 1409 vetat,
1117 1348 1410 1416 quominus
1459 1363 1519 1402 ea
1549 1361 1939 1425 persequamur
1963 1387 1979 1413 ,
2019 1361 2140 1415 quze

578 1452 743 1507 supra
778 1438 1022 1494 historia:
1049 1439 1310 1494 decursus
1339 1439 1699 1509 praetermisit)
1730 1454 1850 1493 cum
1885 1438 1939 1492 in
1969 1437 2144 1493 Meso-

577 1528 872 1598 potamiam
905 1529 1181 1594 venisset,
1215 1546 1244 1584 a
1274 1530 1457 1585 divino
1485 1529 1759 1598 Archelao,
1797 1528 1935 1600 (erat
1958 1537 2137 1582 autem

578 1636 735 1676 sacer
761 1622 862 1675 iste
897 1620 978 1674 vir
1004 1619 1403 1676 Carcharorum
1451 1621 1691 1691 ejusdem
1724 1621 1958 1690 regionis
1990 1621 2140 1674 urbis

2322 1077 2380 1130 '0
2415 1077 2511 1148 μὲν
2539 1072 2631 1128 οὖν
2656 1075 2846 1146 Μάνης
2881 1067 3052 1138 οὗτος,
3101 1074 3131 1126 6
3156 1072 3248 1143 τῆς
3295 1069 3571 1140 τηλικαύτης
3589 1071 3689 1123 ἀπο-

2245 1167 2468 1230 στασίας
2494 1166 2736 1239 ἔξαρχος,
2797 1165 2906 1218 ἔτει
2931 1166 3030 1236 τῆς
3066 1161 3324 1234 βασιλείας
3355 1163 3526 1230 ἐννάτῳ
3544 1161 3694 1212 030.1:-

2247 1255 2429 1328 ριανοῦ
2459 1259 2552 1311 καὶ
2579 1255 2894 1328 Γαλλιηνοῦ,
2917 1256 2968 1309 οἳ
3004 1253 3217 1324 Ῥώμης
3261 1250 3388 1322 εἶχον
3414 1253 3466 1304 τὸ
3495 1251 3695 1321 βασίλειον

2243 1349 2463 1420 κράτος,
2496 1348 2594 1419 τὴν
2635 1350 2691 1401 ἐν
2746 1347 2982 1416 Πέρσαις
3028 1343 3266 1415 φυλακὴν
3295 1341 3530 1411 διαφυγὼν
3569 1341 3697 1410 (οῦδὲν

2242 1439 2366 1510 γὰρ
2379 1438 2575 1494 κωλύει
2603 1437 2829 1492 διελθεῖν
2853 1437 2888 1491 ἂ
2910 1438 3010 1507 τῆς
3041 1436 3276 1510 ἱστορίας
3298 1438 3324 1488 6
3356 1435 3520 1506 δρόμος
3542 1432 3701 1500 παρῆλ-

2244 1530 2334 1584 θεν
2360 1531 2605 1601 ἄνωθεν),
2639 1531 2730 1584 καὶ
2757 1530 2894 1602 μετὰ
2965 1526 3372 1598 Μεσοποταμίαν
3393 1523 3602 1594 γεγονὼς,
3627 1521 3704 1575 ὑπὸ

2242 1621 2298 1673 δὲ
2329 1621 2421 1674 τοῦ
2448 1621 2731 1675 θεσπεσίου
2772 1619 3060 1693 Ἀρχελάου
3106 1619 3414 1690 (Καρχάρων
3453 1615 3500 1668 δὲ
3540 1616 3616 1682 τῆς
3637 1614 3707 1665 αὖ.

578 1711 904 1783 episc0pus)
960 1711 1079 1780 eius
1135 1712 1383 1781 impietas
1439 1710 1650 1782 egregie
1701 1711 2142 1780 abundanterquc

2254 1713 2342 1783 τῆς
2366 1711 2547 1785 χώρας
2576 1709 2727 1777 οὗτος
2749 1715 2777 1768 ὁ
2810 1713 2954 1785 ἱερὸς
2999 1713 3142 1785 ἀνὴρ
3177 1712 3354 1781 ἔφορος
3397 1704 3498 1779 ἦν).
3537 1705 3706 1768 πολλὼς

578 1802 857 1858 confutata
881 1811 982 1858 est.
1017 1801 1191 1871 Atque
1219 1802 1362 1868 inde,
1400 1803 1672 1872 insperato
1699 1802 1939 1857 suffusus
1966 1802 2139 1872 pudo-

582 1909 659 1960 re,
695 1892 926 1965 fugiens,
957 1894 1022 1948 ad
1059 1893 1329 1949 Dioridem
1361 1893 1758 1948 Carcharorum
1790 1893 2027 1962 regionis
2051 1907 2142 1962 op-

581 1986 766 2055 pidum
793 1985 931 2039 clam
956 1986 1186 2039 accessit
1209 2025 1222 2050 ,
1279 1983 1367 2038 ubi
1396 1983 1448 2038 in
1477 1983 1820 2055 Tryphonem
1849 1984 2136 2054 quemdam

580 2091 798 2132 sacrum
831 2077 1225 2146 probatumque
1251 2076 1426 2129 virum
1458 2083 1511 2130 et
1531 2064 1590 2129 in
1628 2075 1942 2146 presbyterii
1973 2074 2139 2145 gradu

579 2168 820 2237 positum
855 2167 1120 2230 incidens,
1149 2181 1254 2220 non
1287 2166 1549 2220 minorem
1578 2166 1927 2234 ignominiam
1961 2176 2146 2236 pertu-

581 2261 655 2315 lit.
700 2260 840 2329 Quin
871 2270 926 2315 et
955 2260 1069 2329 ipse
1093 2260 1392 2318 Archelaus
1414 2259 1681 2315 Manetem
1715 2261 1841 2315 illuc
1861 2260 2145 2317 advenisse

579 2366 912 2422 cognoscens
947 2350 1082 2421 (erat
1107 2351 1249 2406 enim
1287 2350 1371 2404 vir
1409 2365 1532 2405 acer
1557 2359 1611 2404 et
1639 2351 1852 2420 pietatis
1878 2351 1993 2406 zelo
2020 2368 2146 2406 suc-

579 2442 820 2511 census),
853 2442 919 2496 ad
951 2442 1090 2496 idem
1135 2442 1392 2513 Oppidum
1424 2438 1689 2507 accessit;
1719 2451 1772 2496 et
1804 2442 2144 2512 deceptorem

581 2534 734 2588 illum
765 2533 831 2588 ad
861 2532 1075 2588 consilii
1103 2532 1342 2604 inopiam
1368 2533 1644 2589 redactum
1668 2572 1684 2597 ,
1727 2542 1781 2588 et
1824 2533 2144 2591 confusione

580 2641 744 2695 quam
774 2625 1010 2680 maxime
1038 2626 1260 2693 vitabat,
1290 2625 1592 2696 perfusum,
1623 2627 1817 2680 iterum
1865 2626 1934 2682 iis
1972 2629 2144 2683 ratio-

580 2719 741 2774 nibus
774 2717 973 2788 quibus
998 2732 1162 2774 exosa
1199 2719 1317 2789 ejus
1347 2719 1598 2789 dogmata
1629 2718 1908 2784 subvertit,
1934 2728 1987 2772 et
2011 2734 2148 2773 cun-

581 2809 684 2863 ctis
727 2807 1022 2863 deridenda
1066 2816 1228 2878 atque
1254 2807 1566 2864 detestanda
1598 2805 1908 2876 proposuit,
1961 2807 2142 2876 fugam

579 2899 819 2970 arripere
843 2899 1036 2968 coegit.

2249 1805 2345 1874 μὲν
2369 1806 2461 1858 καὶ
2487 1805 2751 1876 μεγάλους
2788 1805 3040 1874 ἐλέγχους
3062 1804 3164 1875 τῆς
3187 1800 3474 1862 δυσσεϐείας
3498 1797 3708 1868 (inutilia.

2259 1895 2493 1949 Ἐκεῖθεν
2515 1896 2572 1949 δὲ
2592 1896 2678 1949 διὰ
2715 1895 2810 1967 τὴν
2839 1896 3104 1966 ἀδόκητον
3147 1893 3396 1963 αἰσχύνην
3424 1889 3636 1960 ἀποδρὰς,
3655 1888 3710 1949 εἰς

2245 1987 2476 2058 Διωρίδα
2519 1987 2826 2059 Καρχάρων
2874 1987 3062 2058 κώμην
3115 1984 3451 2058 παραδύεται.
3498 1982 3570 2035 Ἐν
3592 1979 3714 2048 ταύτῃ

2243 2078 2299 2131 δὲ
2332 2077 2584 2150 Τρύφωνί
2614 2096 2720 2132 τινι
2748 2078 3036 2149 σπουδαίῳ,
3103 2079 3234 2149 ἱερῷ
3289 2077 3378 2148 μὲν
3402 2074 3546 2146 ἀνδρὶ,
3575 2072 3645 2124 τὸν
3674 2069 3714 2122 δὲ

2245 2170 2339 2224 τοῦ
2373 2171 2742 2243 πρεσϐυτέρου
2772 2171 3006 2225 διέποντι
3037 2170 3264 2242 βαθμὸν,
3307 2171 3530 2238 ἐντυχὼν,
3576 2163 3629 2215 τὰ
3655 2163 3719 2214 ἶσα

2247 2260 2474 2333 ὑπέστη.
2503 2262 2651 2333 Πλὴν
2677 2262 2812 2316 ἀλλὰ
2867 2263 2960 2316 καὶ
3015 2262 3179 2325 αὐτός
3211 2279 3269 2314 τε
3309 2263 3337 2313 6
3388 2256 3617 2328 Ἀρχέλαος
3641 2253 3719 2321 τὴν

2245 2353 2423 2406 ἐκεῖσε
2448 2353 2796 2425 παρείσδυσιν
2823 2353 2914 2408 τού
2939 2354 3144 2409 πλάνου
3198 2350 3379 2424 μαθὼν
3412 2349 3532 2420 (ὀξὺς
3567 2346 3651 2415 γὰρ
3670 2340 3724 2414 ἦν

2248 2446 2340 2498 καὶ
2368 2444 2568 2517 θερμὸς
2595 2446 2685 2498 τὸν
2721 2446 2918 2516 εύσεϐἧ
2949 2442 3155 2515 ζῆλον),
3189 2439 3555 2512 καταλαμϐάνει
3575 2435 3622 2489 τὸ
3647 2452 3723 2503 χω-

2249 2537 2381 2608 ρίον·
2418 2538 2513 2590 καὶ
2536 2537 2734 2610 πολλῆς
2785 2538 3068 2610 ἐμπλήσας
3114 2536 3208 2589 τὸν
3260 2534 3445 2588 πλάνον
3471 2533 3727 2601 ἀμηχανίας,

2249 2629 2342 2682 καὶ
2367 2628 2434 2699 ἢν
2461 2628 2685 2698 ἔφευγεν
2710 2631 2989 2702 αἰσχύνης,
3021 2624 3102 2684 οἷς
3121 2628 3291 2682 αὐτοῦ
3319 2626 3384 2679 τὰ
3431 2621 3612 2695 μυσαρὰ
3652 2615 3729 2668 τῶν

2246 2718 2530 2790 δογμάτων
2557 2721 2818 2794 ἁνέτρεπέ
2845 2738 2928 2786 τε,
2964 2721 3058 2773 καὶ
3087 2716 3436 2780 ἀνεσκεύαζε,
3464 2714 3546 2767 καὶ
3565 2708 3732 2781 προυτί-

2250 2807 2333 2862 θει
2391 2811 2522 2863 πᾶσι
2556 2811 2767 2880 γέλωτά
2801 2830 2859 2866 τε
2909 2813 3005 2867 καὶ
3059 2811 3358 2882 βδέλυγμα,
3406 2796 3734 2877 παρασκευάζει

2252 2901 2410 2955 πάλιν
2441 2903 2654 2972 φυγάδα
2684 2904 2952 2972 γενέσθαι.

2123 2985 2250 3045 Vlll.

1547 3081 1746 3134 Auctor
1785 3097 2074 3151 anonymu:
2112 3082 2297 3138 Libelli
2327 3083 2597 3153 Synodici,
2626 3107 2740 3160 cap.
2780 3091 2868 3144 9.7.

654 3172 908 3244 Synodus
940 3172 1119 3226 divina
1167 3179 1221 3225 et
1263 3184 1417 3225 sacra
1446 3171 1792 3239 particularis
1839 3172 2064 3227 collecta
2094 3173 2146 3225 in
2177 3178 2217 3235 C

582 3263 969 3333 Mesopotamia
1001 3265 1069 3318 ab
1091 3262 1355 3319 Archelao
1384 3262 1780 3318 Carcharorum
1808 3263 2062 3334 episcopo
2092 3272 2146 3319 et

584 3353 819 3409 Diodoro
873 3355 1193 3420 sacerdote,
1238 3361 1428 3409 contra
1477 3353 1685 3408 Manem
1731 3352 2048 3410 infernalem
2092 3363 2147 3410 et

585 3445 961 3502 Diodoriadem
992 3447 1384 3517 presbyterum,
1412 3461 1534 3517 qua:
1555 3444 1739 3502 multis
1763 3446 1937 3502 modis
1963 3445 2146 3502 confu-
2176 3443 2178 3448 ’

588 3545 728 3592 tatos
755 3537 919 3592 hosce
943 3536 1233 3592 abdicavit.

2129 3631 2220 3689 IX.

2325 3173 2550 3239 Σύνοδος
2579 3177 2697 3231 θεία
2752 3181 2843 3234 καὶ
2883 3180 3003 3252 ἱερὰ
3052 3179 3256 3253 μερικὴ
3285 3171 3680 3246 συναθροισθεῖσα
3701 3168 3741 3219 ἐν

2248 3267 2312 3336 τῇ
2347 3267 2740 3342 Μεσοποταμίᾳ
2777 3272 2882 3325 ὑπὸ
2924 3271 3219 3343 Ἀρχελάου
3267 3266 3553 3323 ἐπισκόπου
3576 3257 3744 3332 Καρχάο

2251 3373 2358 3428 ρων
2385 3359 2476 3412 καὶ
2502 3362 2762 3435 Διοδώρου
2793 3363 2979 3436 ἱερέως
3012 3364 3150 3418 κατὰ
3181 3364 3455 3422 Μάνεντος
3481 3355 3566 3409 τοῦ
3596 3349 3744 3423 ἐρεϐὡο

2247 3449 2369 3514 δους
2399 3454 2491 3507 καὶ
2519 3456 2866 3528 Διοδωριάδου
2902 3457 3301 3530 πρεσϐυτέρου,
3324 3454 3445 3524 ἥτις
3469 3445 3745 3517 πολυτρόπως

2250 3542 2472 3610 τούτους
2504 3547 2767 3616 ἐλέγξασα
2792 3549 3119 3622 ἀπεκήρυξε.

934 3723 1130 3779 Auctor
1174 3739 1461 3793 anonymus
1511 3721 1763 3781 Historia:
1807 3722 2059 3780 hwreseos
2095 3719 2527 3797 Mauicltworum,
2559 3750 2588 3787 ε
2611 3751 2708 3790 ms.
2740 3737 2914 3790 codice
2934 3738 3073 3807 regio
3099 3734 3440 3791 Taurinensi.

657 3842 970 3916 Scythianus
1000 3845 1075 3911 (4)
1117 3843 1336 3912 quidam
1381 3843 1483 3900 fuit
1518 3858 1584 3898 ex
1626 3859 1820 3914 genere
1851 3842 2149 3899 Saraceno-

586 3952 728 4000 rum,
755 3951 784 3991 a
810 3951 918 4005 quo
946 3935 1166 3990 haeresis
1189 3933 1604 3990 Manichaeorum
1654 3944 1772 3990 orta
1796 3945 1875 3991 est
1897 3954 1910 4003 ;
1936 3935 2026 4006 qui
2053 3936 2149 3989 ad-

593 4041 782 4082 versus
810 4040 992 4081 veram
1022 4032 1334 4093 rectamque
1368 4025 1524 4078 [idem
1558 4034 1792 4094 quatuor
1822 4024 1988 4080 libros
2016 4039 2148 4079 con-

587 4117 828 4187 scripsit,
861 4131 1096 4186 quorum
1128 4130 1295 4168 unum
1329 4116 1540 4169 vocavit
1566 4115 1907 4185 Mysterium,
1955 4131 2147 4171 secun-

587 4211 715 4268 dum
766 4206 1168 4276 Capitulorum,
1219 4205 1433 4258 tertium
1468 4205 1850 4276 Evangelium,
1897 4216 2148 4276 quartum

587 4318 717 4355 vero
739 4299 1058 4354 Thesaurum
1085 4297 1371 4366 appellavit
1391 4316 1403 4351 :
1423 4306 1475 4352 et
1498 4298 1685 4351 habuit
1709 4297 2032 4367 discipulum
2061 4313 2155 4351 no-

588 4392 733 4446 mine
761 4387 1110 4451 Terebintum,
1135 4386 1227 4454 qui
1252 4385 1568 4453 discipulus,
1597 4393 1812 4438 mortuo
1844 4381 2149 4452 Scythiano,

588 4497 810 4538 sumens
835 4481 907 4551 (5)
940 4489 1270 4534 memoratos
1318 4486 1552 4547 quatuor
1581 4477 1749 4532 libros
1773 4518 1787 4537 .
1833 4492 1930 4530 nec
1957 4491 2064 4530 non
2098 4484 2152 4530 et

590 4575 877 4646 pecuniam
907 4589 1014 4627 non
1045 4587 1287 4641 parvam,
1311 4569 1568 4639 quoniam
1601 4568 1701 4623 fuit
1731 4567 1806 4636 (6)
1832 4567 2149 4637 Scythianus

2253 3861 2502 3919 ceperat,
2531 3868 2628 3922 pro
2654 3866 2824 3911 morte
2851 3857 2970 3928 ejus
3013 3858 3261 3927 pecuniae
3307 3853 3591 3924 cupidilale
3623 3842 3751 3916 33““

2254 3961 2479 4016 puerum
2513 3949 2617 4004 sibi
2659 3965 2758 4018 pro
2785 3949 3076 4004 senectutis
3120 3948 3326 4003 solatio
3353 3938 3661 4014 compararit
3685 3933 3750 3998 (τ).

2253 4037 2470 4092 nomine
2500 4037 2822 4103 Curbicium,
2844 4054 3003 4109 quem
3026 4048 3079 4094 et
3098 4039 3297 4093 litteris
3331 4051 3438 4091 non
3465 4024 3754 4088 mediocribus

2254 4128 2486 4184 erudivit
2516 4148 2528 4184 :
2567 4139 2688 4200 post
2713 4131 2868 4201 cujus
2891 4140 3116 4184 mortem
3143 4144 3255 4183 non
3281 4127 3460 4183 solum
3488 4125 3637 4178 libros
3659 4126 3751 4185 quos

2262 4219 2566 4276 Terebintus
2600 4222 2914 4292 reliquerat,
2945 4221 3034 4277 sed
3065 4231 3116 4276 et
3141 4220 3440 4291 pecuniam
3469 4210 3672 4271 Curbicii
3695 4219 3755 4260 su-

2255 4328 2410 4366 mens
2436 4356 2451 4378 ,
2501 4312 2716 4368 Trembi
2750 4313 2827 4383 (8)
2875 4312 3172 4382 discipulos
3223 4309 3560 4380 acquisivit,
3585 4308 3754 4372 quorum

2257 4421 2398 4458 unus
2436 4404 2682 4470 Thomas,
2716 4405 2856 4460 alius
2890 4402 3060 4467 Abda,
3088 4402 3284 4456 tertius
3318 4410 3406 4455 est
3439 4397 3662 4482 flermat.
3683 4384 3757 4440 Ηυξ

2256 4497 2321 4551 ad
2356 4498 2752 4568 praedicandum
2785 4498 2951 4552 libros
2972 4511 3108 4566 quos
3133 4493 3462 4565 Scythianus
3487 4484 3756 4550 conscripse-

2257 4598 2361 4653 rat,
2391 4589 2659 4650 mittebat,
2693 4588 2892 4658 quibus
2921 4586 2997 4656 (9)
3029 4586 3279 4656 plurimm
3309 4580 3598 4655 provinciae
3630 4576 3673 4629 in
3692 4582 3758 4624 nie-

588 4666 743 4719 valde
771 4664 1075 4719 ditissimus
1101 4671 1215 4718 erat
1238 4679 1252 4728 ;
1279 4676 1409 4730 ergo
1431 4701 1447 4726 ,
1477 4669 1536 4715 ut
1560 4660 1984 4714 memorabimus
2007 4701 2022 4725 ,
2057 4656 2150 4713 Te-
2182 4684 2227 4744 Β
2256 4690 2463 4735 morata
2489 4690 2632 4735 seem
2659 4656 2878 4735 ίπὶθιίιω
2901 4689 3046 4735 sum.
3083 4677 3290 4732 Tamen
3327 4687 3383 4732 ει
3415 4677 3528 4745 ipse
3551 4665 3758 4727 Curbia‘u

589 4756 824 4811 rebintus
852 4757 1064 4814 devenit
1107 4756 1158 4809 in
1186 4753 1428 4818 Persida,
1476 4761 1530 4807 et
1560 4767 1590 4807 a
1615 4752 1848 4822 quadam
1874 4752 2033 4806 vidua
2059 4766 2149 4806 so-

588 4851 767 4907 lilaria
807 4859 1087 4918 susceptus
1131 4856 1243 4913 est,
1289 4863 1409 4917 qua:
1447 4847 1561 4901 sola
1614 4854 1820 4901 secreta
1853 4845 1972 4914 ejus
2010 4845 2149 4900 scire

587 4943 780 5017 potuit.
842 4939 939 4994 Hic
979 4940 1208 4992 elatione
1247 4938 1488 4994 tumidus
1531 4937 1742 4992 dicebat
1770 4951 1826 4991 se
1847 4936 1912 4989 de
1939 4934 2147 5005 virgine

589 5044 773 5090 natum
797 5074 812 5100 ,
858 5041 911 5086 et
953 5031 1021 5085 ab
1065 5031 1254 5101 angelo
1283 5030 1336 5083 in
1369 5029 1646 5082 montibus
1688 5027 2016 5084 enutritum:
2053 5024 2146 5094 qui

587 5128 748 5180 etiam
773 5167 787 5190 ,
822 5131 1029 5178 mutato
1058 5121 1157 5176 sibi
1195 5120 1447 5185 nomine,
1499 5119 1740 5172 Buddam
1775 5133 1832 5172 se
1865 5132 1960 5185 pro
1996 5114 2147 5168 Tere-

587 5216 732 5270 binto
765 5214 1070 5286 appellavit.
1133 5211 1235 5268 Sed
1283 5227 1406 5266 cum
1456 5210 1687 5280 quadam
1734 5209 1821 5262 die
1864 5207 1916 5261 in
1948 5205 2147 5260 solario

587 5308 945 5372 ascenderet,
996 5307 1064 5360 ab
1109 5305 1388 5360 immundo
1445 5303 1635 5371 spiritu
1663 5299 1856 5356 exinde
1883 5299 2145 5368 deiectus,

586 5408 804 5469 repente
830 5400 1078 5469 spiritum
1105 5395 1503 5452 reddidit.Tum
1532 5396 1711 5462 vidua,
1730 5409 1849 5464 qua:
1873 5407 1995 5450 eum
2023 5408 2147 5450 sus.

657 5534 737 5602 (ὁὶ
776 5532 877 5588 Ms.
916 5552 934 5584 ι
971 5533 1264 5587 Scitianus.
1298 5550 1316 5582 ι

657 5604 755 5672 (5),
783 5622 816 5672 «ί
844 5603 1121 5659 Sumehat.
1160 5622 1178 5654 ι

659 5669 737 5740 (6)
772 5671 888 5727 Hoc
921 5694 939 5723 ι
979 5673 1081 5727 fuit
1117 5693 1133 5723 ι
1169 5671 1453 5727 delendum
1485 5685 1603 5726 esse
1633 5669 1884 5725 arbitror.

659 5741 738 5814 (7)
776 5741 875 5797 Ms.
914 5761 932 5795 ι
966 5742 1318 5810 comparabit.
1356 5761 1373 5794 ›

2255 4781 2374 4841 post
2416 4781 2642 4826 mortem
2675 4771 2869 4836 viduae,
2915 4771 3200 4825 immutato
3247 4770 3357 4824 sibi
3390 4764 3604 4821 nomine
3627 4758 3760 4813 ila?!”

2254 4879 2310 4918 se
2341 4879 2438 4934 pro
2483 4863 2726 4918 Curbicio
2764 4863 2872 4935 (lO)
2909 4862 3274 4932 nuncupavit,
3333 4860 3431 4930 qui
3478 4849 3760 4925 aliquando!

2253 4969 2377 5024 rege
2402 4952 2691 5009 Persarum
2716 4954 3158 5024 comprehensus,
3180 4951 3276 5005 tali
3308 4947 3580 5006 sententia
3599 4943 3762 5024 damn?

2254 5055 2340 5098 tus
2373 5053 2473 5108 est,
2512 5053 2570 5098 ut
2596 5044 2868 5098 hircorum
2900 5059 3051 5098 more
3082 5041 3444 5103 discoriatus,
3474 5047 3590 5092 uter
3614 5021 3761 5117 ejusafi

2254 5143 2463 5206 portam
2497 5135 2774 5204 penderet,
2825 5149 3018 5188 carnes
3049 5147 3177 5186 vero
3199 5131 3327 5200 ejus
3359 5125 3662 5185 volucribus
3681 5114 3760 5170 te“

2255 5228 2320 5282 ad
2364 5243 2545 5283 escam
2589 5230 2928 5297 proficerent.
2998 5224 3123 5279 Haec
3153 5224 3222 5278 ita
3272 5239 3402 5279 esse
3435 5219 3626 5276 melius
3655 5217 3765 5267 ιιοεκ

2254 5319 2530 5389 cupientes
2565 5317 2882 5373 Archelaum
2916 5317 3109 5387 legant.

2320 5524 2394 5584 {8i
2434 5521 2655 5576 Videtur
2677 5521 2959 5589 legendum
2994 5539 3012 5570 ι
3046 5529 3172 5575 tres.
3205 5536 3225 5571 ι

2320 5595 2394 5658 (9)
2437 5593 2531 5647 Ms.
2572 5613 2588 5642 ι
2625 5609 2715 5660 per
2743 5591 2962 5660 quibus.
3003 5610 3021 5643 ι

2320 5663 2430 5736 (10)
2468 5662 2566 5718 Ms.
2611 5682 2628 5715 ι
2662 5661 2995 5717 Curbicium.
3033 5680 3051 5713 ι
