1965 3578
88 180 150 208 Ιιίθ

511 170 597 198 ACTA
618 169 701 197 DISP.
721 168 749 195 S.
771 168 907 196 ARCHEL
938 171 1007 198 CL'M
1027 171 1166 199 MANETE
1186 173 1265 201 "ER.

1625 179 1690 206 uso

120 295 367 354 εἴληπκ
620 304 679 354 (ν.
708 301 868 354 ίῗζὲξ

911 304 934 324 ~.
966 294 1026 334 (ν
1051 295 1293 333 J-Zol,ul.
1315 294 1364 337 Ζ)

454 304 679 415 XE‘irX'
708 304 1331 414 ίῦἰξὲἷὴᾝῆὄῇἐ

657 478 716 535 S.
767 478 1119 536 ARCHELAI

207 600 638 648 CASCHARORUM
702 600 764 644 IN
810 598 1239 646 MESOPOTAMIA
1275 600 1544 648 EPISCOPI

585 695 663 728 CUM
687 695 854 725 ΜΛΝΕΊῈ
880 694 1185 726 ΗᾸΞΒΕὸΙΑΒΟΗΑ.

113 855 134 882 1.
154 854 312 882 Thesaurus
340 860 421 880 verus
433 874 440 886 ,
466 852 522 880 sive
545 851 691 887 disputatio
716 853 806 880 habita
834 853 860 880 in
876 854 899 883 Α
913 853 998 887 pretia
1014 853 1156 884 militibus,
1174 860 1222 880 nec
1236 861 1350 880 numero
1361 854 1452 888 aliquo
1470 861 1518 881 nec
1531 853 1694 882 discretione

78 900 198 929 Carchar
221 900 276 935 (ll)
300 899 408 927 civitate
443 898 653 933 Mesopotamim,
674 898 861 933 iudicantibus

79 945 206 981 Menippo
224 944 290 980 (12),
305 949 332 972 et
347 944 469 980 Egialeo
481 964 487 976 ,
503 949 530 971 et
541 944 663 978 Claudio,
681 949 708 971 et
722 944 859 972 Cleobolo.

78 991 108 1018 In
124 1000 176 1026 qua
192 991 258 1019 urbe
273 991 471 1025 Mesopotamire
484 994 541 1018 erat
553 991 662 1025 quidam
680 991 731 1022 vir,
748 990 861 1018 Marcel-

79 1036 124 1064 lus
138 1037 256 1066 nomine.
270 1036 317 1071 qui
332 1036 385 1062 vita
399 1040 426 1062 et
444 1035 541 1062 studiis
555 1040 582 1063 et
596 1043 703 1070 genere.
720 1036 861 1070 prudentia

77 1088 187 1116 quoque
199 1085 227 1108 et
237 1081 380 1108 honestate
398 1081 475 1108 valde
488 1080 578 1108 clarus
595 1080 760 1114 habebatur;
774 1080 860 1108 facul-

77 1128 181 1155 tatibus
195 1127 276 1154 etiam
289 1127 426 1161 copiosus,
444 1131 471 1154 et
487 1127 558 1161 quod
573 1126 695 1153 omnium
712 1127 861 1154 maximum

77 1177 139 1206 est,
166 1173 369 1208 rengiosissime
393 1172 477 1200 Deum
501 1172 617 1205 timens,
642 1177 668 1200 et
689 1173 731 1201 his
755 1181 816 1208 quae
829 1174 862 1201 de

76 1218 188 1246 Christo
199 1219 368 1250 dicebantur,
378 1226 485 1254 semper
500 1227 561 1246 eum
575 1219 672 1247 timore
684 1220 840 1248 auscultans
852 1230 859 1255 ;

77 1272 129 1292 nec
143 1264 292 1300 quidquam
306 1265 419 1291 omnino
432 1264 496 1292 boni
510 1270 579 1297 erat,
598 1266 669 1301 quod
687 1266 725 1293 illi
740 1266 798 1293 viro
812 1266 861 1293 de-

74 1316 150 1338 esset
167 1320 174 1337 :
192 1310 264 1337 unde
275 1315 302 1338 et
314 1310 418 1337 honore
435 1311 551 1346 plurimo
564 1312 598 1339 ab
614 1312 740 1340 universa
752 1312 861 1341 civitate

77 1356 237 1389 colebatur,
256 1356 435 1391 plurimisque
459 1357 516 1391 ipse
540 1358 675 1385 civitatem
703 1366 780 1385 suam
806 1358 860 1386 fre-

76 1406 193 1436 quenter
217 1400 406 1435 largitionibus
429 1402 669 1435 remunerabatur,
697 1402 861 1437 pauperibus

76 1447 199 1475 tribuens
210 1467 218 1479 ,
236 1447 349 1474 aﬂlietos
363 1447 484 1475 relevans
497 1467 504 1479 ,
524 1447 659 1475 tribulatis
674 1449 806 1475 auxilium
822 1449 861 1475 le-

78 1499 153 1519 rens.
182 1491 234 1519 Sed
250 1500 284 1520 ne
297 1492 453 1520 infirmitate
474 1493 617 1520 verborum
641 1493 786 1521 virtutibus
809 1494 858 1521 viri

913 898 968 925 ulla
984 897 1126 933 distinguit
1143 897 1210 933 (l5),
1228 902 1257 925 ut
1270 899 1356 933 magis
1371 899 1442 925 dona
1457 906 1538 933 quam
1553 898 1638 933 pretia
1651 898 1692 925 vi-

912 943 1050 970 derentur.
1065 944 1099 970 At
1115 943 1151 970 illi
1164 943 1288 971 admirati
1301 949 1327 970 ct
1340 944 1454 978 amplexi
1468 949 1520 971 tam
1533 944 1692 971 immensam

914 989 964 1016 viri
986 989 1112 1024 pietatem
1137 989 1422 1024 muniﬁcentiamque,
1448 994 1474 1017 et
1496 989 1557 1016 facti
1584 995 1694 1025 stupore

913 1035 1047 1070 permoti,
1064 1036 1187 1070 exemplo
1201 1035 1393 1062 misericordiae
1406 1040 1612 1063 eommonentur
1625 1036 1692 1072 (14),

913 1088 941 1109 ut
957 1081 1064 1116 plurimi
1078 1090 1111 1109 ex
1127 1082 1192 1116 ipsis
1203 1081 1366 1108 adderentur
1381 1081 1413 1107 ad
1429 1081 1506 1108 iidem
1522 1081 1629 1109 Domini
1644 1090 1693 1109 no-

912 1128 960 1155 stri
982 1128 1045 1155 Jesu
1069 1127 1186 1160 Christi,
1211 1127 1340 1155 derelicto
1364 1127 1466 1154 militia:
1484 1127 1592 1163 cingulo
1614 1128 1692 1162 (15);

913 1173 958 1199 alii
976 1181 1056 1206 vero,
1073 1173 1116 1200 vix
1138 1177 1234 1208 quarta
1250 1173 1398 1208 pretiorum
1422 1172 1543 1207 portione
1556 1178 1692 1208 suscepta,

912 1219 944 1245 ad
960 1219 1069 1254 propria
1084 1223 1173 1246 castra
1186 1219 1371 1252 discederent;
1386 1219 1474 1246 exteri
1492 1224 1580 1246 autem
1597 1227 1692 1254 parum

912 1265 1025 1292 omnino
1046 1264 1164 1299 aliquid,
1187 1269 1318 1299 quantum
1341 1264 1439 1292 viatico
1456 1264 1605 1298 suilicerct,
1622 1264 1694 1293 acci-

912 1311 1017 1346 pientes
1028 1310 1144 1337 abirent.

947 1357 980 1384 11.
1003 1356 1050 1384 llis
1065 1357 1155 1392 itaque
1178 1356 1261 1391 gestis
1284 1356 1362 1383 la'tus
1380 1355 1521 1384 Marcellus
1536 1363 1593 1383 erat
1606 1356 1690 1389 valde,

911 1408 937 1431 et
952 1403 1039 1430 accito
1054 1410 1108 1429 uno
1122 1411 1152 1429 cx
1168 1403 1291 1437 captiris.
1307 1402 1437 1437 Cortyuio
1451 1402 1571 1435 nomine,
1585 1402 1693 1437 perqui-

913 1451 989 1478 rcbat
1005 1450 1039 1477 ab
1050 1458 1082 1476 eo
1098 1457 1207 1476 causam
1224 1449 1298 1480 belli,
1315 1450 1354 1476 vel
1369 1456 1423 1484 quo
1438 1456 1501 1476 casu
1519 1448 1568 1483 ipsi
1586 1448 1695 1475 inferio-

911 1503 954 1522 res
969 1495 1139 1526 exstiterint,
1165 1502 1196 1521 ac
1210 1494 1326 1520 vinculis
1341 1493 1504 1528 captivitatis
1520 1492 1610 1520 innexi
1628 1492 1691 1519 sint.

76 1537 238 1573 derogemus
265 1538 355 1572 potius
382 1546 464 1573 quam
487 1538 568 1573 digna
596 1538 764 1574 proferamus
776 1560 783 1573 ,
802 1540 859 1567 haec
875 1529 895 1557 Β
912 1541 1012 1573 Atille,
1029 1540 1155 1575 loquendi
1176 1540 1226 1567 sibi
1246 1544 1377 1575 potestate
1390 1538 1532 1573 permissa,
1561 1539 1596 1565 ita
1613 1545 1692 1566 exor-

77 1583 180 1610 dixisse
193 1582 307 1611 subiciat
323 1593 329 1612 :
344 1584 377 1611 ad
389 1591 457 1619 opus
473 1585 543 1619 quod
559 1585 729 1620 propositum
744 1590 795 1617 est.
812 1593 857 1613 ve-

78 1628 162 1654 niam.
191 1627 313 1660 Quodam
332 1629 358 1656 in
374 1633 494 1664 tempore
510 1638 570 1657 eum
589 1630 720 1658 Archelao
732 1631 859 1667 episcopo

77 1674 246 1707 captivorum
262 1674 407 1702 multitudo
421 1675 517 1702 fuisset
536 1676 626 1704 oblata
643 1684 658 1704 a
670 1677 800 1705 militibus
812 1678 858 1712 qui

78 1719 115 1746 ibi
130 1723 218 1746 castra
236 1720 400 1752 servabant,
426 1726 528 1756 septem
549 1723 632 1750 millia
648 1731 761 1751 numero
775 1728 801 1751 et
813 1732 858 1752 se-

78 1765 219 1800 ptingenti,
238 1773 292 1793 non
309 1767 455 1795 mediocris
476 1776 539 1796 eum
552 1769 704 1797 sollicitudo
722 1770 858 1798 constrin-

79 1815 165 1844 xerat,
181 1819 213 1839 eo
230 1812 301 1847 quod
318 1821 366 1848 pro
382 1813 469 1842 salute
486 1814 606 1849 ipsorum
624 1823 720 1843 aurum
736 1824 751 1844 a
766 1817 859 1844 militi-

79 1857 131 1884 bus
153 1864 327 1893 posceretur;
353 1860 399 1894 qui
415 1868 476 1887 cum
492 1860 665 1889 dissimulare
680 1870 733 1889 non
757 1868 857 1897 posset,

76 1910 128 1938 pro
149 1903 277 1939 religione
299 1909 325 1931 et
350 1905 447 1932 timore
462 1905 509 1932 Dei
526 1906 698 1934 vehementer
714 1908 857 1940 aestuabat.

75 1952 105 1974 et
122 1948 229 1975 tandem
253 1949 286 1976 ad
304 1948 458 1976 Marcellum
477 1958 636 1985 properans,
660 1951 698 1978 rei
714 1957 796 1986 gestm
812 1960 859 1980 nc-

76 1994 182 2028 gotium
196 1995 317 2029 exponit.
344 1995 455 2028 Verum,
480 2001 509 2023 ut
523 1997 580 2024 haec
596 1998 699 2025 audivit
712 1998 752 2025 vir
768 1999 859 2033 piissi-

75 2048 140 2068 mus
153 2040 314 2076 Marcellus,
336 2042 401 2069 nihil
418 2044 530 2070 omnino
546 2049 684 2077 moratus,
711 2044 859 2080 ingreditur

76 2086 201 2118 domum,
219 2095 374 2122 prazparans
390 2088 475 2123 pretia
490 2089 671 2123 captivorum,
687 2095 858 2124 quantacun-

75 2138 132 2166 que
147 2132 334 2166 poposcissent
349 2136 394 2167 qui
410 2133 578 2161 deduxerant
591 2135 713 2169 vinctos;
732 2141 756 2163 ct
773 2136 859 2163 conti-

76 2184 145 2211 nuo,
160 2178 287 2206 reseratis
302 2178 436 2206 bonorum
454 2188 566 2208 suorum
583 2181 717 2209 thesauris
727 2203 734 2215 ,
750 2183 857 2217 pictatis

113 2290 170 2325 (ll)
190 2290 252 2319 Hazc
262 2292 355 2319 eadem
369 2292 434 2320 urbs
448 2292 518 2321 infra
531 2301 590 2328 cap.
605 2294 622 2321 3
640 2303 650 2320 ί
665 2294 765 2322 Charra
785 2305 794 2321 ι
811 2304 858 2323 vo-

74 2331 171 2366 catur)
187 2334 240 2366 non
252 2336 265 2366 At
283 2328 400 2366 Carchar
411 2348 418 2359 ,
438 2338 464 2366 »Π
475 2333 522 2355 aut
539 2338 547 2355 ι
561 2329 710 2366 γοιιβειιειντν
722 2339 730 2355 ι
752 2336 780 2357 ut
794 2331 859 2366 Epi-

77 2361 196 2401 phanius
215 2362 312 2401 habet;
338 2362 427 2401 Quare
439 2364 586 2401 disputatio
604 2364 652 2391 ista
662 2365 758 2401 habita
774 2361 858 2394 fuisse

75 2396 184 2434 videtur
201 2397 271 2434 apud
293 2397 410 2434 Carrhas
431 2396 632 2434 celeberrimam
660 2399 859 2434 Mesopotamize

76 2431 185 2492 :ll'gfam.
206 2431 272 2459 Vide
284 2432 362 2467 plura
379 2433 406 2460 in
421 2433 578 2468 praefatione
592 2438 694 2467 nostra,
707 2431 751 2462 ubi
762 2436 796 2463 de
806 2436 858 2463 Ar-

102 2474 109 2492 ι
157 2474 184 2492 ο.

75 2473 184 2494 enetao.

113 2501 170 2540 (πῃ
191 2501 333 2540 Μάρσιπος
350 2507 461 2529 vocatur
477 2503 743 2540 apudEpiphanium
757 2506 783 2533 in
798 2505 858 2534 Ha:-

74 2543 130 2563 resr
148 2537 355 2564 Manichaeorum
374 2546 444 2569 Lm,
458 2537 532 2566 nuin.
549 2537 592 2566 1οξ

89 2579 92 2583 ”
113 2571 172 2604 (15)
192 2571 282 2604 Forte,
299 2581 308 2597 ι
327 2573 474 2600 distribuit.
493 2583 503 2599 ι

113 2606 172 2639 (H)
192 2606 282 2639 Forte,
300 2616 309 2632 ι
329 2613 545 2635 commoventur.
564 2618 573 2634 ι

113 2640 373 2680 (ᾖὸλΔὺΙιυὶι-ιιίεδθ
389 2650 404 2669 a
422 2642 515 2670 militia
536 2643 705 2672 Christianos
718 2645 859 2680 primitiva:

74 2675 216 2716 EccleSize,
231 2685 264 2704 ne
281 2685 446 2716 paganorum
460 2679 623 2716 commercio
634 2675 859 2716 atque-supersti-

74 2711 200 2748 tionibus
224 2711 426 2740 mac’ulareutur
437 2733 443 2743 .
472 2715 562 2741 notius
577 2720 619 2742 est
634 2711 857 2748 ex'Tertulliano,

73 2745 117 2772 De
133 2754 229 2784 corona
246 2748 345 2777 militis,
353 2757 376 2775 e.
397 2749 426 2775 Η
440 2769 446 2780 ,
470 2756 550 2783 quam
568 2754 596 2776 ut
611 2750 733 2784 pluribus
746 2745 858 2778 demoti;

74 2783 161 2820 strari
174 2789 242 2820 opus
257 2783 302 2820 sit.
333 2784 384 2810 Sed
394 2784 430 2820 ad
446 2783 721 2820 illustranduinhunc
734 2786 858 2820 disputa-

75 2817 296 2854 tioui_sr_\relielai
310 2827 370 2846 curti
390 2818 494 2846 Manete
505 2819 605 2850 locum,
621 2819 766 2854 plurimum
779 2817 858 2854 'l'aeit,

72 2852 151 2890 quod
167 2852 264 2879 ibidem
277 2854 313 2890 ait
326 2854 509 2890 Tertullianus
526 2864 531 2881 :
549 2864 557 2879 ί
572 2852 654 2881 Plane
667 2855 689 2882 si
703 2863 772 2889 quos
786 2852 854 2883 mili;

74 2888 113 2913 tia
132 2893 281 2921 praeventus
298 2888 363 2916 tides
377 2890 509 2924 posterior
526 2890 643 2924 intcnit,
670 2888 721 2918 alia
735 2891 853 2919 conditio

902 2572 1059 2603 ‘Concilium
1076 2572 1213 2600 Nic-mnum
1226 2593 1233 2605 ,
1249 2580 1309 2600 can.
1326 2572 1360 2599 1‘2.
1376 2580 1383 2599 :

912 1595 960 1614 sus
976 1591 1025 1613 est.
1044 1585 1109 1619 Nos,
1126 1586 1234 1613 domine
1250 1585 1284 1613 mi
1299 1584 1433 1617 Marcelle,
1451 1584 1548 1611 viventi
1565 1583 1618 1611 Deo
1633 1592 1692 1612 cre-

912 1632 1003 1659 dimus
1026 1632 1085 1659 soli.
1121 1630 1167 1658 Est
1182 1637 1271 1658 autem
1294 1630 1373 1657 nobis
1392 1638 1451 1657 mus
1468 1630 1621 1665 hujusmodi
1639 1629 1694 1657 frit‘

913 1684 982 1706 trum
1001 1681 1155 1705 nostrorum
1175 1676 1200 1703 in
1214 1685 1263 1703 nc-s
1278 1676 1422 1703 traditione
1441 1676 1616 1710 descendens,
1637 1677 1694 1712 qui-

912 1732 965 1759 que
990 1732 1006 1751 a
1028 1724 1106 1751 nobis
1126 1723 1284 1750 observatus
1302 1727 1343 1750 est
1358 1730 1444 1757 usque
1462 1723 1495 1750 ad
1512 1723 1583 1750 hunc
1598 1724 1668 1750 diem
1684 1731 1691 1750 :

912 1777 959 1805 per
982 1777 1067 1797 annos
1089 1768 1212 1804 singulos
1233 1772 1307 1795 extra
1325 1768 1418 1795 urbem
1434 1768 1534 1804 egressi
1552 1776 1604 1795 uua
1630 1775 1692 1794 eum

912 1815 1073 1849 conjugibus
1091 1822 1122 1842 ac
1134 1813 1225 1841 liberis
1235 1833 1242 1845 ,
1263 1814 1447 1848 supplicamus
1462 1813 1510 1840 soli
1525 1818 1552 1840 et
1565 1812 1692 1840 invisibili

913 1860 966 1888 Deo
976 1881 983 1893 ,
1004 1861 1103 1887 imbres
1126 1860 1160 1886 ab
1175 1867 1208 1887 eo
1223 1859 1289 1886 satis
1304 1860 1405 1886 uestris
1423 1867 1454 1886 ae
1476 1858 1598 1893 frugibus
1612 1859 1691 1885 obso-

912 1911 1020 1934 crantes
1037 1915 1043 1933 :
1058 1905 1130 1941 quod
1150 1913 1212 1932 cum
1239 1909 1359 1938 tempore
1385 1913 1416 1931 ae
1437 1912 1512 1931 more
1529 1904 1609 1931 solito
1623 1904 1693 1931 cele-

912 1953 1055 1980 brarenius
1067 1971 1074 1984 ,
1100 1951 1275 1978 ima-orantes
1294 1951 1402 1985 jejuuos
1417 1957 1510 1984 vesper
1523 1949 1641 1981 obtexit,
1665 1953 1693 1976 et

913 1998 1062 2034 gravabant
1075 2004 1124 2024 nos
1141 1996 1196 2023 duo
1211 1996 1333 2023 omnium
1349 1996 1503 2023 diﬂicilliina
1514 2015 1521 2027 ,
1544 1995 1690 2030 jejunium,

912 2048 939 2072 et
953 2043 1059 2078 vigilite.
1082 2041 1161 2069 Circa
1179 2041 1297 2068 medium
1311 2049 1375 2068 vero
1389 2041 1475 2068 noctis
1491 2041 1598 2067 invidus
1613 2040 1691 2068 nobis

911 2095 939 2120 et
961 2091 1132 2125 importunus
1154 2096 1268 2116 somnus
1282 2088 1418 2122 obrepsit,
1442 2088 1629 2115 cteervieibus
1644 2087 1691 2114 de-

913 2142 1030 2174 gravatts
1042 2144 1075 2164 ac
1089 2136 1168 2168 laxis,
1181 2135 1304 2162 demerso
1318 2135 1373 2170 (16)
1395 2134 1492 2169 capite,
1515 2133 1630 2161 frontem
1645 2140 1691 2168 ge-

912 2184 991 2212 nibus
1002 2183 1087 2211 elidit.
1104 2181 1160 2210 Iloc
1170 2186 1260 2209 autem
1274 2181 1373 2208 factum
1386 2185 1436 2214 est,
1446 2179 1572 2216 quoniam
1585 2185 1690 2215 tempus

908 2300 967 2329 est,
988 2299 1017 2322 ut
1041 2294 1238 2330 illorum_quos
1252 2291 1373 2330 Joannes
1393 2291 1550 2319 admittebat
1570 2291 1602 2317 ad
1611 2290 1689 2330 [lava-

908 2326 1000 2361 erunt;
1018 2328 1246 2357 utcenturionum
1265 2328 1494 2358 ﬁdelissimorum.
1513 2334 1593 2361 quem
1607 2326 1688 2352 Chri-

909 2370 967 2393 stus
983 2365 1088 2400 probat,
1103 2368 1129 2390 et
1140 2371 1220 2397 quem
1228 2362 1328 2400 Petrus
1343 2362 1507 2400 catechizat;
1518 2362 1581 2400 dum
1598 2364 1687 2400 tamen

909 2395 1035 2435 suscepta
1052 2400 1103 2426 [ide
1115 2395 1196 2432 atque
1212 2398 1327 2432 signata,
1342 2397 1578 2435 aut-deserendum
1595 2395 1687 2435 statim

909 2438 944 2463 sit
957 2431 1013 2462 ut'a
1028 2434 1119 2461 multis
1134 2431 1224 2460 actum
1236 2431 1248 2465 ξ
1260 2438 1306 2459 aut
1317 2432 1443 2459 omnibus
1460 2431 1548 2458 modis
1558 2431 1687 2458 cavillan-

908 2471 983 2502 dum,
1001 2478 1034 2496 ne
1048 2469 1111 2504 quid
1124 2469 1253 2496 adversus
1265 2467 1349 2495 Deum
1361 2467 1555 2504 committatur,
1566 2473 1687 2504 quaenec

908 2514 940 2532 ex
959 2501 1277 2539 militia—permittuntur;
1304 2507 1360 2539 aut
1374 2502 1520 2529 novissime
1536 2501 1681 2539 perpetien-

908 2541 971 2568 dum
988 2547 1036 2574 pro
1049 2536 1102 2574 Deo
1114 2559 1120 2571 ,
1138 2538 1209 2573 quod
1229 2545 1305 2572 aeque
1328 2538 1393 2574 lides
1408 2545 1510 2574 pagana
1525 2536 1652 2563 condixit.
1674 2543 1683 2573 ξ

1400 2581 1410 2597 ε
1426 2572 1584 2605 Quicunque
1599 2572 1685 2597 vocati

909 2618 956 2645 per
970 2610 1095 2645 gratiam,
1114 2610 1230 2645 primum
1246 2608 1354 2645 quidem
1373 2607 1501 2645 impetum
1518 2611 1684 2645 monstrave-

908 2642 984 2677 runt,
999 2642 1163 2678 deponentcs
1176 2643 1278 2670 militize
1292 2643 1441 2679 cingulum,
1460 2642 1631 2679 postmodum
1645 2647 1687 2679 ve-

909 2688 939 2707 ro
959 2676 991 2707 ad
1008 2676 1145 2714 proprium
1163 2678 1294 2714 vomitum
1310 2676 1373 2704 sunt
1388 2676 1566 2714 relapsi_;__ita
1581 2676 1686 2714 utqui-

908 2716 969 2742 dam
995 2711 1021 2741 et
1038 2711 1166 2749 pecunias
1181 2713 1345 2745 tribuerent,
1363 2717 1390 2739 ct
1407 2711 1684 2749 benelieiis__niilitiam

908 2746 1058 2784 repeterent
1072 2758 1079 2775 :
1094 2749 1120 2774 hi
1139 2749 1230 2775 decem
1257 2746 1556 2784 annosrpost_trietinii
1579 2751 1686 2779 tempus

907 2781 962 2820 quo
980 2784 1204 2820 inter_audi_entes
1233 2788 1327 2820 erunt,
1352 2781 1552 2820 in_aIl'liptionc
1573 2788 1684 2820 perina-

908 2816 998 2847 tieant.
1012 2829 1020 2844 ι
1041 2818 1104 2846 Vide
1120 2818 1225 2853 Lupum
1235 2822 1261 2846 et
1273 2816 1444 2852 Beveregium
1458 2816 1485 2843 in
1499 2817 1624 2844 eumdem
1641 2823 1686 2841 ea-

909 2864 934 2882 ltt
942 2863 1017 2881 Hem.

943 2889 998 2924 (Ιὸ)
1018 2889 1107 2923 Forte,
1126 2898 1134 2914 I
1152 2888 1274 2916 dimisso.
1291 2897 1300 2913 ι
