  <div class='ocr_page' id='page_1' title='image "/cluster/home/n/w/nwhite01/storage/ocr_20150623/10/hvd.32044073501348/732.png"; bbox 0 0 3982 6346; ppageno 0'>
   <div class='ocr_carea' id='block_1_1' title="bbox 398 352 538 409">
    <p class='ocr_par' dir='ltr' id='par_1_1' title="bbox 398 352 538 409">
     <span class='ocr_line' id='line_1_1' title="bbox 398 352 538 409; baseline 0 -1"><span class='ocrx_word' id='word_1_1' title='bbox 398 352 538 409; x_wconf 73' lang='lat'><strong>“3&#39;5</strong></span> 
     </span>
    </p>
   </div>
   <div class='ocr_carea' id='block_1_2' title="bbox 1471 355 2496 418">
    <p class='ocr_par' dir='ltr' id='par_1_2' title="bbox 1471 355 2496 418">
     <span class='ocr_line' id='line_1_2' title="bbox 1471 355 2496 418; baseline 0.003 -5"><span class='ocrx_word' id='word_1_2' title='bbox 1471 355 1619 415; x_wconf 76' lang='lat' dir='ltr'><strong>CUM</strong></span> <span class='ocrx_word' id='word_1_3' title='bbox 1654 356 1936 415; x_wconf 75' lang='lat' dir='ltr'><strong>MANE&#39;I‘E</strong></span> <span class='ocrx_word' id='word_1_4' title='bbox 1965 355 2496 418; x_wconf 66' lang='lat' dir='ltr'><strong>IIIERESIARCHA.</strong></span> 
     </span>
    </p>
   </div>
   <div class='ocr_carea' id='block_1_3' title="bbox 3470 360 3608 417">
    <p class='ocr_par' dir='ltr' id='par_1_3' title="bbox 3470 360 3608 417">
     <span class='ocr_line' id='line_1_3' title="bbox 3470 360 3608 417; baseline 0.014 -2"><span class='ocrx_word' id='word_1_5' title='bbox 3470 360 3608 417; x_wconf 62' lang='grc'><strong>1436</strong></span> 
     </span>
    </p>
   </div>
   <div class='ocr_carea' id='block_1_4' title="bbox 394 440 3611 525">
    <p class='ocr_par' dir='ltr' id='par_1_4' title="bbox 394 440 3611 525">
     <span class='ocr_line' id='line_1_4' title="bbox 394 440 3611 525; baseline 0.003 -23"><span class='ocrx_word' id='word_1_6' title='bbox 394 445 507 502; x_wconf 86' lang='lat' dir='ltr'><strong>dita</strong></span> <span class='ocrx_word' id='word_1_7' title='bbox 539 440 779 514; x_wconf 88' lang='lat' dir='ltr'><strong>Epistola</strong></span> <span class='ocrx_word' id='word_1_8' title='bbox 805 486 822 512; x_wconf 93' lang='lat'><strong>,</strong></span> <span class='ocrx_word' id='word_1_9' title='bbox 871 446 1022 503; x_wconf 82' lang='lat' dir='ltr'><strong>abire</strong></span> <span class='ocrx_word' id='word_1_10' title='bbox 1048 445 1203 518; x_wconf 86' lang='lat' dir='ltr'><strong>jubet</strong></span> <span class='ocrx_word' id='word_1_11' title='bbox 1226 488 1243 516; x_wconf 91' lang='lat'><strong>,</strong></span> <span class='ocrx_word' id='word_1_12' title='bbox 1294 462 1359 505; x_wconf 92' lang='lat' dir='ltr'><strong>ac</strong></span> <span class='ocrx_word' id='word_1_13' title='bbox 1393 449 1631 520; x_wconf 88' lang='lat' dir='ltr'><strong>perferre</strong></span> <span class='ocrx_word' id='word_1_14' title='bbox 1659 448 1910 507; x_wconf 83' lang='lat' dir='ltr'><strong>Marcello</strong></span> <span class='ocrx_word' id='word_1_15' title='bbox 1934 469 1950 520; x_wconf 88' lang='lat'><strong>;</strong></span> <span class='ocrx_word' id='word_1_16' title='bbox 1980 456 2027 514; x_wconf 74' lang='grc' dir='ltr'><strong>Α</strong></span> <span class='ocrx_word' id='word_1_17' title='bbox 2054 462 2167 510; x_wconf 92' lang='lat' dir='ltr'><strong>tum</strong></span> <span class='ocrx_word' id='word_1_18' title='bbox 2193 454 2307 525; x_wconf 83' lang='lat'><strong>(25)</strong></span> <span class='ocrx_word' id='word_1_19' title='bbox 2339 453 2447 510; x_wconf 88' lang='lat' dir='ltr'><strong>sibi</strong></span> <span class='ocrx_word' id='word_1_20' title='bbox 2480 466 2676 509; x_wconf 86' lang='lat' dir='ltr'><strong>nomen</strong></span> <span class='ocrx_word' id='word_1_21' title='bbox 2703 467 2813 507; x_wconf 90' lang='lat' dir='ltr'><strong>non</strong></span> <span class='ocrx_word' id='word_1_22' title='bbox 2840 450 3069 509; x_wconf 75' lang='lat' dir='ltr'><strong>libenter</strong></span> <span class='ocrx_word' id='word_1_23' title='bbox 3097 452 3365 522; x_wconf 88' lang='lat' dir='ltr'><strong>amplexi,</strong></span> <span class='ocrx_word' id='word_1_24' title='bbox 3399 451 3611 511; x_wconf 77' lang='lat' dir='ltr'><strong>Turbo-</strong></span> 
     </span>
    </p>
   </div>
   <div class='ocr_carea' id='block_1_5' title="bbox 394 533 1952 608">
    <p class='ocr_par' dir='ltr' id='par_1_5' title="bbox 394 533 1952 608">
     <span class='ocr_line' id='line_1_5' title="bbox 394 533 1952 608; baseline 0.004 -19"><span class='ocrx_word' id='word_1_25' title='bbox 394 535 599 608; x_wconf 84' lang='lat' dir='ltr'><strong>quique</strong></span> <span class='ocrx_word' id='word_1_26' title='bbox 625 533 740 606; x_wconf 79' lang='lat' dir='ltr'><strong>(2i)</strong></span> <span class='ocrx_word' id='word_1_27' title='bbox 767 546 1044 608; x_wconf 76' lang='lat' dir='ltr'><strong>acceptam</strong></span> <span class='ocrx_word' id='word_1_28' title='bbox 1087 553 1205 594; x_wconf 89' lang='lat' dir='ltr'><strong>eam</strong></span> <span class='ocrx_word' id='word_1_29' title='bbox 1241 539 1390 603; x_wconf 85' lang='lat' dir='ltr'><strong>huic,</strong></span> <span class='ocrx_word' id='word_1_30' title='bbox 1422 540 1510 596; x_wconf 90' lang='lat' dir='ltr'><strong>cui</strong></span> <span class='ocrx_word' id='word_1_31' title='bbox 1542 555 1574 596; x_wconf 91' lang='lat' dir='ltr'><strong>a</strong></span> <span class='ocrx_word' id='word_1_32' title='bbox 1596 539 1753 598; x_wconf 76' lang='lat' dir='ltr'><strong>Mane</strong></span> <span class='ocrx_word' id='word_1_33' title='bbox 1782 540 1952 597; x_wconf 89' lang='lat' dir='ltr'><strong>fuerat</strong></span> 
     </span>
    </p>
   </div>
   <div class='ocr_carea' id='block_1_6' title="bbox 394 630 1955 703">
    <p class='ocr_par' dir='ltr' id='par_1_6' title="bbox 394 630 1955 703">
     <span class='ocr_line' id='line_1_6' title="bbox 394 630 1955 703; baseline 0.003 -22"><span class='ocrx_word' id='word_1_34' title='bbox 394 637 720 699; x_wconf 65' lang='lat' dir='ltr'><strong>prmeeptum</strong></span> <span class='ocrx_word' id='word_1_35' title='bbox 742 668 759 694; x_wconf 95' lang='lat'><strong>,</strong></span> <span class='ocrx_word' id='word_1_36' title='bbox 795 630 1047 699; x_wconf 89' lang='lat' dir='ltr'><strong>pertulit,</strong></span> <span class='ocrx_word' id='word_1_37' title='bbox 1076 630 1223 689; x_wconf 89' lang='lat' dir='ltr'><strong>omni</strong></span> <span class='ocrx_word' id='word_1_38' title='bbox 1259 631 1454 687; x_wconf 93' lang='lat' dir='ltr'><strong>itinere</strong></span> <span class='ocrx_word' id='word_1_39' title='bbox 1482 631 1673 688; x_wconf 89' lang='lat' dir='ltr'><strong>diebus</strong></span> <span class='ocrx_word' id='word_1_40' title='bbox 1717 633 1955 703; x_wconf 87' lang='lat' dir='ltr'><strong>quinque</strong></span> 
     </span>
    </p>
   </div>
   <div class='ocr_carea' id='block_1_7' title="bbox 393 710 1954 793">
    <p class='ocr_par' dir='ltr' id='par_1_7' title="bbox 393 710 1954 793">
     <span class='ocr_line' id='line_1_7' title="bbox 393 710 1954 793; baseline 0.002 -18"><span class='ocrx_word' id='word_1_41' title='bbox 393 728 686 775; x_wconf 87' lang='lat' dir='ltr'><strong>transacto.</strong></span> <span class='ocrx_word' id='word_1_42' title='bbox 751 719 928 777; x_wconf 83' lang='lat' dir='ltr'><strong>Veloci</strong></span> <span class='ocrx_word' id='word_1_43' title='bbox 973 722 1171 781; x_wconf 88' lang='lat' dir='ltr'><strong>etenim</strong></span> <span class='ocrx_word' id='word_1_44' title='bbox 1226 710 1475 779; x_wconf 64' lang='lat' dir='ltr'><strong>usus°est</strong></span> <span class='ocrx_word' id='word_1_45' title='bbox 1510 740 1714 791; x_wconf 88' lang='lat' dir='ltr'><strong>cursu,</strong></span> <span class='ocrx_word' id='word_1_46' title='bbox 1760 724 1954 793; x_wconf 91' lang='lat' dir='ltr'><strong>inquo</strong></span> 
     </span>
    </p>
   </div>
   <div class='ocr_carea' id='block_1_8' title="bbox 292 809 1955 882">
    <p class='ocr_par' dir='ltr' id='par_1_8' title="bbox 292 809 1955 882">
     <span class='ocr_line' id='line_1_8' title="bbox 292 809 1955 882; baseline 0.003 -20"><span class='ocrx_word' id='word_1_47' title='bbox 292 828 299 831; x_wconf 89' lang='grc'>·</span> <span class='ocrx_word' id='word_1_48' title='bbox 393 809 692 880; x_wconf 90' lang='lat' dir='ltr'><strong>plurimum</strong></span> <span class='ocrx_word' id='word_1_49' title='bbox 738 812 1081 882; x_wconf 89' lang='lat' dir='ltr'><strong>supradictus</strong></span> <span class='ocrx_word' id='word_1_50' title='bbox 1128 811 1311 868; x_wconf 84' lang='lat' dir='ltr'><strong>Turbo</strong></span> <span class='ocrx_word' id='word_1_51' title='bbox 1362 812 1563 869; x_wconf 89' lang='lat' dir='ltr'><strong>laboris</strong></span> <span class='ocrx_word' id='word_1_52' title='bbox 1613 823 1667 869; x_wconf 91' lang='lat' dir='ltr'><strong>et</strong></span> <span class='ocrx_word' id='word_1_53' title='bbox 1697 812 1955 869; x_wconf 70' lang='lat' dir='ltr'><strong>molestia:</strong></span> 
     </span>
    </p>
   </div>
   <div class='ocr_carea' id='block_1_9' title="bbox 395 903 1951 977">
    <p class='ocr_par' dir='ltr' id='par_1_9' title="bbox 395 903 1951 977">
     <span class='ocr_line' id='line_1_9' title="bbox 395 903 1951 977; baseline 0.002 -21"><span class='ocrx_word' id='word_1_54' title='bbox 395 904 646 974; x_wconf 85' lang='lat' dir='ltr'><strong>pertulit;</strong></span> <span class='ocrx_word' id='word_1_55' title='bbox 681 903 728 960; x_wconf 93' lang='lat' dir='ltr'><strong>si</strong></span> <span class='ocrx_word' id='word_1_56' title='bbox 748 904 964 975; x_wconf 88' lang='lat' dir='ltr'><strong>quando</strong></span> <span class='ocrx_word' id='word_1_57' title='bbox 990 905 1133 959; x_wconf 91' lang='lat' dir='ltr'><strong>enim</strong></span> <span class='ocrx_word' id='word_1_58' title='bbox 1166 904 1330 959; x_wconf 89' lang='lat' dir='ltr'><strong>veluti</strong></span> <span class='ocrx_word' id='word_1_59' title='bbox 1359 904 1711 977; x_wconf 73' lang='lat' dir='ltr'><strong>peregrinaris</strong></span> <span class='ocrx_word' id='word_1_60' title='bbox 1736 903 1847 974; x_wconf 83' lang='grc'>(22)</span> <span class='ocrx_word' id='word_1_61' title='bbox 1884 904 1951 959; x_wconf 90' lang='lat' dir='ltr'><strong>ad</strong></span> 
     </span>
    </p>
   </div>
   <div class='ocr_carea' id='block_1_10' title="bbox 400 993 1950 1066">
    <p class='ocr_par' dir='ltr' id='par_1_10' title="bbox 400 993 1950 1066">
     <span class='ocr_line' id='line_1_10' title="bbox 400 993 1950 1066; baseline 0.002 -19"><span class='ocrx_word' id='word_1_62' title='bbox 400 993 697 1064; x_wconf 84' lang='lat' dir='ltr'><strong>hospitium</strong></span> <span class='ocrx_word' id='word_1_63' title='bbox 721 995 1089 1065; x_wconf 87' lang='lat' dir='ltr'><strong>pervenisset,</strong></span> <span class='ocrx_word' id='word_1_64' title='bbox 1122 1010 1242 1064; x_wconf 76' lang='lat' dir='ltr'><strong>qua:</strong></span> <span class='ocrx_word' id='word_1_65' title='bbox 1266 995 1481 1065; x_wconf 83' lang='lat' dir='ltr'><strong>quidem</strong></span> <span class='ocrx_word' id='word_1_66' title='bbox 1514 994 1818 1051; x_wconf 87' lang='lat' dir='ltr'><strong>diversoria</strong></span> <span class='ocrx_word' id='word_1_67' title='bbox 1840 994 1950 1066; x_wconf 86' lang='grc'>(25)</span> 
     </span>
    </p>
   </div>
   <div class='ocr_carea' id='block_1_11' title="bbox 393 1085 1952 1155">
    <p class='ocr_par' dir='ltr' id='par_1_11' title="bbox 393 1085 1952 1155">
     <span class='ocr_line' id='line_1_11' title="bbox 393 1085 1952 1155; baseline 0 -15"><span class='ocrx_word' id='word_1_68' title='bbox 393 1085 853 1155; x_wconf 88' lang='lat' dir='ltr'><strong>hospitalissimus</strong></span> <span class='ocrx_word' id='word_1_69' title='bbox 878 1085 1159 1142; x_wconf 80' lang='lat' dir='ltr'><strong>Marcellus</strong></span> <span class='ocrx_word' id='word_1_70' title='bbox 1191 1087 1682 1154; x_wconf 86' lang='lat' dir='ltr'><strong>instruxerat,cum</strong></span> <span class='ocrx_word' id='word_1_71' title='bbox 1710 1102 1740 1141; x_wconf 92' lang='lat' dir='ltr'><strong>a</strong></span> <span class='ocrx_word' id='word_1_72' title='bbox 1768 1101 1952 1141; x_wconf 84' lang='lat' dir='ltr'><strong>serva-</strong></span> 
     </span>
    </p>
   </div>
   <div class='ocr_carea' id='block_1_12' title="bbox 395 1177 1948 1249">
    <p class='ocr_par' dir='ltr' id='par_1_12' title="bbox 395 1177 1948 1249">
     <span class='ocr_line' id='line_1_12' title="bbox 395 1177 1948 1249; baseline 0.001 -15"><span class='ocrx_word' id='word_1_73' title='bbox 395 1177 607 1235; x_wconf 87' lang='lat' dir='ltr'><strong>toribus</strong></span> <span class='ocrx_word' id='word_1_74' title='bbox 656 1178 1012 1248; x_wconf 89' lang='lat' dir='ltr'><strong>hospitiorum</strong></span> <span class='ocrx_word' id='word_1_75' title='bbox 1039 1179 1482 1249; x_wconf 83' lang='lat' dir='ltr'><strong>interrogaretur,</strong></span> <span class='ocrx_word' id='word_1_76' title='bbox 1528 1179 1689 1245; x_wconf 89' lang='lat' dir='ltr'><strong>unde,</strong></span> <span class='ocrx_word' id='word_1_77' title='bbox 1723 1187 1776 1233; x_wconf 90' lang='lat' dir='ltr'><strong>et</strong></span> <span class='ocrx_word' id='word_1_78' title='bbox 1804 1179 1948 1248; x_wconf 88' lang='lat' dir='ltr'><strong>quis,</strong></span> 
     </span>
    </p>
   </div>
   <div class='ocr_carea' id='block_1_13' title="bbox 393 1270 1950 1342">
    <p class='ocr_par' dir='ltr' id='par_1_13' title="bbox 393 1270 1950 1342">
     <span class='ocr_line' id='line_1_13' title="bbox 393 1270 1950 1342; baseline -0.001 -17"><span class='ocrx_word' id='word_1_79' title='bbox 393 1270 480 1325; x_wconf 86' lang='lat' dir='ltr'><strong>vel</strong></span> <span class='ocrx_word' id='word_1_80' title='bbox 504 1286 535 1325; x_wconf 90' lang='lat' dir='ltr'><strong>a</strong></span> <span class='ocrx_word' id='word_1_81' title='bbox 562 1285 671 1341; x_wconf 93' lang='lat' dir='ltr'><strong>quo</strong></span> <span class='ocrx_word' id='word_1_82' title='bbox 702 1271 904 1326; x_wconf 88' lang='lat' dir='ltr'><strong>missus</strong></span> <span class='ocrx_word' id='word_1_83' title='bbox 949 1281 1131 1337; x_wconf 88' lang='lat' dir='ltr'><strong>esset,</strong></span> <span class='ocrx_word' id='word_1_84' title='bbox 1186 1272 1364 1326; x_wconf 79' lang='lat' dir='ltr'><strong>aiebat</strong></span> <span class='ocrx_word' id='word_1_85' title='bbox 1393 1290 1409 1327; x_wconf 88' lang='lat'><strong>:</strong></span> <span class='ocrx_word' id='word_1_86' title='bbox 1438 1272 1569 1328; x_wconf 88' lang='lat' dir='ltr'><strong>Sum</strong></span> <span class='ocrx_word' id='word_1_87' title='bbox 1595 1271 1810 1342; x_wconf 90' lang='lat' dir='ltr'><strong>quidem</strong></span> <span class='ocrx_word' id='word_1_88' title='bbox 1838 1270 1950 1341; x_wconf 72' lang='grc'>(24)</span> 
     </span>
    </p>
   </div>
   <div class='ocr_carea' id='block_1_14' title="bbox 395 1360 1952 1431">
    <p class='ocr_par' dir='ltr' id='par_1_14' title="bbox 395 1360 1952 1431">
     <span class='ocr_line' id='line_1_14' title="bbox 395 1360 1952 1431; baseline 0.003 -16"><span class='ocrx_word' id='word_1_89' title='bbox 395 1360 901 1431; x_wconf 76' lang='lat' dir='ltr'><strong>Mesopotamensis,</strong></span> <span class='ocrx_word' id='word_1_90' title='bbox 936 1363 1003 1418; x_wconf 89' lang='lat' dir='ltr'><strong>de</strong></span> <span class='ocrx_word' id='word_1_91' title='bbox 1027 1362 1245 1419; x_wconf 83' lang='lat' dir='ltr'><strong>Persida</strong></span> <span class='ocrx_word' id='word_1_92' title='bbox 1290 1374 1470 1418; x_wconf 88' lang='lat' dir='ltr'><strong>autem</strong></span> <span class='ocrx_word' id='word_1_93' title='bbox 1514 1365 1693 1428; x_wconf 86' lang='lat' dir='ltr'><strong>venio,</strong></span> <span class='ocrx_word' id='word_1_94' title='bbox 1728 1380 1759 1418; x_wconf 93' lang='lat' dir='ltr'><strong>a</strong></span> <span class='ocrx_word' id='word_1_95' title='bbox 1783 1362 1952 1421; x_wconf 82' lang='lat' dir='ltr'><strong>Mani-</strong></span> 
     </span>
    </p>
   </div>
   <div class='ocr_carea' id='block_1_15' title="bbox 393 1452 1954 1525">
    <p class='ocr_par' dir='ltr' id='par_1_15' title="bbox 393 1452 1954 1525">
     <span class='ocr_line' id='line_1_15' title="bbox 393 1452 1954 1525; baseline 0.002 -19"><span class='ocrx_word' id='word_1_96' title='bbox 393 1452 545 1508; x_wconf 78' lang='lat' dir='ltr'><strong>chaeo</strong></span> <span class='ocrx_word' id='word_1_97' title='bbox 574 1454 832 1524; x_wconf 87' lang='lat' dir='ltr'><strong>magistro</strong></span> <span class='ocrx_word' id='word_1_98' title='bbox 863 1453 1299 1510; x_wconf 89' lang='lat' dir='ltr'><strong>Christianorum</strong></span> <span class='ocrx_word' id='word_1_99' title='bbox 1331 1455 1554 1512; x_wconf 89' lang='lat' dir='ltr'><strong>missus.</strong></span> <span class='ocrx_word' id='word_1_100' title='bbox 1595 1456 1665 1510; x_wconf 83' lang='lat' dir='ltr'><strong>At</strong></span> <span class='ocrx_word' id='word_1_101' title='bbox 1693 1455 1770 1510; x_wconf 91' lang='lat' dir='ltr'><strong>illi</strong></span> <span class='ocrx_word' id='word_1_102' title='bbox 1799 1455 1954 1525; x_wconf 81' lang='lat' dir='ltr'><strong>igno-</strong></span> 
     </span>
    </p>
   </div>
   <div class='ocr_carea' id='block_1_16' title="bbox 973 1570 1353 1622">
    <p class='ocr_par' dir='ltr' id='par_1_16' title="bbox 973 1570 1353 1622">
     <span class='ocr_line' id='line_1_16' title="bbox 973 1570 1353 1622; baseline 0.003 -1"><span class='ocrx_word' id='word_1_103' title='bbox 973 1570 1353 1622; x_wconf 80' lang='grc' dir='ltr'><strong>ΜΑΝΙΧΑΙΟΣ</strong></span> 
     </span>
    </p>
   </div>
   <div class='ocr_carea' id='block_1_17' title="bbox 404 1656 1949 1731">
    <p class='ocr_par' dir='ltr' id='par_1_17' title="bbox 404 1656 1949 1731">
     <span class='ocr_line' id='line_1_17' title="bbox 404 1656 1949 1731; baseline 0.003 -18"><span class='ocrx_word' id='word_1_104' title='bbox 404 1656 764 1731; x_wconf 71' lang='grc' dir='ltr'>Ἀπόστολος</span> <span class='ocrx_word' id='word_1_105' title='bbox 833 1659 1027 1731; x_wconf 82' lang='grc' dir='ltr'><strong>Ἰησοῦ</strong></span> <span class='ocrx_word' id='word_1_106' title='bbox 1077 1659 1356 1731; x_wconf 62' lang='grc' dir='ltr'>Χριστώ,</span> <span class='ocrx_word' id='word_1_107' title='bbox 1410 1660 1507 1715; x_wconf 74' lang='grc' dir='ltr'>καὶ</span> <span class='ocrx_word' id='word_1_108' title='bbox 1561 1664 1615 1716; x_wconf 80' lang='grc' dir='ltr'>οἱ</span> <span class='ocrx_word' id='word_1_109' title='bbox 1661 1659 1782 1715; x_wconf 80' lang='grc' dir='ltr'><strong>σὺν</strong></span> <span class='ocrx_word' id='word_1_110' title='bbox 1822 1662 1949 1731; x_wconf 78' lang='grc' dir='ltr'>ἐμοὶ</span> 
     </span>
    </p>
   </div>
   <div class='ocr_carea' id='block_1_18' title="bbox 461 1727 1952 1800">
    <p class='ocr_par' dir='ltr' id='par_1_18' title="bbox 461 1727 1952 1800">
     <span class='ocr_line' id='line_1_18' title="bbox 461 1727 1952 1800; baseline 0.003 -18"><span class='ocrx_word' id='word_1_111' title='bbox 461 1727 682 1800; x_wconf 72' lang='grc' dir='ltr'>πάντες</span> <span class='ocrx_word' id='word_1_112' title='bbox 711 1729 901 1800; x_wconf 64' lang='grc' dir='ltr'><strong>Δἅγιοι,</strong></span> <span class='ocrx_word' id='word_1_113' title='bbox 936 1729 1033 1783; x_wconf 74' lang='grc' dir='ltr'>καὶ</span> <span class='ocrx_word' id='word_1_114' title='bbox 1076 1727 1374 1798; x_wconf 65' lang='grc' dir='ltr'>παρθένοι.</span> <span class='ocrx_word' id='word_1_115' title='bbox 1404 1731 1730 1800; x_wconf 70' lang='grc' dir='ltr'>Μαρκέλλῳ</span> <span class='ocrx_word' id='word_1_116' title='bbox 1766 1727 1952 1800; x_wconf 63' lang='grc' dir='ltr'>τέκνῳ</span> 
     </span>
    </p>
   </div>
   <div class='ocr_carea' id='block_1_19' title="bbox 2055 542 3611 616">
    <p class='ocr_par' dir='ltr' id='par_1_19' title="bbox 2055 542 3611 616">
     <span class='ocr_line' id='line_1_19' title="bbox 2055 542 3611 616; baseline 0.001 -16"><span class='ocrx_word' id='word_1_117' title='bbox 2055 561 2177 600; x_wconf 92' lang='lat' dir='ltr'><strong>nem</strong></span> <span class='ocrx_word' id='word_1_118' title='bbox 2206 545 2370 601; x_wconf 90' lang='lat' dir='ltr'><strong>etiam</strong></span> <span class='ocrx_word' id='word_1_119' title='bbox 2402 543 2537 614; x_wconf 85' lang='lat' dir='ltr'><strong>ipsis</strong></span> <span class='ocrx_word' id='word_1_120' title='bbox 2562 542 2811 612; x_wconf 80' lang='lat' dir='ltr'><strong>hospitiis</strong></span> <span class='ocrx_word' id='word_1_121' title='bbox 2840 543 3214 609; x_wconf 89' lang='lat' dir='ltr'><strong>detrudebant,</strong></span> <span class='ocrx_word' id='word_1_122' title='bbox 3233 559 3301 599; x_wconf 91' lang='lat' dir='ltr'><strong>ne</strong></span> <span class='ocrx_word' id='word_1_123' title='bbox 3321 560 3475 614; x_wconf 69' lang='lat' dir='ltr'><strong>aqua:</strong></span> <span class='ocrx_word' id='word_1_124' title='bbox 3493 548 3611 616; x_wconf 85' lang='lat' dir='ltr'><strong>qui-</strong></span> 
     </span>
    </p>
   </div>
   <div class='ocr_carea' id='block_1_20' title="bbox 2054 635 3609 709">
    <p class='ocr_par' dir='ltr' id='par_1_20' title="bbox 2054 635 3609 709">
     <span class='ocr_line' id='line_1_20' title="bbox 2054 635 3609 709; baseline 0 -15"><span class='ocrx_word' id='word_1_125' title='bbox 2054 638 2176 694; x_wconf 89' lang='lat' dir='ltr'><strong>dem</strong></span> <span class='ocrx_word' id='word_1_126' title='bbox 2204 638 2377 708; x_wconf 86' lang='lat' dir='ltr'><strong>ipsius</strong></span> <span class='ocrx_word' id='word_1_127' title='bbox 2420 636 2488 692; x_wconf 91' lang='lat' dir='ltr'><strong>ad</strong></span> <span class='ocrx_word' id='word_1_128' title='bbox 2517 636 2807 692; x_wconf 89' lang='lat' dir='ltr'><strong>bibendum</strong></span> <span class='ocrx_word' id='word_1_129' title='bbox 2855 635 3112 693; x_wconf 81' lang='lat' dir='ltr'><strong>facultate</strong></span> <span class='ocrx_word' id='word_1_130' title='bbox 3143 653 3433 703; x_wconf 86' lang='lat' dir='ltr'><strong>concessa;</strong></span> <span class='ocrx_word' id='word_1_131' title='bbox 3489 656 3609 709; x_wconf 72' lang='lat' dir='ltr'><strong>qua:</strong></span> 
     </span>
    </p>
   </div>
   <div class='ocr_carea' id='block_1_21' title="bbox 2052 728 3609 800">
    <p class='ocr_par' dir='ltr' id='par_1_21' title="bbox 2052 728 3609 800">
     <span class='ocr_line' id='line_1_21' title="bbox 2052 728 3609 800; baseline 0 -15"><span class='ocrx_word' id='word_1_132' title='bbox 2052 744 2176 785; x_wconf 85' lang='lat' dir='ltr'><strong>cum</strong></span> <span class='ocrx_word' id='word_1_133' title='bbox 2209 729 2420 799; x_wconf 85' lang='lat' dir='ltr'><strong>singula</strong></span> <span class='ocrx_word' id='word_1_134' title='bbox 2450 728 2693 798; x_wconf 80' lang='lat' dir='ltr'><strong>quotidie</strong></span> <span class='ocrx_word' id='word_1_135' title='bbox 2713 736 2875 796; x_wconf 89' lang='lat' dir='ltr'><strong>atque</strong></span> <span class='ocrx_word' id='word_1_136' title='bbox 2899 728 3092 784; x_wconf 90' lang='lat' dir='ltr'><strong>horum</strong></span> <span class='ocrx_word' id='word_1_137' title='bbox 3119 730 3377 798; x_wconf 88' lang='lat' dir='ltr'><strong>nequiora</strong></span> <span class='ocrx_word' id='word_1_138' title='bbox 3404 730 3609 800; x_wconf 85' lang='lat' dir='ltr'><strong>perfer—</strong></span> 
     </span>
    </p>
   </div>
   <div class='ocr_carea' id='block_1_22' title="bbox 2052 820 3609 894">
    <p class='ocr_par' dir='ltr' id='par_1_22' title="bbox 2052 820 3609 894">
     <span class='ocr_line' id='line_1_22' title="bbox 2052 820 3609 894; baseline 0.002 -17"><span class='ocrx_word' id='word_1_139' title='bbox 2052 831 2136 877; x_wconf 89' lang='lat' dir='ltr'><strong>ret</strong></span> <span class='ocrx_word' id='word_1_140' title='bbox 2165 822 2234 877; x_wconf 90' lang='lat' dir='ltr'><strong>ab</strong></span> <span class='ocrx_word' id='word_1_141' title='bbox 2260 821 2367 887; x_wconf 89' lang='lat' dir='ltr'><strong>his,</strong></span> <span class='ocrx_word' id='word_1_142' title='bbox 2397 823 2490 891; x_wconf 92' lang='lat' dir='ltr'><strong>qui</strong></span> <span class='ocrx_word' id='word_1_143' title='bbox 2526 836 2623 890; x_wconf 91' lang='lat' dir='ltr'><strong>per</strong></span> <span class='ocrx_word' id='word_1_144' title='bbox 2660 820 2872 889; x_wconf 80' lang='lat' dir='ltr'><strong>singula</strong></span> <span class='ocrx_word' id='word_1_145' title='bbox 2897 821 3015 877; x_wconf 87' lang='lat' dir='ltr'><strong>loca</strong></span> <span class='ocrx_word' id='word_1_146' title='bbox 3050 823 3421 878; x_wconf 84' lang='lat' dir='ltr'><strong>mansionibus</strong></span> <span class='ocrx_word' id='word_1_147' title='bbox 3445 834 3609 894; x_wconf 89' lang='lat' dir='ltr'><strong>atque</strong></span> 
     </span>
    </p>
   </div>
   <div class='ocr_carea' id='block_1_23' title="bbox 2054 912 3608 982">
    <p class='ocr_par' dir='ltr' id='par_1_23' title="bbox 2054 912 3608 982">
     <span class='ocr_line' id='line_1_23' title="bbox 2054 912 3608 982; baseline 0.003 -16"><span class='ocrx_word' id='word_1_148' title='bbox 2054 912 2302 982; x_wconf 86' lang='lat' dir='ltr'><strong>hospitiis</strong></span> <span class='ocrx_word' id='word_1_149' title='bbox 2350 921 2655 982; x_wconf 60' lang='lat' dir='ltr'><strong>praeerant,</strong></span> <span class='ocrx_word' id='word_1_150' title='bbox 2703 912 2807 966; x_wconf 88' lang='lat' dir='ltr'><strong>nisi</strong></span> <span class='ocrx_word' id='word_1_151' title='bbox 2854 912 2921 967; x_wconf 91' lang='lat' dir='ltr'><strong>ad</strong></span> <span class='ocrx_word' id='word_1_152' title='bbox 2969 914 3219 969; x_wconf 90' lang='lat' dir='ltr'><strong>ultimum</strong></span> <span class='ocrx_word' id='word_1_153' title='bbox 3272 915 3608 971; x_wconf 82' lang='lat' dir='ltr'><strong>Mareellose</strong></span> 
     </span>
    </p>
   </div>
   <div class='ocr_carea' id='block_1_24' title="bbox 2053 1002 3607 1074">
    <p class='ocr_par' dir='ltr' id='par_1_24' title="bbox 2053 1002 3607 1074">
     <span class='ocr_line' id='line_1_24' title="bbox 2053 1002 3607 1074; baseline 0.003 -17"><span class='ocrx_word' id='word_1_154' title='bbox 2053 1013 2269 1073; x_wconf 85' lang='lat' dir='ltr'><strong>portare</strong></span> <span class='ocrx_word' id='word_1_155' title='bbox 2294 1005 2503 1059; x_wconf 83' lang='lat' dir='ltr'><strong>litteras</strong></span> <span class='ocrx_word' id='word_1_156' title='bbox 2534 1002 2848 1066; x_wconf 84' lang='lat' dir='ltr'><strong>indicasset,</strong></span> <span class='ocrx_word' id='word_1_157' title='bbox 2867 1005 3183 1074; x_wconf 89' lang='lat' dir='ltr'><strong>peregrinus</strong></span> <span class='ocrx_word' id='word_1_158' title='bbox 3209 1004 3390 1061; x_wconf 85' lang='lat' dir='ltr'><strong>Turbo</strong></span> <span class='ocrx_word' id='word_1_159' title='bbox 3417 1007 3607 1064; x_wconf 90' lang='lat' dir='ltr'><strong>mortis</strong></span> 
     </span>
    </p>
   </div>
   <div class='ocr_carea' id='block_1_25' title="bbox 2051 1095 2571 1167">
    <p class='ocr_par' dir='ltr' id='par_1_25' title="bbox 2051 1095 2571 1167">
     <span class='ocr_line' id='line_1_25' title="bbox 2051 1095 2571 1167; baseline 0 -19"><span class='ocrx_word' id='word_1_160' title='bbox 2051 1096 2361 1167; x_wconf 85' lang='lat' dir='ltr'><strong>pertulisset</strong></span> <span class='ocrx_word' id='word_1_161' title='bbox 2387 1095 2571 1150; x_wconf 86' lang='lat' dir='ltr'><strong>exitia.</strong></span> 
     </span>
    </p>
   </div>
   <div class='ocr_carea' id='block_1_26' title="bbox 2123 1185 3607 1258">
    <p class='ocr_par' dir='ltr' id='par_1_26' title="bbox 2123 1185 3607 1258">
     <span class='ocr_line' id='line_1_26' title="bbox 2123 1185 3607 1258; baseline 0.001 -16"><span class='ocrx_word' id='word_1_162' title='bbox 2123 1188 2188 1243; x_wconf 84' lang='lat' dir='ltr'><strong>V.</strong></span> <span class='ocrx_word' id='word_1_163' title='bbox 2229 1188 2492 1258; x_wconf 83' lang='lat' dir='ltr'><strong>Acceplas</strong></span> <span class='ocrx_word' id='word_1_164' title='bbox 2526 1187 2690 1257; x_wconf 80' lang='lat' dir='ltr'><strong>igitur</strong></span> <span class='ocrx_word' id='word_1_165' title='bbox 2714 1185 2999 1241; x_wconf 82' lang='lat' dir='ltr'><strong>Marcellus</strong></span> <span class='ocrx_word' id='word_1_166' title='bbox 3020 1185 3228 1242; x_wconf 83' lang='lat' dir='ltr'><strong>litteras</strong></span> <span class='ocrx_word' id='word_1_167' title='bbox 3259 1188 3510 1255; x_wconf 85' lang='lat' dir='ltr'><strong>resolvit,</strong></span> <span class='ocrx_word' id='word_1_168' title='bbox 3542 1203 3607 1244; x_wconf 90' lang='lat' dir='ltr'><strong>ac</strong></span> 
     </span>
    </p>
   </div>
   <div class='ocr_carea' id='block_1_27' title="bbox 2053 1278 3598 1352">
    <p class='ocr_par' dir='ltr' id='par_1_27' title="bbox 2053 1278 3598 1352">
     <span class='ocr_line' id='line_1_27' title="bbox 2053 1278 3598 1352; baseline 0.001 -18"><span class='ocrx_word' id='word_1_169' title='bbox 2053 1281 2199 1350; x_wconf 89' lang='lat' dir='ltr'><strong>legit,</strong></span> <span class='ocrx_word' id='word_1_170' title='bbox 2233 1288 2493 1349; x_wconf 71' lang='lat' dir='ltr'><strong>praesente</strong></span> <span class='ocrx_word' id='word_1_171' title='bbox 2514 1278 2779 1334; x_wconf 83' lang='lat' dir='ltr'><strong>Archelao</strong></span> <span class='ocrx_word' id='word_1_172' title='bbox 2806 1278 3038 1335; x_wconf 78' lang='lat' dir='ltr'><strong>civitatis</strong></span> <span class='ocrx_word' id='word_1_173' title='bbox 3066 1280 3337 1351; x_wconf 90' lang='lat' dir='ltr'><strong>episcopo,</strong></span> <span class='ocrx_word' id='word_1_174' title='bbox 3367 1295 3598 1352; x_wconf 90' lang='lat' dir='ltr'><strong>quarum</strong></span> 
     </span>
    </p>
   </div>
   <div class='ocr_carea' id='block_1_28' title="bbox 2050 1372 2620 1442">
    <p class='ocr_par' dir='ltr' id='par_1_28' title="bbox 2050 1372 2620 1442">
     <span class='ocr_line' id='line_1_28' title="bbox 2050 1372 2620 1442; baseline -0.005 -15"><span class='ocrx_word' id='word_1_175' title='bbox 2050 1372 2355 1442; x_wconf 83' lang='lat' dir='ltr'><strong>exemplum</strong></span> <span class='ocrx_word' id='word_1_176' title='bbox 2388 1372 2491 1426; x_wconf 86' lang='lat' dir='ltr'><strong>hoc</strong></span> <span class='ocrx_word' id='word_1_177' title='bbox 2519 1379 2620 1426; x_wconf 87' lang='lat' dir='ltr'><strong>est.</strong></span> 
     </span>
    </p>
   </div>
   <div class='ocr_carea' id='block_1_29' title="bbox 2537 1568 3098 1641">
    <p class='ocr_par' dir='ltr' id='par_1_29' title="bbox 2537 1568 3098 1641">
     <span class='ocr_line' id='line_1_29' title="bbox 2537 1568 3098 1641; baseline 0.004 -17"><span class='ocrx_word' id='word_1_178' title='bbox 2537 1570 2648 1641; x_wconf 87' lang='grc'>(26)</span> <span class='ocrx_word' id='word_1_179' title='bbox 2673 1568 3098 1626; x_wconf 67' lang='grc' dir='ltr'>ΜΑΝιοΗιιευε</span> 
     </span>
    </p>
   </div>
   <div class='ocr_carea' id='block_1_30' title="bbox 2053 1656 3604 1728">
    <p class='ocr_par' dir='ltr' id='par_1_30' title="bbox 2053 1656 3604 1728">
     <span class='ocr_line' id='line_1_30' title="bbox 2053 1656 3604 1728; baseline 0.003 -14"><span class='ocrx_word' id='word_1_180' title='bbox 2053 1657 2333 1728; x_wconf 78' lang='lat' dir='ltr'><strong>Apostolus</strong></span> <span class='ocrx_word' id='word_1_181' title='bbox 2366 1656 2495 1713; x_wconf 75' lang='lat' dir='ltr'><strong>Iesu</strong></span> <span class='ocrx_word' id='word_1_182' title='bbox 2539 1658 2759 1718; x_wconf 79' lang='lat' dir='ltr'><strong>Christi.</strong></span> <span class='ocrx_word' id='word_1_183' title='bbox 2798 1668 2849 1714; x_wconf 84' lang='lat' dir='ltr'><strong>et</strong></span> <span class='ocrx_word' id='word_1_184' title='bbox 2896 1662 2985 1728; x_wconf 81' lang='lat' dir='ltr'><strong>qui</strong></span> <span class='ocrx_word' id='word_1_185' title='bbox 3023 1678 3225 1716; x_wconf 84' lang='lat' dir='ltr'><strong>mecum</strong></span> <span class='ocrx_word' id='word_1_186' title='bbox 3263 1674 3383 1717; x_wconf 74' lang='lat' dir='ltr'><strong>sunt</strong></span> <span class='ocrx_word' id='word_1_187' title='bbox 3429 1680 3604 1719; x_wconf 78' lang='lat' dir='ltr'><strong>omnes</strong></span> 
     </span>
    </p>
   </div>
   <div class='ocr_carea' id='block_1_31' title="bbox 2123 1728 3605 1806">
    <p class='ocr_par' dir='ltr' id='par_1_31' title="bbox 2123 1728 3605 1806">
     <span class='ocr_line' id='line_1_31' title="bbox 2123 1728 3605 1806; baseline 0.007 -25"><span class='ocrx_word' id='word_1_188' title='bbox 2123 1728 2372 1806; x_wconf 58' lang='lat' dir='ltr'><strong>sancti“</strong></span> <span class='ocrx_word' id='word_1_189' title='bbox 2398 1730 2619 1806; x_wconf 69' lang='lat' dir='ltr'><strong>cirgincs</strong></span> <span class='ocrx_word' id='word_1_190' title='bbox 2641 1767 2658 1792; x_wconf 91' lang='lat'><strong>,</strong></span> <span class='ocrx_word' id='word_1_191' title='bbox 2701 1728 2949 1806; x_wconf 54' lang='lat' dir='ltr'><strong>Marcello</strong></span> <span class='ocrx_word' id='word_1_192' title='bbox 2981 1732 3092 1806; x_wconf 63' lang='lat' dir='ltr'><strong>[ilio</strong></span> <span class='ocrx_word' id='word_1_193' title='bbox 3127 1733 3435 1806; x_wconf 55' lang='lat' dir='ltr'><strong>charissima</strong></span> <span class='ocrx_word' id='word_1_194' title='bbox 3477 1751 3605 1806; x_wconf 82' lang='lat' dir='ltr'><strong>gra-</strong></span> 
     </span>
    </p>
   </div>
   <div class='ocr_carea' id='block_1_32' title="bbox 460 1798 1951 1879">
    <p class='ocr_par' dir='ltr' id='par_1_32' title="bbox 460 1798 1951 1879">
     <span class='ocr_line' id='line_1_32' title="bbox 460 1798 1951 1879; baseline 0.002 -27"><span class='ocrx_word' id='word_1_195' title='bbox 460 1798 1601 1879; x_wconf 49' lang='lat' dir='ltr'><strong>dmn7@,_zdgtc,€1€0q,_§lpﬁ1:néﬂd</strong></span> <span class='ocrx_word' id='word_1_196' title='bbox 1644 1802 1792 1879; x_wconf 61' lang='grc' dir='ltr'><strong>Θξοῦ</strong></span> <span class='ocrx_word' id='word_1_197' title='bbox 1835 1798 1951 1879; x_wconf 59' lang='grc' dir='ltr'><strong>ῌαξ</strong></span> 
     </span>
    </p>
   </div>
   <div class='ocr_carea' id='block_1_33' title="bbox 2051 1798 3607 1879">
    <p class='ocr_par' dir='ltr' id='par_1_33' title="bbox 2125 1798 3607 1879">
     <span class='ocr_line' id='line_1_33' title="bbox 2125 1798 3607 1879; baseline 0.005 -27"><span class='ocrx_word' id='word_1_198' title='bbox 2125 1800 2218 1866; x_wconf 83' lang='lat' dir='ltr'><strong>tia,</strong></span> <span class='ocrx_word' id='word_1_199' title='bbox 2242 1798 2616 1879; x_wconf 56' lang='lat' dir='ltr'><strong>misericordia,</strong></span> <span class='ocrx_word' id='word_1_200' title='bbox 2647 1816 2751 1872; x_wconf 76' lang='lat' dir='ltr'><strong>pax</strong></span> <span class='ocrx_word' id='word_1_201' title='bbox 2780 1817 2811 1853; x_wconf 91' lang='lat' dir='ltr'><strong>a</strong></span> <span class='ocrx_word' id='word_1_202' title='bbox 2840 1799 2953 1879; x_wconf 70' lang='grc' dir='ltr'>ρεο</span> <span class='ocrx_word' id='word_1_203' title='bbox 2981 1798 3140 1879; x_wconf 71' lang='lat' dir='ltr'><strong>Patre</strong></span> <span class='ocrx_word' id='word_1_204' title='bbox 3174 1812 3223 1879; x_wconf 76' lang='lat' dir='ltr'><strong>et</strong></span> <span class='ocrx_word' id='word_1_205' title='bbox 3251 1798 3607 1860; x_wconf 50' lang='lat' dir='ltr'><strong>Domino&#39;no-</strong></span> 
     </span>
    </p>
   </div>
   <div class='ocr_carea' id='block_1_34' title="bbox 464 1869 1948 1941">
    <p class='ocr_par' dir='ltr' id='par_1_34' title="bbox 464 1869 1948 1941">
     <span class='ocr_line' id='line_1_34' title="bbox 464 1869 1948 1941; baseline 0.001 -19"><span class='ocrx_word' id='word_1_206' title='bbox 464 1869 609 1941; x_wconf 12' lang='grc' dir='ltr'>τρόςί</span> <span class='ocrx_word' id='word_1_207' title='bbox 635 1869 1181 1941; x_wconf 29' lang='grc' dir='ltr'><strong>καὶ-Κυριοιιοήμῶν</strong></span> <span class='ocrx_word' id='word_1_208' title='bbox 1226 1871 1419 1939; x_wconf 86' lang='grc' dir='ltr'><strong>Ἰησοῦ</strong></span> <span class='ocrx_word' id='word_1_209' title='bbox 1462 1871 1737 1941; x_wconf 81' lang='grc' dir='ltr'><strong>Χριστοῦ,</strong></span> <span class='ocrx_word' id='word_1_210' title='bbox 1786 1872 1883 1926; x_wconf 82' lang='grc' dir='ltr'>καὶ</span> <span class='ocrx_word' id='word_1_211' title='bbox 1911 1874 1948 1941; x_wconf 79' lang='grc' dir='ltr'><strong><em>ἠ</em></strong></span> 
     </span>
    </p>
   </div>
   <div class='ocr_carea' id='block_1_35' title="bbox 461 1938 1952 2010">
    <p class='ocr_par' dir='ltr' id='par_1_35' title="bbox 461 1938 1952 2010">
     <span class='ocr_line' id='line_1_35' title="bbox 461 1938 1952 2010; baseline 0.002 -18"><span class='ocrx_word' id='word_1_212' title='bbox 461 1938 628 2010; x_wconf 63' lang='grc' dir='ltr'>δεξιὰ</span> <span class='ocrx_word' id='word_1_213' title='bbox 668 1938 774 1993; x_wconf 83' lang='grc' dir='ltr'>τοῦ</span> <span class='ocrx_word' id='word_1_214' title='bbox 790 1938 999 2010; x_wconf 7' lang='grc' dir='ltr'>,φωτὸς</span> <span class='ocrx_word' id='word_1_215' title='bbox 1026 1939 1368 2010; x_wconf 78' lang='grc' dir='ltr'><strong>διατηρήσει</strong></span> <span class='ocrx_word' id='word_1_216' title='bbox 1416 1958 1489 1996; x_wconf 80' lang='grc' dir='ltr'><strong>σε</strong></span> <span class='ocrx_word' id='word_1_217' title='bbox 1505 1938 1641 1997; x_wconf 49' lang='lat' dir='ltr'><strong>idm)</strong></span> <span class='ocrx_word' id='word_1_218' title='bbox 1675 1941 1780 1997; x_wconf 85' lang='grc' dir='ltr'>τοῦ</span> <span class='ocrx_word' id='word_1_219' title='bbox 1826 1938 1952 1996; x_wconf 75' lang='grc' dir='ltr'><strong>ἐνεὲ</strong></span> 
     </span>
    </p>
   </div>
   <div class='ocr_carea' id='block_1_36' title="bbox 462 2007 1953 2083">
    <p class='ocr_par' dir='ltr' id='par_1_36' title="bbox 462 2007 1953 2083">
     <span class='ocr_line' id='line_1_36' title="bbox 462 2007 1953 2083; baseline 0.003 -20"><span class='ocrx_word' id='word_1_220' title='bbox 462 2007 687 2083; x_wconf 68' lang='lat' dir='ltr'><strong>ardich</strong></span> <span class='ocrx_word' id='word_1_221' title='bbox 710 2007 922 2083; x_wconf 72' lang='grc' dir='ltr'>αὶῷνος</span> <span class='ocrx_word' id='word_1_222' title='bbox 948 2007 1230 2083; x_wconf 57' lang='grc' dir='ltr'>πονηροῦ,</span> <span class='ocrx_word' id='word_1_223' title='bbox 1252 2007 1348 2064; x_wconf 69' lang='grc' dir='ltr'>καὶ</span> <span class='ocrx_word' id='word_1_224' title='bbox 1371 2012 1488 2067; x_wconf 76' lang='grc' dir='ltr'><strong>τῶν</strong></span> <span class='ocrx_word' id='word_1_225' title='bbox 1506 2011 1953 2083; x_wconf 69' lang='grc' dir='ltr'>συμπτωμάτων</span> 
     </span>
    </p>
   </div>
   <div class='ocr_carea' id='block_1_37' title="bbox 460 2078 1737 2152">
    <p class='ocr_par' dir='ltr' id='par_1_37' title="bbox 460 2078 1737 2152">
     <span class='ocr_line' id='line_1_37' title="bbox 460 2078 1737 2152; baseline 0.002 -19"><span class='ocrx_word' id='word_1_226' title='bbox 460 2078 664 2144; x_wconf 82' lang='grc' dir='ltr'>αὐτοῦ,</span> <span class='ocrx_word' id='word_1_227' title='bbox 696 2079 793 2133; x_wconf 74' lang='grc' dir='ltr'>καὶ</span> <span class='ocrx_word' id='word_1_228' title='bbox 823 2078 1218 2151; x_wconf 71' lang='grc' dir='ltr'>παγιδωντοῦ</span> <span class='ocrx_word' id='word_1_229' title='bbox 1243 2083 1529 2151; x_wconf 77' lang='grc' dir='ltr'>πονηροῦ,</span> <span class='ocrx_word' id='word_1_230' title='bbox 1560 2078 1737 2152; x_wconf 76' lang='grc' dir='ltr'><strong>ἀμήν.</strong></span> 
     </span>
    </p>
   </div>
   <div class='ocr_carea' id='block_1_38' title="bbox 462 2168 1953 2244">
    <p class='ocr_par' dir='ltr' id='par_1_38' title="bbox 462 2168 1953 2244">
     <span class='ocr_line' id='line_1_38' title="bbox 462 2168 1953 2244; baseline 0.002 -20"><span class='ocrx_word' id='word_1_231' title='bbox 462 2168 572 2242; x_wconf 83' lang='grc' dir='ltr'><strong>Τὴν</strong></span> <span class='ocrx_word' id='word_1_232' title='bbox 620 2170 718 2242; x_wconf 81' lang='grc' dir='ltr'>μὲν</span> <span class='ocrx_word' id='word_1_233' title='bbox 764 2171 890 2243; x_wconf 76' lang='grc' dir='ltr'>περὶ</span> <span class='ocrx_word' id='word_1_234' title='bbox 929 2171 987 2223; x_wconf 80' lang='grc' dir='ltr'>σὲ</span> <span class='ocrx_word' id='word_1_235' title='bbox 1020 2171 1239 2243; x_wconf 78' lang='grc' dir='ltr'><strong>ἀγάπην</strong></span> <span class='ocrx_word' id='word_1_236' title='bbox 1274 2172 1533 2244; x_wconf 79' lang='grc' dir='ltr'><strong>μεγίστην</strong></span> <span class='ocrx_word' id='word_1_237' title='bbox 1565 2168 1726 2228; x_wconf 76' lang='grc' dir='ltr'>οὖσαν</span> <span class='ocrx_word' id='word_1_238' title='bbox 1765 2170 1953 2244; x_wconf 77' lang='grc' dir='ltr'>αἰσθη-</span> 
     </span>
    </p>
   </div>
   <div class='ocr_carea' id='block_1_39' title="bbox 390 2263 1951 2343">
    <p class='ocr_par' dir='ltr' id='par_1_39' title="bbox 390 2263 1951 2343">
     <span class='ocr_line' id='line_1_39' title="bbox 390 2263 1951 2343; baseline 0.001 -25"><span class='ocrx_word' id='word_1_239' title='bbox 390 2263 527 2330; x_wconf 72' lang='grc' dir='ltr'>θεὶς,</span> <span class='ocrx_word' id='word_1_240' title='bbox 549 2264 666 2321; x_wconf 84' lang='grc' dir='ltr'><strong>λίαν</strong></span> <span class='ocrx_word' id='word_1_241' title='bbox 695 2266 899 2341; x_wconf 78' lang='grc' dir='ltr'><strong>ἐχάρην</strong></span> <span class='ocrx_word' id='word_1_242' title='bbox 918 2284 932 2297; x_wconf 74' lang='grc' dir='ltr'><strong>ο</strong></span> <span class='ocrx_word' id='word_1_243' title='bbox 960 2268 1057 2339; x_wconf 83' lang='grc' dir='ltr'><strong>τὴν</strong></span> <span class='ocrx_word' id='word_1_244' title='bbox 1090 2266 1146 2319; x_wconf 77' lang='grc' dir='ltr'><strong>δὲ</strong></span> <span class='ocrx_word' id='word_1_245' title='bbox 1179 2267 1359 2320; x_wconf 83' lang='grc' dir='ltr'>πίστιν</span> <span class='ocrx_word' id='word_1_246' title='bbox 1387 2267 1485 2320; x_wconf 78' lang='grc' dir='ltr'><strong>οὐκ</strong></span> <span class='ocrx_word' id='word_1_247' title='bbox 1510 2263 1674 2343; x_wconf 79' lang='grc' dir='ltr'>οὖσαν</span> <span class='ocrx_word' id='word_1_248' title='bbox 1702 2266 1841 2321; x_wconf 77' lang='grc' dir='ltr'>κατὰ</span> <span class='ocrx_word' id='word_1_249' title='bbox 1860 2266 1951 2320; x_wconf 79' lang='grc' dir='ltr'><strong>τὸν</strong></span> 
     </span>
    </p>
   </div>
   <div class='ocr_carea' id='block_1_40' title="bbox 391 2356 1949 2434">
    <p class='ocr_par' dir='ltr' id='par_1_40' title="bbox 391 2356 1949 2434">
     <span class='ocr_line' id='line_1_40' title="bbox 391 2356 1949 2434; baseline -0.001 -22"><span class='ocrx_word' id='word_1_250' title='bbox 391 2357 549 2430; x_wconf 79' lang='grc' dir='ltr'>ὀρθὸν</span> <span class='ocrx_word' id='word_1_251' title='bbox 580 2356 756 2428; x_wconf 83' lang='grc' dir='ltr'>λόγον,</span> <span class='ocrx_word' id='word_1_252' title='bbox 800 2358 1067 2431; x_wconf 80' lang='grc' dir='ltr'><strong>ἠχθέσθην</strong></span> <span class='ocrx_word' id='word_1_253' title='bbox 1086 2376 1100 2389; x_wconf 87' lang='grc'><strong>·</strong></span> <span class='ocrx_word' id='word_1_254' title='bbox 1136 2359 1256 2413; x_wconf 83' lang='grc' dir='ltr'>ὅθεν</span> <span class='ocrx_word' id='word_1_255' title='bbox 1285 2360 1424 2432; x_wconf 80' lang='grc' dir='ltr'>πρὸς</span> <span class='ocrx_word' id='word_1_256' title='bbox 1459 2359 1825 2434; x_wconf 76' lang='grc' dir='ltr'>ἐπανόρθωσιν</span> <span class='ocrx_word' id='word_1_257' title='bbox 1855 2358 1949 2413; x_wconf 80' lang='grc' dir='ltr'>τοῦ</span> 
     </span>
    </p>
   </div>
   <div class='ocr_carea' id='block_1_41' title="bbox 391 2444 1951 2521">
    <p class='ocr_par' dir='ltr' id='par_1_41' title="bbox 391 2444 1951 2521">
     <span class='ocr_line' id='line_1_41' title="bbox 391 2444 1951 2521; baseline 0 -20"><span class='ocrx_word' id='word_1_258' title='bbox 391 2446 500 2501; x_wconf 81' lang='grc' dir='ltr'>τῶν</span> <span class='ocrx_word' id='word_1_259' title='bbox 528 2444 826 2519; x_wconf 83' lang='grc' dir='ltr'>ἀνθρώπων</span> <span class='ocrx_word' id='word_1_260' title='bbox 854 2448 1040 2518; x_wconf 83' lang='grc' dir='ltr'><strong>γένους</strong></span> <span class='ocrx_word' id='word_1_261' title='bbox 1065 2449 1406 2513; x_wconf 74' lang='grc' dir='ltr'>ἀποσταλεὶς,</span> <span class='ocrx_word' id='word_1_262' title='bbox 1428 2449 1735 2521; x_wconf 79' lang='grc' dir='ltr'>φειδόμενός</span> <span class='ocrx_word' id='word_1_263' title='bbox 1762 2467 1822 2502; x_wconf 83' lang='grc' dir='ltr'><strong>τε</strong></span> <span class='ocrx_word' id='word_1_264' title='bbox 1844 2446 1951 2501; x_wconf 81' lang='grc' dir='ltr'><strong>τῶν</strong></span> 
     </span>
    </p>
   </div>
   <div class='ocr_carea' id='block_1_42' title="bbox 392 2537 1949 2610">
    <p class='ocr_par' dir='ltr' id='par_1_42' title="bbox 392 2537 1949 2610">
     <span class='ocr_line' id='line_1_42' title="bbox 392 2537 1949 2610; baseline 0.003 -21"><span class='ocrx_word' id='word_1_265' title='bbox 392 2537 574 2610; x_wconf 76' lang='grc' dir='ltr'>ἀπάτῃ</span> <span class='ocrx_word' id='word_1_266' title='bbox 623 2537 718 2591; x_wconf 81' lang='grc' dir='ltr'><strong>καί</strong></span> <span class='ocrx_word' id='word_1_267' title='bbox 750 2537 922 2610; x_wconf 77' lang='grc' dir='ltr'>πλάνῃ</span> <span class='ocrx_word' id='word_1_268' title='bbox 971 2539 1197 2602; x_wconf 75' lang='grc' dir='ltr'>ἑαυτοὺς</span> <span class='ocrx_word' id='word_1_269' title='bbox 1242 2539 1634 2606; x_wconf 78' lang='grc' dir='ltr'>ἐκδεδωκότων,</span> <span class='ocrx_word' id='word_1_270' title='bbox 1668 2539 1839 2595; x_wconf 77' lang='grc' dir='ltr'>ταῦτα</span> <span class='ocrx_word' id='word_1_271' title='bbox 1882 2540 1949 2593; x_wconf 76' lang='grc' dir='ltr'>τὰ</span> 
     </span>
    </p>
   </div>
   <div class='ocr_carea' id='block_1_43' title="bbox 393 2629 1949 2704">
    <p class='ocr_par' dir='ltr' id='par_1_43' title="bbox 393 2629 1949 2704">
     <span class='ocr_line' id='line_1_43' title="bbox 393 2629 1949 2704; baseline 0 -19"><span class='ocrx_word' id='word_1_272' title='bbox 393 2631 695 2704; x_wconf 84' lang='grc' dir='ltr'>γράμματα</span> <span class='ocrx_word' id='word_1_273' title='bbox 717 2629 851 2702; x_wconf 79' lang='grc' dir='ltr'>πρὸς</span> <span class='ocrx_word' id='word_1_274' title='bbox 886 2630 944 2682; x_wconf 85' lang='grc' dir='ltr'>σὲ</span> <span class='ocrx_word' id='word_1_275' title='bbox 976 2630 1266 2699; x_wconf 83' lang='grc' dir='ltr'>ἀναγκαῖον</span> <span class='ocrx_word' id='word_1_276' title='bbox 1295 2632 1586 2704; x_wconf 79' lang='grc' dir='ltr'><strong>ἡγησάμην</strong></span> <span class='ocrx_word' id='word_1_277' title='bbox 1616 2633 1949 2696; x_wconf 83' lang='grc' dir='ltr'>ἀποστεῖλαι,</span> 
     </span>
    </p>
   </div>
   <div class='ocr_carea' id='block_1_44' title="bbox 394 2721 1949 2797">
    <p class='ocr_par' dir='ltr' id='par_1_44' title="bbox 394 2721 1949 2797">
     <span class='ocr_line' id='line_1_44' title="bbox 394 2721 1949 2797; baseline 0.004 -24"><span class='ocrx_word' id='word_1_278' title='bbox 394 2722 607 2796; x_wconf 80' lang='grc' dir='ltr'>πρῶτον</span> <span class='ocrx_word' id='word_1_279' title='bbox 667 2722 762 2793; x_wconf 80' lang='grc' dir='ltr'><strong>μὲν</strong></span> <span class='ocrx_word' id='word_1_280' title='bbox 815 2721 948 2794; x_wconf 77' lang='grc' dir='ltr'>πρὸς</span> <span class='ocrx_word' id='word_1_281' title='bbox 1010 2723 1281 2794; x_wconf 79' lang='grc' dir='ltr'>σωτηρίαν</span> <span class='ocrx_word' id='word_1_282' title='bbox 1327 2724 1427 2795; x_wconf 82' lang='grc' dir='ltr'>τῆς</span> <span class='ocrx_word' id='word_1_283' title='bbox 1469 2723 1693 2778; x_wconf 77' lang='grc' dir='ltr'>σεαυτοῦ</span> <span class='ocrx_word' id='word_1_284' title='bbox 1740 2724 1949 2797; x_wconf 78' lang='grc' dir='ltr'>ψυχῆς,</span> 
     </span>
    </p>
   </div>
   <div class='ocr_carea' id='block_1_45' title="bbox 394 2815 1952 2891">
    <p class='ocr_par' dir='ltr' id='par_1_45' title="bbox 394 2815 1952 2891">
     <span class='ocr_line' id='line_1_45' title="bbox 394 2815 1952 2891; baseline 0.003 -21"><span class='ocrx_word' id='word_1_285' title='bbox 394 2816 585 2871; x_wconf 74' lang='grc' dir='ltr'>ἔπειτα</span> <span class='ocrx_word' id='word_1_286' title='bbox 634 2817 691 2870; x_wconf 81' lang='grc' dir='ltr'>δὲ</span> <span class='ocrx_word' id='word_1_287' title='bbox 731 2815 961 2870; x_wconf 72' lang='grc' dir='ltr'>καὶτῶν</span> <span class='ocrx_word' id='word_1_288' title='bbox 1005 2816 1119 2889; x_wconf 73' lang='grc' dir='ltr'><strong>ἅμα</strong></span> <span class='ocrx_word' id='word_1_289' title='bbox 1156 2835 1236 2871; x_wconf 90' lang='grc' dir='ltr'><strong>σοι</strong></span> <span class='ocrx_word' id='word_1_290' title='bbox 1280 2817 1672 2888; x_wconf 70' lang='grc' dir='ltr'>τυγχανόντων,</span> <span class='ocrx_word' id='word_1_291' title='bbox 1720 2820 1857 2891; x_wconf 80' lang='grc' dir='ltr'>πρὸς</span> <span class='ocrx_word' id='word_1_292' title='bbox 1890 2821 1952 2875; x_wconf 76' lang='grc' dir='ltr'>τὸ</span> 
     </span>
    </p>
   </div>
   <div class='ocr_carea' id='block_1_46' title="bbox 398 2906 1952 2981">
    <p class='ocr_par' dir='ltr' id='par_1_46' title="bbox 398 2906 1952 2981">
     <span class='ocr_line' id='line_1_46' title="bbox 398 2906 1952 2981; baseline 0.004 -21"><span class='ocrx_word' id='word_1_293' title='bbox 398 2906 473 2979; x_wconf 79' lang='grc' dir='ltr'>μὴ</span> <span class='ocrx_word' id='word_1_294' title='bbox 523 2906 831 2978; x_wconf 81' lang='grc' dir='ltr'>ἀδιάκριτόν</span> <span class='ocrx_word' id='word_1_295' title='bbox 878 2924 937 2967; x_wconf 83' lang='grc' dir='ltr'><strong>σε</strong></span> <span class='ocrx_word' id='word_1_296' title='bbox 969 2906 1111 2977; x_wconf 77' lang='grc' dir='ltr'>ἔχειν</span> <span class='ocrx_word' id='word_1_297' title='bbox 1155 2908 1247 2963; x_wconf 75' lang='grc' dir='ltr'>τὸν</span> <span class='ocrx_word' id='word_1_298' title='bbox 1297 2908 1570 2981; x_wconf 70' lang='grc' dir='ltr'>λογισμὸν,</span> <span class='ocrx_word' id='word_1_299' title='bbox 1628 2909 1704 2976; x_wconf 85' lang='grc' dir='ltr'>ὠς</span> <span class='ocrx_word' id='word_1_300' title='bbox 1756 2912 1805 2965; x_wconf 84' lang='grc' dir='ltr'>οἱ</span> <span class='ocrx_word' id='word_1_301' title='bbox 1844 2912 1952 2967; x_wconf 85' lang='grc' dir='ltr'><strong>τῶν</strong></span> 
     </span>
    </p>
   </div>
   <div class='ocr_carea' id='block_1_47' title="bbox 395 2998 1952 3070">
    <p class='ocr_par' dir='ltr' id='par_1_47' title="bbox 395 2998 1952 3070">
     <span class='ocr_line' id='line_1_47' title="bbox 395 2998 1952 3070; baseline -0.001 -15"><span class='ocrx_word' id='word_1_302' title='bbox 395 2998 771 3070; x_wconf 79' lang='grc' dir='ltr'><strong>ἁπλουστέρων</strong></span> <span class='ocrx_word' id='word_1_303' title='bbox 814 2998 1185 3070; x_wconf 83' lang='grc' dir='ltr'>καθηγεμόνες</span> <span class='ocrx_word' id='word_1_304' title='bbox 1229 2998 1535 3053; x_wconf 83' lang='grc' dir='ltr'><strong>διδάσκουσι</strong></span> <span class='ocrx_word' id='word_1_305' title='bbox 1567 2999 1813 3069; x_wconf 83' lang='grc' dir='ltr'>λέγοντες</span> <span class='ocrx_word' id='word_1_306' title='bbox 1834 3041 1849 3066; x_wconf 92' lang='grc'><strong>,</strong></span> <span class='ocrx_word' id='word_1_307' title='bbox 1891 2999 1952 3054; x_wconf 82' lang='grc' dir='ltr'><strong>τὸ</strong></span> 
     </span>
    </p>
   </div>
   <div class='ocr_carea' id='block_1_48' title="bbox 395 3090 1952 3164">
    <p class='ocr_par' dir='ltr' id='par_1_48' title="bbox 395 3090 1952 3164">
     <span class='ocr_line' id='line_1_48' title="bbox 395 3090 1952 3164; baseline 0 -18"><span class='ocrx_word' id='word_1_308' title='bbox 395 3092 597 3162; x_wconf 79' lang='grc' dir='ltr'>ἀγαθὸν</span> <span class='ocrx_word' id='word_1_309' title='bbox 625 3092 717 3147; x_wconf 76' lang='grc' dir='ltr'>καὶ</span> <span class='ocrx_word' id='word_1_310' title='bbox 750 3092 809 3145; x_wconf 79' lang='grc' dir='ltr'><strong>τὸ</strong></span> <span class='ocrx_word' id='word_1_311' title='bbox 839 3091 1004 3145; x_wconf 79' lang='grc' dir='ltr'>κακὸν</span> <span class='ocrx_word' id='word_1_312' title='bbox 1036 3091 1142 3145; x_wconf 83' lang='grc' dir='ltr'>ἀπὸ</span> <span class='ocrx_word' id='word_1_313' title='bbox 1183 3090 1275 3145; x_wconf 82' lang='grc' dir='ltr'>τοῦ</span> <span class='ocrx_word' id='word_1_314' title='bbox 1311 3091 1475 3145; x_wconf 80' lang='grc' dir='ltr'>αὑτοῦ</span> <span class='ocrx_word' id='word_1_315' title='bbox 1515 3092 1773 3164; x_wconf 80' lang='grc' dir='ltr'>φέρεσθαι</span> <span class='ocrx_word' id='word_1_316' title='bbox 1793 3133 1808 3149; x_wconf 89' lang='grc'>.</span> <span class='ocrx_word' id='word_1_317' title='bbox 1857 3094 1952 3147; x_wconf 74' lang='grc' dir='ltr'><strong>καὶ</strong></span> 
     </span>
    </p>
   </div>
   <div class='ocr_carea' id='block_1_49' title="bbox 2121 1869 3606 1935">
    <p class='ocr_par' dir='ltr' id='par_1_49' title="bbox 2121 1869 3606 1935">
     <span class='ocr_line' id='line_1_49' title="bbox 2121 1869 3606 1935; baseline 0.005 -12"><span class='ocrx_word' id='word_1_318' title='bbox 2121 1880 2230 1924; x_wconf 82' lang='lat' dir='ltr'><strong>stro</strong></span> <span class='ocrx_word' id='word_1_319' title='bbox 2264 1869 2391 1924; x_wconf 82' lang='lat' dir='ltr'><strong>Jesu</strong></span> <span class='ocrx_word' id='word_1_320' title='bbox 2430 1869 2677 1935; x_wconf 62' lang='lat' dir='ltr'><strong>Christo,</strong></span> <span class='ocrx_word' id='word_1_321' title='bbox 2731 1879 2778 1923; x_wconf 86' lang='lat' dir='ltr'><strong>et</strong></span> <span class='ocrx_word' id='word_1_322' title='bbox 2816 1870 3031 1924; x_wconf 71' lang='lat' dir='ltr'><strong>dextera</strong></span> <span class='ocrx_word' id='word_1_323' title='bbox 3083 1872 3215 1927; x_wconf 78' lang='lat' dir='ltr'><strong>lucis</strong></span> <span class='ocrx_word' id='word_1_324' title='bbox 3251 1884 3509 1929; x_wconf 81' lang='lat' dir='ltr'><strong>conservet</strong></span> <span class='ocrx_word' id='word_1_325' title='bbox 3558 1886 3606 1932; x_wconf 79' lang='lat' dir='ltr'><strong>te</strong></span> 
     </span>
    </p>
   </div>
   <div class='ocr_carea' id='block_1_50' title="bbox 2119 1939 3605 2013">
    <p class='ocr_par' dir='ltr' id='par_1_50' title="bbox 2119 1939 3605 2013">
     <span class='ocr_line' id='line_1_50' title="bbox 2119 1939 3605 2013; baseline 0.005 -20"><span class='ocrx_word' id='word_1_326' title='bbox 2119 1940 2418 2013; x_wconf 64' lang='lat' dir='ltr'><strong>aprwsenti</strong></span> <span class='ocrx_word' id='word_1_327' title='bbox 2442 1941 2634 2013; x_wconf 70' lang='lat' dir='ltr'><strong>uacula</strong></span> <span class='ocrx_word' id='word_1_328' title='bbox 2667 1939 2828 2003; x_wconf 82' lang='lat' dir='ltr'><strong>malo,</strong></span> <span class='ocrx_word' id='word_1_329' title='bbox 2854 1949 2903 1995; x_wconf 84' lang='lat' dir='ltr'><strong>et</strong></span> <span class='ocrx_word' id='word_1_330' title='bbox 2927 1957 2960 1994; x_wconf 86' lang='grc' dir='ltr'><strong>ιι</strong></span> <span class='ocrx_word' id='word_1_331' title='bbox 2992 1944 3149 1997; x_wconf 83' lang='lat' dir='ltr'><strong>ruina</strong></span> <span class='ocrx_word' id='word_1_332' title='bbox 3172 1942 3283 2010; x_wconf 79' lang='lat' dir='ltr'><strong>eius</strong></span> <span class='ocrx_word' id='word_1_333' title='bbox 3307 1985 3324 2013; x_wconf 91' lang='lat'><strong>,</strong></span> <span class='ocrx_word' id='word_1_334' title='bbox 3363 1954 3412 1999; x_wconf 79' lang='lat' dir='ltr'><strong>et</strong></span> <span class='ocrx_word' id='word_1_335' title='bbox 3454 1963 3487 2001; x_wconf 88' lang='lat' dir='ltr'><strong>a</strong></span> <span class='ocrx_word' id='word_1_336' title='bbox 3522 1945 3605 2001; x_wconf 86' lang='lat' dir='ltr'><strong>la-</strong></span> 
     </span>
    </p>
   </div>
   <div class='ocr_carea' id='block_1_51' title="bbox 2118 2010 2670 2083">
    <p class='ocr_par' dir='ltr' id='par_1_51' title="bbox 2118 2010 2670 2083">
     <span class='ocr_line' id='line_1_51' title="bbox 2118 2010 2670 2083; baseline 0.004 -19"><span class='ocrx_word' id='word_1_337' title='bbox 2118 2012 2262 2081; x_wconf 79' lang='lat' dir='ltr'><strong>queis</strong></span> <span class='ocrx_word' id='word_1_338' title='bbox 2290 2010 2400 2083; x_wconf 86' lang='grc'>(27)</span> <span class='ocrx_word' id='word_1_339' title='bbox 2432 2011 2670 2083; x_wconf 80' lang='lat' dir='ltr'><strong>maligni.</strong></span> 
     </span>
    </p>
   </div>
   <div class='ocr_carea' id='block_1_52' title="bbox 2118 2170 3599 2243">
    <p class='ocr_par' dir='ltr' id='par_1_52' title="bbox 2118 2170 3599 2243">
     <span class='ocr_line' id='line_1_52' title="bbox 2118 2170 3599 2243; baseline 0.005 -18"><span class='ocrx_word' id='word_1_340' title='bbox 2118 2170 2469 2228; x_wconf 89' lang='lat' dir='ltr'><strong>Dilectionem</strong></span> <span class='ocrx_word' id='word_1_341' title='bbox 2519 2172 2734 2243; x_wconf 88' lang='lat' dir='ltr'><strong>quidem</strong></span> <span class='ocrx_word' id='word_1_342' title='bbox 2784 2183 2930 2228; x_wconf 90' lang='lat' dir='ltr'><strong>tuam</strong></span> <span class='ocrx_word' id='word_1_343' title='bbox 2973 2173 3289 2231; x_wconf 87' lang='lat' dir='ltr'><strong>immensam</strong></span> <span class='ocrx_word' id='word_1_344' title='bbox 3326 2177 3599 2243; x_wconf 87' lang='lat' dir='ltr'><strong>sentiens,</strong></span> 
     </span>
    </p>
   </div>
   <div class='ocr_carea' id='block_1_53' title="bbox 2049 2262 3603 2337">
    <p class='ocr_par' dir='ltr' id='par_1_53' title="bbox 2049 2262 3603 2337">
     <span class='ocr_line' id='line_1_53' title="bbox 2049 2262 3603 2337; baseline 0.004 -21"><span class='ocrx_word' id='word_1_345' title='bbox 2049 2262 2303 2318; x_wconf 90' lang='lat' dir='ltr'><strong>vehemen</strong></span> <span class='ocrx_word' id='word_1_346' title='bbox 2312 2272 2388 2318; x_wconf 90' lang='lat' dir='ltr'><strong>ter</strong></span> <span class='ocrx_word' id='word_1_347' title='bbox 2403 2263 2619 2336; x_wconf 88' lang='lat' dir='ltr'><strong>gavisus</strong></span> <span class='ocrx_word' id='word_1_348' title='bbox 2642 2280 2760 2319; x_wconf 91' lang='lat' dir='ltr'><strong>sum</strong></span> <span class='ocrx_word' id='word_1_349' title='bbox 2776 2282 2791 2323; x_wconf 89' lang='lat'><strong>:</strong></span> <span class='ocrx_word' id='word_1_350' title='bbox 2810 2264 2938 2321; x_wconf 75' lang='lat' dir='ltr'><strong>fides</strong></span> <span class='ocrx_word' id='word_1_351' title='bbox 2950 2281 3096 2330; x_wconf 88' lang='lat' dir='ltr'><strong>vero,</strong></span> <span class='ocrx_word' id='word_1_352' title='bbox 3110 2266 3235 2337; x_wconf 85' lang='lat' dir='ltr'><strong>quia</strong></span> <span class='ocrx_word' id='word_1_353' title='bbox 3250 2282 3355 2322; x_wconf 92' lang='lat' dir='ltr'><strong>non</strong></span> <span class='ocrx_word' id='word_1_354' title='bbox 3374 2267 3603 2337; x_wconf 86' lang='lat' dir='ltr'><strong>sitjuxta</strong></span> 
     </span>
    </p>
   </div>
   <div class='ocr_carea' id='block_1_54' title="bbox 2052 2354 3605 2428">
    <p class='ocr_par' dir='ltr' id='par_1_54' title="bbox 2052 2354 3605 2428">
     <span class='ocr_line' id='line_1_54' title="bbox 2052 2354 3605 2428; baseline 0.003 -20"><span class='ocrx_word' id='word_1_355' title='bbox 2052 2363 2104 2409; x_wconf 94' lang='lat' dir='ltr'><strong>te</strong></span> <span class='ocrx_word' id='word_1_356' title='bbox 2125 2364 2272 2411; x_wconf 88' lang='lat' dir='ltr'><strong>recta</strong></span> <span class='ocrx_word' id='word_1_357' title='bbox 2298 2356 2506 2411; x_wconf 89' lang='lat' dir='ltr'><strong>ratione</strong></span> <span class='ocrx_word' id='word_1_358' title='bbox 2527 2354 2661 2426; x_wconf 87' lang='lat'><strong>(28),</strong></span> <span class='ocrx_word' id='word_1_359' title='bbox 2684 2356 2905 2412; x_wconf 87' lang='lat' dir='ltr'><strong>moleste</strong></span> <span class='ocrx_word' id='word_1_360' title='bbox 2934 2356 3033 2412; x_wconf 92' lang='lat' dir='ltr'><strong>tuli</strong></span> <span class='ocrx_word' id='word_1_361' title='bbox 3069 2374 3084 2412; x_wconf 90' lang='lat'><strong>:</strong></span> <span class='ocrx_word' id='word_1_362' title='bbox 3114 2368 3329 2428; x_wconf 85' lang='lat' dir='ltr'><strong>propter</strong></span> <span class='ocrx_word' id='word_1_363' title='bbox 3352 2359 3496 2428; x_wconf 89' lang='lat' dir='ltr'><strong>quod</strong></span> <span class='ocrx_word' id='word_1_364' title='bbox 3536 2357 3605 2412; x_wconf 89' lang='lat' dir='ltr'><strong>ad</strong></span> 
     </span>
    </p>
   </div>
   <div class='ocr_carea' id='block_1_55' title="bbox 2049 2448 3607 2520">
    <p class='ocr_par' dir='ltr' id='par_1_55' title="bbox 2049 2448 3607 2520">
     <span class='ocr_line' id='line_1_55' title="bbox 2049 2448 3607 2520; baseline 0.003 -18"><span class='ocrx_word' id='word_1_365' title='bbox 2049 2448 2476 2503; x_wconf 83' lang='lat' dir='ltr'><strong>emendationem</strong></span> <span class='ocrx_word' id='word_1_366' title='bbox 2510 2450 2723 2520; x_wconf 89' lang='lat' dir='ltr'><strong>generis</strong></span> <span class='ocrx_word' id='word_1_367' title='bbox 2746 2450 2969 2505; x_wconf 87' lang='lat' dir='ltr'><strong>humani</strong></span> <span class='ocrx_word' id='word_1_368' title='bbox 3002 2451 3200 2507; x_wconf 90' lang='lat' dir='ltr'><strong>missus</strong></span> <span class='ocrx_word' id='word_1_369' title='bbox 3228 2467 3369 2515; x_wconf 86' lang='lat' dir='ltr'><strong>sum,</strong></span> <span class='ocrx_word' id='word_1_370' title='bbox 3403 2460 3455 2506; x_wconf 85' lang='lat' dir='ltr'><strong>et</strong></span> <span class='ocrx_word' id='word_1_371' title='bbox 3476 2451 3607 2508; x_wconf 85' lang='lat' dir='ltr'><strong>sub-</strong></span> 
     </span>
    </p>
   </div>
   <div class='ocr_carea' id='block_1_56' title="bbox 2048 2539 3605 2614">
    <p class='ocr_par' dir='ltr' id='par_1_56' title="bbox 2048 2539 3605 2614">
     <span class='ocr_line' id='line_1_56' title="bbox 2048 2539 3605 2614; baseline 0.003 -22"><span class='ocrx_word' id='word_1_372' title='bbox 2048 2539 2269 2594; x_wconf 89' lang='lat' dir='ltr'><strong>veniens</strong></span> <span class='ocrx_word' id='word_1_373' title='bbox 2301 2539 2412 2609; x_wconf 91' lang='lat'><strong>(29)</strong></span> <span class='ocrx_word' id='word_1_374' title='bbox 2444 2539 2529 2595; x_wconf 90' lang='lat' dir='ltr'><strong>his</strong></span> <span class='ocrx_word' id='word_1_375' title='bbox 2552 2542 2644 2610; x_wconf 93' lang='lat' dir='ltr'><strong>qui</strong></span> <span class='ocrx_word' id='word_1_376' title='bbox 2678 2556 2736 2597; x_wconf 89' lang='lat' dir='ltr'><strong>se</strong></span> <span class='ocrx_word' id='word_1_377' title='bbox 2763 2542 3170 2599; x_wconf 68' lang='lat' dir='ltr'><strong>seductionilsus</strong></span> <span class='ocrx_word' id='word_1_378' title='bbox 3202 2553 3365 2614; x_wconf 89' lang='lat' dir='ltr'><strong>atque</strong></span> <span class='ocrx_word' id='word_1_379' title='bbox 3394 2543 3605 2599; x_wconf 89' lang='lat' dir='ltr'><strong>errori-</strong></span> 
     </span>
    </p>
   </div>
   <div class='ocr_carea' id='block_1_57' title="bbox 2049 2628 3606 2700">
    <p class='ocr_par' dir='ltr' id='par_1_57' title="bbox 2049 2628 3606 2700">
     <span class='ocr_line' id='line_1_57' title="bbox 2049 2628 3606 2700; baseline 0.003 -17"><span class='ocrx_word' id='word_1_380' title='bbox 2049 2629 2150 2684; x_wconf 87' lang='lat' dir='ltr'><strong>bus</strong></span> <span class='ocrx_word' id='word_1_381' title='bbox 2188 2628 2561 2693; x_wconf 88' lang='lat' dir='ltr'><strong>tradiderunt,</strong></span> <span class='ocrx_word' id='word_1_382' title='bbox 2613 2630 2727 2687; x_wconf 66' lang='lat' dir='ltr'><strong>haec</strong></span> <span class='ocrx_word' id='word_1_383' title='bbox 2781 2631 2980 2700; x_wconf 90' lang='lat' dir='ltr'><strong>scripta</strong></span> <span class='ocrx_word' id='word_1_384' title='bbox 3026 2631 3093 2686; x_wconf 92' lang='lat' dir='ltr'><strong>ad</strong></span> <span class='ocrx_word' id='word_1_385' title='bbox 3142 2641 3194 2687; x_wconf 87' lang='lat' dir='ltr'><strong>te</strong></span> <span class='ocrx_word' id='word_1_386' title='bbox 3238 2632 3606 2688; x_wconf 83' lang='lat' dir='ltr'><strong>necessarium</strong></span> 
     </span>
    </p>
   </div>
   <div class='ocr_carea' id='block_1_58' title="bbox 2049 2719 3605 2793">
    <p class='ocr_par' dir='ltr' id='par_1_58' title="bbox 2049 2719 3605 2793">
     <span class='ocr_line' id='line_1_58' title="bbox 2049 2719 3605 2793; baseline 0.001 -17"><span class='ocrx_word' id='word_1_387' title='bbox 2049 2721 2175 2776; x_wconf 91' lang='lat' dir='ltr'><strong>duxi</strong></span> <span class='ocrx_word' id='word_1_388' title='bbox 2205 2719 2316 2791; x_wconf 88' lang='grc'>(50)</span> <span class='ocrx_word' id='word_1_389' title='bbox 2359 2722 2756 2789; x_wconf 86' lang='lat' dir='ltr'><strong>transmittere;</strong></span> <span class='ocrx_word' id='word_1_390' title='bbox 2792 2722 2967 2792; x_wconf 91' lang='lat' dir='ltr'><strong>primo</strong></span> <span class='ocrx_word' id='word_1_391' title='bbox 3011 2723 3227 2793; x_wconf 88' lang='lat' dir='ltr'><strong>quidem</strong></span> <span class='ocrx_word' id='word_1_392' title='bbox 3262 2722 3331 2778; x_wconf 91' lang='lat' dir='ltr'><strong>ad</strong></span> <span class='ocrx_word' id='word_1_393' title='bbox 3373 2723 3605 2779; x_wconf 87' lang='lat' dir='ltr'><strong>salutem</strong></span> 
     </span>
    </p>
   </div>
   <div class='ocr_carea' id='block_1_59' title="bbox 2050 2800 3600 2885">
    <p class='ocr_par' dir='ltr' id='par_1_59' title="bbox 2050 2800 3600 2885">
     <span class='ocr_line' id='line_1_59' title="bbox 2050 2800 3600 2885; baseline 0.002 -17"><span class='ocrx_word' id='word_1_394' title='bbox 2050 2814 2245 2869; x_wconf 67' lang='lat' dir='ltr'><strong>animas</strong></span> <span class='ocrx_word' id='word_1_395' title='bbox 2272 2800 2412 2878; x_wconf 66' lang='lat' dir='ltr'><strong>tuae,</strong></span> <span class='ocrx_word' id='word_1_396' title='bbox 2432 2812 2626 2869; x_wconf 89' lang='lat' dir='ltr'><strong>deinde</strong></span> <span class='ocrx_word' id='word_1_397' title='bbox 2652 2822 2706 2870; x_wconf 90' lang='lat' dir='ltr'><strong>et</strong></span> <span class='ocrx_word' id='word_1_398' title='bbox 2738 2829 2928 2870; x_wconf 90' lang='lat' dir='ltr'><strong>eorum</strong></span> <span class='ocrx_word' id='word_1_399' title='bbox 2968 2815 3062 2885; x_wconf 89' lang='lat' dir='ltr'><strong>qui</strong></span> <span class='ocrx_word' id='word_1_400' title='bbox 3091 2824 3267 2872; x_wconf 87' lang='lat' dir='ltr'><strong>tecum</strong></span> <span class='ocrx_word' id='word_1_401' title='bbox 3318 2824 3480 2883; x_wconf 90' lang='lat' dir='ltr'><strong>sunt;</strong></span> <span class='ocrx_word' id='word_1_402' title='bbox 3520 2816 3600 2872; x_wconf 91' lang='lat' dir='ltr'><strong>uti</strong></span> 
     </span>
    </p>
   </div>
   <div class='ocr_carea' id='block_1_60' title="bbox 2050 2906 3606 2979">
    <p class='ocr_par' dir='ltr' id='par_1_60' title="bbox 2050 2906 3606 2979">
     <span class='ocr_line' id='line_1_60' title="bbox 2050 2906 3606 2979; baseline 0.002 -19"><span class='ocrx_word' id='word_1_403' title='bbox 2050 2921 2119 2961; x_wconf 92' lang='lat' dir='ltr'><strong>ne</strong></span> <span class='ocrx_word' id='word_1_404' title='bbox 2144 2906 2466 2963; x_wconf 87' lang='lat' dir='ltr'><strong>indiscretos</strong></span> <span class='ocrx_word' id='word_1_405' title='bbox 2496 2906 2707 2962; x_wconf 91' lang='lat' dir='ltr'><strong>animos</strong></span> <span class='ocrx_word' id='word_1_406' title='bbox 2738 2921 2895 2975; x_wconf 82' lang='lat' dir='ltr'><strong>geras</strong></span> <span class='ocrx_word' id='word_1_407' title='bbox 2934 2906 3078 2978; x_wconf 79' lang='grc'>(51),</span> <span class='ocrx_word' id='word_1_408' title='bbox 3128 2907 3269 2963; x_wconf 90' lang='lat' dir='ltr'><strong>sicut</strong></span> <span class='ocrx_word' id='word_1_409' title='bbox 3309 2906 3606 2979; x_wconf 87' lang='lat' dir='ltr'><strong>simplicio-</strong></span> 
     </span>
    </p>
   </div>
   <div class='ocr_carea' id='block_1_61' title="bbox 2050 2998 3607 3070">
    <p class='ocr_par' dir='ltr' id='par_1_61' title="bbox 2050 2998 3607 3070">
     <span class='ocr_line' id='line_1_61' title="bbox 2050 2998 3607 3070; baseline 0.003 -18"><span class='ocrx_word' id='word_1_410' title='bbox 2050 3014 2169 3055; x_wconf 85' lang='lat' dir='ltr'><strong>rum</strong></span> <span class='ocrx_word' id='word_1_411' title='bbox 2202 2999 2446 3070; x_wconf 81' lang='lat' dir='ltr'><strong>magistri</strong></span> <span class='ocrx_word' id='word_1_412' title='bbox 2468 2998 2664 3055; x_wconf 85' lang='lat' dir='ltr'><strong>docent</strong></span> <span class='ocrx_word' id='word_1_413' title='bbox 2684 3000 2924 3056; x_wconf 90' lang='lat' dir='ltr'><strong>dicentes</strong></span> <span class='ocrx_word' id='word_1_414' title='bbox 2944 3001 3078 3070; x_wconf 84' lang='grc'>(52),</span> <span class='ocrx_word' id='word_1_415' title='bbox 3102 3001 3301 3055; x_wconf 88' lang='lat' dir='ltr'><strong>malum</strong></span> <span class='ocrx_word' id='word_1_416' title='bbox 3324 3010 3377 3057; x_wconf 90' lang='lat' dir='ltr'><strong>et</strong></span> <span class='ocrx_word' id='word_1_417' title='bbox 3402 3000 3607 3057; x_wconf 87' lang='lat' dir='ltr'><strong>bonum</strong></span> 
     </span>
    </p>
   </div>
   <div class='ocr_carea' id='block_1_62' title="bbox 2053 3090 3606 3157">
    <p class='ocr_par' dir='ltr' id='par_1_62' title="bbox 2053 3090 3606 3157">
     <span class='ocr_line' id='line_1_62' title="bbox 2053 3090 3606 3157; baseline 0.001 -10"><span class='ocrx_word' id='word_1_418' title='bbox 2053 3091 2120 3147; x_wconf 88' lang='lat' dir='ltr'><strong>ab</strong></span> <span class='ocrx_word' id='word_1_419' title='bbox 2151 3092 2338 3147; x_wconf 90' lang='lat' dir='ltr'><strong>eodem</strong></span> <span class='ocrx_word' id='word_1_420' title='bbox 2369 3090 2688 3157; x_wconf 89' lang='lat' dir='ltr'><strong>subsistere,</strong></span> <span class='ocrx_word' id='word_1_421' title='bbox 2719 3099 2774 3146; x_wconf 88' lang='lat' dir='ltr'><strong>et</strong></span> <span class='ocrx_word' id='word_1_422' title='bbox 2809 3108 2972 3145; x_wconf 72' lang='lat' dir='ltr'><strong>uinum</strong></span> <span class='ocrx_word' id='word_1_423' title='bbox 3008 3091 3223 3146; x_wconf 85' lang='lat' dir='ltr'><strong>initium</strong></span> <span class='ocrx_word' id='word_1_424' title='bbox 3255 3092 3606 3150; x_wconf 85' lang='lat' dir='ltr'><strong>introducen-</strong></span> 
     </span>
    </p>
   </div>
   <div class='ocr_carea' id='block_1_63' title="bbox 398 3159 1951 3259">
    <p class='ocr_par' dir='ltr' id='par_1_63' title="bbox 398 3159 1951 3259">
     <span class='ocr_line' id='line_1_63' title="bbox 398 3159 1951 3259; baseline 0 -20"><span class='ocrx_word' id='word_1_425' title='bbox 398 3159 525 3259; x_wconf 81' lang='grc' dir='ltr'>μίαν</span> <span class='ocrx_word' id='word_1_426' title='bbox 552 3184 722 3257; x_wconf 82' lang='grc' dir='ltr'>ἀρχὴν</span> <span class='ocrx_word' id='word_1_427' title='bbox 754 3184 1147 3255; x_wconf 77' lang='grc' dir='ltr'>εἰσηγούμενοι,</span> <span class='ocrx_word' id='word_1_428' title='bbox 1179 3184 1239 3238; x_wconf 82' lang='grc' dir='ltr'><strong>ού</strong></span> <span class='ocrx_word' id='word_1_429' title='bbox 1271 3159 1654 3256; x_wconf 76' lang='grc' dir='ltr'>διακρίνοντες,</span> <span class='ocrx_word' id='word_1_430' title='bbox 1680 3185 1799 3239; x_wconf 81' lang='grc' dir='ltr'>οὐδὲ</span> <span class='ocrx_word' id='word_1_431' title='bbox 1821 3185 1951 3239; x_wconf 86' lang='grc' dir='ltr'>διαι-</span> 
     </span>
    </p>
   </div>
   <div class='ocr_carea' id='block_1_64' title="bbox 2051 3159 3608 3259">
    <p class='ocr_par' dir='ltr' id='par_1_64' title="bbox 2057 3181 3608 3253">
     <span class='ocr_line' id='line_1_64' title="bbox 2057 3181 3608 3253; baseline 0.001 -15"><span class='ocrx_word' id='word_1_432' title='bbox 2057 3194 2157 3249; x_wconf 88' lang='lat' dir='ltr'><strong>tes,</strong></span> <span class='ocrx_word' id='word_1_433' title='bbox 2185 3198 2361 3253; x_wconf 85' lang='lat' dir='ltr'><strong>neque</strong></span> <span class='ocrx_word' id='word_1_434' title='bbox 2393 3181 2687 3253; x_wconf 87' lang='lat' dir='ltr'><strong>quidquam</strong></span> <span class='ocrx_word' id='word_1_435' title='bbox 2713 3191 3112 3253; x_wconf 88' lang='lat' dir='ltr'><strong>perscrutantes</strong></span> <span class='ocrx_word' id='word_1_436' title='bbox 3140 3183 3221 3239; x_wconf 85' lang='lat' dir='ltr'><strong>vel</strong></span> <span class='ocrx_word' id='word_1_437' title='bbox 3242 3183 3608 3241; x_wconf 88' lang='lat' dir='ltr'><strong>discernentes</strong></span> 
     </span>
    </p>
   </div>
   <div class='ocr_carea' id='block_1_65' title="bbox 399 3276 1954 3351">
    <p class='ocr_par' dir='ltr' id='par_1_65' title="bbox 399 3276 1954 3351">
     <span class='ocr_line' id='line_1_65' title="bbox 399 3276 1954 3351; baseline 0 -19"><span class='ocrx_word' id='word_1_438' title='bbox 399 3276 615 3351; x_wconf 77' lang='grc' dir='ltr'>ροῦντες</span> <span class='ocrx_word' id='word_1_439' title='bbox 646 3278 753 3333; x_wconf 80' lang='grc' dir='ltr'>ἀπὸ</span> <span class='ocrx_word' id='word_1_440' title='bbox 771 3278 863 3332; x_wconf 84' lang='grc' dir='ltr'>τοῦ</span> <span class='ocrx_word' id='word_1_441' title='bbox 899 3278 1073 3348; x_wconf 83' lang='grc' dir='ltr'>φωτὸς</span> <span class='ocrx_word' id='word_1_442' title='bbox 1100 3278 1159 3331; x_wconf 79' lang='grc' dir='ltr'>τὸ</span> <span class='ocrx_word' id='word_1_443' title='bbox 1191 3276 1398 3344; x_wconf 80' lang='grc' dir='ltr'>σκότος,</span> <span class='ocrx_word' id='word_1_444' title='bbox 1425 3277 1516 3332; x_wconf 74' lang='grc' dir='ltr'><strong>καὶ</strong></span> <span class='ocrx_word' id='word_1_445' title='bbox 1543 3277 1602 3331; x_wconf 83' lang='grc' dir='ltr'>τὸ</span> <span class='ocrx_word' id='word_1_446' title='bbox 1627 3277 1825 3346; x_wconf 82' lang='grc' dir='ltr'>ἀγαθὸν</span> <span class='ocrx_word' id='word_1_447' title='bbox 1848 3278 1954 3332; x_wconf 81' lang='grc' dir='ltr'>ἀπὸ</span> 
     </span>
    </p>
   </div>
   <div class='ocr_carea' id='block_1_66' title="bbox 394 3366 1953 3439">
    <p class='ocr_par' dir='ltr' id='par_1_66' title="bbox 394 3366 1953 3439">
     <span class='ocr_line' id='line_1_66' title="bbox 394 3366 1953 3439; baseline 0 -17"><span class='ocrx_word' id='word_1_448' title='bbox 394 3369 488 3422; x_wconf 74' lang='grc' dir='ltr'>τοῦ</span> <span class='ocrx_word' id='word_1_449' title='bbox 524 3370 691 3423; x_wconf 78' lang='grc' dir='ltr'>κακοῦ</span> <span class='ocrx_word' id='word_1_450' title='bbox 738 3368 831 3422; x_wconf 74' lang='grc' dir='ltr'><strong>καὶ</strong></span> <span class='ocrx_word' id='word_1_451' title='bbox 876 3367 1097 3438; x_wconf 81' lang='grc' dir='ltr'>φαύλου,</span> <span class='ocrx_word' id='word_1_452' title='bbox 1155 3368 1248 3423; x_wconf 79' lang='grc' dir='ltr'>καὶ</span> <span class='ocrx_word' id='word_1_453' title='bbox 1295 3367 1386 3420; x_wconf 83' lang='grc' dir='ltr'><strong>τὸν</strong></span> <span class='ocrx_word' id='word_1_454' title='bbox 1436 3366 1630 3432; x_wconf 73' lang='grc' dir='ltr'>ἔξωθεν</span> <span class='ocrx_word' id='word_1_455' title='bbox 1671 3366 1953 3439; x_wconf 81' lang='grc' dir='ltr'>ἄνθρωπον</span> 
     </span>
    </p>
   </div>
   <div class='ocr_carea' id='block_1_67' title="bbox 395 3438 1954 3534">
    <p class='ocr_par' dir='ltr' id='par_1_67' title="bbox 395 3438 1954 3534">
     <span class='ocr_line' id='line_1_67' title="bbox 395 3438 1954 3534; baseline -0.002 -17"><span class='ocrx_word' id='word_1_456' title='bbox 395 3460 503 3517; x_wconf 83' lang='grc' dir='ltr'>ἀπὸ</span> <span class='ocrx_word' id='word_1_457' title='bbox 535 3460 626 3514; x_wconf 78' lang='grc' dir='ltr'>τοῦ</span> <span class='ocrx_word' id='word_1_458' title='bbox 662 3461 835 3526; x_wconf 77' lang='grc' dir='ltr'>ἔνδον,</span> <span class='ocrx_word' id='word_1_459' title='bbox 869 3462 943 3527; x_wconf 84' lang='grc' dir='ltr'>ὡς</span> <span class='ocrx_word' id='word_1_460' title='bbox 980 3438 1338 3534; x_wconf 63' lang='grc' dir='ltr'>προείπομεν·</span> <span class='ocrx_word' id='word_1_461' title='bbox 1374 3459 1508 3514; x_wconf 82' lang='grc' dir='ltr'>ἀλλὰ</span> <span class='ocrx_word' id='word_1_462' title='bbox 1538 3438 1828 3533; x_wconf 82' lang='grc' dir='ltr'>κιρνῶντες</span> <span class='ocrx_word' id='word_1_463' title='bbox 1860 3460 1954 3515; x_wconf 81' lang='grc' dir='ltr'>καὶ</span> 
     </span>
    </p>
   </div>
   <div class='ocr_carea' id='block_1_68' title="bbox 399 3552 1950 3625">
    <p class='ocr_par' dir='ltr' id='par_1_68' title="bbox 399 3552 1950 3625">
     <span class='ocr_line' id='line_1_68' title="bbox 399 3552 1950 3625; baseline 0.001 -19"><span class='ocrx_word' id='word_1_464' title='bbox 399 3553 889 3625; x_wconf 72' lang='grc' dir='ltr'>ἐγκαταμιγνύντες</span> <span class='ocrx_word' id='word_1_465' title='bbox 930 3553 1151 3625; x_wconf 83' lang='grc' dir='ltr'>θάτερον</span> <span class='ocrx_word' id='word_1_466' title='bbox 1194 3553 1401 3624; x_wconf 80' lang='grc' dir='ltr'>θατέρῳ</span> <span class='ocrx_word' id='word_1_467' title='bbox 1441 3552 1501 3605; x_wconf 81' lang='grc' dir='ltr'><strong>ού</strong></span> <span class='ocrx_word' id='word_1_468' title='bbox 1552 3552 1829 3607; x_wconf 78' lang='grc' dir='ltr'>παύονται.</span> <span class='ocrx_word' id='word_1_469' title='bbox 1878 3554 1950 3607; x_wconf 82' lang='grc' dir='ltr'><strong>Σὺ</strong></span> 
     </span>
    </p>
   </div>
   <div class='ocr_carea' id='block_1_69' title="bbox 396 3640 1952 3718">
    <p class='ocr_par' dir='ltr' id='par_1_69' title="bbox 396 3640 1952 3718">
     <span class='ocr_line' id='line_1_69' title="bbox 396 3640 1952 3718; baseline -0.001 -19"><span class='ocrx_word' id='word_1_470' title='bbox 396 3645 475 3712; x_wconf 82' lang='grc' dir='ltr'><strong>δὲ,</strong></span> <span class='ocrx_word' id='word_1_471' title='bbox 518 3640 562 3699; x_wconf 80' lang='grc' dir='ltr'>ὦ</span> <span class='ocrx_word' id='word_1_472' title='bbox 592 3647 802 3711; x_wconf 82' lang='grc' dir='ltr'>τέκνον,</span> <span class='ocrx_word' id='word_1_473' title='bbox 839 3646 912 3718; x_wconf 81' lang='grc' dir='ltr'>μὴ</span> <span class='ocrx_word' id='word_1_474' title='bbox 964 3646 1052 3700; x_wconf 78' lang='grc' dir='ltr'>ἴσα.</span> <span class='ocrx_word' id='word_1_475' title='bbox 1098 3648 1210 3710; x_wconf 84' lang='grc' dir='ltr'>τοῖς</span> <span class='ocrx_word' id='word_1_476' title='bbox 1245 3645 1454 3710; x_wconf 78' lang='grc' dir='ltr'>πολλοῖς</span> <span class='ocrx_word' id='word_1_477' title='bbox 1499 3644 1606 3699; x_wconf 85' lang='grc' dir='ltr'><strong>τῶν</strong></span> <span class='ocrx_word' id='word_1_478' title='bbox 1650 3642 1952 3716; x_wconf 83' lang='grc' dir='ltr'>ἀνθρώπων</span> 
     </span>
    </p>
   </div>
   <div class='ocr_carea' id='block_1_70' title="bbox 396 3735 1952 3811">
    <p class='ocr_par' dir='ltr' id='par_1_70' title="bbox 396 3735 1952 3811">
     <span class='ocr_line' id='line_1_70' title="bbox 396 3735 1952 3811; baseline -0.003 -17"><span class='ocrx_word' id='word_1_479' title='bbox 396 3738 691 3809; x_wconf 71' lang='grc' dir='ltr'>ἀλογίστως</span> <span class='ocrx_word' id='word_1_480' title='bbox 726 3740 820 3795; x_wconf 73' lang='grc' dir='ltr'><strong>καὶ</strong></span> <span class='ocrx_word' id='word_1_481' title='bbox 859 3737 1041 3804; x_wconf 83' lang='grc' dir='ltr'>ἁπλῶς</span> <span class='ocrx_word' id='word_1_482' title='bbox 1074 3739 1374 3811; x_wconf 71' lang='grc' dir='ltr'>ἀμφότερα,</span> <span class='ocrx_word' id='word_1_483' title='bbox 1408 3738 1484 3802; x_wconf 86' lang='grc' dir='ltr'>ὡς</span> <span class='ocrx_word' id='word_1_484' title='bbox 1514 3736 1580 3791; x_wconf 83' lang='grc' dir='ltr'><strong>ἂν</strong></span> <span class='ocrx_word' id='word_1_485' title='bbox 1610 3736 1785 3808; x_wconf 83' lang='grc' dir='ltr'>τύχοι,</span> <span class='ocrx_word' id='word_1_486' title='bbox 1820 3735 1952 3790; x_wconf 67' lang='grc' dir='ltr'>ἐνώς</span> 
     </span>
    </p>
   </div>
   <div class='ocr_carea' id='block_1_71' title="bbox 470 3947 1878 4091">
    <p class='ocr_par' dir='ltr' id='par_1_71' title="bbox 470 3947 1878 4091">
     <span class='ocr_line' id='line_1_71' title="bbox 494 3947 1878 4020; baseline -0.004 -14"><span class='ocrx_word' id='word_1_487' title='bbox 494 3952 580 4019; x_wconf 82' lang='lat' dir='ltr'><strong>2i)</strong></span> <span class='ocrx_word' id='word_1_488' title='bbox 618 3950 798 4007; x_wconf 81' lang='lat' dir='ltr'><strong>Codex</strong></span> <span class='ocrx_word' id='word_1_489' title='bbox 822 3948 1127 4014; x_wconf 87' lang='lat' dir='ltr'><strong>Bobiensis,</strong></span> <span class='ocrx_word' id='word_1_490' title='bbox 1165 3972 1184 4001; x_wconf 81' lang='grc' dir='ltr'><strong>ι</strong></span> <span class='ocrx_word' id='word_1_491' title='bbox 1215 3947 1442 4020; x_wconf 82' lang='lat' dir='ltr'><strong>Quippe,</strong></span> <span class='ocrx_word' id='word_1_492' title='bbox 1480 3968 1499 3997; x_wconf 76' lang='grc' dir='ltr'><strong>ι</strong></span> <span class='ocrx_word' id='word_1_493' title='bbox 1535 3950 1673 4003; x_wconf 77' lang='lat' dir='ltr'><strong>niala</strong></span> <span class='ocrx_word' id='word_1_494' title='bbox 1695 3949 1878 4002; x_wconf 73' lang='lat' dir='ltr'><strong>lectio.</strong></span> 
     </span>
     <span class='ocr_line' id='line_1_72' title="bbox 470 3952 1872 4091; baseline -0.004 -15"><span class='ocrx_word' id='word_1_495' title='bbox 470 3952 584 4091; x_wconf 50' lang='grc'>(22)</span> <span class='ocrx_word' id='word_1_496' title='bbox 622 4020 767 4077; x_wconf 89' lang='lat' dir='ltr'><strong>Idem</strong></span> <span class='ocrx_word' id='word_1_497' title='bbox 817 4021 985 4076; x_wconf 91' lang='lat' dir='ltr'><strong>codex</strong></span> <span class='ocrx_word' id='word_1_498' title='bbox 1036 4038 1053 4071; x_wconf 80' lang='grc' dir='ltr'><strong>ι</strong></span> <span class='ocrx_word' id='word_1_499' title='bbox 1088 4020 1154 4074; x_wconf 90' lang='lat' dir='ltr'><strong>ad</strong></span> <span class='ocrx_word' id='word_1_500' title='bbox 1186 4021 1465 4090; x_wconf 77' lang='lat' dir='ltr'><strong>vesperam</strong></span> <span class='ocrx_word' id='word_1_501' title='bbox 1507 4019 1673 4075; x_wconf 88' lang='lat' dir='ltr'><strong>veluti</strong></span> <span class='ocrx_word' id='word_1_502' title='bbox 1713 4033 1872 4088; x_wconf 88' lang='lat' dir='ltr'><strong>pereg</strong></span> 
     </span>
    </p>
   </div>
   <div class='ocr_carea' id='block_1_72' title="bbox 494 4018 1950 4092">
    <p class='ocr_par' dir='ltr' id='par_1_72' title="bbox 494 4018 1950 4092">
     <span class='ocr_line' id='line_1_73' title="bbox 494 4018 1950 4092; baseline -0.003 -16"><span class='ocrx_word' id='word_1_503' title='bbox 494 4018 584 4092; x_wconf 89' lang='lat'><strong>22)</strong></span> <span class='ocrx_word' id='word_1_504' title='bbox 622 4020 767 4077; x_wconf 90' lang='lat' dir='ltr'><strong>Idem</strong></span> <span class='ocrx_word' id='word_1_505' title='bbox 817 4021 985 4076; x_wconf 80' lang='lat' dir='ltr'><strong>codex</strong></span> <span class='ocrx_word' id='word_1_506' title='bbox 1036 4038 1053 4071; x_wconf 77' lang='grc' dir='ltr'><strong>ι</strong></span> <span class='ocrx_word' id='word_1_507' title='bbox 1088 4020 1154 4074; x_wconf 88' lang='lat' dir='ltr'><strong>ad</strong></span> <span class='ocrx_word' id='word_1_508' title='bbox 1186 4018 1465 4090; x_wconf 77' lang='lat' dir='ltr'><strong>vesperam</strong></span> <span class='ocrx_word' id='word_1_509' title='bbox 1507 4019 1673 4075; x_wconf 88' lang='lat' dir='ltr'><strong>veluti</strong></span> <span class='ocrx_word' id='word_1_510' title='bbox 1713 4018 1950 4088; x_wconf 65' lang='lat' dir='ltr'><strong>peregri-e</strong></span> 
     </span>
    </p>
   </div>
   <div class='ocr_carea' id='block_1_73' title="bbox 400 4109 1943 4232">
    <p class='ocr_par' dir='ltr' id='par_1_73' title="bbox 400 4109 1943 4232">
     <span class='ocr_line' id='line_1_74' title="bbox 400 4109 1943 4232; baseline -0.006 -14"><span class='ocrx_word' id='word_1_511' title='bbox 400 4109 586 4232; x_wconf 46' lang='lat'><strong>“(82.3)</strong></span> <span class='ocrx_word' id='word_1_512' title='bbox 625 4161 768 4215; x_wconf 86' lang='lat' dir='ltr'><strong>Idem</strong></span> <span class='ocrx_word' id='word_1_513' title='bbox 786 4162 975 4224; x_wconf 81' lang='lat' dir='ltr'><strong>codex,</strong></span> <span class='ocrx_word' id='word_1_514' title='bbox 1006 4179 1025 4213; x_wconf 79' lang='grc' dir='ltr'><strong>ι</strong></span> <span class='ocrx_word' id='word_1_515' title='bbox 1048 4176 1167 4230; x_wconf 71' lang='lat' dir='ltr'><strong>qua!</strong></span> <span class='ocrx_word' id='word_1_516' title='bbox 1194 4160 1409 4232; x_wconf 79' lang='lat' dir='ltr'><strong>quidem</strong></span> <span class='ocrx_word' id='word_1_517' title='bbox 1435 4159 1549 4232; x_wconf 82' lang='lat' dir='ltr'><strong>ipsa</strong></span> <span class='ocrx_word' id='word_1_518' title='bbox 1579 4158 1899 4232; x_wconf 73' lang='lat' dir='ltr'><strong>diversoria.</strong></span> <span class='ocrx_word' id='word_1_519' title='bbox 1923 4175 1943 4208; x_wconf 78' lang='grc' dir='ltr'><strong>ι</strong></span> 
     </span>
    </p>
   </div>
   <div class='ocr_carea' id='block_1_74' title="bbox 399 4228 1950 4301">
    <p class='ocr_par' dir='ltr' id='par_1_74' title="bbox 399 4228 1950 4301">
     <span class='ocr_line' id='line_1_75' title="bbox 399 4228 1950 4301; baseline -0.004 -14"><span class='ocrx_word' id='word_1_520' title='bbox 399 4228 537 4289; x_wconf 79' lang='lat' dir='ltr'><strong>Hinc</strong></span> <span class='ocrx_word' id='word_1_521' title='bbox 569 4228 745 4287; x_wconf 85' lang='lat' dir='ltr'><strong>autem</strong></span> <span class='ocrx_word' id='word_1_522' title='bbox 773 4241 990 4301; x_wconf 81' lang='lat' dir='ltr'><strong>apparet</strong></span> <span class='ocrx_word' id='word_1_523' title='bbox 1015 4228 1175 4301; x_wconf 71' lang='lat' dir='ltr'><strong>quam</strong></span> <span class='ocrx_word' id='word_1_524' title='bbox 1210 4229 1398 4301; x_wconf 86' lang='lat' dir='ltr'><strong>sedulo</strong></span> <span class='ocrx_word' id='word_1_525' title='bbox 1430 4228 1788 4301; x_wconf 70' lang='lat' dir='ltr'><strong>hospitalitati</strong></span> <span class='ocrx_word' id='word_1_526' title='bbox 1823 4243 1950 4296; x_wconf 87' lang='lat' dir='ltr'><strong>ope-</strong></span> 
     </span>
    </p>
   </div>
   <div class='ocr_carea' id='block_1_75' title="bbox 401 4299 1949 4385">
    <p class='ocr_par' dir='ltr' id='par_1_75' title="bbox 401 4299 1949 4385">
     <span class='ocr_line' id='line_1_76' title="bbox 401 4299 1949 4385; baseline -0.004 -28"><span class='ocrx_word' id='word_1_527' title='bbox 401 4319 516 4358; x_wconf 89' lang='lat' dir='ltr'><strong>ram</strong></span> <span class='ocrx_word' id='word_1_528' title='bbox 547 4304 793 4385; x_wconf 61' lang='lat' dir='ltr'><strong>dederint</strong></span> <span class='ocrx_word' id='word_1_529' title='bbox 811 4299 1108 4385; x_wconf 51' lang='lat' dir='ltr'><strong>pritni‘ti&#39;va:</strong></span> <span class='ocrx_word' id='word_1_530' title='bbox 1135 4299 1382 4356; x_wconf 66' lang='lat' dir='ltr'><strong>Ecclesiae</strong></span> <span class='ocrx_word' id='word_1_531' title='bbox 1412 4300 1615 4366; x_wconf 74' lang='lat' dir='ltr'><strong>ﬁdeles,</strong></span> <span class='ocrx_word' id='word_1_532' title='bbox 1635 4299 1782 4385; x_wconf 70' lang='lat' dir='ltr'><strong>Pauli</strong></span> <span class='ocrx_word' id='word_1_533' title='bbox 1813 4314 1949 4385; x_wconf 66' lang='lat' dir='ltr'><strong>prm-</strong></span> 
     </span>
    </p>
   </div>
   <div class='ocr_carea' id='block_1_76' title="bbox 400 4368 1949 4509">
    <p class='ocr_par' dir='ltr' id='par_1_76' title="bbox 400 4368 1949 4509">
     <span class='ocr_line' id='line_1_77' title="bbox 401 4368 1949 4441; baseline -0.004 -14"><span class='ocrx_word' id='word_1_534' title='bbox 401 4383 554 4441; x_wconf 89' lang='lat' dir='ltr'><strong>cepto</strong></span> <span class='ocrx_word' id='word_1_535' title='bbox 580 4374 632 4426; x_wconf 87' lang='lat' dir='ltr'><strong>in</strong></span> <span class='ocrx_word' id='word_1_536' title='bbox 665 4368 897 4440; x_wconf 74' lang='lat' dir='ltr'><strong>Epistula</strong></span> <span class='ocrx_word' id='word_1_537' title='bbox 922 4372 987 4427; x_wconf 89' lang='lat' dir='ltr'><strong>ad</strong></span> <span class='ocrx_word' id='word_1_538' title='bbox 1016 4371 1267 4427; x_wconf 72' lang='lat' dir='ltr'><strong>Hebrteos</strong></span> <span class='ocrx_word' id='word_1_539' title='bbox 1293 4385 1412 4437; x_wconf 87' lang='lat' dir='ltr'><strong>cap.</strong></span> <span class='ocrx_word' id='word_1_540' title='bbox 1432 4385 1706 4431; x_wconf 79' lang='lat' dir='ltr'><strong>xtn.vcrs.</strong></span> <span class='ocrx_word' id='word_1_541' title='bbox 1736 4368 1761 4421; x_wconf 82' lang='grc'><strong>1</strong></span> <span class='ocrx_word' id='word_1_542' title='bbox 1792 4368 1949 4421; x_wconf 87' lang='lat' dir='ltr'><strong>obse-</strong></span> 
     </span>
     <span class='ocr_line' id='line_1_78' title="bbox 400 4439 1948 4509; baseline -0.003 -14"><span class='ocrx_word' id='word_1_543' title='bbox 400 4444 533 4497; x_wconf 89' lang='lat' dir='ltr'><strong>cuti.</strong></span> <span class='ocrx_word' id='word_1_544' title='bbox 587 4442 952 4497; x_wconf 83' lang='lat' dir='ltr'><strong>Tertullianus</strong></span> <span class='ocrx_word' id='word_1_545' title='bbox 976 4483 991 4507; x_wconf 94' lang='lat'><strong>,</strong></span> <span class='ocrx_word' id='word_1_546' title='bbox 1040 4442 1117 4495; x_wconf 79' lang='lat' dir='ltr'><strong>De</strong></span> <span class='ocrx_word' id='word_1_547' title='bbox 1160 4439 1637 4509; x_wconf 75' lang='lat' dir='ltr'><strong>prwscriptionibus</strong></span> <span class='ocrx_word' id='word_1_548' title='bbox 1690 4439 1948 4509; x_wconf 79' lang='lat' dir='ltr'><strong>adversus</strong></span> 
     </span>
    </p>
   </div>
   <div class='ocr_carea' id='block_1_77' title="bbox 2055 3274 3610 3344">
    <p class='ocr_par' dir='ltr' id='par_1_77' title="bbox 2055 3274 3610 3344">
     <span class='ocr_line' id='line_1_79' title="bbox 2055 3274 3610 3344; baseline 0.002 -14"><span class='ocrx_word' id='word_1_549' title='bbox 2055 3290 2086 3330; x_wconf 86' lang='lat' dir='ltr'><strong>a</strong></span> <span class='ocrx_word' id='word_1_550' title='bbox 2124 3275 2244 3330; x_wconf 90' lang='lat' dir='ltr'><strong>luce</strong></span> <span class='ocrx_word' id='word_1_551' title='bbox 2265 3274 2514 3329; x_wconf 85' lang='lat' dir='ltr'><strong>tenebras</strong></span> <span class='ocrx_word' id='word_1_552' title='bbox 2544 3274 2679 3344; x_wconf 78' lang='grc'>(55),</span> <span class='ocrx_word' id='word_1_553' title='bbox 2710 3284 2765 3330; x_wconf 91' lang='lat' dir='ltr'><strong>et</strong></span> <span class='ocrx_word' id='word_1_554' title='bbox 2790 3275 2988 3330; x_wconf 90' lang='lat' dir='ltr'><strong>bonum</strong></span> <span class='ocrx_word' id='word_1_555' title='bbox 3017 3290 3049 3330; x_wconf 91' lang='lat' dir='ltr'><strong>a</strong></span> <span class='ocrx_word' id='word_1_556' title='bbox 3082 3275 3243 3342; x_wconf 88' lang='lat' dir='ltr'><strong>malo,</strong></span> <span class='ocrx_word' id='word_1_557' title='bbox 3272 3284 3328 3332; x_wconf 90' lang='lat' dir='ltr'><strong>et</strong></span> <span class='ocrx_word' id='word_1_558' title='bbox 3371 3278 3610 3334; x_wconf 85' lang='lat' dir='ltr'><strong>exterio-</strong></span> 
     </span>
    </p>
   </div>
   <div class='ocr_carea' id='block_1_78' title="bbox 2052 3366 3608 3439">
    <p class='ocr_par' dir='ltr' id='par_1_78' title="bbox 2052 3366 3608 3439">
     <span class='ocr_line' id='line_1_80' title="bbox 2052 3366 3608 3439; baseline 0.004 -18"><span class='ocrx_word' id='word_1_559' title='bbox 2052 3382 2166 3421; x_wconf 83' lang='lat' dir='ltr'><strong>rem</strong></span> <span class='ocrx_word' id='word_1_560' title='bbox 2201 3366 2475 3421; x_wconf 85' lang='lat' dir='ltr'><strong>hominem</strong></span> <span class='ocrx_word' id='word_1_561' title='bbox 2508 3366 2576 3420; x_wconf 90' lang='lat' dir='ltr'><strong>ab</strong></span> <span class='ocrx_word' id='word_1_562' title='bbox 2605 3366 2867 3430; x_wconf 88' lang='lat' dir='ltr'><strong>interiori,</strong></span> <span class='ocrx_word' id='word_1_563' title='bbox 2914 3368 3055 3424; x_wconf 89' lang='lat' dir='ltr'><strong>sicut</strong></span> <span class='ocrx_word' id='word_1_564' title='bbox 3089 3369 3470 3439; x_wconf 69' lang='lat' dir='ltr'><strong>praediximus;</strong></span> <span class='ocrx_word' id='word_1_565' title='bbox 3512 3369 3608 3426; x_wconf 86' lang='lat' dir='ltr'><strong>sed</strong></span> 
     </span>
    </p>
   </div>
   <div class='ocr_carea' id='block_1_79' title="bbox 2054 3458 3598 3529">
    <p class='ocr_par' dir='ltr' id='par_1_79' title="bbox 2054 3458 3598 3529">
     <span class='ocr_line' id='line_1_81' title="bbox 2054 3458 3598 3529; baseline 0.003 -13"><span class='ocrx_word' id='word_1_566' title='bbox 2054 3458 2384 3516; x_wconf 85' lang='lat' dir='ltr'><strong>confundere</strong></span> <span class='ocrx_word' id='word_1_567' title='bbox 2415 3474 2479 3514; x_wconf 89' lang='lat' dir='ltr'><strong>ac</strong></span> <span class='ocrx_word' id='word_1_568' title='bbox 2510 3460 2833 3529; x_wconf 87' lang='lat' dir='ltr'><strong>permiscere</strong></span> <span class='ocrx_word' id='word_1_569' title='bbox 2860 3461 3090 3516; x_wconf 93' lang='lat' dir='ltr'><strong>alterum</strong></span> <span class='ocrx_word' id='word_1_570' title='bbox 3135 3462 3287 3517; x_wconf 88' lang='lat' dir='ltr'><strong>alteri</strong></span> <span class='ocrx_word' id='word_1_571' title='bbox 3322 3478 3428 3518; x_wconf 92' lang='lat' dir='ltr'><strong>non</strong></span> <span class='ocrx_word' id='word_1_572' title='bbox 3477 3479 3598 3521; x_wconf 83' lang='lat' dir='ltr'><strong>ees-</strong></span> 
     </span>
    </p>
   </div>
   <div class='ocr_carea' id='block_1_80' title="bbox 2053 3550 3608 3618">
    <p class='ocr_par' dir='ltr' id='par_1_80' title="bbox 2053 3550 3608 3618">
     <span class='ocr_line' id='line_1_82' title="bbox 2053 3550 3608 3618; baseline 0.003 -11"><span class='ocrx_word' id='word_1_573' title='bbox 2053 3561 2196 3608; x_wconf 86' lang='lat' dir='ltr'><strong>sant.</strong></span> <span class='ocrx_word' id='word_1_574' title='bbox 2233 3550 2314 3606; x_wconf 90' lang='lat' dir='ltr'><strong>Tu</strong></span> <span class='ocrx_word' id='word_1_575' title='bbox 2346 3566 2497 3618; x_wconf 88' lang='lat' dir='ltr'><strong>vero,</strong></span> <span class='ocrx_word' id='word_1_576' title='bbox 2522 3566 2555 3606; x_wconf 88' lang='grc' dir='ltr'><strong>ο</strong></span> <span class='ocrx_word' id='word_1_577' title='bbox 2582 3551 2678 3615; x_wconf 83' lang='lat' dir='ltr'><strong>iiii,</strong></span> <span class='ocrx_word' id='word_1_578' title='bbox 2725 3567 2794 3607; x_wconf 91' lang='lat' dir='ltr'><strong>ne</strong></span> <span class='ocrx_word' id='word_1_579' title='bbox 2836 3552 3084 3608; x_wconf 91' lang='lat' dir='ltr'><strong>similiter</strong></span> <span class='ocrx_word' id='word_1_580' title='bbox 3128 3562 3187 3608; x_wconf 92' lang='lat' dir='ltr'><strong>ut</strong></span> <span class='ocrx_word' id='word_1_581' title='bbox 3229 3555 3383 3610; x_wconf 86' lang='lat' dir='ltr'><strong>multi</strong></span> <span class='ocrx_word' id='word_1_582' title='bbox 3428 3555 3608 3612; x_wconf 84' lang='lat' dir='ltr'><strong>homi-</strong></span> 
     </span>
    </p>
   </div>
   <div class='ocr_carea' id='block_1_81' title="bbox 2057 3642 3608 3716">
    <p class='ocr_par' dir='ltr' id='par_1_81' title="bbox 2057 3642 3608 3716">
     <span class='ocr_line' id='line_1_83' title="bbox 2057 3642 3608 3716; baseline 0.003 -19"><span class='ocrx_word' id='word_1_583' title='bbox 2057 3658 2222 3710; x_wconf 90' lang='lat' dir='ltr'><strong>num,</strong></span> <span class='ocrx_word' id='word_1_584' title='bbox 2268 3642 2709 3698; x_wconf 83' lang='lat' dir='ltr'><strong>irrationabiliter</strong></span> <span class='ocrx_word' id='word_1_585' title='bbox 2735 3650 2790 3698; x_wconf 91' lang='lat' dir='ltr'><strong>et</strong></span> <span class='ocrx_word' id='word_1_586' title='bbox 2840 3643 3156 3714; x_wconf 85' lang='lat' dir='ltr'><strong>simpliciter</strong></span> <span class='ocrx_word' id='word_1_587' title='bbox 3196 3654 3421 3716; x_wconf 88' lang='lat' dir='ltr'><strong>utraque</strong></span> <span class='ocrx_word' id='word_1_588' title='bbox 3464 3646 3608 3702; x_wconf 89' lang='lat' dir='ltr'><strong>indi-</strong></span> 
     </span>
    </p>
   </div>
   <div class='ocr_carea' id='block_1_82' title="bbox 2056 3733 3608 3805">
    <p class='ocr_par' dir='ltr' id='par_1_82' title="bbox 2056 3733 3608 3805">
     <span class='ocr_line' id='line_1_84' title="bbox 2056 3733 3608 3805; baseline 0.002 -14"><span class='ocrx_word' id='word_1_589' title='bbox 2056 3742 2232 3791; x_wconf 86' lang='lat' dir='ltr'><strong>screta</strong></span> <span class='ocrx_word' id='word_1_590' title='bbox 2260 3733 2585 3804; x_wconf 74' lang='lat' dir='ltr'><strong>permiscens</strong></span> <span class='ocrx_word' id='word_1_591' title='bbox 2622 3733 2758 3805; x_wconf 70' lang='grc'>(54),</span> <span class='ocrx_word' id='word_1_592' title='bbox 2792 3749 2967 3805; x_wconf 91' lang='lat' dir='ltr'><strong>neque</strong></span> <span class='ocrx_word' id='word_1_593' title='bbox 3000 3735 3254 3793; x_wconf 88' lang='lat' dir='ltr'><strong>bonitatis</strong></span> <span class='ocrx_word' id='word_1_594' title='bbox 3274 3736 3382 3793; x_wconf 89' lang='lat' dir='ltr'><strong>Deo</strong></span> <span class='ocrx_word' id='word_1_595' title='bbox 3408 3736 3608 3794; x_wconf 80' lang='lat' dir='ltr'><strong>inferas</strong></span> 
     </span>
    </p>
   </div>
   <div class='ocr_carea' id='block_1_83' title="bbox 2054 3943 2294 3999">
    <p class='ocr_par' dir='ltr' id='par_1_83' title="bbox 2054 3943 2294 3999">
     <span class='ocr_line' id='line_1_85' title="bbox 2054 3943 2294 3999; baseline -0.008 0"><span class='ocrx_word' id='word_1_596' title='bbox 2054 3958 2173 3999; x_wconf 86' lang='lat' dir='ltr'><strong>can.</strong></span> <span class='ocrx_word' id='word_1_597' title='bbox 2204 3943 2294 3998; x_wconf 85' lang='lat'><strong>26.</strong></span> 
     </span>
    </p>
   </div>
   <div class='ocr_carea' id='block_1_84' title="bbox 2119 3959 3245 4146">
    <p class='ocr_par' dir='ltr' id='par_1_84' title="bbox 2119 3959 3245 4146">
     <span class='ocr_line' id='line_1_86' title="bbox 2119 3959 3245 4146; baseline -0.001 -80"><span class='ocrx_word' id='word_1_598' title='bbox 2119 3959 2455 4146; x_wconf 37' lang='lat' dir='ltr'><strong>l{‘illiszodex</strong></span> <span class='ocrx_word' id='word_1_599' title='bbox 2481 4011 2614 4095; x_wconf 59' lang='lat' dir='ltr'><strong>Bob:</strong></span> <span class='ocrx_word' id='word_1_600' title='bbox 2651 4032 2670 4065; x_wconf 73' lang='grc' dir='ltr'><strong>ι</strong></span> <span class='ocrx_word' id='word_1_601' title='bbox 2698 4011 3186 4096; x_wconf 61' lang='lat' dir='ltr'><strong>hiesopotamenus.</strong></span> <span class='ocrx_word' id='word_1_602' title='bbox 3224 4030 3245 4064; x_wconf 72' lang='grc' dir='ltr'><strong>ι</strong></span> 
     </span>
     <span class='ocr_line' id='line_1_87' title="bbox 2147 4081 3245 4146; baseline -0.003 -10"><span class='ocrx_word' id='word_1_603' title='bbox 2147 4084 2237 4146; x_wconf 88' lang='lat'><strong>25)</strong></span> <span class='ocrx_word' id='word_1_604' title='bbox 2273 4084 2453 4138; x_wconf 85' lang='lat' dir='ltr'><strong>Codex</strong></span> <span class='ocrx_word' id='word_1_605' title='bbox 2482 4081 2783 4145; x_wconf 80' lang='lat' dir='ltr'><strong>BobienSIs,</strong></span> <span class='ocrx_word' id='word_1_606' title='bbox 2818 4102 2835 4135; x_wconf 77' lang='grc' dir='ltr'><strong>ι</strong></span> <span class='ocrx_word' id='word_1_607' title='bbox 2874 4092 3196 4146; x_wconf 71' lang='lat' dir='ltr'><strong>ignoratum.</strong></span> <span class='ocrx_word' id='word_1_608' title='bbox 3236 4101 3245 4133; x_wconf 76' lang='grc' dir='ltr'><strong>ι</strong></span> 
     </span>
    </p>
   </div>
   <div class='ocr_carea' id='block_1_85' title="bbox 2147 4081 3256 4148">
    <p class='ocr_par' dir='ltr' id='par_1_85' title="bbox 2147 4081 3256 4148">
     <span class='ocr_line' id='line_1_88' title="bbox 2147 4081 3256 4148; baseline -0.002 -12"><span class='ocrx_word' id='word_1_609' title='bbox 2147 4084 2237 4148; x_wconf 88' lang='lat'><strong>25)</strong></span> <span class='ocrx_word' id='word_1_610' title='bbox 2273 4084 2453 4138; x_wconf 85' lang='lat' dir='ltr'><strong>Codex</strong></span> <span class='ocrx_word' id='word_1_611' title='bbox 2482 4081 2783 4145; x_wconf 90' lang='lat' dir='ltr'><strong>Bobiensis,</strong></span> <span class='ocrx_word' id='word_1_612' title='bbox 2818 4081 3196 4148; x_wconf 61' lang='lat' dir='ltr'><strong>(ignoratum.</strong></span> <span class='ocrx_word' id='word_1_613' title='bbox 3236 4101 3256 4134; x_wconf 81' lang='grc'>›</span> 
     </span>
    </p>
   </div>
   <div class='ocr_carea' id='block_1_86' title="bbox 2125 4152 3608 4225">
    <p class='ocr_par' dir='ltr' id='par_1_86' title="bbox 2125 4152 3608 4225">
     <span class='ocr_line' id='line_1_89' title="bbox 2125 4152 3608 4225; baseline 0 -17"><span class='ocrx_word' id='word_1_614' title='bbox 2125 4153 2236 4225; x_wconf 90' lang='grc'>(26)</span> <span class='ocrx_word' id='word_1_615' title='bbox 2265 4152 2412 4225; x_wconf 82' lang='lat' dir='ltr'><strong>Hanc</strong></span> <span class='ocrx_word' id='word_1_616' title='bbox 2432 4152 2710 4225; x_wconf 68' lang='lat' dir='ltr'><strong>epistolam</strong></span> <span class='ocrx_word' id='word_1_617' title='bbox 2731 4169 2853 4225; x_wconf 89' lang='lat' dir='ltr'><strong>cum</strong></span> <span class='ocrx_word' id='word_1_618' title='bbox 2873 4152 3120 4225; x_wconf 72' lang='lat' dir='ltr'><strong>Marcelli</strong></span> <span class='ocrx_word' id='word_1_619' title='bbox 3151 4154 3501 4225; x_wconf 81' lang='lat' dir='ltr'><strong>responsione</strong></span> <span class='ocrx_word' id='word_1_620' title='bbox 3523 4153 3608 4225; x_wconf 47' lang='lat' dir='ltr'><strong>in:</strong></span> 
     </span>
    </p>
   </div>
   <div class='ocr_carea' id='block_1_87' title="bbox 2054 4222 3607 4294">
    <p class='ocr_par' dir='ltr' id='par_1_87' title="bbox 2054 4222 3607 4294">
     <span class='ocr_line' id='line_1_90' title="bbox 2054 4222 3607 4294; baseline 0.001 -15"><span class='ocrx_word' id='word_1_621' title='bbox 2054 4222 2259 4294; x_wconf 85' lang='lat' dir='ltr'><strong>tegram</strong></span> <span class='ocrx_word' id='word_1_622' title='bbox 2296 4223 2458 4294; x_wconf 84' lang='lat' dir='ltr'><strong>refert</strong></span> <span class='ocrx_word' id='word_1_623' title='bbox 2493 4222 2823 4292; x_wconf 83' lang='lat' dir='ltr'><strong>Epiphanius</strong></span> <span class='ocrx_word' id='word_1_624' title='bbox 2868 4224 2921 4278; x_wconf 92' lang='lat' dir='ltr'><strong>in</strong></span> <span class='ocrx_word' id='word_1_625' title='bbox 2953 4223 3370 4279; x_wconf 64' lang='lat' dir='ltr'><strong>Manichaeorum</strong></span> <span class='ocrx_word' id='word_1_626' title='bbox 3416 4222 3607 4280; x_wconf 74' lang='lat' dir='ltr'><strong>hzeresi</strong></span> 
     </span>
    </p>
   </div>
   <div class='ocr_carea' id='block_1_88' title="bbox 2056 4293 3289 4365">
    <p class='ocr_par' dir='ltr' id='par_1_88' title="bbox 2056 4293 3289 4365">
     <span class='ocr_line' id='line_1_91' title="bbox 2056 4293 3289 4365; baseline -0.002 -16"><span class='ocrx_word' id='word_1_627' title='bbox 2056 4293 2245 4365; x_wconf 69' lang='lat' dir='ltr'><strong>(vat).</strong></span> <span class='ocrx_word' id='word_1_628' title='bbox 2272 4311 2327 4365; x_wconf 72' lang='grc' dir='ltr'><strong>ῃ.</strong></span> <span class='ocrx_word' id='word_1_629' title='bbox 2353 4293 2407 4361; x_wconf 84' lang='grc'>6,</span> <span class='ocrx_word' id='word_1_630' title='bbox 2433 4308 2498 4365; x_wconf 70' lang='lat' dir='ltr'><strong>ex</strong></span> <span class='ocrx_word' id='word_1_631' title='bbox 2527 4309 2635 4365; x_wconf 89' lang='lat' dir='ltr'><strong>quo</strong></span> <span class='ocrx_word' id='word_1_632' title='bbox 2659 4293 2844 4365; x_wconf 69' lang='lat' dir='ltr'><strong>Graeca</strong></span> <span class='ocrx_word' id='word_1_633' title='bbox 2869 4294 3289 4365; x_wconf 85' lang='lat' dir='ltr'><strong>desumpsimns.</strong></span> 
     </span>
    </p>
   </div>
   <div class='ocr_carea' id='block_1_89' title="bbox 2126 4362 3608 4435">
    <p class='ocr_par' dir='ltr' id='par_1_89' title="bbox 2126 4362 3608 4435">
     <span class='ocr_line' id='line_1_92' title="bbox 2126 4362 3608 4435; baseline 0.001 -17"><span class='ocrx_word' id='word_1_634' title='bbox 2126 4364 2236 4435; x_wconf 84' lang='lat'><strong>(27)</strong></span> <span class='ocrx_word' id='word_1_635' title='bbox 2268 4363 2443 4435; x_wconf 76' lang='lat' dir='ltr'><strong>Codex</strong></span> <span class='ocrx_word' id='word_1_636' title='bbox 2467 4362 2824 4435; x_wconf 47' lang='lat' dir='ltr'><strong>Bobiensis,;</strong></span> <span class='ocrx_word' id='word_1_637' title='bbox 2857 4379 2887 4418; x_wconf 90' lang='lat' dir='ltr'><strong>a</strong></span> <span class='ocrx_word' id='word_1_638' title='bbox 2919 4362 3092 4420; x_wconf 80' lang='lat' dir='ltr'><strong>ruinis</strong></span> <span class='ocrx_word' id='word_1_639' title='bbox 3130 4363 3285 4434; x_wconf 84' lang='lat' dir='ltr'><strong>ejus,</strong></span> <span class='ocrx_word' id='word_1_640' title='bbox 3326 4371 3380 4418; x_wconf 90' lang='lat' dir='ltr'><strong>et</strong></span> <span class='ocrx_word' id='word_1_641' title='bbox 3424 4362 3490 4420; x_wconf 88' lang='lat' dir='ltr'><strong>de</strong></span> <span class='ocrx_word' id='word_1_642' title='bbox 3525 4362 3608 4419; x_wconf 86' lang='lat' dir='ltr'><strong>la-</strong></span> 
     </span>
    </p>
   </div>
   <div class='ocr_carea' id='block_1_90' title="bbox 2053 4431 2879 4507">
    <p class='ocr_par' dir='ltr' id='par_1_90' title="bbox 2053 4431 2879 4507">
     <span class='ocr_line' id='line_1_93' title="bbox 2053 4431 2879 4507; baseline -0.001 -17"><span class='ocrx_word' id='word_1_643' title='bbox 2053 4431 2228 4507; x_wconf 78' lang='lat' dir='ltr'><strong>queis.</strong></span> <span class='ocrx_word' id='word_1_644' title='bbox 2272 4432 2417 4507; x_wconf 40' lang='lat' dir='ltr'><strong>[Sic</strong></span> <span class='ocrx_word' id='word_1_645' title='bbox 2453 4431 2879 4507; x_wconf 27' lang='lat' dir='ltr'><strong>et‘Epiphanins.</strong></span> 
     </span>
    </p>
   </div>
   <div class='ocr_carea' id='block_1_91' title="bbox 402 4480 3607 4582">
    <p class='ocr_par' dir='ltr' id='par_1_91' title="bbox 402 4480 3607 4582">
     <span class='ocr_line' id='line_1_94' title="bbox 402 4480 3607 4582; baseline -0.002 -16"><span class='ocrx_word' id='word_1_646' title='bbox 402 4480 1000 4582; x_wconf 54' lang='grc' dir='ltr'><strong>Ῑιᾍῖ-ὲςὲζέ-ἒῖῗέὀ“ῗὶ</strong></span> <span class='ocrx_word' id='word_1_647' title='bbox 1034 4480 1124 4567; x_wconf 67' lang='grc' dir='ltr'><strong>ἒᾖὶ</strong></span> <span class='ocrx_word' id='word_1_648' title='bbox 1153 4480 1651 4579; x_wconf 59' lang='grc' dir='ltr'><strong>(ἵὲιζὶῖἐζῖέἕεέὶίιὶῖᾦ</strong></span> <span class='ocrx_word' id='word_1_649' title='bbox 1682 4480 1949 4582; x_wconf 60' lang='grc' dir='ltr'><strong>ἷὶἐιὲῑὶἕὲὀ</strong></span> <span class='ocrx_word' id='word_1_650' title='bbox 1981 4480 2027 4538; x_wconf 73' lang='grc' dir='ltr'><strong>υ</strong></span> <span class='ocrx_word' id='word_1_651' title='bbox 2054 4480 2236 4582; x_wconf 61' lang='grc' dir='ltr'><strong>Ἓξ)</strong></span> <span class='ocrx_word' id='word_1_652' title='bbox 2265 4480 2417 4582; x_wconf 62' lang='grc' dir='ltr'>ξιιἔῷ</span> <span class='ocrx_word' id='word_1_653' title='bbox 2433 4480 3090 4574; x_wconf 57' lang='grc' dir='ltr'><strong>εἷάἔὶζτῗῖὖὶἰῖίωοιεηι</strong></span> <span class='ocrx_word' id='word_1_654' title='bbox 3130 4502 3414 4558; x_wconf 87' lang='lat' dir='ltr'><strong>rationem.</strong></span> <span class='ocrx_word' id='word_1_655' title='bbox 3448 4521 3470 4555; x_wconf 75' lang='grc' dir='ltr'><strong>ι</strong></span> <span class='ocrx_word' id='word_1_656' title='bbox 3515 4500 3607 4560; x_wconf 85' lang='lat' dir='ltr'><strong>Sic</strong></span> 
     </span>
    </p>
   </div>
   <div class='ocr_carea' id='block_1_92' title="bbox 401 4578 1951 4656">
    <p class='ocr_par' dir='ltr' id='par_1_92' title="bbox 401 4578 1951 4656">
     <span class='ocr_line' id='line_1_95' title="bbox 401 4578 1951 4656; baseline -0.005 -18"><span class='ocrx_word' id='word_1_657' title='bbox 401 4586 589 4656; x_wconf 68' lang='lat' dir='ltr'><strong>primae</strong></span> <span class='ocrx_word' id='word_1_658' title='bbox 620 4595 673 4638; x_wconf 90' lang='lat' dir='ltr'><strong>et</strong></span> <span class='ocrx_word' id='word_1_659' title='bbox 706 4578 1044 4656; x_wconf 67' lang='lat' dir='ltr'><strong>apostolicae;</strong></span> <span class='ocrx_word' id='word_1_660' title='bbox 1073 4583 1198 4637; x_wconf 87' lang='lat' dir='ltr'><strong>dum</strong></span> <span class='ocrx_word' id='word_1_661' title='bbox 1235 4597 1338 4656; x_wconf 80' lang='lat' dir='ltr'><strong>una</strong></span> <span class='ocrx_word' id='word_1_662' title='bbox 1364 4596 1553 4656; x_wconf 78' lang='lat' dir='ltr'><strong>omnes</strong></span> <span class='ocrx_word' id='word_1_663' title='bbox 1569 4580 1813 4656; x_wconf 73' lang='lat' dir='ltr'><strong>probant</strong></span> <span class='ocrx_word' id='word_1_664' title='bbox 1835 4578 1951 4656; x_wconf 77' lang='lat' dir='ltr'><strong>uni-</strong></span> 
     </span>
    </p>
   </div>
   <div class='ocr_carea' id='block_1_93' title="bbox 400 4649 2036 4719">
    <p class='ocr_par' dir='ltr' id='par_1_93' title="bbox 400 4649 2036 4719">
     <span class='ocr_line' id='line_1_96' title="bbox 400 4649 2036 4719; baseline -0.004 -10"><span class='ocrx_word' id='word_1_665' title='bbox 400 4649 587 4717; x_wconf 81' lang='lat' dir='ltr'><strong>tatem,</strong></span> <span class='ocrx_word' id='word_1_666' title='bbox 617 4649 753 4707; x_wconf 21' lang='lat' dir='ltr'><strong>dum»</strong></span> <span class='ocrx_word' id='word_1_667' title='bbox 776 4661 858 4706; x_wconf 83' lang='lat' dir='ltr'><strong>est</strong></span> <span class='ocrx_word' id='word_1_668' title='bbox 886 4653 990 4707; x_wconf 90' lang='lat' dir='ltr'><strong>illis</strong></span> <span class='ocrx_word' id='word_1_669' title='bbox 1018 4650 1432 4709; x_wconf 89' lang='lat' dir='ltr'><strong>communicatio</strong></span> <span class='ocrx_word' id='word_1_670' title='bbox 1466 4649 1634 4719; x_wconf 89' lang='lat' dir='ltr'><strong>pacis,</strong></span> <span class='ocrx_word' id='word_1_671' title='bbox 1684 4658 1738 4704; x_wconf 87' lang='lat' dir='ltr'><strong>et</strong></span> <span class='ocrx_word' id='word_1_672' title='bbox 1769 4649 1950 4718; x_wconf 88' lang='lat' dir='ltr'><strong>appei-</strong></span> <span class='ocrx_word' id='word_1_673' title='bbox 2033 4664 2036 4665; x_wconf 68' lang='lat'><strong><em>&#39;</em></strong></span> 
     </span>
    </p>
   </div>
   <div class='ocr_carea' id='block_1_94' title="bbox 400 4720 1975 4790">
    <p class='ocr_par' dir='ltr' id='par_1_94' title="bbox 400 4720 1975 4790">
     <span class='ocr_line' id='line_1_97' title="bbox 400 4720 1975 4790; baseline -0.004 -11"><span class='ocrx_word' id='word_1_674' title='bbox 400 4724 529 4780; x_wconf 86' lang='lat' dir='ltr'><strong>latio</strong></span> <span class='ocrx_word' id='word_1_675' title='bbox 578 4723 959 4786; x_wconf 83' lang='lat' dir='ltr'><strong>fraternitatis,</strong></span> <span class='ocrx_word' id='word_1_676' title='bbox 996 4734 1049 4777; x_wconf 90' lang='lat' dir='ltr'><strong>et</strong></span> <span class='ocrx_word' id='word_1_677' title='bbox 1093 4721 1478 4778; x_wconf 89' lang='lat' dir='ltr'><strong>contesseratio</strong></span> <span class='ocrx_word' id='word_1_678' title='bbox 1528 4720 1975 4790; x_wconf 44' lang='lat' dir='ltr'><strong>hospitalitatisy</strong></span> 
     </span>
    </p>
   </div>
   <div class='ocr_carea' id='block_1_95' title="bbox 401 4791 1951 4864">
    <p class='ocr_par' dir='ltr' id='par_1_95' title="bbox 401 4791 1951 4864">
     <span class='ocr_line' id='line_1_98' title="bbox 401 4791 1951 4864; baseline -0.003 -15"><span class='ocrx_word' id='word_1_679' title='bbox 401 4810 522 4864; x_wconf 77' lang='lat' dir='ltr'><strong>quze</strong></span> <span class='ocrx_word' id='word_1_680' title='bbox 551 4794 673 4859; x_wconf 88' lang='lat' dir='ltr'><strong>jura</strong></span> <span class='ocrx_word' id='word_1_681' title='bbox 708 4808 813 4847; x_wconf 90' lang='lat' dir='ltr'><strong>non</strong></span> <span class='ocrx_word' id='word_1_682' title='bbox 840 4793 943 4847; x_wconf 88' lang='lat' dir='ltr'><strong>alia</strong></span> <span class='ocrx_word' id='word_1_683' title='bbox 968 4795 1292 4864; x_wconf 63' lang='lat' dir='ltr'><strong>ratioregit,</strong></span> <span class='ocrx_word' id='word_1_684' title='bbox 1318 4806 1478 4862; x_wconf 88' lang='lat' dir='ltr'><strong>quam</strong></span> <span class='ocrx_word' id='word_1_685' title='bbox 1505 4791 1746 4864; x_wconf 65' lang='lat' dir='ltr'><strong>ejusdem</strong></span> <span class='ocrx_word' id='word_1_686' title='bbox 1775 4805 1951 4864; x_wconf 79' lang='lat' dir='ltr'><strong>sacra-</strong></span> 
     </span>
    </p>
   </div>
   <div class='ocr_carea' id='block_1_96' title="bbox 403 4860 1947 4929">
    <p class='ocr_par' dir='ltr' id='par_1_96' title="bbox 403 4860 1947 4929">
     <span class='ocr_line' id='line_1_99' title="bbox 403 4860 1947 4929; baseline -0.003 -11"><span class='ocrx_word' id='word_1_687' title='bbox 403 4860 568 4922; x_wconf 85' lang='lat' dir='ltr'><strong>menti</strong></span> <span class='ocrx_word' id='word_1_688' title='bbox 599 4879 706 4918; x_wconf 89' lang='lat' dir='ltr'><strong>una</strong></span> <span class='ocrx_word' id='word_1_689' title='bbox 741 4864 975 4918; x_wconf 90' lang='lat' dir='ltr'><strong>traditio.</strong></span> <span class='ocrx_word' id='word_1_690' title='bbox 1009 4882 1028 4915; x_wconf 70' lang='grc' dir='ltr'><strong>ι</strong></span> <span class='ocrx_word' id='word_1_691' title='bbox 1090 4860 1224 4916; x_wconf 79' lang='lat' dir='ltr'><strong>Nota</strong></span> <span class='ocrx_word' id='word_1_692' title='bbox 1253 4860 1417 4925; x_wconf 82' lang='lat' dir='ltr'><strong>sunt,‘</strong></span> <span class='ocrx_word' id='word_1_693' title='bbox 1448 4860 1660 4929; x_wconf 55' lang='lat' dir='ltr'><strong>quas-de</strong></span> <span class='ocrx_word' id='word_1_694' title='bbox 1684 4860 1947 4916; x_wconf 87' lang='lat' dir='ltr'><strong>Christia-</strong></span> 
     </span>
    </p>
   </div>
   <div class='ocr_carea' id='block_1_97' title="bbox 403 4930 1941 5004">
    <p class='ocr_par' dir='ltr' id='par_1_97' title="bbox 403 4930 1941 5004">
     <span class='ocr_line' id='line_1_100' title="bbox 403 4930 1941 5004; baseline -0.005 -16"><span class='ocrx_word' id='word_1_695' title='bbox 403 4950 595 4988; x_wconf 89' lang='lat' dir='ltr'><strong>norum</strong></span> <span class='ocrx_word' id='word_1_696' title='bbox 624 4949 748 5003; x_wconf 88' lang='lat' dir='ltr'><strong>erga</strong></span> <span class='ocrx_word' id='word_1_697' title='bbox 780 4931 1122 5004; x_wconf 88' lang='lat' dir='ltr'><strong>Peregrinum</strong></span> <span class='ocrx_word' id='word_1_698' title='bbox 1147 4932 1406 5002; x_wconf 88' lang='lat' dir='ltr'><strong>hospitem</strong></span> <span class='ocrx_word' id='word_1_699' title='bbox 1431 4931 1617 5004; x_wconf 67' lang='lat' dir='ltr'><strong>oiliciis</strong></span> <span class='ocrx_word' id='word_1_700' title='bbox 1649 4930 1809 4985; x_wconf 83' lang='lat' dir='ltr'><strong>refert</strong></span> <span class='ocrx_word' id='word_1_701' title='bbox 1832 4930 1941 5004; x_wconf 63' lang='lat' dir='ltr'><strong>_Ln~</strong></span> 
     </span>
    </p>
   </div>
   <div class='ocr_carea' id='block_1_98' title="bbox 402 4999 1939 5074">
    <p class='ocr_par' dir='ltr' id='par_1_98' title="bbox 402 4999 1939 5074">
     <span class='ocr_line' id='line_1_101' title="bbox 402 4999 1939 5074; baseline -0.003 -16"><span class='ocrx_word' id='word_1_702' title='bbox 402 5004 593 5058; x_wconf 85' lang='lat' dir='ltr'><strong>cianus</strong></span> <span class='ocrx_word' id='word_1_703' title='bbox 624 4999 842 5057; x_wconf 53' lang='lat' dir='ltr'><strong>in&#39;libro</strong></span> <span class='ocrx_word' id='word_1_704' title='bbox 876 4999 942 5057; x_wconf 74' lang='lat' dir='ltr'><strong>de</strong></span> <span class='ocrx_word' id='word_1_705' title='bbox 982 5004 1220 5074; x_wconf 83' lang='lat' dir='ltr'><strong>ejusdem</strong></span> <span class='ocrx_word' id='word_1_706' title='bbox 1249 4999 1440 5074; x_wconf 77' lang='lat' dir='ltr'><strong>inorte.</strong></span> <span class='ocrx_word' id='word_1_707' title='bbox 1495 5001 1599 5074; x_wconf 83' lang='lat' dir='ltr'><strong>Sed</strong></span> <span class='ocrx_word' id='word_1_708' title='bbox 1628 4999 1851 5074; x_wconf 86' lang='lat' dir='ltr'><strong>et_qu_od</strong></span> <span class='ocrx_word' id='word_1_709' title='bbox 1873 5000 1939 5074; x_wconf 78' lang='lat' dir='ltr'><strong>de</strong></span> 
     </span>
    </p>
   </div>
   <div class='ocr_carea' id='block_1_99' title="bbox 402 5069 1941 5142">
    <p class='ocr_par' dir='ltr' id='par_1_99' title="bbox 402 5069 1941 5142">
     <span class='ocr_line' id='line_1_102' title="bbox 402 5069 1941 5142; baseline -0.004 -13"><span class='ocrx_word' id='word_1_710' title='bbox 402 5074 713 5129; x_wconf 85' lang='lat' dir='ltr'><strong>diversoriis</strong></span> <span class='ocrx_word' id='word_1_711' title='bbox 745 5083 902 5142; x_wconf 88' lang='lat' dir='ltr'><strong>atque</strong></span> <span class='ocrx_word' id='word_1_712' title='bbox 925 5069 1186 5142; x_wconf 77' lang='lat' dir='ltr'><strong>hospitiis,</strong></span> <span class='ocrx_word' id='word_1_713' title='bbox 1214 5087 1305 5142; x_wconf 89' lang='lat' dir='ltr'><strong>per</strong></span> <span class='ocrx_word' id='word_1_714' title='bbox 1330 5073 1505 5141; x_wconf 87' lang='lat' dir='ltr'><strong>regias</strong></span> <span class='ocrx_word' id='word_1_715' title='bbox 1537 5072 1650 5128; x_wconf 86' lang='lat' dir='ltr'><strong>vias</strong></span> <span class='ocrx_word' id='word_1_716' title='bbox 1683 5069 1739 5142; x_wconf 83' lang='lat' dir='ltr'><strong>in</strong></span> <span class='ocrx_word' id='word_1_717' title='bbox 1766 5069 1941 5142; x_wconf 80' lang='lat' dir='ltr'><strong>Persi—</strong></span> 
     </span>
    </p>
   </div>
   <div class='ocr_carea' id='block_1_100' title="bbox 404 5140 1940 5211">
    <p class='ocr_par' dir='ltr' id='par_1_100' title="bbox 404 5140 1940 5211">
     <span class='ocr_line' id='line_1_103' title="bbox 404 5140 1940 5211; baseline -0.002 -13"><span class='ocrx_word' id='word_1_718' title='bbox 404 5144 525 5198; x_wconf 87' lang='lat' dir='ltr'><strong>dem</strong></span> <span class='ocrx_word' id='word_1_719' title='bbox 558 5140 834 5202; x_wconf 77' lang='lat' dir='ltr'><strong>ducentes.</strong></span> <span class='ocrx_word' id='word_1_720' title='bbox 871 5158 901 5197; x_wconf 87' lang='lat' dir='ltr'><strong>a</strong></span> <span class='ocrx_word' id='word_1_721' title='bbox 928 5140 1176 5198; x_wconf 78' lang='lat' dir='ltr'><strong>Marcello</strong></span> <span class='ocrx_word' id='word_1_722' title='bbox 1202 5140 1550 5207; x_wconf 83' lang='lat' dir='ltr'><strong>constructis,</strong></span> <span class='ocrx_word' id='word_1_723' title='bbox 1581 5142 1669 5211; x_wconf 86' lang='lat' dir='ltr'><strong>hic</strong></span> <span class='ocrx_word' id='word_1_724' title='bbox 1692 5140 1940 5211; x_wconf 83' lang='lat' dir='ltr'><strong>legimus,</strong></span> 
     </span>
    </p>
   </div>
   <div class='ocr_carea' id='block_1_101' title="bbox 406 5210 1946 5279">
    <p class='ocr_par' dir='ltr' id='par_1_101' title="bbox 406 5210 1946 5279">
     <span class='ocr_line' id='line_1_104' title="bbox 406 5210 1946 5279; baseline -0.001 -12"><span class='ocrx_word' id='word_1_725' title='bbox 406 5213 459 5267; x_wconf 92' lang='lat' dir='ltr'><strong>id</strong></span> <span class='ocrx_word' id='word_1_726' title='bbox 498 5214 618 5268; x_wconf 83' lang='lat' dir='ltr'><strong>aliis</strong></span> <span class='ocrx_word' id='word_1_727' title='bbox 663 5214 715 5267; x_wconf 92' lang='lat' dir='ltr'><strong>in</strong></span> <span class='ocrx_word' id='word_1_728' title='bbox 767 5214 933 5275; x_wconf 86' lang='lat' dir='ltr'><strong>locis,</strong></span> <span class='ocrx_word' id='word_1_729' title='bbox 983 5228 1046 5268; x_wconf 89' lang='lat' dir='ltr'><strong>ac</strong></span> <span class='ocrx_word' id='word_1_730' title='bbox 1090 5212 1286 5279; x_wconf 87' lang='lat' dir='ltr'><strong>ubique</strong></span> <span class='ocrx_word' id='word_1_731' title='bbox 1330 5211 1496 5267; x_wconf 89' lang='lat' dir='ltr'><strong>ferme</strong></span> <span class='ocrx_word' id='word_1_732' title='bbox 1543 5228 1574 5266; x_wconf 88' lang='lat' dir='ltr'><strong>a</strong></span> <span class='ocrx_word' id='word_1_733' title='bbox 1621 5210 1946 5266; x_wconf 87' lang='lat' dir='ltr'><strong>Christianis</strong></span> 
     </span>
    </p>
   </div>
   <div class='ocr_carea' id='block_1_102' title="bbox 406 5280 1948 5352">
    <p class='ocr_par' dir='ltr' id='par_1_102' title="bbox 406 5280 1948 5352">
     <span class='ocr_line' id='line_1_105' title="bbox 406 5280 1948 5352; baseline -0.003 -15"><span class='ocrx_word' id='word_1_734' title='bbox 406 5283 607 5339; x_wconf 90' lang='lat' dir='ltr'><strong>factum</strong></span> <span class='ocrx_word' id='word_1_735' title='bbox 633 5282 820 5348; x_wconf 90' lang='lat' dir='ltr'><strong>fuisse,</strong></span> <span class='ocrx_word' id='word_1_736' title='bbox 845 5296 1024 5352; x_wconf 86' lang='lat' dir='ltr'><strong>aperte</strong></span> <span class='ocrx_word' id='word_1_737' title='bbox 1050 5282 1318 5352; x_wconf 78' lang='lat' dir='ltr'><strong>colligitur</strong></span> <span class='ocrx_word' id='word_1_738' title='bbox 1343 5297 1409 5336; x_wconf 84' lang='lat' dir='ltr'><strong>ex</strong></span> <span class='ocrx_word' id='word_1_739' title='bbox 1439 5281 1683 5352; x_wconf 86' lang='lat' dir='ltr'><strong>Gregorii</strong></span> <span class='ocrx_word' id='word_1_740' title='bbox 1714 5280 1948 5335; x_wconf 82' lang='lat' dir='ltr'><strong>Nazian-</strong></span> 
     </span>
    </p>
   </div>
   <div class='ocr_carea' id='block_1_103' title="bbox 406 5350 1948 5421">
    <p class='ocr_par' dir='ltr' id='par_1_103' title="bbox 406 5350 1948 5421">
     <span class='ocr_line' id='line_1_106' title="bbox 406 5350 1948 5421; baseline -0.004 -12"><span class='ocrx_word' id='word_1_741' title='bbox 406 5356 525 5409; x_wconf 78' lang='lat' dir='ltr'><strong>zeni</strong></span> <span class='ocrx_word' id='word_1_742' title='bbox 556 5354 817 5408; x_wconf 85' lang='lat' dir='ltr'><strong>invectiva</strong></span> <span class='ocrx_word' id='word_1_743' title='bbox 847 5350 893 5415; x_wconf 66' lang='grc' dir='ltr'>ιζ</span> <span class='ocrx_word' id='word_1_744' title='bbox 918 5353 969 5405; x_wconf 89' lang='lat' dir='ltr'><strong>in</strong></span> <span class='ocrx_word' id='word_1_745' title='bbox 997 5351 1271 5407; x_wconf 72' lang='lat' dir='ltr'><strong>lulianum</strong></span> <span class='ocrx_word' id='word_1_746' title='bbox 1295 5350 1627 5421; x_wconf 73' lang='lat' dir='ltr'><strong>Apostatain,</strong></span> <span class='ocrx_word' id='word_1_747' title='bbox 1653 5353 1743 5407; x_wconf 92' lang='lat' dir='ltr'><strong>ubi</strong></span> <span class='ocrx_word' id='word_1_748' title='bbox 1776 5352 1948 5419; x_wconf 85' lang='lat' dir='ltr'><strong>impe—</strong></span> 
     </span>
    </p>
   </div>
   <div class='ocr_carea' id='block_1_104' title="bbox 405 5421 1948 5480">
    <p class='ocr_par' dir='ltr' id='par_1_104' title="bbox 405 5421 1948 5480">
     <span class='ocr_line' id='line_1_107' title="bbox 405 5421 1948 5480; baseline -0.003 -2"><span class='ocrx_word' id='word_1_749' title='bbox 405 5434 640 5480; x_wconf 89' lang='lat' dir='ltr'><strong>ratorem</strong></span> <span class='ocrx_word' id='word_1_750' title='bbox 675 5425 817 5478; x_wconf 89' lang='lat' dir='ltr'><strong>hunc</strong></span> <span class='ocrx_word' id='word_1_751' title='bbox 847 5423 911 5476; x_wconf 89' lang='lat' dir='ltr'><strong>ad</strong></span> <span class='ocrx_word' id='word_1_752' title='bbox 936 5422 1367 5478; x_wconf 87' lang='lat' dir='ltr'><strong>Christianorum</strong></span> <span class='ocrx_word' id='word_1_753' title='bbox 1393 5423 1741 5477; x_wconf 84' lang='lat' dir='ltr'><strong>imitationem</strong></span> <span class='ocrx_word' id='word_1_754' title='bbox 1772 5421 1948 5475; x_wconf 84' lang='lat' dir='ltr'><strong>diver-</strong></span> 
     </span>
    </p>
   </div>
   <div class='ocr_carea' id='block_1_105' title="bbox 406 5490 1947 5563">
    <p class='ocr_par' dir='ltr' id='par_1_105' title="bbox 406 5490 1947 5563">
     <span class='ocr_line' id='line_1_108' title="bbox 406 5490 1947 5563; baseline -0.004 -13"><span class='ocrx_word' id='word_1_755' title='bbox 406 5494 549 5550; x_wconf 88' lang='lat' dir='ltr'><strong>soria</strong></span> <span class='ocrx_word' id='word_1_756' title='bbox 591 5502 645 5549; x_wconf 91' lang='lat' dir='ltr'><strong>et</strong></span> <span class='ocrx_word' id='word_1_757' title='bbox 694 5492 923 5562; x_wconf 88' lang='lat' dir='ltr'><strong>hospitia</strong></span> <span class='ocrx_word' id='word_1_758' title='bbox 973 5508 1068 5563; x_wconf 84' lang='lat' dir='ltr'><strong>per</strong></span> <span class='ocrx_word' id='word_1_759' title='bbox 1110 5490 1645 5563; x_wconf 26' lang='lat' dir='ltr'><strong>orhchRomanum</strong></span> <span class='ocrx_word' id='word_1_760' title='bbox 1690 5490 1947 5563; x_wconf 72' lang='lat' dir='ltr'><strong>aedificari</strong></span> 
     </span>
    </p>
   </div>
   <div class='ocr_carea' id='block_1_106' title="bbox 404 5560 1948 5632">
    <p class='ocr_par' dir='ltr' id='par_1_106' title="bbox 404 5560 1948 5632">
     <span class='ocr_line' id='line_1_109' title="bbox 404 5560 1948 5632; baseline -0.002 -14"><span class='ocrx_word' id='word_1_761' title='bbox 404 5564 694 5620; x_wconf 88' lang='lat' dir='ltr'><strong>mandasse</strong></span> <span class='ocrx_word' id='word_1_762' title='bbox 738 5560 991 5629; x_wconf 64' lang='lat' dir='ltr'><strong>testatur;</strong></span> <span class='ocrx_word' id='word_1_763' title='bbox 1046 5571 1103 5616; x_wconf 93' lang='lat' dir='ltr'><strong>ut</strong></span> <span class='ocrx_word' id='word_1_764' title='bbox 1146 5560 1425 5631; x_wconf 82' lang='lat' dir='ltr'><strong>gentilium</strong></span> <span class='ocrx_word' id='word_1_765' title='bbox 1476 5562 1948 5632; x_wconf 71' lang='lat' dir='ltr'><strong>superstitionibus</strong></span> 
     </span>
    </p>
   </div>
   <div class='ocr_carea' id='block_1_107' title="bbox 408 5630 1948 5703">
    <p class='ocr_par' dir='ltr' id='par_1_107' title="bbox 408 5630 1948 5703">
     <span class='ocr_line' id='line_1_110' title="bbox 408 5630 1948 5703; baseline -0.003 -15"><span class='ocrx_word' id='word_1_766' title='bbox 408 5635 665 5703; x_wconf 86' lang='lat' dir='ltr'><strong>majorem</strong></span> <span class='ocrx_word' id='word_1_767' title='bbox 687 5634 894 5703; x_wconf 87' lang='lat' dir='ltr'><strong>laudem</strong></span> <span class='ocrx_word' id='word_1_768' title='bbox 921 5630 1425 5703; x_wconf 79' lang='lat' dir='ltr'><strong>venerationemque</strong></span> <span class='ocrx_word' id='word_1_769' title='bbox 1452 5630 1783 5687; x_wconf 83' lang='lat' dir='ltr'><strong>conciliaret.</strong></span> <span class='ocrx_word' id='word_1_770' title='bbox 1817 5630 1948 5703; x_wconf 67' lang='lat' dir='ltr'><strong>Vide</strong></span> 
     </span>
    </p>
   </div>
   <div class='ocr_carea' id='block_1_108' title="bbox 409 5701 1948 5773">
    <p class='ocr_par' dir='ltr' id='par_1_108' title="bbox 409 5701 1948 5773">
     <span class='ocr_line' id='line_1_111' title="bbox 409 5701 1948 5773; baseline 0 -18"><span class='ocrx_word' id='word_1_771' title='bbox 409 5701 565 5773; x_wconf 77' lang='lat' dir='ltr'><strong>plura</strong></span> <span class='ocrx_word' id='word_1_772' title='bbox 591 5702 1020 5773; x_wconf 20' lang='lat' dir='ltr'><strong>apudAPriorium</strong></span> <span class='ocrx_word' id='word_1_773' title='bbox 1056 5702 1131 5757; x_wconf 81' lang='lat' dir='ltr'><strong>De</strong></span> <span class='ocrx_word' id='word_1_774' title='bbox 1158 5701 1349 5773; x_wconf 77' lang='lat' dir='ltr'><strong>li_tlcri_s</strong></span> <span class='ocrx_word' id='word_1_775' title='bbox 1383 5703 1667 5773; x_wconf 73' lang='lat' dir='ltr'><strong>canonicis,</strong></span> <span class='ocrx_word' id='word_1_776' title='bbox 1689 5717 1807 5769; x_wconf 88' lang='lat' dir='ltr'><strong>cap.</strong></span> <span class='ocrx_word' id='word_1_777' title='bbox 1832 5701 1882 5758; x_wconf 84' lang='lat'><strong>5.</strong></span> <span class='ocrx_word' id='word_1_778' title='bbox 1893 5708 1948 5755; x_wconf 88' lang='lat' dir='ltr'><strong>et</strong></span> 
     </span>
    </p>
   </div>
   <div class='ocr_carea' id='block_1_109' title="bbox 413 5769 1947 5847">
    <p class='ocr_par' dir='ltr' id='par_1_109' title="bbox 413 5769 1947 5847">
     <span class='ocr_line' id='line_1_112' title="bbox 413 5769 1947 5847; baseline -0.001 -17"><span class='ocrx_word' id='word_1_779' title='bbox 413 5769 566 5845; x_wconf 59' lang='lat' dir='ltr'><strong>sqq.</strong></span> <span class='ocrx_word' id='word_1_780' title='bbox 624 5769 678 5831; x_wconf 69' lang='grc' dir='ltr'>ὰ</span> <span class='ocrx_word' id='word_1_781' title='bbox 731 5771 1118 5830; x_wconf 85' lang='lat' dir='ltr'><strong>Thomasinum</strong></span> <span class='ocrx_word' id='word_1_782' title='bbox 1171 5771 1250 5829; x_wconf 81' lang='lat' dir='ltr'><strong>De</strong></span> <span class='ocrx_word' id='word_1_783' title='bbox 1301 5769 1529 5829; x_wconf 75' lang='lat' dir='ltr'><strong>Teucris</strong></span> <span class='ocrx_word' id='word_1_784' title='bbox 1546 5769 1947 5847; x_wconf 72' lang='lat' dir='ltr'><strong>hospitalitatis.</strong></span> 
     </span>
    </p>
   </div>
   <div class='ocr_carea' id='block_1_110' title="bbox 2051 4576 2482 4645">
    <p class='ocr_par' dir='ltr' id='par_1_110' title="bbox 2051 4576 2482 4645">
     <span class='ocr_line' id='line_1_113' title="bbox 2051 4576 2482 4645; baseline -0.009 -11"><span class='ocrx_word' id='word_1_785' title='bbox 2051 4586 2105 4634; x_wconf 91' lang='lat' dir='ltr'><strong>et</strong></span> <span class='ocrx_word' id='word_1_786' title='bbox 2132 4576 2482 4645; x_wconf 87' lang='lat' dir='ltr'><strong>Epiphanius.</strong></span> 
     </span>
    </p>
   </div>
   <div class='ocr_carea' id='block_1_111' title="bbox 2122 4641 3608 4717">
    <p class='ocr_par' dir='ltr' id='par_1_111' title="bbox 2122 4641 3608 4717">
     <span class='ocr_line' id='line_1_114' title="bbox 2122 4641 3608 4717; baseline -0.001 -16"><span class='ocrx_word' id='word_1_787' title='bbox 2122 4641 2402 4717; x_wconf 65' lang='lat' dir='ltr'><strong>(29&#39;fldem</strong></span> <span class='ocrx_word' id='word_1_788' title='bbox 2435 4645 2624 4717; x_wconf 84' lang='lat' dir='ltr'><strong>codex,</strong></span> <span class='ocrx_word' id='word_1_789' title='bbox 2650 4664 2668 4696; x_wconf 84' lang='grc'><strong>‹</strong></span> <span class='ocrx_word' id='word_1_790' title='bbox 2699 4645 2897 4700; x_wconf 84' lang='lat' dir='ltr'><strong>missus</strong></span> <span class='ocrx_word' id='word_1_791' title='bbox 2915 4660 3037 4717; x_wconf 80' lang='lat' dir='ltr'><strong>sum</strong></span> <span class='ocrx_word' id='word_1_792' title='bbox 3058 4642 3398 4700; x_wconf 88' lang='lat' dir='ltr'><strong>subveniens.</strong></span> <span class='ocrx_word' id='word_1_793' title='bbox 3430 4661 3451 4697; x_wconf 71' lang='grc' dir='ltr'><strong>ι</strong></span> <span class='ocrx_word' id='word_1_794' title='bbox 3478 4641 3608 4715; x_wconf 82' lang='lat' dir='ltr'><strong>Epi-</strong></span> 
     </span>
    </p>
   </div>
   <div class='ocr_carea' id='block_1_112' title="bbox 2052 4714 3112 4789">
    <p class='ocr_par' dir='ltr' id='par_1_112' title="bbox 2052 4714 3112 4789">
     <span class='ocr_line' id='line_1_115' title="bbox 2052 4714 3112 4789; baseline -0.007 -17"><span class='ocrx_word' id='word_1_795' title='bbox 2052 4714 2360 4789; x_wconf 24' lang='lat' dir='ltr'><strong>phan‘iustc</strong></span> <span class='ocrx_word' id='word_1_796' title='bbox 2398 4715 2598 4789; x_wconf 82' lang='lat' dir='ltr'><strong>missus</strong></span> <span class='ocrx_word' id='word_1_797' title='bbox 2622 4724 2675 4770; x_wconf 92' lang='lat' dir='ltr'><strong>et</strong></span> <span class='ocrx_word' id='word_1_798' title='bbox 2705 4714 3047 4789; x_wconf 63' lang='lat' dir='ltr'><strong>subveniens.</strong></span> <span class='ocrx_word' id='word_1_799' title='bbox 3072 4733 3112 4789; x_wconf 72' lang='lat' dir='ltr'><strong>_i</strong></span> 
     </span>
    </p>
   </div>
   <div class='ocr_carea' id='block_1_113' title="bbox 2047 4784 3602 4913">
    <p class='ocr_par' dir='ltr' id='par_1_113' title="bbox 2047 4784 3602 4913">
     <span class='ocr_line' id='line_1_116' title="bbox 2047 4784 3602 4913; baseline -0.001 -72"><span class='ocrx_word' id='word_1_800' title='bbox 2047 4784 2079 4913; x_wconf 37' lang='grc' dir='ltr'>ὲ</span> <span class='ocrx_word' id='word_1_801' title='bbox 2120 4787 2230 4869; x_wconf 78' lang='grc'>(50)</span> <span class='ocrx_word' id='word_1_802' title='bbox 2280 4784 2421 4840; x_wconf 86' lang='lat' dir='ltr'><strong>Idem</strong></span> <span class='ocrx_word' id='word_1_803' title='bbox 2464 4785 2633 4842; x_wconf 87' lang='lat' dir='ltr'><strong>codex</strong></span> <span class='ocrx_word' id='word_1_804' title='bbox 2657 4826 2672 4852; x_wconf 90' lang='lat'><strong>,</strong></span> <span class='ocrx_word' id='word_1_805' title='bbox 2732 4804 2751 4837; x_wconf 78' lang='grc' dir='ltr'><strong>ι</strong></span> <span class='ocrx_word' id='word_1_806' title='bbox 2802 4786 2916 4841; x_wconf 69' lang='lat' dir='ltr'><strong>haec</strong></span> <span class='ocrx_word' id='word_1_807' title='bbox 2979 4784 3181 4853; x_wconf 88' lang='lat' dir='ltr'><strong>scripta</strong></span> <span class='ocrx_word' id='word_1_808' title='bbox 3238 4785 3602 4840; x_wconf 89' lang='lat' dir='ltr'><strong>necessarium</strong></span> 
     </span>
     <span class='ocr_line' id='line_1_117' title="bbox 2087 4873 2265 4911; baseline -0.022 0"><span class='ocrx_word' id='word_1_809' title='bbox 2087 4873 2199 4911; x_wconf 76' lang='grc' dir='ltr'>ωιι.</span> <span class='ocrx_word' id='word_1_810' title='bbox 2247 4874 2265 4907; x_wconf 79' lang='grc' dir='ltr'><strong>Ι</strong></span> 
     </span>
    </p>
   </div>
   <div class='ocr_carea' id='block_1_114' title="bbox 2087 4873 2265 4911">
    <p class='ocr_par' dir='ltr' id='par_1_114' title="bbox 2087 4873 2265 4911">
     <span class='ocr_line' id='line_1_118' title="bbox 2087 4873 2265 4911; baseline -0.022 0"><span class='ocrx_word' id='word_1_811' title='bbox 2087 4873 2199 4911; x_wconf 70' lang='lat' dir='ltr'><strong>“XI.</strong></span> <span class='ocrx_word' id='word_1_812' title='bbox 2247 4874 2265 4907; x_wconf 80' lang='grc' dir='ltr'><strong>Ι</strong></span> 
     </span>
    </p>
   </div>
   <div class='ocr_carea' id='block_1_115' title="bbox 2119 4922 3601 4999">
    <p class='ocr_par' dir='ltr' id='par_1_115' title="bbox 2119 4922 3601 4999">
     <span class='ocr_line' id='line_1_119' title="bbox 2119 4922 3601 4999; baseline -0.001 -19"><span class='ocrx_word' id='word_1_813' title='bbox 2119 4925 2232 4999; x_wconf 81' lang='lat' dir='ltr'><strong>(5i)</strong></span> <span class='ocrx_word' id='word_1_814' title='bbox 2272 4924 2418 4999; x_wconf 70' lang='lat' dir='ltr'><strong>Hinc</strong></span> <span class='ocrx_word' id='word_1_815' title='bbox 2455 4933 2601 4999; x_wconf 81' lang='lat' dir='ltr'><strong>patet</strong></span> <span class='ocrx_word' id='word_1_816' title='bbox 2646 4924 2886 4999; x_wconf 89' lang='lat' dir='ltr'><strong>recte_in</strong></span> <span class='ocrx_word' id='word_1_817' title='bbox 2910 4923 3095 4999; x_wconf 54' lang='lat' dir='ltr'><strong>Graeco</strong></span> <span class='ocrx_word' id='word_1_818' title='bbox 3128 4922 3414 4999; x_wconf 68' lang='lat' dir='ltr'><strong>Epiphanii</strong></span> <span class='ocrx_word' id='word_1_819' title='bbox 3457 4933 3601 4980; x_wconf 78' lang='lat' dir='ltr'><strong>textu</strong></span> 
     </span>
    </p>
   </div>
   <div class='ocr_carea' id='block_1_116' title="bbox 2047 4994 3601 5068">
    <p class='ocr_par' dir='ltr' id='par_1_116' title="bbox 2047 4994 3601 5068">
     <span class='ocr_line' id='line_1_120' title="bbox 2047 4994 3601 5068; baseline -0.001 -17"><span class='ocrx_word' id='word_1_820' title='bbox 2047 4994 2360 5053; x_wconf 81' lang='lat' dir='ltr'><strong>emendasse</strong></span> <span class='ocrx_word' id='word_1_821' title='bbox 2387 4994 2696 5061; x_wconf 85' lang='lat' dir='ltr'><strong>Petavium,</strong></span> <span class='ocrx_word' id='word_1_822' title='bbox 2734 4994 2869 5067; x_wconf 74' lang='grc' dir='ltr'>πρὸς</span> <span class='ocrx_word' id='word_1_823' title='bbox 2909 4995 2970 5049; x_wconf 81' lang='grc' dir='ltr'><strong>τὸ</strong></span> <span class='ocrx_word' id='word_1_824' title='bbox 3004 4994 3078 5068; x_wconf 85' lang='grc' dir='ltr'>μὴ</span> <span class='ocrx_word' id='word_1_825' title='bbox 3122 4994 3450 5067; x_wconf 80' lang='grc' dir='ltr'>ἀδιάκριτον,</span> <span class='ocrx_word' id='word_1_826' title='bbox 3478 5012 3601 5049; x_wconf 80' lang='lat' dir='ltr'><strong>nam</strong></span> 
     </span>
    </p>
   </div>
   <div class='ocr_carea' id='block_1_117' title="bbox 2048 5068 2587 5139">
    <p class='ocr_par' dir='ltr' id='par_1_117' title="bbox 2048 5068 2587 5139">
     <span class='ocr_line' id='line_1_121' title="bbox 2048 5068 2587 5139; baseline 0.004 -19"><span class='ocrx_word' id='word_1_827' title='bbox 2048 5070 2219 5139; x_wconf 6' lang='lat' dir='ltr'><strong>prius,</strong></span> <span class='ocrx_word' id='word_1_828' title='bbox 2253 5068 2325 5139; x_wconf 85' lang='grc' dir='ltr'>μή</span> <span class='ocrx_word' id='word_1_829' title='bbox 2360 5068 2587 5139; x_wconf 68' lang='lat' dir='ltr'><strong>deerat.</strong></span> 
     </span>
    </p>
   </div>
   <div class='ocr_carea' id='block_1_118' title="bbox 2121 5134 3603 5209">
    <p class='ocr_par' dir='ltr' id='par_1_118' title="bbox 2121 5134 3603 5209">
     <span class='ocr_line' id='line_1_122' title="bbox 2121 5134 3603 5209; baseline -0.001 -17"><span class='ocrx_word' id='word_1_830' title='bbox 2121 5137 2233 5209; x_wconf 89' lang='grc'>(52)</span> <span class='ocrx_word' id='word_1_831' title='bbox 2254 5134 2442 5193; x_wconf 60' lang='lat' dir='ltr'><strong>codex</strong></span> <span class='ocrx_word' id='word_1_832' title='bbox 2475 5134 2808 5209; x_wconf 83' lang='lat' dir='ltr'><strong>Casinensis,</strong></span> <span class='ocrx_word' id='word_1_833' title='bbox 2841 5153 2860 5188; x_wconf 76' lang='grc' dir='ltr'><strong>ι</strong></span> <span class='ocrx_word' id='word_1_834' title='bbox 2895 5134 3139 5209; x_wconf 65' lang='lat' dir='ltr'><strong>magistri</strong></span> <span class='ocrx_word' id='word_1_835' title='bbox 3162 5135 3421 5209; x_wconf 82' lang='lat' dir='ltr'><strong>dicentes.</strong></span> <span class='ocrx_word' id='word_1_836' title='bbox 3451 5154 3470 5187; x_wconf 71' lang='grc' dir='ltr'><strong>ι</strong></span> <span class='ocrx_word' id='word_1_837' title='bbox 3497 5135 3603 5191; x_wconf 80' lang='lat' dir='ltr'><strong>Sed</strong></span> 
     </span>
    </p>
   </div>
   <div class='ocr_carea' id='block_1_119' title="bbox 2048 5204 3443 5278">
    <p class='ocr_par' dir='ltr' id='par_1_119' title="bbox 2048 5204 3443 5278">
     <span class='ocr_line' id='line_1_123' title="bbox 2048 5204 3443 5278; baseline -0.003 -17"><span class='ocrx_word' id='word_1_838' title='bbox 2048 5204 2515 5264; x_wconf 52' lang='lat' dir='ltr'><strong>aliam&#39;lectionem</strong></span> <span class='ocrx_word' id='word_1_839' title='bbox 2555 5207 2811 5278; x_wconf 88' lang='lat' dir='ltr'><strong>exprimit</strong></span> <span class='ocrx_word' id='word_1_840' title='bbox 2842 5204 3007 5278; x_wconf 83' lang='lat' dir='ltr'><strong>etiam</strong></span> <span class='ocrx_word' id='word_1_841' title='bbox 3036 5204 3389 5278; x_wconf 82' lang='lat' dir='ltr'><strong>Epiphanius.</strong></span> <span class='ocrx_word' id='word_1_842' title='bbox 3436 5270 3443 5277; x_wconf 22' lang='grc' dir='ltr'>κ</span> 
     </span>
    </p>
   </div>
   <div class='ocr_carea' id='block_1_120' title="bbox 2117 5275 3459 5348">
    <p class='ocr_par' dir='ltr' id='par_1_120' title="bbox 2117 5275 3459 5348">
     <span class='ocr_line' id='line_1_124' title="bbox 2117 5275 3459 5348; baseline -0.002 -17"><span class='ocrx_word' id='word_1_843' title='bbox 2117 5278 2227 5348; x_wconf 84' lang='grc'>(55)</span> <span class='ocrx_word' id='word_1_844' title='bbox 2255 5278 2392 5335; x_wconf 79' lang='lat' dir='ltr'><strong>Male</strong></span> <span class='ocrx_word' id='word_1_845' title='bbox 2419 5278 2557 5333; x_wconf 86' lang='lat' dir='ltr'><strong>idem</strong></span> <span class='ocrx_word' id='word_1_846' title='bbox 2585 5275 2773 5344; x_wconf 75' lang='lat' dir='ltr'><strong>codex,</strong></span> <span class='ocrx_word' id='word_1_847' title='bbox 2804 5295 2822 5327; x_wconf 77' lang='grc' dir='ltr'><strong>ι</strong></span> <span class='ocrx_word' id='word_1_848' title='bbox 2856 5294 2884 5332; x_wconf 89' lang='lat' dir='ltr'><strong>a</strong></span> <span class='ocrx_word' id='word_1_849' title='bbox 2912 5276 3050 5348; x_wconf 88' lang='lat' dir='ltr'><strong>luce,</strong></span> <span class='ocrx_word' id='word_1_850' title='bbox 3083 5290 3115 5329; x_wconf 89' lang='lat' dir='ltr'><strong>a</strong></span> <span class='ocrx_word' id='word_1_851' title='bbox 3148 5275 3400 5348; x_wconf 62' lang='lat' dir='ltr'><strong>tenebris.</strong></span> <span class='ocrx_word' id='word_1_852' title='bbox 3440 5294 3459 5328; x_wconf 75' lang='grc' dir='ltr'><strong>ι</strong></span> 
     </span>
    </p>
   </div>
   <div class='ocr_carea' id='block_1_121' title="bbox 2119 5344 3599 5420">
    <p class='ocr_par' dir='ltr' id='par_1_121' title="bbox 2119 5344 3599 5420">
     <span class='ocr_line' id='line_1_125' title="bbox 2119 5344 3599 5420; baseline -0.001 -18"><span class='ocrx_word' id='word_1_853' title='bbox 2119 5344 2228 5420; x_wconf 69' lang='grc'>(54)</span> <span class='ocrx_word' id='word_1_854' title='bbox 2241 5349 2418 5420; x_wconf 81' lang='lat' dir='ltr'><strong>Codex</strong></span> <span class='ocrx_word' id='word_1_855' title='bbox 2438 5349 2798 5420; x_wconf 75' lang='lat' dir='ltr'><strong>Casinensis,t</strong></span> <span class='ocrx_word' id='word_1_856' title='bbox 2820 5347 3155 5420; x_wconf 58' lang='lat' dir='ltr'><strong>perttjscens</strong></span> <span class='ocrx_word' id='word_1_857' title='bbox 3172 5353 3282 5410; x_wconf 72' lang='lat' dir='ltr'><strong>;iat</strong></span> <span class='ocrx_word' id='word_1_858' title='bbox 3296 5344 3599 5420; x_wconf 62' lang='lat' dir='ltr'><strong>Bobiensis,</strong></span> 
     </span>
    </p>
   </div>
   <div class='ocr_carea' id='block_1_122' title="bbox 2052 5413 3603 5490">
    <p class='ocr_par' dir='ltr' id='par_1_122' title="bbox 2052 5413 3603 5490">
     <span class='ocr_line' id='line_1_126' title="bbox 2052 5413 3603 5490; baseline -0.001 -17"><span class='ocrx_word' id='word_1_859' title='bbox 2052 5440 2070 5473; x_wconf 77' lang='grc' dir='ltr'>σ</span> <span class='ocrx_word' id='word_1_860' title='bbox 2111 5413 2439 5490; x_wconf 81' lang='lat' dir='ltr'><strong>permiscens</strong></span> <span class='ocrx_word' id='word_1_861' title='bbox 2480 5435 2655 5490; x_wconf 79' lang='lat' dir='ltr'><strong>neque</strong></span> <span class='ocrx_word' id='word_1_862' title='bbox 2677 5413 2935 5473; x_wconf 76' lang='lat' dir='ltr'><strong>bonitatis</strong></span> <span class='ocrx_word' id='word_1_863' title='bbox 2957 5414 3049 5490; x_wconf 81' lang='lat' dir='ltr'><strong>Dei</strong></span> <span class='ocrx_word' id='word_1_864' title='bbox 3068 5413 3288 5490; x_wconf 58' lang='lat' dir='ltr'><strong>inieras.</strong></span> <span class='ocrx_word' id='word_1_865' title='bbox 3322 5435 3340 5467; x_wconf 72' lang='grc' dir='ltr'><strong>ι</strong></span> <span class='ocrx_word' id='word_1_866' title='bbox 3367 5414 3603 5490; x_wconf 72' lang='lat' dir='ltr'><strong>Epipha-</strong></span> 
     </span>
    </p>
   </div>
   <div class='ocr_carea' id='block_1_123' title="bbox 2046 5485 3598 5558">
    <p class='ocr_par' dir='ltr' id='par_1_123' title="bbox 2046 5485 3598 5558">
     <span class='ocr_line' id='line_1_127' title="bbox 2046 5485 3598 5558; baseline -0.003 -13"><span class='ocrx_word' id='word_1_867' title='bbox 2046 5485 2191 5556; x_wconf 78' lang='lat' dir='ltr'><strong>nius,</strong></span> <span class='ocrx_word' id='word_1_868' title='bbox 2219 5509 2238 5541; x_wconf 73' lang='grc' dir='ltr'><strong>ι</strong></span> <span class='ocrx_word' id='word_1_869' title='bbox 2270 5485 2617 5558; x_wconf 79' lang='lat' dir='ltr'><strong>permisceas,</strong></span> <span class='ocrx_word' id='word_1_870' title='bbox 2634 5505 2805 5558; x_wconf 81' lang='lat' dir='ltr'><strong>neque</strong></span> <span class='ocrx_word' id='word_1_871' title='bbox 2827 5490 2891 5543; x_wconf 89' lang='lat' dir='ltr'><strong>ad</strong></span> <span class='ocrx_word' id='word_1_872' title='bbox 2919 5485 3174 5558; x_wconf 78' lang='lat' dir='ltr'><strong>bonitatis</strong></span> <span class='ocrx_word' id='word_1_873' title='bbox 3192 5486 3355 5558; x_wconf 79' lang='lat' dir='ltr'><strong>Deum</strong></span> <span class='ocrx_word' id='word_1_874' title='bbox 3376 5485 3598 5558; x_wconf 84' lang='lat' dir='ltr'><strong>referas.</strong></span> 
     </span>
    </p>
   </div>
   <div class='ocr_carea' id='block_1_124' title="bbox 2044 5553 3601 5627">
    <p class='ocr_par' dir='ltr' id='par_1_124' title="bbox 2044 5553 3601 5627">
     <span class='ocr_line' id='line_1_128' title="bbox 2044 5553 3601 5627; baseline -0.002 -13"><span class='ocrx_word' id='word_1_875' title='bbox 2044 5553 2441 5625; x_wconf 74' lang='lat' dir='ltr'><strong>lttitiumenim,</strong></span> <span class='ocrx_word' id='word_1_876' title='bbox 2466 5569 2569 5615; x_wconf 87' lang='lat' dir='ltr'><strong>etc.</strong></span> <span class='ocrx_word' id='word_1_877' title='bbox 2604 5553 2631 5613; x_wconf 73' lang='grc' dir='ltr'><strong>ἰ</strong></span> <span class='ocrx_word' id='word_1_878' title='bbox 2670 5553 2933 5614; x_wconf 64' lang='lat' dir='ltr'><strong>Praeterea</strong></span> <span class='ocrx_word' id='word_1_879' title='bbox 2959 5553 3420 5627; x_wconf 84' lang='lat' dir='ltr'><strong>Casinensislegit</strong></span> <span class='ocrx_word' id='word_1_880' title='bbox 3440 5556 3601 5626; x_wconf 82' lang='lat' dir='ltr'><strong>paulo</strong></span> 
     </span>
    </p>
   </div>
   <div class='ocr_carea' id='block_1_125' title="bbox 2045 5627 3603 5701">
    <p class='ocr_par' dir='ltr' id='par_1_125' title="bbox 2045 5627 3603 5701">
     <span class='ocr_line' id='line_1_129' title="bbox 2045 5627 3603 5701; baseline -0.001 -17"><span class='ocrx_word' id='word_1_881' title='bbox 2045 5640 2187 5701; x_wconf 86' lang='lat' dir='ltr'><strong>post,</strong></span> <span class='ocrx_word' id='word_1_882' title='bbox 2223 5649 2242 5682; x_wconf 77' lang='grc' dir='ltr'><strong>ι</strong></span> <span class='ocrx_word' id='word_1_883' title='bbox 2280 5628 2495 5686; x_wconf 90' lang='lat' dir='ltr'><strong>Initium</strong></span> <span class='ocrx_word' id='word_1_884' title='bbox 2512 5640 2578 5701; x_wconf 67' lang='lat' dir='ltr'><strong>et</strong></span> <span class='ocrx_word' id='word_1_885' title='bbox 2608 5633 2788 5701; x_wconf 90' lang='lat' dir='ltr'><strong>tinem.</strong></span> <span class='ocrx_word' id='word_1_886' title='bbox 2840 5647 2869 5701; x_wconf 27' lang='lat'><strong>)4</strong></span> <span class='ocrx_word' id='word_1_887' title='bbox 2910 5627 3020 5683; x_wconf 86' lang='lat' dir='ltr'><strong>Nos</strong></span> <span class='ocrx_word' id='word_1_888' title='bbox 3055 5636 3238 5701; x_wconf 77' lang='lat' dir='ltr'><strong>autem</strong></span> <span class='ocrx_word' id='word_1_889' title='bbox 3269 5642 3336 5682; x_wconf 85' lang='lat' dir='ltr'><strong>ex</strong></span> <span class='ocrx_word' id='word_1_890' title='bbox 3373 5638 3603 5701; x_wconf 74' lang='lat' dir='ltr'><strong>utroque</strong></span> 
     </span>
    </p>
   </div>
   <div class='ocr_carea' id='block_1_126' title="bbox 2045 5698 3600 5774">
    <p class='ocr_par' dir='ltr' id='par_1_126' title="bbox 2045 5698 3600 5774">
     <span class='ocr_line' id='line_1_130' title="bbox 2045 5698 3600 5774; baseline -0.001 -19"><span class='ocrx_word' id='word_1_891' title='bbox 2045 5698 2258 5770; x_wconf 82' lang='lat' dir='ltr'><strong>codice,</strong></span> <span class='ocrx_word' id='word_1_892' title='bbox 2303 5710 2465 5774; x_wconf 84' lang='lat' dir='ltr'><strong>atque</strong></span> <span class='ocrx_word' id='word_1_893' title='bbox 2508 5699 2809 5774; x_wconf 84' lang='lat' dir='ltr'><strong>Epiphanio</strong></span> <span class='ocrx_word' id='word_1_894' title='bbox 2856 5698 3001 5756; x_wconf 90' lang='lat' dir='ltr'><strong>hunc</strong></span> <span class='ocrx_word' id='word_1_895' title='bbox 3051 5699 3232 5756; x_wconf 90' lang='lat' dir='ltr'><strong>locum</strong></span> <span class='ocrx_word' id='word_1_896' title='bbox 3285 5698 3600 5755; x_wconf 87' lang='lat' dir='ltr'><strong>emendavi-</strong></span> 
     </span>
    </p>
   </div>
  </div>
