3982 6346
388 350 526 405 145⁸1

1465 348 1612 408 CUM
1645 349 1925 408 MANETE
1964 348 2490 407 HERESIARCHA.

3464 347 3600 403 “38

455 465 519 518 Ei
545 462 644 535 τὴν
672 464 766 518 τοῦ
783 464 944 536 Μάνη
976 464 1157 523 πίστιν
1175 465 1357 521 θέλετε
1395 467 1587 539 μαθεῖν
1628 469 1757 541 παρ’
1788 468 1921 541 ἐμοῦ

2120 466 2231 522 νιι.
2269 467 2381 539 (47)
2413 466 2470 520 Si
2496 448 2654 520 ﬁdem
2678 464 2959 520 Manichaei
2983 464 3188 520 discere
3216 479 3246 519 a
3280 480 3366 520 me
3397 466 3559 521 vultis
3579 507 3598 533 ,

382 557 653 615 ἀκούσατε
686 560 981 630 συντόμως.
1017 552 1184 625 Οὗτος
1209 561 1304 615 δύο
1330 561 1475 615 σέϐει
1518 562 1672 626 θεοὺς
1713 564 1943 634 ἀγεννή-

380 668 526 716 τους,
553 651 857 720 αὐτοφυεῖς,
876 650 1094 715 ἀϊδίους,
1117 650 1213 706 ἕνα
1236 652 1314 724 τῷ
1338 654 1418 706 ἑνὶ
1436 654 1824 725 ἀντικείμενον,
1847 654 1943 708 καὶ

378 741 472 797 τὸν
495 743 593 813 μὲν
618 740 843 810 ἀγαθὸν,
875 742 966 795 τὸν
1007 742 1063 795 δὲ
1091 744 1322 815 πονηρὸν
1352 745 1671 815 εἰσηγεῖται,
1714 762 1836 814 φως
1864 744 1942 816 τῷ

381 833 462 887 ἑνὶ
476 833 645 904 ὄνομα
677 832 920 904 θέμενος,
950 834 1043 887 καὶ
1062 834 1141 906 τῷ
1170 837 1338 907 ἑτέρῳ
1362 837 1599 904 σκότος·
1622 837 1823 893 καὶτοῦ
1843 839 1942 909 μὲν

382 923 560 993 φωτὸς
590 919 724 977 εἶναι
758 922 920 995 μέρος
961 924 1060 996 τὴν
1089 928 1146 978 ὲν
1192 924 1494 997 ἀνθρώποις
1527 924 1723 998 ψυχὴν,
1747 927 1838 980 τοῦ
1883 927 1940 980 δὲ

380 1013 601 1077 σκότους
629 1014 688 1067 τὸ
715 1014 891 1085 σῶμα,
909 1015 1072 1068 καὶτὸ
1083 1015 1179 1086 τῆς
1208 1013 1336 1086 ῦλης
1355 1016 1760 1088 δημιούργημα.
1781 1018 1942 1082 Μίξιν

381 1104 460 1173 δὲ,
492 1105 610 1176 ἦτοι
644 1103 942 1175 σύγκρασιν
979 1105 1166 1158 τοῦτον
1205 1105 1350 1175 λέγει
1382 1108 1661 1176 γεγονέναι
1692 1108 1779 1162 τὸν
1811 1108 1938 1179 τρό-

378 1213 499 1260 πον,
544 1195 855 1260 ἀπεικάζων
893 1197 1021 1260 τοὺς
1050 1195 1142 1251 δύο
1189 1196 1327 1268 τῷδε
1382 1197 1458 1269 τῷ
1505 1199 1936 1271 παραδείγματι·

379 1286 645 1359 Καθάπερ
671 1286 762 1341 δύο
789 1287 1022 1357 βασιλεῖς
1047 1288 1465 1360 ἀντιμαχόμενοι
1486 1291 1622 1361 πρὸς
1649 1290 1936 1363 ἀλλήλους,

375 1378 528 1443 ὄντες
558 1380 810 1450 ἀπαρχῆς
842 1380 1044 1453 ἐχθροὶ,
1076 1381 1168 1433 καὶ
1197 1381 1465 1452 ἀναμέρος
1493 1381 1719 1436 ἑκάστου
1743 1383 1810 1437 τὰ
1830 1383 1937 1438 ἴδια

373 1470 612 1541 ἔχοντος⁸
648 1472 789 1526 κατὰ
817 1473 874 1525 δὲ
901 1472 1155 1527 σύστασιν
1176 1474 1236 1527 τὸ
1270 1475 1456 1539 σκότος
1486 1473 1708 1529 ἐπελθὸν
1740 1477 1803 1528 ὲκ
1827 1475 1936 1531 τῶν

369 1564 535 1634 ὁρίων
562 1564 728 1618 αὑτοῦ
756 1566 1211 1636 προσεμαχήσατο
1232 1565 1310 1637 τῷ
1340 1566 1494 1635 φωτί.
1525 1566 1722 1620 Γνόντα
1758 1566 1815 1621 δὲ
1844 1569 1934 1624 τὸν

372 1655 575 1724 ἀγαθὸν
622 1655 839 1727 Πατέρα
869 1655 931 1708 τὸ
961 1656 1150 1720 σκότος
1195 1658 1251 1710 ὲν
1280 1659 1346 1728 τῇ
1381 1660 1450 1728 γῇ
1492 1658 1655 1712 αὑτοῦ
1691 1661 1935 1732 ἐπιδεδη-

374 1746 569 1817 μηκὸς,
600 1746 922 1817 προὸἀλλειν
951 1746 1009 1813 ἐξ
1039 1746 1204 1800 αὑτοῦ
1229 1746 1475 1818 δύναμιν,
1506 1749 1801 1823 λεγομένην
1820 1753 1934 1823 Μη-

367 1836 504 1907 τέρα
533 1836 632 1907 τῆς
663 1834 828 1906 ζωῆς,
868 1835 960 1889 καὶ
993 1834 1161 1907 αὐτὴν
1201 1836 1627 1910 προϐεϐληκέναι
1656 1840 1746 1895 τὸν
1781 1841 1931 1912 πρῶ-

367 1943 461 1981 τον
494 1926 797 1999 ἄνθρωπον,
840 1927 907 1980 τὰ
948 1928 1108 1983 πέντε
1151 1931 1403 1999 στοιχεῖα.
1434 1930 1554 1983 Elei
1582 1930 1659 1997 δὲ,
1695 1930 1926 2004 ἄνεμος,

369 2018 508 2088 φῶς,
534 2016 693 2088 ὕδωρ,
710 2018 821 2089 πῦρ
845 2019 939 2072 καὶ
963 2018 1084 2090 ὕλη,
1102 2020 1211 2074 Καὶ
1232 2020 1405 2074 ταῦτα
1434 2021 1788 2093 ὲνδυσάμενον
1808 2065 1824 2092 ,
1854 2024 1929 2089 ὡς

370 2109 508 2181 πρὸς
540 2109 882 2180 κατασκευὴν
910 2110 1169 2182 πολέμου,
1200 2112 1477 2167 κατελθεῖν
1508 2113 1676 2179 κάτω,
1701 2117 1794 2169 καὶ
1830 2133 1928 2170 πο-

366 2198 600 2270 λεμῆσαι
626 2198 703 2270 τῷ
735 2201 934 2254 σκότει.
965 2203 1028 2255 υἱ
1057 2202 1114 2255 δὲ
1138 2201 1233 2256 τοῦ
1275 2204 1495 2271 σκότους
1527 2207 1799 2278 ἄρχοντες,
1834 2208 1929 2262 ἀν-

365 2291 774 2362 τιπολεμοῦντες
794 2292 960 2364 αύτῷ,
983 2293 1182 2364 ἔφαγον
1206 2296 1270 2348 ὲκ
1293 2294 1393 2365 τῆς
1415 2296 1712 2362 πανοπλίας
1740 2297 1924 2365 αὐτοῦ,

365 2382 396 2434 ὅ
418 2383 568 2436 ἐστιν
591 2383 622 2454 ἡ
658 2381 823 2454 ψυχή.
853 2382 983 2436 Τότε
1006 2382 1191 2446 δεινῶς
1213 2383 1397 2455 ὲθλίόη
1427 2387 1545 2440 ἐκεῖ
1567 2387 1715 2441 κάτω
1733 2389 1761 2441 ό
1783 2387 1926 2459 πρῶ-

363 2488 454 2535 τος
479 2471 758 2546 ἄνθρωπος
787 2472 891 2526 ὑπὸ
917 2472 1010 2526 τοῦ
1041 2471 1283 2537 σκότους,
1309 2475 1400 2527 καὶ
1434 2477 1483 2529 εἰ
1525 2477 1600 2547 μὴ
1628 2477 1923 2549 εὐξαμένου

367 2561 732 2634 είσήκουσενό
764 2562 971 2634 Πατὴρ,
1006 2564 1100 2617 καὶ
1136 2565 1448 2620 ἀπέστειλεν
1485 2569 1675 2641 ἑτέραν
1701 2570 1925 2642 δύναμιν

364 2651 759 2724 προὸληθεῖσαν
809 2653 898 2706 ὑπ’
929 2652 1111 2722 αὐτοῦ,
1155 2654 1453 2729 λεγομένην
1497 2659 1605 2723 ζῶν
1658 2663 1882 2733 Πνεῦμα
1904 2703 1920 2727 ,

365 2741 459 2794 καὶ
490 2742 537 2794 εί
572 2742 647 2813 μὴ
680 2743 949 2797 κατελθὼν
988 2744 1217 2799 δέδωκεν
1244 2746 1392 2818 αὐτῷ
1422 2748 1621 2815 δεξιὰν,
1660 2751 1751 2804 καὶ
1794 2752 1925 2823 ἀνή-

364 2848 558 2902 νεγκεν
583 2835 647 2887 ἐκ
671 2835 765 2888 τοῦ
791 2835 1033 2900 σκότους,
1076 2837 1241 2892 πάλαι
1264 2838 1330 2892 ἂν
1353 2841 1382 2893 ό
1404 2841 1618 2914 πρῶτος
1645 2843 1925 2917 ἄνθρωπος

363 2925 720 2997 κατεχόμενος
744 2926 1110 2982 ἐκινδύνευσεν
1163 2930 1388 2985 Ἐκτοτε
1409 2929 1501 2987 οὖν
1526 2935 1805 3006 κατέλειψε
1827 2937 1927 2992 κά-

361 3033 442 3069 τω
466 3016 566 3087 τὴν
601 3016 778 3089 ψυχήν
799 3036 814 3050 ·
850 3019 944 3072 καὶ
977 3018 1065 3073 διὰ
1088 3019 1244 3075 τοῦτο
1267 3024 1573 3095 Μανιχαῖοι,
1601 3027 1697 3082 ἐὰν
1731 3046 1923 3084 συναν-

2042 559 2279 616 breviter
2310 558 2514 613 audite.
2553 555 2651 612 llic
2674 558 2811 613 duos
2842 557 2973 612 colit
3003 558 3132 612 deos
3157 557 3391 623 innatos,
3415 571 3480 612 ex
3510 574 3599 614 se-

2041 649 2282 720 metipsis
2303 657 2599 714 exstantes,
2628 655 2877 714 aeternos,
2894 663 3061 701 unum
3083 647 3174 700 uni
3198 647 3597 714 adversantem;

2039 749 2095 797 et
2124 740 2355 797 alterum
2387 738 2603 808 quidem
2634 738 2857 802 bonum,
2904 738 3131 793 alterum
3172 750 3347 794 autem
3395 740 3598 794 malum

2041 830 2356 888 introducit.
2388 828 2506 883 Lua:
2544 827 2638 882 uni
2663 842 2859 883 nomen
2888 827 3137 898 imponit,
3165 837 3219 883 et
3261 829 3413 883 alteri
3453 838 3598 883 tene-

2042 926 2172 983 brw.
2198 926 2263 981 Et
2294 926 2432 981 lucis
2458 925 2673 994 quidem
2701 939 2821 978 esse
2866 933 3071 993 partem
3113 923 3349 977 animam
3386 939 3505 994 qua:
3540 922 3595 977 in

2040 1017 2351 1073 hominibus
2381 1028 2483 1083 est,
2526 1016 2870 1070 tenebrarum
2908 1023 3087 1068 autem
3123 1029 3341 1084 corpus,
3385 1024 3441 1068 et
3475 1028 3597 1084 quae

2038 1122 2105 1163 ex
2136 1109 2361 1163 materia
2387 1118 2470 1163 est
2500 1105 2763 1162 conditio.
2799 1104 3208 1159 Permistionem
3248 1114 3425 1159 autem
3446 1146 3462 1171 ,
3510 1104 3596 1159 vel

2039 1200 2474 1270 conjunctionem
2506 1199 2609 1253 hoc
2631 1197 2792 1252 modo
2822 1196 2954 1252 dicit
2980 1196 3091 1268 (48)
3117 1197 3379 1263 eﬁectam,
3410 1197 3595 1253 conle-

2035 1307 2161 1348 rens
2182 1293 2371 1348 ambos
2395 1292 2522 1347 deos
2548 1293 2602 1345 in
2633 1290 3006 1360 hujuscemodi
3024 1291 3326 1360 exemplum
3352 1309 3365 1344 :
3390 1289 3593 1357 Quem-

2035 1383 2325 1438 admodum
2356 1383 2402 1438 si
2427 1382 2535 1437 duo
2565 1396 2719 1450 reges
2739 1380 2850 1436 sint
2872 1380 3156 1435 adversum
3185 1396 3243 1435 se
3270 1392 3592 1451 pugnantes,

2035 1473 2129 1543 qui
2161 1473 2229 1528 ab
2266 1473 2421 1527 initio
2446 1470 2648 1526 fuerint
2672 1470 2913 1535 inimicia,
2951 1471 3207 1525 habentes
3229 1471 3427 1541 singuli
3462 1488 3591 1527 suas

2032 1566 2326 1636 portiones;
2352 1561 2608 1618 acciderit
2636 1571 2815 1616 autem
2842 1569 2901 1615 ut
2927 1561 3161 1616 tenebrae
3187 1562 3589 1635 progredientes

2033 1656 2167 1714 ﬁnes
2189 1671 2337 1720 suos,
2364 1656 2561 1711 bellum
2585 1670 2709 1710 cum
2736 1655 2853 1709 luce
2877 1654 3263 1709 commiserint.
3292 1652 3443 1721 Quod
3465 1670 3589 1709 cum

2033 1749 2371 1818 cognovisset
2401 1747 2575 1802 bonus
2606 1747 2782 1813 Pater,
2819 1746 3071 1801 tenebras
3097 1746 3165 1801 ad
3198 1756 3397 1800 terram
3431 1762 3589 1801 suam

1961 1823 2003 1878 Β
2032 1839 2427 1909 supervenisse,
2454 1837 2707 1908 produxit
2738 1853 2804 1893 ex
2827 1853 2885 1893 se
2917 1836 3170 1892 virtutem
3198 1837 3332 1909 (49),
3362 1852 3482 1906 quae
3502 1836 3588 1890 di-

2028 1931 2171 1988 citur
2196 1930 2367 1987 Mater
2401 1930 2544 1997 vitae;
2573 1946 2682 2000 qua
2713 1931 2911 1984 virtute
2938 1930 3300 1985 circumdedit
3331 1927 3443 1998 (50)
3474 1928 3589 1997 pri-

2026 2037 2174 2077 mum
2205 2021 2498 2085 hominem,
2529 2037 2649 2091 quae
2677 2029 2804 2076 sunt
2824 2021 3062 2091 quinque
3081 2020 3365 2083 elementa,
3401 2019 3453 2073 id
3482 2029 3586 2085 est,

2025 2120 2240 2177 ventus,
2280 2112 2370 2167 lux
2392 2152 2408 2178 ,
2446 2127 2609 2182 aqua,
2642 2111 2780 2181 ignis
2806 2121 2860 2167 et
2881 2110 3101 2165 materia
3127 2111 3259 2178 (5|);
3287 2110 3484 2179 quibus
3504 2108 3588 2175 iu-

2024 2202 2209 2266 dutus,
2261 2212 2514 2273 tanquam
2557 2203 2621 2257 ad
2663 2210 2912 2271 paratum
2953 2201 3075 2256 belli
3118 2198 3589 2270 (52),'descendit

2024 2294 2279 2349 deorsum
2313 2309 2552 2364 pugnare
2576 2294 2860 2349 adversum
2892 2293 3160 2349 tenebras.
3191 2292 3260 2345 At
3285 2306 3412 2345 vero
3440 2300 3588 2345 tene-

2024 2384 2245 2439 brarum
2277 2385 2547 2456 principes
2568 2426 2586 2452 ,
2620 2393 2982 2455 repugnantes
3021 2383 3099 2449 ei,
3135 2383 3484 2437 comederunt
3518 2378 3588 2435 de

2025 2488 2302 2532 armatura
2326 2475 2465 2546 ejus,
2499 2476 2643 2547 quod
2673 2486 2756 2531 est
2780 2475 2983 2529 anima.
3016 2472 3169 2528 Tunc
3192 2474 3262 2527 ibi
3292 2473 3587 2527 vehemen-

2024 2573 2107 2620 ter
2133 2564 2361 2622 aﬁlictus
2382 2574 2466 2621 est
2489 2566 2743 2621 deorsum
2770 2564 2977 2634 primus
3004 2578 3201 2633 parens
3224 2563 3385 2621 homo
3416 2561 3527 2632 (55)
3549 2574 3582 2615 a

2024 2658 2284 2725 tenebris;
2310 2666 2363 2713 et
2383 2658 2487 2713 nisi
2515 2666 2758 2713 orantem
2788 2671 2912 2711 eum
2946 2655 3257 2710 exaudisset
3289 2653 3481 2720 Pater,
3528 2662 3584 2708 et

2026 2746 2265 2802 misisset
2307 2746 2530 2800 alteram
2565 2746 2819 2800 virtutem
2860 2759 2981 2814 qua:
3026 2751 3364 2813 processerat
3395 2758 3461 2796 ex
3498 2757 3582 2810 se,

2024 2854 2146 2909 quae
2168 2839 2369 2894 dicitur
2398 2836 2633 2908 Spiritus
2656 2837 2861 2902 vivens,
2878 2844 2930 2891 et
2953 2834 3283 2890 descendens
3315 2832 3590 2903 porrexis-

2024 2940 2105 2986 set
2133 2928 2180 2985 ei
2212 2932 2489 2987 dexteram
2511 2940 2564 2984 et
2588 2929 2865 2985 eduxisset
2893 2943 3018 2983 eum
3048 2927 3114 2982 de
3147 2926 3383 2981 tenebris
3402 2966 3416 2989 ,
3453 2925 3584 2989 olim

2025 3020 2235 3091 primus
2275 3021 2438 3075 homo
2485 3020 2735 3076 detentus
2786 3020 3199 3090 periclitaretur.
3231 3016 3311 3072 Ex
3359 3032 3424 3071 eo
3455 3032 3586 3089 ergo

360 3108 605 3216 τησωσιν
647 3108 912 3179 ἀλλήλοις,
958 3112 1134 3180 δεξιὰς
1176 3115 1405 3169 διδόασιν
1449 3119 1658 3184 ἑαυτοῖς
1696 3122 1920 3193 σημείου

2024 3112 2259 3166 animam
2282 3111 2533 3167 deorsum
2562 3110 2779 3180 reliquit
2812 3109 2923 3178 (54)
2962 3127 2977 3163 :
3006 3117 3058 3162 et
3091 3118 3375 3178 propterea
3404 3106 3583 3163 Mani-
3613 3169 3622 3178 ,

361 3198 540 3269 χάριν,
575 3200 651 3264 ὡς
690 3200 798 3257 ἀπὸ
826 3203 1047 3267 σκότους
1087 3204 1374 3271 σωθέντες’
1411 3209 1468 3262 ὲν
1497 3211 1604 3281 γὰρ
1634 3212 1710 3283 τῷ
1742 3213 1920 3267 σκότει

2023 3205 2155 3260 chzei
2185 3220 2308 3260 cum
2337 3205 2438 3259 sibi
2475 3204 2704 3258 invicem
2735 3209 3058 3267 occurrunt,
3089 3201 3219 3255 dant
3250 3200 3351 3255 sibi
3391 3201 3581 3255 dexte-

359 3288 540 3352 πάσας
576 3288 676 3353 τὰς
720 3291 954 3362 αἱρέσεις
998 3288 1140 3347 εἶναι
1174 3294 1340 3365 λέγει.
1376 3298 1507 3351 Τότε
1552 3297 1659 3363 ζῶν
1699 3301 1920 3373 Πνεῦμα

2023 3312 2114 3351 ras
2141 3296 2305 3366 hujus
2329 3295 2469 3365 signi
2493 3295 2685 3366 gratia,
2718 3302 2976 3363 tanquam
3010 3307 3072 3346 ex
3109 3290 3346 3346 tenebris
3374 3291 3575 3345 libera-

359 3378 538 3433 ἔκτισε
572 3380 664 3434 τὸν
692 3383 924 3451 κόσμον,
964 3387 1057 3439 καὶ
1099 3388 1229 3442 αὐτὸ
1272 3389 1505 3461 φορέσαν
1546 3390 1736 3464 ἐτέρας
1773 3396 1919 3466 τρεῖς

2023 3388 2079 3454 ti,
2099 3388 2151 3442 in
2182 3388 2417 3442 tenebris
2438 3388 2580 3440 enim
2609 3401 2798 3439 omnes
2824 3386 3055 3440 haereses
3081 3398 3201 3439 esse
3223 3384 3409 3438 dicunt
3435 3382 3572 3454 (55).

355 3470 633 3543 δυνάμεις,
682 3475 937 3530 κατελθὸν
984 3478 1251 3549 ἀνήνεγκε
1302 3482 1428 3548 τοὺς
1478 3484 1770 3554 ἄρχοντας,
1826 3486 1918 3540 καὶ

357 3561 687 3632 ἐστερέωσεν
709 3566 768 3617 ὲν
789 3564 865 3635 τῷ
893 3566 1251 3640 στερεώματι,
1284 3570 1313 3624 ὅ
1336 3573 1481 3624 ἐστιν
1507 3571 1681 3627 αὐτῶν
1706 3572 1913 3647 σῶμαή

359 3656 586 3726 σφαῖρα.
615 3655 746 3710 Τότε
776 3657 936 3712 πάλιν
976 3661 1037 3715 τὸ
1076 3661 1184 3726 ζῶν
1208 3663 1435 3735 Πνεῦμα
1456 3664 1633 3719 ἔκτισε
1655 3667 1779 3731 τοὺς
1802 3684 1915 3736 φω-

358 3744 585 3815 στῆρας,
612 3745 649 3799 ἆ
669 3748 783 3802 ὲστι
803 3749 902 3820 τῆς
919 3749 1092 3822 ψυχῆς
1117 3751 1363 3823 λείψανα,
1390 3756 1480 3809 καὶ
1502 3754 1671 3820 οὕτως
1694 3758 1913 3829 εποίησε

354 3835 416 3888 τὸ
454 3837 733 3908 στερέωμα
768 3840 1066 3911 κυκλῆσαι·
1108 3844 1201 3897 καὶ
1247 3845 1406 3899 πάλιν
1451 3846 1627 3900 ἔκτισε
1675 3847 1771 3919 τὴν
1808 3848 1913 3920 γῆν

355 3926 436 3988 εἰς
473 3924 588 3997 εἴδη
623 3925 783 3979 ὀκτώ.
826 3929 882 3982 '0
919 3928 975 3983 δὲ
1018 3931 1313 4004 Ὢμοφόρος
1346 3935 1495 3988 κάτω
1521 3936 1793 4007 βαστάζει,
1820 3939 1914 3993 καὶ

353 4018 494 4071 ἐπὰν
548 4019 699 4093 κάμῃ
739 4020 1040 4090 βαστάζων,
1079 4025 1291 4096 τρέμει,
1336 4028 1431 4082 καὶ⁹
1475 4028 1696 4100 σεισμοῦ
1741 4031 1910 4096 αἴτιος

352 4111 562 4180 γίνεται
596 4114 745 4186 παρὰ
792 4115 884 4168 τὸν
915 4113 1216 4187 ὡρισμένον
1260 4118 1468 4190 καιρόν.
1505 4119 1705 4173 Τούτου
1751 4122 1911 4175 ἕνεκα

351 4203 444 4257 τὸν
474 4205 600 4259 Υἱὸν
635 4207 798 4260 αὑτοῦ
834 4208 1148 4262 ἀπέστειλεν
1178 4212 1206 4264 ό
1265 4212 1464 4281 ἀγαθὸς
1491 4213 1680 4285 Πατὴρ
1711 4215 1773 4268 ὲκ
1802 4214 1911 4269 τῶν

352 4295 568 4352 κόλπων
601 4299 681 4361 εἰς
711 4298 808 4369 τὴν
836 4299 1058 4371 καρδίαν
1087 4301 1188 4373 τῆς
1215 4301 1339 4372 γῆς,
1370 4304 1463 4358 καὶ
1497 4306 1577 4369 είς
1606 4304 1675 4359 τὰ
1709 4305 1909 4378 ταύτης

426 4492 536 4566 (47)
578 4495 863 4570 δοηυεῐῃίε
906 4513 1086 4570 usque
1131 4498 1198 4553 ad
1250 4515 1367 4570 cap.
1414 4500 1518 4567 12,
1565 4502 1632 4558 ad
1673 4504 1895 4560 verbum
1930 4497 1976 4553 D

351 4560 536 4643 Greece
566 4560 743 4643 retulit
769 4560 1099 4643 Epiphaiijus
1117 4584 1290 4643 num.
1312 4560 1400 4626 '25.

422 4633 535 4713 (λιιι)
567 4633 702 4689 Hinc
721 4633 1016 4713 patet’apud
1037 4636 1390 4713 Epiphauium
1416 4640 1518 4711 legi
1547 4642 1762 4713 debere,
1783 4644 1907 4700 106—

347 4719 438 4756 τον
464 4702 628 4771 λέγει,
657 4702 779 4759 cum
815 4702 965 4773 prius
994 4702 1155 4770 esset,
1189 4710 1408 4765 τούτων.

423 4773 532 4852 (49)
577 4775 755 4852 Codex
789 4774 1105 4852 Bobiensis,
1153 4797 1171 4829 ι
1228 4780 1480 4849 produxit
1522 4796 1588 4836 ex
1628 4782 1842 4838 virtute.
1882 4803 1903 4837 ι

346 4839 684 4907 Casinensis,
718 4864 736 4895 ι
769 4839 1159 4912 produxeritet
1189 4839 1307 4905 esse
1341 4851 1611 4906 virtutem.
1645 4871 1663 4903 ι
1700 4853 1804 4908 Sed
1828 4855 1909 4909 le-

348 4913 579 4983 gendum
609 4930 671 4967 ex
706 4913 1005 4982 Epiphanio
1035 4918 1111 4970 uti
1138 4922 1479 4974 emendatum
1506 4930 1600 4975 est.

420 4981 530 5062 (ὅθ)
569 4981 1077 5062 Codex’liobiensis,
1112 5004 1267 5062 c_qna
1299 4986 1673 5062 circumdedit.
1707 5012 1726 5045 ι
1757 4992 1909 5048 Casi-

347 5054 556 5134 nensis,
595 5072 615 5105 ι
658 5069 778 5134 qua:
812 5055 1025 5134 virtute.
1072 5074 1091 5107 ι
1128 5054 1231 5134 Sed
1260 5076 1326 5115 ex
1373 5060 1644 5129 Bobiensi,
1688 5072 1741 5119 et
1780 5062 1909 5134 Epi»

345 5125 546 5193 phanio
572 5125 872 5187 emendavi,
910 5141 929 5175 ι
965 5141 1073 5193 qua
1101 5127 1318 5184 virtute.
1363 5150 1382 5181 ι

418 5191 528 5259 (51)
564 5194 743 5270 C_odex
775 5191 1081 5270 belligeris,
1118 5214 1135 5247 ι
1170 5196 1221 5270 id
1248 5210 1353 5266 est,
1393 5201 1507 5265 lux,
1535 5216 1672 5270 aqua
1699 5243 1715 5267 ,
1764 5203 1908 5270 ignis

344 5270 399 5313 et
427 5262 726 5338 materiari
773 5264 877 5319 Sed
924 5263 1256 5338 Epiphanius
1302 5262 1427 5338 legit
1463 5262 1502 5323 ς’
1534 5262 1758 5338 ventus,
1786 5262 1907 5337 Ῑυτ,

345 5345 507 5397 aqua,
541 5332 768 5415 igniset
790 5332 1039 5415 materia,
1070 5354 1091 5415 ξ
1117 5345 1175 5415 ut
1201 5338 1253 5415 in
1279 5332 1463 5396 codice
1490 5332 1793 5411 Casinensi,
1813 5332 1915 5415 qui

345 5415 526 5472 veram
559 5403 775 5472 exhibet
805 5405 968 5472 hujus
990 5404 1094 5458 loci
1123 5405 1433 5464 lectionem.

395 5468 526 5548 (ξὲ)
558 5468 893 5548 Epiphanius:
916 5473 1063 5548 legit,
1094 5493 1113 5526 ι
1144 5476 1211 5529 ad
1240 5492 1554 5548 apparatum
1587 5481 1733 5537 belli.
1779 5500 1798 5534 ι
1828 5534 1837 5541 .

763 5539 1072 5611 Bobiensis,
1102 5539 1420 5605 concinente
1444 5551 1768 5622 Epiphanio,
1798 5539 1909 5623 p'n'-

341 5623 457 5663 mus
490 5623 661 5665 nomo.

412 5677 527 5763 (56)
551 5679 730 5763 Cede-15
755 5680 1058 5763 Bobiensis,
1093 5703 1111 5737 ι
1148 5685 1436 5759 relinquit;
1476 5709 1497 5742 ο
1540 5691 1677 5748 mala
1723 5691 1904 5761 lectio,

341 5756 399 5802 ut
430 5757 573 5816 patet
602 5766 665 5805 ex
692 5750 1012 5821 Epiphanio.

2019 3478 2173 3534 Tunc
2195 3479 2382 3534 vivens
2411 3477 2646 3548 Spiritus
2675 3478 2879 3532 creavit
2915 3475 3174 3530 mundum
3196 3515 3211 3541 ,
3260 3485 3314 3530 et
3357 3476 3582 3530 indutus

2017 3571 2151 3627 alias
2181 3579 2289 3625 tres
2319 3570 2566 3635 virtutes,
2597 3568 2928 3623 descendens
2960 3566 3144 3621 eduxit
3171 3566 3444 3637 principes
3470 3608 3487 3633 ,
3528 3578 3584 3623 et

2014 3663 2284 3717 cruciﬁxit
2332 3677 2426 3718 eos
2472 3662 2528 3716 in
2581 3661 2924 3714 ﬁrmamento
2949 3697 2963 3723 ,
3013 3658 3158 3728 quod
3190 3668 3273 3714 est
3302 3660 3415 3730 (56)
3454 3660 3575 3729 ejus

2013 3769 2210 3824 corpus
2257 3753 2486 3823 sphaera.
2543 3750 2610 3804 Et
2660 3766 2878 3806 rursum
2932 3750 3049 3819 ipse
3100 3749 3286 3805 vivens
3336 3750 3575 3819 Spiritus

2011 3848 2211 3902 creavit
2241 3843 2550 3912 luminaria,
2577 3859 2699 3915 quae
2726 3850 2853 3898 sunt
2876 3842 3116 3911 reliquiae
3136 3842 3328 3896 animae
3359 3842 3493 3913 (57),
3524 3852 3580 3897 et

2010 3936 2136 3993 fecit
2180 3952 2243 3992 ea
2290 3936 2684 3991 ﬁrmamentum
2735 3934 3022 3990 circumire
3072 3933 3224 4002 (58);
3275 3941 3329 3986 et
3378 3932 3577 3986 iterum

2009 4031 2211 4085 creavit
2238 4039 2459 4095 terram,
2493 4038 2546 4088 et
2573 4038 2699 4084 sunt
2727 4036 2872 4082 octo.
2901 4024 2998 4081 Est
3030 4034 3208 4079 autem
3234 4023 3577 4094 Omophorus

2008 4122 2262 4176 deorsum
2290 4121 2422 4192 (59),
2476 4120 2526 4175 id
2560 4129 2661 4185 est,
2703 4119 2796 4190 qui
2839 4134 2958 4173 eam
2991 4127 3166 4187 portat
3195 4117 3247 4171 in
3294 4116 3575 4185 humeris;

2009 4222 2063 4269 et
2090 4230 2211 4269 cum
2239 4212 2559 4267 lahoraverit
2584 4220 2824 4281 portans,
2865 4211 3186 4265 intremiscit
3224 4229 3237 4264 :
3269 4219 3322 4265 ct
3352 4210 3463 4264 haec
3491 4220 3577 4265 est

2012 4321 2179 4362 causa
2211 4317 2365 4361 terra:
2394 4312 2572 4360 motus
2597 4313 2791 4373 prazter
2813 4303 3165 4359 constitutum
3201 4312 3430 4370 tempus.
3460 4299 3574 4357 llac

2077 4508 2186 4579 (55')
2226 4507 2404 4579 codex
2437 4506 2740 4579 Bobiensis,
2802 4523 2820 4557 ι
2864 4504 3040 4579 omnis
3083 4502 3302 4579 lieresis
3340 4516 3459 4579 esse
3489 4501 3577 4557 di-

2008 4572 2179 4651 citur;
2204 4577 2364 4651 i__Sed
2403 4579 2541 4651 hanc
2566 4577 2848 4651 lectionem
2885 4575 3062 4651 rejicit
3106 4572 3467 4651 Epipliz‘mius.

2079 4648 2189 4718 (56)
2231 4646 2354 4718 Haec
2402 4658 2483 4702 est
2519 4647 2680 4718 hujus
2726 4645 2828 4700 loci
2870 4639 2996 4718 vera
3022 4639 3231 4718 lectio,
3258 4639 3577 4718 _E|_iip_lianio

2006 4711 2251 4787 probata.
2309 4715 2479 4783 Quam
2512 4711 2655 4769 enim
2686 4730 2751 4769 ex
2786 4715 2971 4770 codice
3021 4712 3271 4787 Bobiensi
3329 4711 3574 4787 Valesius

2007 4781 2288 4857 Exprimit,
2319 4781 2630 4853 corruptam
2660 4801 2779 4839 esse
2809 4800 2967 4838 nemo
2989 4798 3094 4836 non
3122 4781 3295 4848 videt;
3323 4783 3401 4837 sic
3429 4784 3573 4838 enim

2009 4873 2068 4910 se
2098 4858 2277 4910 habet.
2309 4875 2326 4908 ι
2359 4856 2699 4909 Descendens
2718 4854 2898 4907 eduxit
2924 4852 3190 4910 principes
3218 4848 3360 4910 Jeru.
3389 4853 3573 4908 exiens

2009 4873 2068 4911 se
2098 4862 2277 4918 habet,
2309 4875 2326 4908 ι
2359 4862 2699 4909 Descendens
2718 4862 2898 4907 eduxit
2924 4862 3190 4921 pl‘lltClpeS
3218 4862 3360 4912 Jeru.
3389 4862 3575 4908 exiens

2007 4927 2061 4980 in
2095 4927 2514 4984 ﬁrmamentum,
2543 4925 2687 4991 quod
2718 4932 2816 4984 est,
2847 4931 2951 4976 etc.
2987 4941 3004 4971 ι
3036 4923 3091 4975 1η
3123 4919 3310 4976 ϐιτεευ
3341 4921 3575 4991 Epipha-

2007 4996 2083 5049 nii
2117 5004 2218 5062 est,
2260 5014 2278 5047 ι
2323 4995 2387 5048 Ει
2414 4994 2672 5048 stabilivit
2716 4992 2770 5046 in
2791 4991 3161 5062 ﬁrmamento,
3188 4992 3447 5062 quud_est
3492 4992 3572 5060 ip—

2009 5059 2422 5147 sorum'corpufs
2452 5066 2683 5135 sphaera.
2725 5081 2745 5114 ι
2782 5061 2887 5116 Sed
2917 5062 3037 5116 vide
3064 5059 3313 5116 eumdem
3338 5059 3574 5130 Epipha-

2007 5136 2314 5204 nium,cap.
2347 5136 2435 5190 48.

2076 5204 2190 5286 L57)
2235 5204 2306 5259 Ita
2353 5202 2815 5286 et.Epiphan‘i'us..
2870 5200 3027 5286 Male.
3059 5199 3209 5286 apud,
3252 5197 3519 5286 Valesium
3549 5236 3569 5267 ,

2014 5268 2317 5358 gulicliquze
2359 5268 2579 5358 animae:
2638 5292 2656 5324 ι
2696 5271 2830 5327 Vide
2871 5268 3120 5326 eumdem
3168 5268 3570 5339 Epiphanium,

2008 5345 2138 5400 ibid.
2167 5384 2183 5407 ,
2216 5343 2366 5414 ‘cap.
2418 5343 2509 5398 49.

2080 5414 2192 5485 (58)
2232 5412 2297 5467 Et
2342 5413 2428 5485 hic
2477 5412 2615 5467 male
2664 5411 2832 5467 codex
2878 5408 3191 5485 Bobiensis,
3228 5425 3246 5458 ι
3288 5406 3343 5461 in
3388 5406 3574 5463 ﬁrma-

2010 5478 2191 5541 mento
2223 5484 2472 5541 circuire,
2525 5502 2543 5533 ι
2581 5491 2637 5536 ut
2668 5488 2811 5551 patet
2838 5495 2903 5533 ex
2935 5478 3252 5551 Epiphanio.

2080 5553 2191 5625 (59)
2231 5553 2565 5625 Epiphanius
2610 5544 2769 5625 habet
2786 5552 2881 5625 fl;
2914 5544 3234 5625 sicin—6x16.
3287 5564 3306 5598 ι
3351 5544 3572 5625 Creavit

2010 5617 2208 5679 terram
2248 5617 2499 5691 octuplici
2545 5622 2742 5691 specie.
2779 5617 3367 5691 Omophdrusautem,
3408 5635 3426 5668 ι
3466 5617 3566 5672 hoc

2007 5702 2088 5750 est
2136 5686 2392 5761 bajulus;
2436 5711 2455 5745 ι
2495 5686 2633 5745 intra
2664 5686 2967 5761 sustinet.)
3000 5687 3113 5761 Sed
3138 5686 3362 5744 Latinus
3386 5696 3568 5744 noster

2010 5758 2276 5832 interpres
2304 5762 2461 5833 legit,
2489 5763 2594 5815 είσὶ
2626 5760 2702 5827 δέ,
2734 5759 2836 5826 vel,
2863 5759 2969 5813 εἰσὶ
2995 5758 3080 5833 δή.
