1977 3554
175 144 244 173 ιλιι

723 144 797 174 CUM
815 144 959 174 MANETE
977 144 1244 174 HERESIARCHA.

1714 149 1784 178 tu!

172 203 273 240 ιςτὶνή
282 203 367 236 αίτία,
375 201 448 240 δι’ἧς
455 204 482 231 αἱ
488 204 572 240 ψυχαὶ
580 204 720 237 σώζονται.
729 205 760 231 Ἦ
768 205 795 232 δὲ
803 205 849 232 τοῦ
857 205 949 232 ἀποθα-

1012 205 1061 234 Hic
1078 210 1167 234 autem
1181 207 1222 234 vir
1236 211 1277 235 est
1291 206 1416 235 columna
1432 207 1501 236 lucis
1513 228 1520 239 ,
1547 208 1645 244 repleta
1664 214 1704 238 est
1720 212 1793 239 enim

172 250 230 275 νεῖν
245 251 307 281 τοὺς
326 250 485 286 ἀνθρώπους
501 251 559 277 ἐστὶ
575 250 655 278 πάλιν
671 250 751 286 αὕτη*
769 251 906 287 Παρθένος
918 260 959 283 τις

171 293 262 331 ὡραία
269 303 388 330 κεκοσμη
394 295 460 330 μένη
465 315 471 326 ,
479 295 578 331 πιθανή
585 297 652 323 πάνυ
657 316 664 328 ,
672 297 754 332 ωλᾲν
759 297 835 332 ἐπιχε
840 306 847 322 ι
850 298 892 332 ρεῖ
897 297 959 329 τοὺς

171 339 318 375 ἄρχοντας.
326 342 388 370 τοὺς
395 342 422 367 ὲν
429 341 467 376 τῷ
476 341 643 377 στερεώματι
652 342 755 369 ὑπὸτοῦ
767 342 866 375 ζῶντος
875 343 959 369 Πνεύ-

172 395 259 421 ματος
269 387 460 422 ἀνενεχθέντας
476 388 522 414 καὶ
540 388 750 424 σταυρωθέντας·
768 388 914 424 φαινομένη
929 388 957 415 δὲ

169 437 228 466 τοῖς
237 435 332 470 ἄρρεσι
344 435 438 470 Οήλεια
454 435 599 470 εὔμορφος,
610 437 667 467 ταῖς
676 435 703 462 δὲ
714 435 833 471 οηλείαις
851 435 956 467 νεανίας

171 481 278 517 εὐειδὴς
287 481 334 507 καὶ
342 481 517 516 ὲπιθυμητός,
534 481 587 508 Καὶ
602 483 625 508 οἱ
640 482 689 517 μὲν
705 481 844 518 ἄρχοντες,
857 482 956 509 ὁπόταν

172 528 265 554 ἴδωσιν
280 527 364 562 αὐτὴν
381 526 649 562 κεκαλλωπισμένην,
667 528 835 563 οἰστροῦνται
846 528 884 563 τῷ
895 528 955 562 φίλ-

168 580 238 609 τρῳ,
253 572 300 599 καὶ
321 572 357 607 μὴ
385 572 527 607 δυνάμενοι
555 572 639 607 αὐτὴν
661 572 839 604 καταλαϐεῖν,
864 573 956 609 δεινῷς

169 618 315 652 φλέγονται
331 617 368 652 τῷ
382 617 505 652 ἐρωτικῷ
535 617 608 652 πόοῳ
627 617 672 643 τὸν
689 617 750 644 νοῦν
773 617 956 653 ἐξαρπασθέν-

168 673 225 695 τες.
246 665 329 690 Ὅταν
341 662 398 695 οὖν,
415 664 564 700 τρεχόντων
577 664 676 695 αὐτῶν,
691 665 707 700 ἡ
723 663 858 700 Παρθένος
872 664 955 698 ἀφαν-

167 717 215 740 τος
229 709 352 744 γένηται,
368 709 429 735 τότε
458 709 472 735 ὀ
487 709 577 745 ἄρχων
599 710 613 735 ό
639 710 726 745 μέγας
749 709 891 744 προϐάλλει
906 709 955 741 τὰς

167 754 284 789 νεφέλας
302 753 331 787 ἐξ
347 754 441 786 αὑτοῦ,
456 755 530 786 ὅπως
555 755 666 791 σκοτίσῃ
681 757 713 791 τῇ
725 756 791 791 ὀργῇ
817 755 898 781 αὐτοῦ
909 755 954 781 τὸν

168 800 283 835 κόσμον·
300 800 346 827 καὶ
362 800 448 832 οὕτως
464 800 511 827 ἐὰν
523 800 600 836 ολίὸῃ
619 801 698 833 πάνυ,
715 801 838 836 καθάπερ
851 801 955 837 ἄνθρω-

170 855 222 878 πος
241 846 319 882 ίδρῶν
333 846 529 874 ἀποκοποῦται·
562 848 577 874 ὁ
599 848 626 874 δὲ
652 847 731 883 ἱδρὼς
747 847 829 874 αὑτοῦ
848 848 921 875 ἐστιν
935 849 952 884 ἡ

167 893 265 930 βροχὴ.
286 893 369 929 Ὁμοῦ
381 895 427 920 καὶ
443 895 456 920 ὁ
471 894 600 931 θερισμὸς
618 895 709 930 ἄρχων
723 895 769 921 ἐὰν
784 895 885 931 συληθῇ
900 896 952 922 ὑπὸ
967 892 987 918 Β

164 941 217 976 τῆς
242 941 388 974 παρθένου,
409 942 535 977 καταχέει
561 941 653 977 λοιμὸν
682 942 724 976 ἐφ’
740 942 802 977 ὅλης
828 942 877 977 τῆς
891 942 951 978 γῆς,

165 986 243 1018 ὅπως
257 986 399 1022 θανατώσῃ
415 988 478 1019 τοὺς
493 987 662 1023 ἀνθρώπους·
675 987 704 1014 τὸ
714 987 768 1023 γὰρ
786 987 864 1023 σῶμα
877 988 953 1014 τοῦτο

166 1033 270 1068 κόσμος
286 1033 408 1060 καλεῖται
426 1033 493 1069 πρὸς
506 1033 551 1059 τὸν
573 1033 661 1068 μέγαν
680 1034 791 1069 κόσμον·
805 1034 851 1060 καὶ
866 1034 890 1060 οἱ
909 1034 953 1061 ἄν·

166 1078 274 1115 θρωποι
286 1080 387 1112 πάντες
401 1080 480 1116 ῥίζας
497 1080 598 1115 ἔχουσι,
625 1079 699 1106 κάτω
716 1079 884 1111 συνδεοείσας
897 1080 952 1111 τοῖς

164 1125 236 1154 ἄνω.
257 1126 372 1153 Ὀπόταν
386 1125 432 1153 οὖν
456 1126 555 1162 συληοῇ
575 1127 626 1153 ὑπὸ
652 1126 701 1162 τῆς
719 1126 862 1162 παρθένου,
889 1125 948 1152 τότε

164 1173 280 1209 ἄρχεται
298 1173 407 1200 κόπτειν
428 1173 477 1205 τὰς
493 1173 569 1209 ῥίζας
583 1173 637 1199 τῶν
652 1173 812 1209 ἀνθρώπων·
831 1173 875 1199 καὶ
887 1173 949 1200 ὅταν

164 1219 288 1246 κοπῶσιν
301 1221 328 1246 αἱ
345 1219 417 1255 ῥίζαι
431 1220 539 1258 αὐτῶνη
554 1219 613 1246 τότε
638 1220 751 1256 ἄρχεται
771 1219 862 1255 λοιμὸς
876 1219 949 1254 γίνε-

164 1264 239 1297 σθαι,
258 1265 304 1292 καὶ
318 1265 404 1297 οὕτως
420 1266 645 1302 ἀποθνήσκουσιν.
665 1266 726 1292 Ἐὰν
737 1265 765 1292 δὲ
780 1265 814 1292 τὰ
831 1265 886 1292 ἄνω
900 1264 949 1300 τῆς

165 1311 248 1346 ῥίζης
264 1312 337 1347 πόνῳ
352 1311 480 1347 σαλεύσῃ,
498 1312 608 1348 σεισμὸς
629 1312 750 1347 γίγνεταί
767 1320 807 1344 τε,
824 1313 871 1338 καὶ
885 1312 951 1338 ἑπα-

165 1357 300 1387 κολουθεῖ,
317 1358 526 1393 συγχινουμένου
543 1359 592 1394 μὲν
615 1358 662 1385 τοῦ
693 1358 852 1393 Ὠμοφόρον·
879 1357 948 1393 αὕτη

163 1405 183 1440 ἠ
198 1404 270 1431 αἰτία
284 1404 330 1431 τοῦ
353 1405 478 1431 Θανάτου.

1008 253 1170 280 mundarum
1187 253 1350 285 animarum,
1366 259 1392 281 et
1408 255 1464 281 lucc
1477 258 1518 281 est
1532 263 1612 282 causa
1626 256 1721 284 salutis
1736 258 1794 284 ani-

1008 306 1135 331 marum;
1163 300 1259 326 mortis
1284 307 1346 326 vero
1370 308 1451 327 causa
1478 301 1632 328 hominibus
1658 307 1699 329 est
1728 302 1790 330 ista.

1007 345 1226 381 Virgo.quaedam
1242 346 1341 373 decora
1358 352 1385 374 ct
1409 352 1553 379 exornata,
1580 348 1688 383 elegans
1703 349 1789 380 valde,

1007 391 1080 419 furto
1094 393 1194 426 appetit
1218 392 1367 426 principes,
1390 393 1435 427 qui
1460 394 1565 420 suntin
1584 394 1752 422 ﬁrmamento
1773 403 1790 422 a

1006 439 1112 465 vivente
1125 435 1226 473 Spiritu
1237 439 1326 466 educti
1344 443 1370 465 et
1385 439 1525 472 cruciﬁxi;
1550 448 1610 474 qua:
1628 449 1690 467 cum
1708 449 1791 476 appa-

1006 485 1110 517 ruerit,
1137 485 1258 512 maribus
1283 485 1381 512 femina
1407 485 1503 512 decora
1524 491 1653 521 apparet;
1681 487 1791 516 feminis

1005 537 1069 556 vero
1095 529 1292 557 adolescentem
1320 530 1472 565 speciosum
1497 536 1523 558 et
1549 533 1787 567 concupiscibilem

1005 575 1182 602 demonstrat.
1207 574 1258 602 Sed
1275 574 1411 610 principes
1429 576 1548 610 quidem,
1563 585 1623 604 cum
1639 586 1697 605 eam
1715 579 1778 606 vide

1005 620 1060 647 rint
1074 620 1305 655 exornatam(7'l),
1319 628 1411 647 amore
1422 621 1480 655 ejus
1493 622 1519 648 in
1533 622 1668 650 libidinem
1683 631 1791 652 moven-

1005 671 1065 700 tur;
1086 670 1112 694 et
1127 667 1190 701 quia
1205 674 1264 694 eam
1282 666 1482 701 apprehendere
1499 676 1551 695 non
1566 674 1690 703 possunt,
1705 670 1788 698 vehe-

1005 717 1110 740 menter
1127 713 1289 747 instigantur
1306 714 1407 741 amoris
1423 714 1555 741 incendiis
1569 715 1692 748 excitati;
1718 716 1788 751 rapti

1005 763 1069 786 sunt
1089 758 1162 786 enim
1184 758 1305 786 libidinis
1317 759 1406 786 calore
1423 770 1428 786 :
1445 767 1507 787 cum
1525 760 1597 787 enim
1613 761 1786 788 currentibus

1004 810 1065 840 post
1087 813 1146 833 eam
1168 806 1241 833 anxii
1263 806 1349 834 effecti
1374 806 1502 839 fuissent,
1528 805 1608 842 Virgo
1626 807 1681 842 (78)
1697 808 1787 835 subito

1004 858 1139 885 nusquam
1170 853 1332 886 comparuit.
1357 851 1433 879 Tunc
1454 851 1578 886 princeps
1604 852 1649 879 ille
1672 861 1787 888 magnus

1002 897 1126 932 producit
1149 897 1261 925 nebulas
1275 906 1307 925 ex
1322 898 1475 933 semetipso,
1492 898 1529 925 uti
1543 898 1671 926 obscuret
1694 899 1720 926 in
1744 899 1786 928 ira

1001 951 1051 971 sua
1076 951 1184 970 omnem
1208 944 1359 977 mundum;
1377 945 1422 979 qui
1448 952 1509 972 cum
1535 945 1680 973 tribulatus
1703 945 1786 973 fuerit

1000 988 1158 1023 plurimum,
1176 988 1246 1015 sicut
1263 988 1345 1017 homo
1369 990 1448 1017 sudat
1472 994 1532 1024 post
1554 990 1686 1025 laborem,
1710 992 1787 1020 itaet

1001 1033 1045 1059 hic
1062 1033 1188 1068 princeps
1211 1034 1289 1061 sudat
1305 1042 1337 1062 ex
1354 1035 1526 1062 tribulatione
1553 1035 1611 1071 (79)
1626 1043 1685 1069 sua,
1706 1037 1784 1071 cujus

1001 1079 1084 1107 sudor
1097 1079 1194 1113 pluvia:
1210 1083 1276 1106 sunt
1290 1079 1357 1115 (80).
1385 1080 1439 1108 Sed
1454 1085 1481 1108 et
1500 1081 1597 1108 messis
1609 1081 1743 1116 princeps,
1761 1083 1783 1111 si

1001 1125 1128 1160 deceptus
1140 1123 1221 1152 fuerit
1237 1133 1252 1152 a
1270 1124 1391 1161 Virgine,
1407 1125 1519 1153 eﬁ‘undit
1535 1130 1635 1161 pestem
1658 1127 1712 1162 (8|)
1734 1135 1784 1155 su-

1001 1179 1048 1206 per
1061 1176 1172 1204 terram,
1200 1171 1238 1198 ita
1257 1176 1286 1198 ut
1303 1177 1389 1199 morte
1405 1172 1503 1199 alliciat
1518 1172 1660 1207 homines;
1684 1181 1784 1209 corpus

1001 1218 1072 1245 enim
1093 1217 1144 1244 hoc
1159 1217 1276 1245 mundus
1288 1222 1410 1249 vocatur,
1424 1217 1456 1244 ad
1472 1217 1675 1246 similitudinem
1693 1219 1784 1253 magni

978 1258 981 1260 λ
1001 1263 1083 1297 hujus
1099 1263 1203 1293 mundi.
1215 1267 1242 1290 et
1256 1271 1351 1290 omnes
1366 1263 1488 1291 homines
1503 1264 1548 1299 qui
1567 1269 1630 1291 sunt
1642 1264 1782 1297 deorsum,

999 1309 1105 1336 radices
1127 1308 1225 1336 habent
1250 1316 1358 1336 sursum
1383 1309 1521 1345 colligatus
1537 1309 1602 1345 (82).
1628 1310 1696 1337 Cum
1717 1318 1783 1346 ergo

1000 1355 1128 1389 deceptus
1142 1354 1222 1382 fuerit
1239 1362 1254 1381 a
1267 1353 1388 1389 Virgine,
1405 1359 1469 1382 tunc
1484 1355 1576 1390 incipit
1590 1355 1644 1391 (83)
1658 1355 1784 1383 excidere

1001 1400 1106 1428 radices
1126 1400 1286 1433 hominum;
1311 1404 1338 1427 et
1360 1408 1421 1427 cum
1436 1402 1532 1428 excisa!
1555 1401 1656 1428 fuerint
1677 1401 1783 1429 radices

164 1459 273 1484 eorum,
290 1451 403 1478 eﬂicitur
433 1452 594 1486 pestilentia.
621 1457 648 1479 et
672 1452 708 1479 ita
726 1452 889 1479 moriuntur.
918 1449 1020 1484 Quodsi
1043 1447 1197 1483 superiores
1214 1452 1304 1482 partes
1328 1448 1447 1475 radicum
1469 1448 1584 1477 validius
1604 1449 1782 1481 concusserit,

165 1495 196 1523 ﬁt
221 1503 299 1523 terra:
321 1502 421 1529 motus,
449 1501 475 1523 et
500 1496 649 1531 insequitur
663 1497 808 1531 Omophori
833 1495 977 1524 concussio
993 1493 1048 1530 (84)
1066 1502 1073 1520 :
1087 1497 1114 1520 ct
1127 1493 1184 1520 hate
1199 1497 1241 1520 est
1255 1493 1348 1520 mortis
1363 1494 1480 1521 occasio.

209 1541 279 1577 Ἐρῶ
292 1541 320 1568 δὲ
332 1542 394 1577 ὑμῖν
412 1543 456 1568 καὶ
470 1542 558 1574 τοῦτο,
573 1543 631 1574 πῶς
647 1543 836 1578 μεταγγίζεται
850 1544 866 1578 ἡ
878 1541 949 1578 ψυχὴ

1037 1539 1083 1567 ιχ.
1105 1539 1197 1566 Dicam
1214 1543 1303 1566 autem
1319 1539 1406 1572 vobis,
1431 1539 1566 1575 quomodo
1587 1545 1614 1568 et
1635 1541 1733 1570 anima;
1754 1542 1781 1571 in

166 1587 207 1619 είς
221 1588 301 1614 πέντε
315 1587 437 1623 σώματα.
450 1589 559 1624 Πρῶτον
569 1589 744 1625 καθαρίζεται
758 1589 854 1625 μικρόν
865 1597 890 1615 τι
899 1588 945 1614 ἀπ’

164 1633 259 1668 αὐτῆς·
270 1632 328 1660 εἶτα
344 1634 536 1669 μεταγγίζεται
549 1636 588 1666 εἰς
603 1635 691 1667 κυνὸς,
703 1635 719 1671 ἢ
731 1636 770 1667 εἰς
786 1635 917 1670 καμήλου,
929 1634 945 1670 ἢ

164 1681 205 1712 είς
214 1680 306 1716 ἐτέρου
318 1679 386 1711 {dna
397 1680 483 1716 σῶμα.
493 1681 554 1708 Ἐὰν
564 1679 615 1717 δὲῇ
627 1682 808 1715 πεφονευκυῖα
816 1680 898 1716 ψυχὴ,
908 1681 947 1712 εἰς

164 1726 287 1760 κελεφῶν
298 1725 352 1762 [ἵσ.
370 1726 546 1762 ὲλεφαντιῶν]
562 1727 640 1762 σῶμα
657 1728 847 1763 μεταφέρεται’
861 1727 907 1754 ἐὰν
919 1726 946 1752 δὲ

164 1771 296 1807 θερίσασα
311 1771 420 1808 εὑρεθῇ,
435 1773 475 1804 εἰς
489 1772 659 1808 μογιλάλους.
674 1773 729 1808 Τῆς
742 1772 770 1799 δὲ
786 1772 874 1808 ψυχῆς
889 1773 947 1799 ἐστι

163 1819 200 1843 τὰ
210 1816 328 1852 ὀνόματα
341 1817 437 1850 ταῦτα,
447 1817 520 1849 νοῦς,
530 1817 628 1849 ἔννοια,
640 1817 780 1854 φρόνησις,
789 1816 946 1852 ἐνθύμησις,

164 1862 303 1899 λογισμός.
315 1863 345 1890 Οἱ
356 1863 385 1890 δὲ
400 1863 532 1899 θερισταὶ,
544 1864 600 1890 ὅσοι
612 1863 772 1899 Θερίζουσιν,
781 1863 884 1890 ἐοίκασι
892 1864 947 1894 τοῖς

164 1909 279 1944 ἄρχουσι
289 1910 344 1941 τοϊς
360 1909 484 1945 ἀωρχῆς
499 1907 573 1936 οὖσιν
583 1910 623 1941 είς
631 1907 734 1941 σκότος,
749 1910 791 1936 ὅτε
802 1909 902 1944 ἔφαγον
915 1909 947 1935 ὲκ

163 1954 215 1989 τῆς
225 1954 271 1981 τοῦ
280 1954 386 1990 πρώτου
402 1954 544 1991 ἀνθρώπου
559 1955 717 1987 πανοπλίας.
731 1955 776 1982 Διὸ
787 1956 891 1991 ἀνάγκη
903 1955 949 1981 αὐ-

163 2001 230 2033 τοὺς
236 2000 446 2037 μεταγγισῡῆναι
455 2002 494 2033 εἰς
500 2001 603 2037 χόρτον,
612 2001 628 2037 ἢ
637 2003 676 2034 εἰς
684 2001 811 2038 φασήλια,
820 2001 836 2037 ἦ
845 2002 885 2033 εἰς
892 2009 949 2036 κρι-

202 2088 257 2123 (77)
276 2087 369 2116 Melior
388 2088 415 2115 in
438 2095 514 2123 seqq.
538 2087 678 2123 Epiphanii
702 2088 800 2121 lectio,
825 2095 886 2122 quae
908 2087 948 2116 sic

165 2122 261 2151 Latine
289 2128 388 2150 sonat:
407 2132 416 2148 ι
433 2122 542 2150 Amoris
564 2122 648 2150 castro
671 2128 806 2158 aguntur,
831 2130 947 2157 cumque

164 2166 224 2185 eam
249 2159 356 2193 assequi
380 2162 528 2192 nequeant,
554 2163 629 2185 extra
651 2157 767 2185 mentem
793 2157 865 2193 acti,
893 2165 948 2192 prae

165 2201 258 2220 amore
272 2198 298 2220 ct
313 2192 458 2227 cupiditate
472 2193 568 2220 mirum
585 2193 611 2219 in
629 2193 738 2220 modum
757 2192 946 2226 exardescuut,

165 2228 233 2255 Cum
250 2228 340 2262 igitur.
355 2228 557 2256 accurrentibus
577 2228 640 2261 illis,
656 2228 730 2263 virgo
742 2235 771 2255 se
785 2235 818 2254 ex
837 2227 945 2254 illorum

165 2268 275 2298 aspectu
291 2263 548 2298 subduxerit,ytttnc,
564 2268 615 2290 etc.
635 2273 645 2289 ι

200 2298 258 2333 (78)
277 2297 345 2326 Male
356 2299 441 2326 codex
458 2297 607 2330 Bobiensis,
623 2307 632 2324 ι
649 2297 768 2326 libidinis
782 2298 884 2325 amoris
900 2305 947 2326 ca-

164 2332 267 2366 lorem;
285 2341 346 2361 cum
366 2340 430 2368 ergo
445 2334 615 2362 currentibus
632 2334 672 2362 eis
687 2337 748 2369 post
760 2340 831 2366 eam,
851 2334 925 2368 virgo
936 2353 943 2367 ,

165 2373 219 2395 etc.
239 2378 248 2394 ι

203 2403 258 2437 (79)
279 2402 350 2430 ldem
371 2402 473 2436 codex,
494 2412 504 2429 ι
522 2404 602 2431 sudat
616 2403 641 2431 ei
664 2411 695 2430 ex
720 2401 914 2436 tribulatione;
933 2411 942 2429 ι

166 2444 249 2472 prava
266 2438 356 2465 lectio.

202 2473 257 2508 (80)
278 2472 443 2507 Epiphanius
456 2472 535 2500 habet
548 2480 580 2500 ex
595 2472 720 2500 versione
730 2471 831 2508 Petavii
844 2480 853 2508 γε
872 2481 881 2508 ι
900 2471 945 2500 Sic

167 2511 194 2543 et
208 2506 334 2542 princeps
344 2508 421 2540 alter,
438 2515 542 2534 messor
555 2508 720 2543 appellatus,
737 2508 759 2535 si
777 2506 895 2542 Virginis
911 2508 945 2534 il—

167 2542 272 2569 lecehra
285 2543 414 2577 capiatur,
431 2548 530 2577 pestem
549 2544 575 2570 in
593 2542 747 2570 universam
771 2547 868 2570 terram
886 2551 946 2577 pcr-

167 2578 262 2605 dendis
280 2577 434 2604 hominibus
457 2577 585 2605 immittit.
608 2588 617 2604 ι
636 2577 663 2605 In
682 2582 755 2605 textu
770 2583 858 2604 tamen
873 2577 946 2604 ϐηρ-

168 2619 212 2643 co,
230 2621 239 2638 ι
254 2612 354 2648 messis
366 2622 381 2648 3
397 2617 448 2645 est,
463 2620 515 2639 non
530 2620 650 2646 messor;
667 2613 713 2640 sed
728 2612 841 2640 fortasse
858 2613 947 2648 legen—

168 2647 232 2674 dum
250 2646 389 2681 θερισμοῦ.

206 2681 261 2716 (81)
279 2681 367 2709 Codex
383 2682 549 2714 Casinensis,
573 2691 582 2707 ι
602 2682 714 2709 cﬂundit
729 2682 838 2709 famem.
859 2691 868 2707 ι
894 2682 946 2708 Βο-

169 2716 280 2752 biensis,
294 2725 303 2742 ι
322 2717 555 2744 ell'undell'amcm.
573 2727 582 2743 ι
603 2717 654 2744 Sed
670 2726 718 2744 nos
730 2726 762 2744 ex
780 2726 855 2752 seqq.
873 2721 899 2744 et
913 2726 945 2744 cx

169 2751 329 2786 Epiphanio,
347 2762 356 2777 ι
375 2757 486 2787 pestem,
508 2762 516 2778 ι
533 2753 731 2780 substituimus.
754 2751 844 2780 Facile
855 2758 944 2779 autem

170 2787 222 2813 fuit.
245 2788 327 2823 veteri
345 2787 440 2815 Latino
464 2788 603 2823 interpreti
627 2788 662 2815 ob
678 2788 882 2815 similitudinem
897 2796 945 2813 vo-

170 2829 242 2855 cum,
257 2822 343 2857 λιμάς,
373 2832 382 2848 ι
407 2823 501 2854 fames.
529 2832 538 2848 ι
563 2827 590 2851 et
612 2823 713 2858 λοιμός,
740 2832 749 2849 ‹
779 2823 871 2857 pestis,
890 2831 899 2848 ι
919 2823 944 2848 in

171 2857 242 2884 hunc
257 2864 377 2884 errarem
391 2858 518 2885 incidere.

997 1586 1049 1613 alia
1074 1592 1182 1620 quoque
1206 1592 1319 1619 corpora
1341 1585 1566 1613 transfunduntur
1581 1586 1648 1622 (85).
1675 1587 1704 1615 ln
1729 1589 1781 1616 hoc

996 1632 1084 1667 primo
1098 1636 1228 1667 purgatur
1239 1630 1339 1665 aliquid
1355 1639 1385 1658 ex
1402 1639 1433 1658 ea
1448 1639 1556 1666 parum;
1578 1633 1674 1660 deinde
1691 1639 1782 1662 trans-

997 1678 1121 1705 funditur
1138 1679 1165 1706 in
1191 1687 1297 1712 canem,
1326 1684 1371 1707 aut
1394 1680 1420 1707 in
1439 1681 1586 1714 camelum,
1611 1687 1657 1709 aut
1673 1682 1699 1710 in
1716 1683 1783 1711 alte-

997 1723 1054 1750 rius
1063 1724 1189 1752 animalis
1200 1733 1308 1759 corpus.
1326 1725 1403 1758 Quod
1416 1726 1438 1753 si
1456 1726 1628 1754 homicidium
1642 1729 1782 1756 commisit

997 1770 1098 1802 anima,
1110 1770 1136 1797 in
1148 1771 1393 1805 elcphantiacorum
1409 1779 1520 1806 corpora
1540 1772 1595 1806 (86)
1613 1773 1781 1801 transfundi-

998 1819 1059 1847 tur;
1085 1814 1156 1849 quod
1181 1815 1203 1842 si
1228 1822 1343 1842 messem
1368 1816 1473 1849 secuit,
1499 1817 1525 1843 in
1544 1822 1643 1845 mutos.
1666 1817 1781 1847 Nomina

997 1865 1086 1887 autem
1106 1860 1203 1888 anima:
1217 1865 1280 1888 sunt
1296 1862 1363 1893 ista,
1382 1869 1475 1894 mens,
1491 1870 1602 1895 sensus,
1618 1864 1777 1898 prudentia,

999 1904 1159 1938 intellectus,
1175 1905 1302 1941 cogitatio
1316 1906 1382 1941 (87).
1401 1906 1532 1934 Messores
1543 1912 1631 1935 autem
1645 1909 1689 1944 qui
1707 1917 1778 1937 mes-

998 1958 1054 1978 sem
1072 1955 1185 1984 metunt,
1201 1952 1378 1979 conferuntur
1393 1953 1569 1988 principibus,
1585 1954 1631 1989 qui
1646 1963 1678 1982 ex
1693 1959 1778 1982 mate—

998 1998 1037 2025 ria
1050 1997 1101 2025 orti
1116 1997 1231 2034 (88-89),
1242 1999 1268 2026 in
1284 1999 1402 2028 tenebris
1414 2004 1527 2033 sunt,ex
1538 2009 1595 2036 quo
1602 2002 1779 2030 manducavi:-

1033 2086 1088 2122 (82)
1109 2086 1276 2122 Epiphanius
1296 2085 1376 2114 habet
1391 2095 1398 2114 :
1416 2096 1425 2113 ι
1442 2086 1475 2113 Et
1488 2094 1581 2114 omnes
1598 2086 1720 2115 homines
1735 2096 1777 2115 ra-

998 2122 1071 2150 dices
1084 2123 1184 2149 habent
1200 2122 1270 2149 infra
1284 2129 1344 2149 cum
1359 2122 1543 2156 superioribus
1559 2130 1704 2149 conncxas.
1722 2132 1731 2148 ›

1045 2157 1089 2192 85)
1108 2157 1198 2184 Codex
1207 2157 1365 2192 ,Bobiensis,
1383 2167 1392 2183 ι
1411 2162 1474 2184 tunc
1486 2165 1546 2184 cum
1561 2157 1677 2192 incipiet.
1696 2166 1705 2182 ›

1045 2192 1089 2225 84)
1109 2192 1185 2226 Apud
1203 2191 1381 2227 Epiphanium
1396 2192 1494 2227 legitur
1513 2203 1519 2219 :
1539 2202 1547 2218 ι
1563 2191 1639 2225 Qudd
1655 2192 1678 2219 si
1696 2200 1776 2227 supc-

999 2228 1083 2254 riorcs
1102 2233 1191 2261 partes
1206 2228 1326 2254 radicutn
1343 2235 1398 2261 pne
1410 2227 1500 2254 labore
1515 2228 1682 2261 quatiautur,
1699 2232 1778 2255 terra:

996 2268 1085 2289 motus
1097 2264 1124 2288 lit
1136 2266 1225 2296 ,atque
1235 2262 1419 2297 consequitur,
1428 2261 1582 2297 Omophoro
1592 2262 1699 2297 quidem
1713 2262 1778 2290 insi-

995 2297 1051 2325 mul
1065 2303 1207 2326 concusso.
1226 2306 1235 2323 ι

1030 2332 1086 2367 (85)
1100 2332 1197 2367 ,Codex
1222 2331 1370 2364 Bobiensis,
1399 2341 1409 2357 ι
1430 2331 1648 2364 transferuntur;
1675 2340 1685 2357 ι
1708 2332 1777 2360 mala

995 2366 1084 2394 lectio.
1098 2366 1263 2402 Epiphanius
1276 2367 1368 2402 habet,
1382 2375 1391 2392 ι
1404 2367 1540 2402 quomodo
1554 2367 1642 2393 anima
1657 2366 1683 2393 in
1698 2368 1778 2402 quiu-

995 2410 1048 2437 que
1064 2401 1176 2436 corpora
1195 2401 1407 2437 transfundatur.
1423 2401 1555 2432 Primum,
1571 2406 1622 2429 etc.
1645 2411 1654 2427 ι

1030 2436 1085 2471 (86)
1106 2437 1195 2465 Codex
1209 2436 1360 2467 Bobiensis,
1383 2445 1392 2462 ι
1412 2436 1586 2464 homicidium
1608 2437 1725 2469 admisit,
1746 2445 1776 2464 a-

996 2474 1068 2498 nima
1085 2472 1111 2499 in
1126 2472 1328 2506 elephantorum
1345 2478 1470 2506 corpora.
1488 2481 1497 2498 ι
1515 2472 1542 2498 ln
1556 2471 1693 2499 Casinensi
1709 2472 1776 2499 scri-

996 2507 1068 2534 bitur
1079 2526 1086 2538 ,
1107 2516 1116 2533 l
1136 2508 1161 2534 in
1178 2506 1303 2533 clefautia
1318 2513 1412 2533 eorum
1424 2514 1553 2541 corpora,
1572 2516 1582 2532 ι
1598 2507 1668 2541 quod
1685 2507 1777 2540 prtcul

995 2542 1088 2575 dubio,
1105 2551 1113 2568 ε
1132 2542 1390 2577 elephantiacorum,
1410 2550 1419 2567 ι
1436 2543 1486 2577 legi
1505 2542 1593 2569 debet.
1612 2541 1777 2576 Epiphanius

997 2582 1085 2604 tamen
1112 2577 1207 2610 habet,
1232 2576 1372 2611 κελεφῶν,
1391 2585 1401 2603 ί
1427 2576 1598 2613 celephorum
1626 2585 1635 2601 ι
1655 2577 1775 2610 ignotum

997 2612 1195 2649 Inihi‘anjmal.‘
1302 2646 1319 2649 ﬂ
1432 2646 1437 2649 _
1485 2612 1490 2613 ⁷
1538 2646 1544 2649 Α
1573 2645 1593 2649 _
1615 2645 1621 2649 _
1643 2645 1649 2649 .
1698 2643 1704 2649 .

1030 2647 1086 2680 (87)
1105 2647 1232 2675 Petavius
1258 2646 1355 2674 melius
1373 2646 1452 2673 vertit
1476 2646 1545 2680 apud
1573 2645 1753 2680 Epiphanium
1767 2665 1775 2676 ,

999 2691 1008 2707 ι
1025 2690 1112 2715 mens,
1138 2683 1229 2715 notio,
1255 2682 1444 2716 intelligentia,
1467 2681 1610 2716 cogitatio,
1631 2680 1775 2707 ratiocina-

996 2722 1043 2745 ιιο.
1060 2726 1070 2742 ι

1032 2751 1137 2787 (88-89)
1154 2752 1242 2781 Codex
1251 2750 1400 2784 Bobiensis,
1412 2760 1421 2777 ε
1432 2751 1478 2786 qui
1493 2758 1525 2778 ex
1540 2749 1651 2787 materia
1659 2749 1748 2787 horti,
1761 2758 1771 2776 ι

995 2785 1238 2822 typographorum,
1258 2793 1286 2815 ut
1305 2788 1427 2822 videtur,
1443 2793 1544 2822 errore.
1566 2785 1643 2822 Apud
1659 2785 1775 2820 Epipha-

996 2821 1069 2849 niuni
1084 2823 1191 2857 legitur,
1208 2833 1218 2849 ι
1234 2823 1281 2858 qui
1296 2823 1330 2851 ab
1345 2821 1420 2849 initio
1431 2822 1458 2848 in
1473 2821 1590 2849 tenebris
1606 2825 1678 2848 sunt.
1697 2829 1707 2847 ι

1589 2976 1644 3056 ΗΑΓ

1539 3056 1588 3160 ιβ
1660 3100 1712 3164 ιθ
1743 3149 1744 3154 η

26 3215 30 3219 .
467 3185 716 3225 ""
753 3209 792 3230 ι.
1521 3160 1540 3200 Γέ

28 3310 32 3314 ’
1497 3300 1512 3348 β
1609 3296 1629 3354 ἓν

1087 3390 1107 3428 (π
1188 3396 1227 3432 η
1481 3348 1496 3420 μί

1179 3504 1200 3552 τι
1256 3500 1265 3552 xl
1465 3508 1476 3552 ί
1552 3499 1579 3552 1'
