3982 6346
476 326 617 386 ΝΠ

1454 321 1636 378 ACTA
1672 319 2209 378 DISPUTATIONIS
2246 321 2304 376 S.
2342 321 2685 377 ARCHELAI

3568 319 3700 376 H58

477 447 712 504 adorant
762 443 1282 515 concupiscentiam.
1322 442 1482 497 deum
1513 459 1632 498 eam
1666 452 1937 512 putantes.
1961 441 2032 498 De

2139 443 2476 513 ποιήσωμεν
2501 443 2815 512 ἄνθρωπον
2851 443 2985 498 κατ’
3019 444 3224 498 εἰκόνα
3256 442 3576 514 ἡμετέραν,
3604 447 3702 500 καὶ

477 539 649 592 Adam
675 553 800 591 vero
830 535 1104 606 quomodo
1136 542 1353 589 creatus
1382 535 1472 599 sit,
1504 534 1574 588 ita
1605 535 1756 597 dicit,
1789 535 1916 604 quia
1938 534 2033 603 qui

477 631 644 683 dicit:
699 627 876 692 Venite
922 627 1055 697 (‘27),
1093 627 1353 695 faciamus
1411 625 1674 680 hominem
1731 627 1800 679 ad
1847 626 2038 696 imagi-

479 737 594 774 nem
641 731 687 772 et
740 718 1142 772 similitudinem
1216 726 1449 770 nostram
1475 716 1517 782 ⁶,
1581 719 1879 772 secundum
1923 717 2034 788 (28)

478 828 597 867 cam
629 827 790 880 quam
824 811 1068 865 videmus
1096 810 1351 874 formam,
1380 809 1633 879 princeps
1681 819 1765 864 est
1793 813 1885 879 qui
1923 811 2037 864 lucc

479 904 611 958 dicit
656 904 720 957 ad
771 904 1004 972 collegas
1058 917 1186 957 suos
1242 901 1514 971 principes
1545 919 1558 954 :
1588 902 1640 956 id
1673 891 2033 970 esttVenite,

480 997 602 1051 date
653 997 784 1050 mihi
819 996 884 1050 dc
917 995 1121 1049 lumine
1155 994 1300 1064 quod
1337 993 1666 1062 accepimus,
1691 1001 1744 1047 et
1772 993 2036 1049 faciamus

481 1089 774 1144 secundum
805 1098 1069 1152 nostram,
1096 1086 1188 1156 qui
1222 1085 1334 1156 (‘29)
1374 1086 1648 1155 principes
1681 1101 1892 1149 sumus,
1926 1085 2036 1139 for-

478 1197 644 1244 mam,
684 1191 737 1237 et
781 1182 1076 1236 secundum
1113 1194 1231 1233 eam
1276 1193 1442 1248 quam
1473 1177 1742 1243 videmus,
1774 1177 1917 1247 quod
1953 1187 2038 1231 est

479 1277 684 1346 primus
703 1276 866 1328 homo
887 1293 901 1338 ;
921 1284 972 1328 et
992 1274 1060 1328 ita
1081 1272 1353 1326 hominem
1369 1278 1714 1326 creaverunt.
1736 1268 1900 1322 Evam
1920 1267 2033 1338 (50)

477 1384 689 1439 quoque
722 1367 970 1422 similiter
1029 1365 1293 1426 fecerunt,
1329 1363 1522 1417 dantes
1569 1362 1618 1417 ei
1667 1361 1734 1416 de
1774 1360 2036 1429 concupi-

2140 535 2266 588 καθ’
2304 535 2606 604 ὁμοίωσιν,
2647 536 2680 606 ἦ
2729 533 2848 588 καθ’
2888 536 2954 606 ἣν
3001 535 3211 606 εἴδομεν
3252 537 3489 608 μορφὴν,
3526 536 3704 608 ἄρχων

2140 627 2307 688 ἐστὶν,
2354 626 2382 678 ὁ
2427 625 2593 681 εἰπὼν
2640 630 2750 689 τοῖς
2795 627 3001 697 ἑτέροις
3047 627 3325 699 ἄρχουσιν,
3369 629 3476 691 ὅτι,
3521 629 3703 692 Δεῦτε,

2141 716 2256 770 δότε
2290 735 2376 788 μοι
2411 721 2473 772 ἐκ
2512 720 2604 772 τοῦ
2637 719 2812 788 φωτὸς
2846 713 2906 772 οὗ
2948 719 3230 791 ἐλάϐομεν,
3263 723 3357 773 κα)¹
3396 723 3705 793 ποιήσωμεν

2141 808 2424 878 ἄνθρωπον
2471 810 2610 864 κατὰ
2655 809 2752 882 τὴν
2797 811 2829 882 ἡ
2840 811 2954 882 μῶν
2997 811 3103 864 τῶν
3153 813 3430 882 ἀρχόντων
3475 815 3708 884 μορφὴν,

2143 900 2262 954 καθ’
2288 901 2353 971 ἦν
2376 900 2606 972 εἴδομεν,
2634 902 2662 955 ὅ
2686 902 2802 955 ἔστι
2831 902 3046 974 πρῶτος
3074 903 3357 974 ἄνθρωπος
3376 921 3389 934 ·
3417 905 3513 957 καὶ
3543 904 3710 967 οὕτως

2141 991 2320 1044 ἔκτισε
2334 990 2444 1063 [τσ.
2467 992 2708 1063 ἔκτισαν]
2728 995 2816 1046 τὸν
2840 993 3257 1064 ἄνθρωπον.Τὴν
3277 994 3332 1047 δὲ
3349 994 3493 1047 Εὕαν
3508 997 3710 1065 ὁμοίως

2139 1083 2384 1146 ἔκτισαν,
2413 1083 2590 1147 δόντες
2626 1085 2760 1156 αὐτῇ
2792 1087 2856 1137 ἐκ
2881 1083 2979 1155 τῆς
3007 1085 3300 1156 ἐπιθυμίας
3329 1086 3529 1148 αὐτῶν,
3577 1088 3711 1156 πρὸς

2138 1175 2198 1229 τὸ
2240 1175 2573 1245 ἐξαπατῆσαι
2616 1175 2703 1228 τὸν
2749 1176 2946 1249 Ἀδάμ·
2987 1178 3080 1231 καὶ
3121 1177 3208 1230 διὰ
3243 1179 3447 1232 τούτων
3489 1179 3709 1248 γέγονεν

2139 1268 2172 1338 ἡ
2205 1266 2401 1329 πλάσις
2431 1265 2523 1319 τοῦ
2569 1266 2772 1339 κόσμου
2803 1270 2868 1322 ἐκ
2901 1269 2998 1342 τῆς
3029 1268 3120 1322 τοῦ
3163 1269 3420 1340 ἄρχοντος
3457 1271 3712 1343 δημιουρ-

2141 1359 2283 1427 γίας.

477 1462 680 1517 scentia
723 1476 817 1514 sua
855 1459 919 1512 ad
964 1457 1336 1527 decipiendum
1374 1457 1581 1523 Adam;
1637 1462 1691 1509 et
1735 1469 1831 1524 per
1884 1453 1999 1508 haec
2059 1450 2261 1506 factum
2317 1459 2404 1506 est.
2451 1450 2760 1521 figmentum
2805 1451 2992 1506 mundi
3040 1452 3153 1523 (51)
3199 1469 3294 1522 per
3344 1455 3711 1512 ecvnditionetn

480 1568 764 1626 prmerpts.

550 1646 636 1700 XI.
684 1645 850 1699 Deum
891 1658 1020 1698 vero
1053 1658 1160 1696 non
1208 1641 1410 1697 habere
1451 1650 1658 1712 partem
1702 1655 1825 1696 cum
1870 1654 2032 1692 mun-

477 1742 546 1796 do
576 1739 709 1809 (52),
745 1754 844 1792 nec
867 1737 1098 1807 gaudere
1131 1751 1296 1805 super
1330 1751 1414 1798 eo,
1446 1735 1592 1805 quod
1623 1735 1733 1805 (55)
1769 1735 1837 1788 ab
1876 1733 2031 1788 initio

477 1829 678 1885 furtum
717 1827 827 1897 (54)
859 1842 1051 1896 passus
1084 1826 1204 1880 sita
1239 1825 1594 1895 principibus,
1624 1834 1679 1879 et
1722 1825 1913 1879 oborta
1947 1823 2034 1878 fu-

477 1922 581 1976 erit
612 1921 660 1974 ei
698 1917 974 1973 tribulatio
1007 1917 1147 1972 :hac
1195 1916 1261 1970 de
1307 1932 1471 1970 causa
1515 1915 1702 1981 mittit,
1739 1925 1793 1969 et
1822 1913 2036 1968 furatur

481 2013 548 2067 ab
581 2013 660 2066 eis
709 2011 944 2064 animam
982 2025 1136 2064 suam
1184 2007 1425 2077 quotidie
1458 2023 1553 2078 per
1583 2005 1869 2061 luminaria
1899 2007 2030 2069 luce,

477 2105 528 2160 id
579 2111 663 2158 est
703 2118 798 2173 per
859 2103 1025 2156 solem
1073 2110 1127 2154 et
1172 2100 1376 2166 lunam,
1424 2114 1522 2170 per
1561 2113 1699 2169 quos
1750 2097 2036 2152 universus

479 2194 712 2248 mundus
759 2203 814 2248 et
865 2192 1043 2247 omnis
1101 2200 1351 2246 creatura
1405 2199 1653 2260 raptatur
1703 2189 1840 2258 (55).
1877 2187 2032 2241 lllum

478 2300 604 2340 vero
637 2285 729 2354 qui
757 2285 971 2339 locutus
1001 2290 1081 2336 est
1115 2296 1236 2336 cum
1264 2279 1448 2352 Moyse
1481 2290 1530 2335 et
1551 2279 1751 2335 Judaais
1776 2288 1830 2334 et
1857 2293 2036 2332 sacer-

477 2378 716 2441 dotibus,
753 2376 1048 2446 principem
1084 2373 1216 2429 dicit
1247 2388 1369 2428 esse
1403 2374 1747 2428 tenebrarum
1775 2391 1788 2428 :
1819 2381 1874 2428 et
1915 2371 2036 2426 ideo

480 2486 647 2526 unum
679 2479 839 2538 atque
863 2468 1002 2523 idem
1031 2476 1158 2523 sunt
1182 2465 1499 2526 Christiani.
1529 2474 1584 2519 et
1608 2463 1799 2532 Judaei,
1822 2472 1876 2520 et
1906 2480 2038 2536 gen-

478 2573 581 2626 tes,
616 2562 863 2616 eumdem
899 2559 1064 2614 Deum
1096 2559 1208 2630 (56)
1239 2559 1512 2625 colentes;
1543 2559 1595 2612 in
1647 2557 2038 2628 concupiscen-

479 2654 568 2711 tiis
590 2654 733 2710 enim
768 2652 883 2708 suis
907 2651 1114 2706 seducit
1141 2665 1257 2714 eos,
1289 2650 1418 2720 quia
1465 2665 1570 2704 non
1607 2658 1690 2704 est
1722 2648 1862 2705 Deus
1895 2647 2038 2704 veri-

478 2747 624 2801 tatis.
670 2744 894 2814 Propter
928 2745 1033 2798 hoc
1087 2759 1216 2814 ergo
1250 2743 1561 2812 quicunque
1593 2741 1646 2795 in
1679 2742 1830 2796 illum
1863 2740 2034 2798 Deum

477 2847 697 2908 sperant
736 2837 868 2907 (57),
897 2836 988 2906 qui
1042 2849 1165 2888 cum
1211 2833 1394 2904 Moyse
1447 2834 1660 2887 locutus
1707 2841 1788 2887 est
1817 2841 1870 2887 et
1907 2849 2035 2902 pro-

478 2931 680 3001 phetis,
723 2944 844 2983 cum
892 2928 1009 2998 ipso
1044 2927 1246 2980 habent
1291 2924 1523 2978 vinculis
1560 2923 1719 2988 tradi,
1750 2925 1877 2992 quia
1928 2940 2034 2979 non

478 3027 831 3092 speraverunt
860 3019 912 3072 in
946 3018 1112 3090 Deum
1143 3016 1416 3082 veritatis;
1449 3013 1538 3070 ille
1569 3015 1712 3069 enim
1737 3015 2033 3071 secundum

477 3111 942 3180 concupiscentias
970 3123 1098 3163 suas
1120 3109 1332 3163 locutus
1359 3115 1442 3163 est
1479 3123 1603 3162 cum
1637 3108 1736 3162 eis.
1761 3106 1890 3162 Post
1921 3108 2035 3163 haec

475 3219 606 3258 vero
635 3202 817 3257 omnia
863 3199 930 3254 ad
978 3199 1228 3254 ultimum
1261 3199 1411 3264 dicit,
1446 3199 1586 3253 sicut
1614 3200 1730 3268 ipse
1758 3200 1978 3269 scripsit
2007 3217 2020 3254 :

2118 1605 2122 1613 l
2207 1635 2309 1690 Τὸν
2351 1635 2408 1688 δὲ
2445 1635 2578 1689 Θεὸν
2617 1636 2693 1708 μὴ
2725 1636 2867 1706 ἔχειν
2903 1638 3070 1709 μέρος
3117 1637 3232 1709 μετ’
3281 1639 3448 1692 αὐτοῦ
3484 1642 3579 1694 τοῦ
3625 1639 3714 1693 κό-

2139 1744 2297 1800 σμου,
2332 1728 2462 1799 μηδὲ
2490 1729 2696 1799 χαίρειν
2737 1729 2822 1782 ἐπ’
2855 1730 3023 1799 αὐτῷ,
3057 1729 3142 1782 διὰ
3174 1730 3233 1782 τὸ
3273 1730 3333 1794 ἐξ
3362 1732 3537 1802 ἀρχῆς
3568 1748 3715 1785 σεσυ-

2137 1821 2328 1892 λῆσθαι
2361 1821 2521 1873 αὐτὸν
2545 1820 2648 1873 ὑπὸ
2676 1821 2783 1872 τῶν
2825 1820 3118 1891 ἀρχόντων,
3146 1822 3239 1875 καὶ
3272 1821 3527 1888 γενέσθαι
3570 1821 3714 1893 αὐτῷ

2139 1913 2348 1984 θλίψινο
2401 1911 2587 1966 τούτου
2629 1913 2788 1982 χάριν
2831 1913 3058 1983 πέμπει,
3101 1913 3193 1966 καὶ
3231 1913 3365 1984 συλᾷ
3402 1914 3500 1966 ἀπ’
3539 1915 3712 1968 αὐτῶν

2134 2006 2232 2078 τὴν
2271 2005 2447 2076 ψυχὴν
2491 2005 2657 2057 αὑτοῦ
2704 2003 2824 2057 καθ’
2874 2004 3089 2076 ἡμέραν
3135 2004 3223 2058 διὰ
3257 2005 3364 2057 τῶν
3409 2006 3712 2077 φωστήρων

2135 2097 2355 2160 τούτων,
2379 2097 2530 2168 ἡλίου
2557 2093 2651 2150 καὶ
2681 2097 2928 2169 σελήνης,
2961 2098 3048 2166 ὑφ’
3080 2091 3153 2150 ὧν
3181 2098 3298 2161 ὅλος
3327 2101 3357 2150 ὁ
3390 2098 3595 2169 κόσμος
3621 2101 3712 2153 καὶ

2133 2193 2286 2244 πᾶσα
2318 2192 2351 2260 ή
2397 2189 2572 2252 κτίσις
2616 2189 2940 2259 ἁρπάζεται.
2991 2190 3092 2243 Τὸν
3124 2191 3180 2244 δὲ
3220 2190 3519 2262 λαλήσαντα
3567 2193 3715 2262 μετὰ

2133 2280 2428 2344 Μωῦσέως,
2459 2281 2555 2335 καὶ
2597 2281 2704 2334 τῶν
2756 2281 3042 2346 Ἰουδαίων,
3087 2283 3182 2337 καὶ
3223 2283 3331 2335 τῶν
3367 2283 3571 2354 ἱερέων,
3613 2283 3711 2337 τὸν

2135 2373 2371 2444 ἄρχοντα
2405 2372 2550 2441 λέγει
2588 2368 2727 2426 εἶναι
2765 2372 2855 2426 τοῦ
2897 2375 3152 2437 σκότους⁴
3183 2374 3323 2428 ὥστε
3365 2374 3422 2427 ἓν
3474 2376 3578 2427 εἰσι
3616 2377 3712 2429 καὶ

2133 2463 2193 2518 τὸ
2239 2465 2370 2518 αὐτὸ
2411 2466 2463 2519 οἵ
2502 2483 2560 2519 τε
2601 2466 2936 2537 Χριστιανοὶ,
2977 2467 3072 2520 καὶ
3114 2468 3163 2520 οἱ
3218 2467 3480 2531 Ἰουδαῖοι,
3522 2463 3618 2520 καὶ
3662 2469 3712 2521 ot

2140 2557 2360 2622 ἐθνικοὶ,
2393 2558 2482 2611 τὸν
2514 2559 2677 2613 αὐτὸν
2709 2558 2838 2612 Θεὸν
2877 2557 3158 2625 σέϐοντες·
3195 2563 3253 2613 ἐν
3284 2561 3391 2631 γὰρ
3423 2564 3545 2623 ταῖς
3591 2564 3710 2614 ἐπι-

2135 2649 2354 2721 θυμίαις
2406 2649 2570 2704 αὑτοῦ
2617 2649 2860 2721 ἐξαπατᾷ
2908 2652 3125 2716 αὐτοὺς,
3179 2652 3277 2705 οὐκ
3325 2650 3401 2704 ὣν
3455 2652 3710 2722 ἀληθείας

2135 2742 2289 2806 Θεός.
2333 2741 2432 2794 Διὰ
2459 2740 2614 2794 τοῦτο
2655 2736 2746 2794 οὖν
2782 2742 2898 2794 ὅσοι
2932 2742 3018 2795 ἐπ’
3051 2743 3255 2794 ἐκεῖνον
3297 2740 3579 2806 ἐλπίζουσι
3620 2741 3712 2794 τὸν

2134 2836 2286 2898 Θεὸν,
2317 2834 2408 2887 τὸν
2451 2833 2588 2905 μετὰ
2621 2833 2896 2898 Μωῡσέως
2938 2833 3243 2905 λαλήσαντα
3283 2833 3379 2887 καὶ
3421 2833 3532 2886 τῶν
3581 2850 3714 2905 προ-

2134 2925 2339 2996 φητῶν,
2376 2925 2490 2998 μετ’
2530 2924 2692 2978 αὐτοῦ
2729 2925 2908 2995 ἔχουσι
2939 2925 3177 2996 δεθῆναι,
3215 2927 3296 2978 ὅτι
3339 2927 3445 2979 οὐκ
3469 2926 3710 2997 ἤλπισαν

2134 3019 2226 3071 ἐπὶ
2259 3018 2348 3072 τὸν
2391 3018 2522 3072 Θεὸν
2564 3017 2662 3087 τῆς
2703 3015 2990 3089 ἀληθείαςο
3038 3018 3241 3082 ἐκεῖνος
3283 3016 3392 3089 γὰρ
3428 3017 3574 3088 μετὰ
3611 3018 3711 3082 τὰς

2134 3109 2424 3181 ἐπιθυμίας
2454 3109 2632 3162 αὐτῶν
2658 3108 2882 3179 ἐλάλησε
2916 3108 3030 3180 μετ’
3052 3109 3249 3163 αὐτῶν.
3277 3109 3429 3162 Μετὰ
3453 3110 3511 3163 δὲ
3532 3110 3710 3164 πάντα

2134 3201 2306 3254 ταῦτα
2352 3203 2445 3255 ἐπὶ
2491 3201 2630 3254 τέλει
2675 3200 2843 3270 λέγει,
2888 3200 3070 3264 καθὼς
3122 3201 3282 3264 αὐτὸς
3325 3201 3601 3273 ἔγραψενο
3656 3204 3713 3256 '0

481 3293 674 3348 Senior
706 3307 828 3347 cum
853 3290 1193 3345 manifestam
1223 3290 1336 3362 (58)
1365 3289 1554 3345 fecerit
1576 3291 1698 3359 ejus
1720 3291 2032 3361 imaginem,

2138 3295 2466 3366 πρεσϐύτης,
2501 3295 2628 3349 ὅταν
2670 3295 2918 3366 προφανῇ
2955 3293 3116 3346 αὑτοῦ
3152 3293 3247 3364 τὴν
3294 3295 3498 3358 εἰκόνα,
3529 3296 3652 3348 τότε
3683 3297 3713 3348 ὁ

477 3393 606 3439 tunc
638 3383 752 3454 ipse
781 3383 1124 3453 Omophorus
1150 3392 1302 3437 extra
1346 3397 1405 3438 se
1447 3392 1644 3438 terram
1677 3384 2030 3454 derelinquit,

475 3483 531 3530 et
573 3476 645 3528 ita
687 3474 974 3529 dimittitur
1015 3488 1245 3543 magnus
1286 3473 1373 3527 ille
1424 3473 1584 3544 ignis,
1641 3474 1734 3542 qui
1770 3475 2034 3529 mundum

476 3575 762 3623 consumat
789 3566 1126 3621 universum.
1162 3565 1361 3620 Deinde
1388 3565 1582 3620 iterum
1615 3565 1895 3621 dimittunt
1918 3567 2037 3620 ani-

479 3673 646 3721 mam,
682 3672 804 3726 qua:
829 3656 1084 3726 objicitur
1118 3656 1258 3710 inter
1285 3655 1520 3710 medium
1547 3655 1672 3709 novi
1698 3657 1881 3712 saeculi
1901 3657 2033 3728 (59),

478 3759 540 3804 ut
591 3764 780 3804 omnes
839 3748 1033 3804 animae
1091 3754 1433 3818 peccatorum
1493 3748 1806 3804 vinciantur
1839 3751 1951 3820 (40)
1977 3751 2033 3805 in

477 3853 756 3901 aeternum.
786 3842 941 3898 Tunc
975 3850 1155 3896 autem
1195 3841 1312 3896 haec
1363 3840 1512 3904 ﬁent,
1540 3857 1664 3896 cum
1709 3850 1910 3896 statuta
1941 3858 2033 3897 ve-

476 3937 617 3993 nerit
649 3937 764 3991 dies
791 3935 921 4006 (Al).
957 3933 1294 3988 Prolationes
1314 3931 1424 4003 (42)
1448 3941 1628 3988 autem
1658 3947 1847 3989 omnes
1871 3932 2032 3989 Jesus

547 4055 568 4085 '
600 4053 733 4110 Gen.
765 4068 805 4118 ι,
836 4051 934 4107 26..

474 4169 621 4224 bitur
669 4163 1329 4237 drchvaploug.__Meliore
1380 4173 1561 4237 tamen
1614 4164 1878 4237 vocabulo
1935 4181 2031 4222 eos

474 4236 869 4311 ἁπλουστέρους
890 4233 1051 4289 vocat
1073 4233 1255 4289 Manes
1285 4237 1338 4289 in
1364 4235 1588 4305 epistola
1611 4236 1678 4290 ad
1699 4235 2027 4304 Marcellum,

477 4307 978 4378 superius'relata._
1160 4374 1170 4378 _
1461 4350 1516 4378 __.

549 4373 660 4450 (27)
691 4377 830 4450 idem
881 4375 1083 4450 codex,
1115 4393 1134 4425 ι
1160 4374 1230 4450 ita
1278 4373 1427 4450 dicit:
1461 4373 1717 4450 Venite.»_
1761 4373 1863 4450 _Sed
1918 4376 2031 4432 haec

2151 3380 2446 3459 Ὦμοφόρος
2479 3387 2700 3457 ἀφίησιν
2733 3385 2837 3453 ἔξω
2867 3385 2963 3457 τὴν
2996 3386 3122 3456 γῆν,
3150 3387 3242 3439 καὶ
3271 3385 3444 3449 οὕτως
3477 3385 3710 3439 ἀπολύε-

2139 3497 2226 3532 ται
2273 3477 2333 3531 τὸ
2380 3477 2519 3549 μέγα
2574 3477 2698 3548 πῦρ,
2749 3475 2842 3530 καὶ
2881 3477 3000 3529 ὅλον
3038 3475 3315 3528 ἀναλίσκει
3349 3476 3440 3528 τὸν
3483 3476 3706 3545 κόσμον.

2138 3567 2271 3623 Εἶτα
2303 3569 2462 3624 πάλιν
2495 3568 2684 3639 ἀφίησι
2713 3567 2803 3622 τὸν
2843 3567 3009 3639 βῶλον
3044 3567 3179 3648 μετὰ
3211 3567 3304 3620 τοῦ
3335 3567 3458 3620 νέου
3491 3567 3709 3631 αἰῶνος,

2135 3664 2281 3727 ὅπως
2301 3665 2468 3716 πεῖσαι
2497 3664 2551 3715 αἱ
2573 3661 2742 3732 ψυχαὶ
2766 3660 2874 3714 τῶν
2896 3660 3230 3732 ἁμαρτωλῶν
3253 3659 3481 3713 δεθῶσιν
3515 3661 3596 3722 είς
3619 3661 3708 3712 τὸν

2133 3754 2323 3808 αἰῶνα.
2353 3754 2483 3806 Τότε
2507 3753 2753 3807 δὲταῦτα
2779 3756 3081 3825 γενήσεται,
3106 3754 3233 3807 ὅταν
3258 3755 3286 3806 ὁ
3313 3753 3538 3824 ἀνδριὰς
3558 3753 3703 3825 ἔλθῃ.

2133 3847 2198 3899 Δί
2238 3845 2294 3898 δέ
2339 3844 2599 3916 προϐολαὶ
2632 3846 2822 3907 πᾶσαι,
2873 3846 2902 3898 ό
2958 3844 3182 3916 Ἰησοῦς,
3231 3847 3260 3898 ό
3307 3845 3366 3896 ἐν
3407 3844 3487 3915 τῷ
3531 3844 3707 3916 μικρῷ

2135 3938 2325 4009 πλοίῳ,
2355 3939 2447 3991 καὶ
2481 3941 2514 4009 ἡ
2551 3941 2729 4010 μήτηρ
2756 3940 2856 4010 τῆς
2879 3939 3042 4009 ζωῆς,
3077 3940 3172 3993 καὶ
3203 3939 3252 3991 οἱ
3277 3937 3488 3992 δώδεκα
3514 3937 3707 4010 κυϐερ-

2210 4172 2319 4241 (57)
2347 4171 2483 4226 Male
2511 4171 2682 4228 codex
2704 4171 3008 4239 Bobiensis,
3045 4190 3065 4223 α
3085 4179 3361 4242 superant.
3397 4189 3415 4224 ι

2211 4244 2323 4309 (58)
2364 4242 2680 4297 Casinensis
2730 4250 2785 4296 et
2852 4241 3165 4298 Bobiensis’
3199 4244 3418 4297 codices
3469 4241 3698 4306 habent,

2145 4329 2163 4363 (
2187 4311 2339 4367 Sicut
2365 4315 2478 4380 ipse
2513 4312 2696 4382 senior
2723 4313 2960 4382 scripsit.
3005 4313 3140 4367 Cum
3182 4312 3552 4367 manifestam.
3583 4333 3601 4364 ι
3642 4316 3709 4368 At

2137 4398 2238 4437 nos
2270 4400 2333 4436 ex
2372 4381 2672 4452 Epiphanio
2702 4381 2867 4437 unius
2891 4384 3037 4437 vocis
3061 4383 3488 4452 transpositione
3522 4384 3702 4437 locum

475 4444 624 4503 me'm
643 4444 958 4523 est-librarii
981 4445 1346 4523 hallucinatio.
1381 4444 1647 4523 Caeterum
1688 4445 1874 4523 dolose
1907 4462 2028 4523 cor-
2061 4458 2107 4517 ο
2135 4444 2494 4507 τρειίῑιιίιηίιεζ
2549 4453 2741 4506 Senior
2792 4464 2971 4508 autem
2999 4455 3106 4518 ille,
3135 4444 3234 4506 hoc
3261 4462 3364 4506 est.
3402 4453 3710 4523 πρεσϐύτε-

475 4527 694 4587 ruptum
734 4516 902 4571 fuisse
930 4531 960 4570 a
993 4514 1201 4569 Manete
1236 4515 1381 4568 hunc
1427 4513 1697 4569 Geneseos
1726 4515 1901 4570 locum
1930 4517 2025 4571 ad-

477 4589 681 4712 gzitione
708 4588 857 4642 vocis
910 4603 929 4637 ι
956 4587 1153 4653 venite,
1178 4605 1196 4636 ι
1227 4585 1382 4639 testis
1412 4596 1493 4640 est
1521 4583 1855 4654 Epiphanius
1874 4603 2024 4642 num.

549 4726 660 4798 (‘28)
684 4725 830 4798 idem
859 4726 1051 4798 codex,
1080 4744 1099 4778 ι
1117 4734 1172 4782 et
1197 4723 1516 4781 secundum.
1543 4742 1563 4776 ›

456 4816 460 4821 ·
549 4795 660 4867 (29)
689 4797 874 4853 Codex
892 4796 1193 4864 Bobiensis,
1231 4814 1250 4848 ‹
1276 4803 1479 4862 nostra,
1509 4810 1691 4865 quam
1727 4795 1883 4853 lectio
1925 4797 2029 4852 im-

476 4868 773 4922 probanda.

476 4882 773 4937 prooanoa.

550 4937 659 5008 (50)
684 4937 864 5008 Codex
890 4937 1195 5001 Bobiensis,
1226 4953 1244 4986 ‹
1266 4937 1358 5006 qui
1388 4933 1575 4990 Evam.
1603 4955 1622 5008 ρ

547 5007 659 5078 (51)
686 5007 824 5062 Male
851 5008 1164 5078 Casinensis
1183 5009 1373 5071 codex,
1405 5024 1423 5057 ‹
1451 5007 1731 5060 mundum.
1756 5025 1774 5057 ι

547 5077 660 5148 (52)
687 5078 868 5132 Codex
910 5077 1210 5139 Bobiensis,
1239 5096 1273 5148 ί(
1300 5078 1586 5148 Dominum
1621 5090 1747 5148 vero
1792 5091 1898 5148 non
1927 5077 2023 5131 ha-

474 5145 605 5204 bere
643 5145 855 5220 patrem
897 5163 1024 5204 cum
1088 5147 1312 5202 mundo.
1336 5166 1357 5200 ι
1395 5145 1740 5218 Typographi
1796 5145 2022 5204 forsitan

473 5233 648 5275 error.

567 5291 656 5360 55)
681 5287 860 5360 Codex
883 5287 1185 5360 Bobiensis,
1219 5307 1236 5339 ι
1259 5297 1476 5360 propter
1500 5287 1665 5356 quod.
1694 5304 1712 5338 ο

567 5357 656 5430 54)
687 5359 823 5414 Male
841 5361 1009 5414 codex
1030 5357 1375 5423 Casitiensis,'
1406 5377 1424 5409 ι
1452 5357 1680 5430 furcam.
1701 5375 1721 5408 ι

543 5427 657 5498 (55)
690 5430 873 5485 Codex
933 5429 1236 5490 Bobiensis,
1281 5447 1300 5480 ι
1325 5437 1561 5499 rapatur.
1584 5447 1603 5480 ι
1643 5427 1885 5483 Valesius
1923 5443 2021 5482 au-

478 5504 586 5552 tem
612 5508 758 5554 recte
784 5502 1037 5565 correxit,
1068 5514 1087 5551 t
1114 5507 1378 5568 raptatur.
1403 5517 1422 5550 ι

544 5568 656 5636 (56)
694 5571 872 5624 Codex
920 5566 1251 5634 Casinensis,
1291 5588 1308 5619 ι
1333 5577 1518 5639 gentes
1556 5581 1724 5622 unum
1776 5566 1968 5622 Deum.
1993 5587 2013 5620 ι

476 5634 657 5692 Codex
686 5649 864 5694 autem
891 5639 1190 5705 Bobiensis,
1227 5634 1480 5709 «gentiles
1507 5639 1756 5709 eumdem
1790 5639 2013 5703 Deum,»

479 5721 640 5780 quam
681 5709 990 5774 lectionem,
1023 5708 1276 5780 consona
1302 5723 1438 5780 (cum
1470 5719 1615 5764 esset
1659 5708 1845 5764 Graaco
1874 5709 2016 5780 apud

482 5777 832 5848 Epiphanium
869 5779 1058 5848 textui,
1085 5793 1186 5834 nos
1213 5779 1559 5834 retinuimus.

2135 4540 2248 4595 ρος,
2278 4525 2418 4595 idem
2449 4538 2571 4577 esse
2604 4523 2816 4595 videtur
2849 4538 2970 4576 cum
3012 4539 3098 4584 eo,
3131 4538 3293 4595 quem
3340 4523 3708 4595 infrasenioo

2129 4591 2242 4663 rem
2286 4594 2504 4648 tertium
2551 4601 2728 4663 vocat.
2762 4593 3024 4648 Prmtcrea
3059 4591 3226 4648 codex
3260 4591 3575 4658 Bobiensis,
3605 4610 3705 4663 pro

2135 4680 2154 4714 ι
2182 4661 2394 4734 fecerit,
2416 4682 2434 4714 ι
2469 4664 2631 4734 habet
2666 4661 2922 4734 tfeceris.
2951 4682 2969 4714 ι

2199 4735 2313 4802 (59)
2363 4733 2545 4788 Codex
2587 4732 2891 4803 Bobiensis,
2949 4732 3278 4787 «dimittitur
3334 4733 3547 4795 anima,
3583 4750 3708 4803 qua:

2128 4802 2359 4869 objicior
2392 4803 2534 4858 inter
2561 4802 2798 4857 medium
2825 4804 2952 4857 novi
2970 4803 3172 4857 steculi.
3201 4822 3219 4855 ι
3247 4804 3434 4858 Grzeca
3456 4802 3665 4858 sonant
3690 4823 3704 4858 :

2135 4892 2152 4921 ι
2177 4872 2381 4928 Deinde
2410 4873 2603 4926 iterum
2647 4873 2856 4942 glebam
2907 4889 3050 4926 novo
3079 4889 3202 4927 cum
3237 4888 3389 4928 :eone
3417 4874 3610 4934 mittit,
3644 4885 3702 4928 ut

2127 4958 2316 4997 omnes
2351 4951 2698 5012 peccatorum
2721 4943 2917 5012 anima:
2940 4945 2993 4996 in
3016 4952 3280 4997 aeternum
3306 4943 3544 4997 vinculis
3567 4959 3707 4999 can-

2128 5016 2332 5067 strictae
2353 5010 2659 5068 teneantur.
2688 5030 2706 5063 ι
2738 5010 2891 5067 Unde
2917 5021 3099 5066 autem
3137 5022 3290 5067 tanta
3317 5012 3460 5067 inter
3484 5023 3702 5070 textum

2126 5081 2375 5164 Crazcum
2421 5091 2476 5138 et
2519 5081 2770 5136 Latinam
2802 5085 3107 5137 versionem
3147 5085 3436 5138 diversitas
3461 5085 3702 5148 oriatur,

2126 5168 2340 5208 Ignoro.

2148 5195 2525 5292 .Codex
2553 5220 2855 5292 Bobiensis,
2879 5239 2898 5273 σ
2922 5222 3228 5285 vincantur,
3259 5241 3278 5274 ν
3310 5237 3476 5291 quam
3507 5223 3705 5278 lectio-

2126 5291 2246 5347 nem
2281 5291 2591 5348 mendosam
2614 5307 2737 5348 esse
2767 5291 2987 5348 Graecus
3004 5294 3145 5363 apud
3179 5292 3546 5363 Epiphanium
3584 5305 3706 5349 tex-

2127 5373 2212 5420 tus
2234 5365 2456 5418 evincit.

2197 5433 2309 5504 (41)
2339 5432 2519 5488 Codex
2551 5431 2855 5504 Bobiensis,
2893 5449 2912 5482 ι
2934 5447 3058 5504 eum
3085 5433 3218 5504 rista
3253 5443 3394 5504 tcta
3453 5435 3694 5495 venerit,

2123 5501 2494 5572 probationes,
2522 5522 2541 5555 ι
2561 5513 2666 5558 etc.
2692 5501 2800 5558 Sed
2827 5503 2970 5572 apud
3000 5502 3362 5574 Epiphanium
3387 5513 3498 5572 est,
3536 5519 3695 5561 «cum

2124 5582 2300 5628 statua
2331 5574 2556 5628 venerit.
2580 5590 2599 5624 ι

2194 5643 2306 5712 (ιε)
2334 5642 2432 5699 Hic
2468 5643 2619 5698 locus
2649 5643 2784 5699 mire
2823 5643 2876 5698 in
2923 5641 3182 5699 Bobiensi
3205 5644 3366 5698 etiam
3393 5645 3586 5699 codice
3610 5654 3694 5698 est

2122 5712 2466 5783 depravatus,
2493 5713 2546 5766 in
2576 5729 2684 5783 quo
2712 5716 2792 5769 sic
2813 5714 3040 5783 legitur:
3070 5732 3090 5765 ς
3118 5714 3470 5769 Probationes
3500 5723 3692 5768 autem

2123 5797 2336 5852 omnes,
2374 5782 2532 5840 Jesus
2569 5782 2653 5838 est
2686 5784 2740 5838 in
2770 5782 2979 5840 modica
3031 5783 3178 5852 navi,
3227 5793 3280 5840 et
3334 5794 3506 5839 mater
3539 5785 3692 5848 vitae.
