3982 6346
322 362 461 418 1444)

1440 359 1587 418 ουκ
1623 358 1902 417 ΜΑΝΕΤΕ
1937 359 2470 417 ILERESlARCBA.

3429 362 3565 422 1450

316 480 495 552 ιῆται,
525 476 618 537 καὶ
652 483 686 554 ἠ
724 482 987 554 παρθένος
1037 480 1131 535 τοῦ
1162 482 1355 551 φωτὸς,
1388 482 1481 537 κα)⁵
1509 483 1538 535 ὁ
1582 481 1876 555 πρεσϐύτης

1990 491 2074 537 est
2118 481 2173 535 in
2228 479 2439 536 modica
2491 481 2635 539 navi.
2679 491 2733 535 et
2794 490 2968 536 mater
3020 481 3161 544 vita),
3192 488 3245 535 et
3273 479 3561 537 duodecim

315 572 346 625 ὁ
374 572 574 644 τρίτος,
600 576 629 627 ὁ
657 574 714 625 ἐν
745 572 822 643 τῷ
851 572 1067 645 μεγάλῳ
1099 572 1287 642 πλοίῳ.
1319 572 1412 625 καὶ
1453 572 1513 624 τὸ
1540 570 1648 636 ζῶν
1674 572 1892 645 πνεῦμα

316 666 413 721 καὶ
440 667 502 720 τὸ
531 668 706 737 τεῖχος
735 667 827 720 τοῦ
873 666 1105 738 μεγάλου
1147 665 1336 737 πυρὸς,
1381 666 1472 718 καὶ
1498 669 1561 718 τὸ
1595 667 1769 737 τεῖχος
1795 666 1888 719 τοῦ

315 757 541 825 ἀνέμου,
572 760 666 813 καὶ
693 758 786 813 τοῦ
809 758 989 830 ἀέρος,
1017 758 1112 813 καὶ
1136 757 1229 811 τοῦ
1265 756 1475 821 ὓδατος,
1502 757 1596 810 καὶ
1627 756 1721 811 τοῦ
1751 756 1889 811 ἔσω-

317 852 409 907 θεν
452 852 623 924 mbo;
667 852 761 906 τοῦ
815 850 1030 917 ζῶντος,
1078 850 1213 923 πρὸς
1252 850 1341 904 τὸν
1389 850 1583 921 μικρὸν
1629 851 1890 922 φωστῆρα

315 944 573 1005 οἰκοῦσιν.
608 944 765 1015 ἄχρις
805 943 870 998 ἂν
901 943 963 998 τὸ
1012 942 1123 1013 πῦρ
1161 941 1518 1017 καταναλώσῃ
1557 942 1646 998 τὸν
1686 942 1891 1015 κόσμον

313 1035 454 1098 ὅλον,
480 1037 536 1088 ἐν
561 1041 742 1098 ποσοῖς
771 1052 903 1089 ’ποτε
928 1034 1121 1101 ἔτεσιν,
1151 1029 1225 1088 ὧν
1249 1036 1348 1088 οὐκ
1370 1033 1571 1106 ἔμαθον
1599 1034 1699 1105 τὴν
1729 1035 1890 1088 ποσό-

314 1143 481 1197 τητα.
511 1128 621 1181 Καὶ
655 1127 790 1199 μετὰ
823 1127 989 1181 ταῦτα
1013 1126 1453 1191 ἀποκατάστασις
1476 1125 1626 1181 ἔσται
1660 1126 1768 1181 τῶν
1797 1127 1889 1181 δύο

315 1218 566 1291 φύσεων·
614 1221 709 1274 καὶ
752 1222 801 1274 οι
856 1221 1113 1291 ἄρχοντες
1160 1221 1442 1293 οἰκήσουσι
1486 1220 1556 1275 τὰ
1603 1220 1890 1294 κατώτερα

316 1309 457 1383 μέρη
486 1310 709 1374 ἑαυτῶν,
740 1312 770 1364 ὁ
800 1311 856 1366 δὲ
883 1310 1072 1383 Πατὴρ
1108 1310 1178 1365 τὰ
1208 1308 1472 1381 ἀνώτερα,
1504 1311 1566 1365 τὸ
1601 1311 1730 1365 ῐδιον
1754 1313 1889 1367 ἀπο-

312 1399 512 1456 λαϐών.
544 1401 758 1472 Ταύτην
786 1402 843 1455 δὲ
884 1403 1066 1456 πᾶσαν
1101 1400 1198 1473 τὴν
1233 1401 1576 1456 διδασκαλίαν
1603 1403 1886 1476 παρέδωκε

312 1495 427 1557 τοῖς
475 1493 651 1565 τρισὶν
690 1494 855 1547 αὑτοῦ
904 1494 1192 1567 μαθηταῖς,
1234 1494 1499 1558 κελεύσας
1535 1495 1763 1550 ἕκαστον
1807 1498 1888 1560 εἰς

313 1581 553 1654 κλίματα
577 1583 796 1638 ὁδεύειν.
836 1585 945 1639 Καὶ
981 1586 1009 1638 ὁ
1044 1585 1144 1657 μὲν
1171 1585 1364 1653 Ἀδδας
1408 1586 1476 1642 τὰ
1496 1586 1885 1661 τῆςἈνατολῆς

317 1675 457 1747 μέρη
481 1675 669 1747 ἔλαχεν
684 1694 698 1707 θ
721 1677 750 1729 ὁ
772 1676 829 1730 δὲ
847 1676 1047 1748 Θωμᾶς
1072 1677 1170 1751 τὴν
1190 1677 1376 1753 Σύρων
1401 1669 1503 1751 γῆν
1519 1679 1879 1753 κεκλήρωται·

322 1766 580 1839 Ἑρμείας
609 1768 666 1821 δὲ
699 1767 858 1833 ἄλλος
892 1769 989 1841 τὴν
1017 1772 1096 1835 εἰς
1127 1770 1401 1840 Αἴγυπτον
1444 1773 1670 1843 πορείαν
1699 1774 1885 1844 ἐποιή-

1993 575 2405 646 gubernatores,
2431 584 2485 628 et
2514 576 2666 645 virgo
2693 576 2851 637 lucis,
2874 586 2927 630 et
2957 574 3141 629 senior
3169 578 3384 629 tertius.
3409 571 3563 631 Unde

1991 674 2045 717 (ιι
2081 665 2269 735 majori
2304 665 2358 719 in
2402 665 2522 718 navi
2556 664 2667 736 (45)
2690 666 2878 721 vivens
2911 665 3138 735 spiritus
3171 665 3480 728 adhibetur,
3507 674 3564 721 et

1992 771 2185 811 murus
2209 756 2355 812 illius
2401 757 2542 828 ignis
2572 758 2774 828 magni,
2796 766 2852 813 et
2884 773 3077 814 murus
3113 759 3279 825 venti,
3314 766 3368 814 et
3395 760 3560 822 aeris,

1991 860 2044 903 et
2066 866 2240 920 aquae,
2270 859 2325 906 et
2346 851 2623 907 interioris
2656 852 2795 922 ignis
2829 851 2934 905 vivi
2968 851 3107 923 (44),
3134 868 3258 922 quae
3284 854 3466 907 omnia
3498 853 3555 907 in

1992 942 2120 997 luna
2172 942 2517 1008 babitabunt,
2555 958 2840 1014 usquequo
2882 952 3056 998 totum
3106 944 3369 999 mundum
3420 945 3562 1017 ignis

1990 1036 2244 1091 absumat
2278 1051 2292 1087 :
2321 1034 2375 1090 in
2407 1018 2753 1106 quot‘autem
2791 1036 2974 1101 annis,
3017 1051 3305 1091 numerum
3336 1051 3446 1093 non
3477 1038 3562 1092 di-

1989 1126 2119 1182 dici.
2153 1125 2218 1181 Et
2256 1133 2377 1197 post
2410 1125 2526 1180 haec
2582 1126 2859 1181 restitutio
2902 1126 3007 1180 erit
3040 1126 3275 1181 duorum
3324 1126 3562 1182 lumina-

1988 1218 2130 1273 rium
2159 1218 2295 1289 (45),
2328 1226 2383 1273 ct
2415 1216 2690 1288 principes
2733 1217 3054 1274 habitabant
3101 1218 3156 1272 in
3208 1216 3560 1275 inferioribus

1989 1311 2235 1383 partibus
2289 1310 2406 1365 suis
2453 1308 2590 1380 (46);
2623 1308 2785 1364 Pater
2827 1320 3007 1364 autem
3052 1308 3106 1362 in
3157 1310 3557 1379 superioribus,

1987 1418 2111 1474 qua:
2138 1418 2237 1458 sua
2270 1409 2399 1457 sunt
2453 1400 2740 1471 recipiens.
2773 1398 2897 1456 Hiec
2941 1408 3025 1455 est
3076 1401 3257 1455 omnis
3311 1401 3559 1458 doctrina

1986 1510 2150 1567 quam
2183 1494 2405 1550 tradidit
2438 1494 2612 1549 tribus
2632 1493 2915 1564 discipulis
2954 1492 3092 1557 suis,
3125 1491 3479 1562 etjussiteos
3503 1494 3558 1549 in

1988 1595 2104 1642 tres
2139 1586 2327 1641 mundi
2361 1587 2548 1657 plagas
2592 1584 2706 1655 (47)
2735 1583 3026 1653 proﬁcisci.
3056 1583 3209 1639 Adda
3232 1583 3345 1657 (48)
3375 1594 3558 1656 partes

1988 1681 2214 1736 sortitus
2240 1687 2325 1749 est
2353 1677 2634 1746 Orientis;
2667 1675 2908 1733 Thomas
2931 1692 3058 1733 vero
3094 1673 3357 1746 Syrorum
3384 1686 3558 1734 terras

1988 1772 2261 1841 suscepit;
2294 1768 2521 1826 Hermas
2545 1785 2674 1825 vero
2700 1770 2767 1825 ad
2799 1767 3094 1841 Egyptum
3123 1768 3401 1839 profectus
3423 1779 3508 1826 est
3538 1788 3553 1825 :

311 1832 441 1911 σατο
459 1875 475 1889 ’
503 1858 596 1912 καὶ
626 1859 785 1932 μέχρι
813 1861 877 1931 σή
887 1832 1050 1932 με’ρον
1072 1832 1250 1915 ἐκεῖσε
1281 1832 1635 1935 διατρίϐουσι,
1667 1863 1766 1935 τὴν
1788 1832 1876 1917 τοῦ

1984 1870 2039 1918 et
2072 1832 2258 1933 υεᾷιιο
2278 1863 2333 1917 in
2374 1862 2720 1929 hodiernum,
2763 1861 2837 1916 ibi
2873 1832 3421 1932 “deguntidogmatis
3456 1863 3557 1917 hu-

307 1948 579 2021 δόγματος
610 1952 865 2006 ὑπόθεσιν
906 1953 1099 2026 στῆσαι
1131 1953 1394 2019 θέλοντες.

388 2062 499 2119 XII.
528 2065 638 2138 (49)
679 2064 805 2122 Haec
842 2083 965 2123 cum
1000 2067 1184 2124 Turbo
1231 2069 1483 2135 dixisset,
1537 2074 1884 2129 vehementer

310 2157 709 2213 accendebatur
755 2160 1083 2226 Archelaus;
1132 2160 1418 2219 Marcellus
1471 2181 1599 2220 vero
1626 2182 1734 2221 non
1766 2183 1883 2221 mo—

311 2248 562 2315 vehatur,
598 2247 769 2305 Deum
816 2262 1163 2322 exspectans,
1209 2255 1473 2310 auxilium
1515 2255 1628 2328 (50)
1666 2258 1879 2315 veritati

312 2355 427 2396 sua:
474 2340 717 2397 futurum
751 2359 766 2396 :
797 2342 1066 2400 Archelao
1105 2354 1286 2402 autem
1336 2357 1452 2403 erat
1483 2363 1616 2404 cura
1650 2364 1749 2419 pro
1779 2366 1880 2420 po-

312 2432 461 2502 pulo,
509 2441 767 2503 tanquam
808 2436 1013 2504 pastori
1053 2451 1150 2505 pro
1191 2437 1408 2502 ovibus,
1461 2454 1584 2493 cum
1625 2438 1878 2510 luporum

312 2533 572 2595 parantur
618 2525 846 2581 insidiae.
885 2525 1056 2594 Igitur
1091 2526 1380 2584 Marcellus
1408 2528 1718 2586 Turbonem
1754 2548 1880 2587 mu-

312 2616 533 2669 neribus
565 2614 816 2684 plurimis
851 2614 1074 2685 replevit
1109 2616 1243 2690 (5|),
1278 2628 1332 2673 et
1370 2619 1422 2672 in
1466 2619 1717 2676 Archelai
1758 2622 1877 2692 epi-

312 2708 463 2775 scOpi
496 2706 608 2777 (52)
637 2706 859 2761 domum
887 2708 1126 2764 residere
1158 2710 1435 2780 praecepit.
1463 2709 1664 2767 Eadem
1693 2722 1876 2770 autem

310 2798 429 2869 ipsa
446 2798 535 2853 die
558 2800 869 2855 adventavit
889 2800 1094 2868 Manes,
1114 2802 1391 2860 adducens
1415 2820 1602 2860 secum
1624 2806 1875 2878 juvenes,

310 2898 366 2944 et
406 2889 644 2959 virgines
690 2889 891 2945 electos
938 2892 1008 2946 ad
1054 2891 1246 2964 viginti
1293 2893 1405 2949 duo
1428 2895 1543 2967 (55)
1577 2899 1743 2953 simul
1776 2916 1792 2954 :
1823 2912 1879 2957 et

309 2981 491 3051 primo
528 2980 772 3036 omnium
827 2980 1139 3039 Turbonem
1177 2985 1488 3055 requirebat
1520 2988 1634 3059 (54)
1667 3006 1767 3061 pro
1796 2992 1879 3048 fo-

308 3075 464 3130 ribus
492 3073 764 3143 Marcelli;
793 3090 956 3146 quem
986 3092 1111 3131 cum
1143 3092 1252 3132 non
1286 3080 1606 3146 invenisset,
1630 3082 1696 3137 ad
1729 3083 1876 3141 Mar-

1981 1956 2072 2026 jus
2105 1956 2276 2026 gratia
2308 1953 2664 2025 praedicandi.

1984 2068 2180 2124 cellum
2220 2065 2526 2139 ingreditur
2553 2066 2921 2122 salutandum.
2953 2064 3074 2132 Quo
3106 2066 3195 2122 ille
3217 2067 3357 2133 viso,
3382 2066 3557 2121 admi-

1984 2172 2135 2217 ratus
2159 2171 2243 2218 est
2272 2162 2451 2232 primo
2498 2161 2721 2217 habitos
2754 2159 3108 2228 indumenta;
3145 2160 3381 2215 habebat
3408 2161 3550 2215 enim

1984 2254 2342 2312 calceamenti
2371 2269 2563 2325 genus,
2595 2252 2740 2323 quod
2779 2253 3092 2324 quadrisole
3123 2251 3236 2323 (55)
3268 2252 3427 2323 vulgo
3457 2267 3554 2323 ap-

1980 2347 2171 2420 pellari
2200 2348 2375 2415 solet;
2408 2347 2633 2418 pallium
2670 2354 2850 2402 autem
2896 2346 3131 2412 varium,
3160 2355 3421 2417 tanquam
3456 2360 3552 2402 ae-

1980 2440 2100 2495 rina
2135 2440 2344 2510 specie;
2373 2439 2427 2494 in
2454 2456 2620 2495 manu
2649 2454 2777 2493 vero
2804 2437 2917 2510 (56)
2948 2438 3345 2493 validissimum
3375 2437 3548 2495 bacu-

1979 2531 2091 2587 lum
2147 2533 2365 2587 tenebat
2410 2547 2473 2588 ex
2521 2531 2670 2602 ligno
2722 2531 2938 2586 ebelino
2992 2529 3143 2601 (57);
3190 2528 3547 2601 Babylonium

1980 2637 2108 2679 vero
2134 2624 2333 2678 librum
2370 2624 2617 2695 portabat
2668 2624 2772 2678 sub
2826 2622 3049 2678 sinistra
3094 2621 3215 2688 ala;
3245 2637 3406 2677 crura
3435 2622 3548 2694 (58)

1978 2715 2141 2770 etiam
2188 2714 2397 2769 braccis
2448 2713 2735 2768 obtexerat
2789 2712 2973 2767 colore
3020 2712 3256 2777 diverso,
3314 2729 3547 2784 quarum

1981 2822 2088 2862 una
2142 2805 2284 2872 ruta,
2316 2805 2421 2859 alia
2480 2805 2627 2859 velut
2677 2804 2883 2875 prasini
2932 2803 3131 2859 coloris
3181 2813 3299 2859 erat
3330 2806 3549 2863 :vultus

1978 2914 2109 2955 vero
2137 2898 2246 2970 (59)
2281 2907 2340 2953 ιιι
2367 2899 2516 2954 senis
2546 2896 2726 2953 Persae
2769 2896 2995 2952 artiﬁcis
3044 2906 3099 2951 et
3138 2897 3404 2953 bellorum
3435 2900 3543 2955 du-

1980 2986 2061 3041 cis
2084 2984 2198 3056 (60)
2238 2986 2544 3041 videbatur.
2598 2984 2765 3057 Igitur
2813 2984 3099 3042 Marcellus
3134 2987 3317 3042 statim
3340 2990 3405 3043 ad
3437 2988 3541 3043 Ar-

1982 3077 2229 3133 chelaum
2269 3078 2457 3145 mittit,
2494 3077 2587 3149 qui
2615 3093 2740 3134 cum
2774 3079 2938 3134 verbo
2965 3078 3125 3135 citius
3148 3078 3431 3149 adfuisset,
3462 3079 3547 3139 in-

306 3220 364 3271 et
393 3212 682 3286 duodecim
707 3213 1119 3286 gubernatores,
1151 3221 1207 3286 et
1238 3213 1390 3286 virgo
1415 3215 1575 3276 lucis.
1607 3227 1660 3274 et
1692 3218 1876 3274 senior
1903 3212 1945 3237 ν
1978 3213 2263 3286 plevimus,
2290 3214 2344 3267 in
2378 3228 2489 3285 quo
2517 3214 2664 3286 nulla
2680 3213 2910 3286 (Thomae
2935 3214 3158 3270 mentio.

309 3285 523 3357 tertius.
559 3282 793 3339 Unde’et
812 3283 1065 3357 major__in
1088 3284 1212 3338 navi
1235 3282 1424 3357 vivens
1453 3287 1688 3357 Spiritus
1714 3290 1872 3344 adhi-

309 3356 491 3435 betur,
515 3364 569 3435 et
595 3369 784 3435 murus
814 3352 954 3435 ignis
980 3352 1342 3435 illiusmagni,
1360 3364 1413 3410 et
1442 3352 1637 3435 tityrus
1663 3361 1877 3435 ventiet

304 3427 473 3489 aeris,
489 3434 690 3495 etaqua
705 3424 979 3478 interioris
997 3425 1134 3492 ignis
1150 3424 1460 3496 vivensque.
1475 3425 1668 3483 Omnia
1680 3429 1733 3483 in
1749 3430 1874 3484 luna

310 3496 634 3569 habitabnnt
672 3507 957 3565 usquequo
1006 3504 1177 3550 totum
1211 3498 1474 3552 mundum
1517 3498 1660 3569 ignis
1710 3500 1875 3555 absu-

309 3576 458 3632 mat;
492 3566 739 3634 inquem
789 3577 966 3621 autem
1018 3580 1286 3621 annorum
1326 3566 1610 3623 numerum
1642 3584 1752 3624 non
1792 3572 1875 3625 di-

310 3637 485 3708 dici.»
521 3632 957 3708 Yideturgautefm
1009 3638 1266 3708 antiquus
1292 3637 1560 3708 interpres
1598 3656 1704 3695 non
1736 3641 1874 3696 bene

313 3706 647 3761 intellexisse
679 3705 1001 3775 quibusdam
1047 3707 1101 3759 in
1135 3707 1269 3762 locis
1303 3711 1411 3761 vim
1436 3705 1615 3764 Graeci
1666 3720 1869 3774 textus,

309 3778 471 3848 cujus
510 3777 674 3831 verba
708 3776 850 3846 apud
877 3775 1238 3848 Epiphanium
1263 3778 1336 3832 ita
1367 3777 1558 3835 Latine
1586 3789 1786 3835 sonant
1806 3798 1871 3836 ex

309 3845 561 3922 versione
585 3854 769 3902 nostra
810 3865 824 3901 :
861 3845 1125 3922 «Cunctae
1156 3852 1745 3922 vero‘propagationes,
1776 3868 1872 3907 seu

310 3917 639 3991 prolationes
670 3925 997 3991 potestatum
1023 3932 1090 3971 ex
1112 3918 1255 3972 bono
1284 3917 1657 3991 Deo,'uempe,
1690 3919 1871 3987 Jesus,

307 3987 403 4064 qui
433 3989 488 4041 in
522 3987 718 4064 minori
749 3987 965 4064 navigio
982 3996 1185 4064 manet,
1210 3989 1413 4064 et_vit_aa
1444 3987 1651 4064 mater,
1678 4000 1733 4047 et
1763 4010 1865 4064 gu-

310 4056 629 4128 bernatores
661 4056 971 4123 duodecim,
994 4066 1048 4111 et
1077 4059 1229 4128 virgo
1270 4060 1429 4127 lucis,
1464 4068 1519 4115 et
1539 4056 1726 4116 senior
1759 4056 1871 4117 fer-

313 4129 443 4187 tius.
480 4127 575 4207 qui
608 4127 663 4180 in
694 4128 901 4207 majore
923 4127 1137 4198 navigio
1155 4127 1372 4195 residet,
1403 4138 1458 4184 et
1484 4134 1675 4207 vivens
1704 4131 1875 4207 Spiri-

311 4209 403 4268 tus
429 4207 482 4253 et
509 4198 739 4268 ingentis
762 4198 902 4267 ignis
932 4213 1144 4265 murus,
1165 4207 1219 4253 et
1235 4214 1425 4256 murus
1449 4202 1685 4265 venti,et
1706 4198 1871 4268 aeris,

310 4277 364 4324 et
380 4264 654 4341 'aquaafet
683 4264 955 4342 interioris
984 4269 1125 4339 ignis
1165 4270 1423 4342 viventis;
1471 4272 1573 4337 hae,
1606 4264 1869 4342 linquam,

310 4338 503 4412 omnes
531 4339 965 4412 propagationes,
998 4338 1093 4393 Seu
1124 4338 1477 4412 prolationes,
1509 4342 1653 4412 apud
1682 4338 1866 4399 minus

308 4409 579 4465 luminare
605 4409 868 4476 habitant,
895 4424 1180 4479 quousque
1207 4410 1343 4479 ignis
1370 4409 1683 4468 universum
1714 4429 1873 4468 mun-

308 4483 437 4553 dum
472 4480 755 4545 absumat;
782 4479 833 4533 id
881 4480 1025 4549 quod
1063 4487 1214 4535 certo
1231 4484 1712 4553 annorum‘spatio
1735 4500 1871 4539 cono

309 4551 499 4619 tinget,
529 4564 759 4618 quorum
792 4564 1078 4605 numerum
1116 4551 1320 4606 nescio.
1346 4570 1365 4603 ι
1403 4550 1507 4607 Sed
1539 4550 1607 4608 de
1636 4554 1722 4610 his
1749 4552 1868 4609 Ma-

311 4622 642 4692 nichaeorum
664 4620 887 4692 ineptiis
910 4621 1249 4676 commodior
1278 4622 1434 4679 nobis
1478 4623 1671 4692 agendi
1714 4624 1867 4680 locus

212 4762 215 4765 _
310 4692 501 4765 eritin
534 4687 953 4765 Manichaeorum
983 4692 1232 4765 historia.

379 4761 493 4831 (45)
531 4761 713 4814 Codex
760 4760 1096 4827 Casincnsis,
1133 4782 1152 4813 ‹
1176 4761 1382 4832 majore
1427 4764 1570 4818 navi.
1599 4782 1618 4817 ι
1652 4761 1861 4832 Legen-

306 4829 439 4887 duin
470 4841 649 4901 autem
690 4850 708 4881 ι
734 4832 924 4901 majori
971 4832 1025 4884 in
1090 4834 1230 4885 navi.
1257 4829 1276 4884 ἱ
1312 4831 1482 4888 αι·κοὶ
1510 4835 1659 4889 enim
1689 4829 1868 4889 te—xtus

307 4902 450 4972 apud
489 4900 846 4972 Epiphanium
888 4902 975 4956 hic
1008 4910 1092 4956 est
1129 4918 1342 4957 sensus.

382 4972 492 5041 (44)
521 4974 701 5026 Codex
734 4971 1050 5043 Bobiensis,
1082 4992 1101 5023 ι
1125 4981 1176 5026 et
1207 4989 1363 5042 aqua;
1408 4972 1684 5029 interioris
1726 4972 1868 5043 ignis

311 5042 628 5112 vivensque.
650 5059 668 5091 ι
707 5042 1042 5112 Casiniensis,
1078 5061 1096 5093 ι
1120 5058 1293 5112 eaque
1348 5044 1624 5100 interioris
1683 5042 1814 5099 vivi.
1841 5065 1860 5097 ι

306 5110 419 5167 Nos
444 5110 719 5167 ex’Graeco
742 5122 888 5171 textu
919 5111 1168 5166 Latinum
1204 5110 1564 5170 correximus.

379 5184 492 5253 (45)
524 5182 705 5237 Codex
736 5184 1071 5247 Casinensis,
1120 5202 1139 5234 ι
1163 5185 1600 5241 luminariorum.
1625 5202 1646 5236 ι
1679 5182 1865 5240 ὕπαιθα

312 5263 535 5319 sonant,
570 5271 589 5303 ι
613 5254 844 5308 duarum
880 5263 1219 5309 naturarum.
1244 5275 1264 5306 ι

380 5323 493 5394 (46)
532 5322 632 5378 llic
682 5325 875 5395 lacuna
916 5332 1001 5378 est
1048 5325 1102 5378 in
1145 5327 1328 5380 codice
1360 5324 1635 5391 Bobiensi,
1668 5324 1723 5379 in
1754 5340 1864 5395 quo

304 5395 472 5451 etiam
505 5412 535 5464 «ί
546 5394 795 5464 recipies,
822 5413 841 5446 ι
871 5408 1152 5464 perperam
1178 5397 1393 5464 legitur.

377 5464 488 5536 (47)
517 5463 655 5519 Hinc
688 5474 835 5536 patet
884 5474 1028 5519 recte
1055 5463 1332 5520 Petaviuin
1372 5468 1425 5520 in
1473 5464 1663 5522 Graeco
1694 5465 1863 5536 hujus

303 5535 410 5593 loci
441 5546 723 5608 textu__pro_
742 5535 1017 5608 κλήματα,
1048 5547 1106 5590 ιιι
1135 5550 1414 5605 perperam
1448 5536 1644 5608 legitur
1675 5536 1728 5589 in
1762 5535 1861 5590 Ba-

302 5607 525 5733 ξῖῗεηεί
572 5604 864 5676 Ερίριιαηὶί
910 5604 1148 5676 Operum
1196 5604 1456 5675 editione,
1504 5604 1865 5664 substituisso

397 5693 560 5733 ματα.

472 5693 560 5732 τα.

376 5694 1055 5821 (ῗεῗῖἳοόςιβοὺίεηείεης
1080 5761 1144 5821 ex
1161 5746 1542 5821 quibus_A(|da.
1568 5746 1863 5804 iCaeternm

301 5817 590 5877 ex'codice
618 5817 872 5872 Bobiensi
910 5826 963 5872 et
1012 5817 1317 5888 Epiphanio
1348 5818 1701 5875 Casinensem
1734 5834 1863 5888 sup-

617 5917 888 5982 Pnaot.
932 5915 1047 5979 Ca.
1083 5916 1161 5978 X.

2050 3284 2164 3355 (49)
2191 3283 2309 3355 Huc
2339 3283 2512 3355 usque
2537 3284 2891 3355 Epiphanius.

2048 3357 2161 3427 (50)
2200 3354 2384 3427 Codex
2409 3354 2714 3427 globiensis,
2747 3374 2765 3407 ι
2797 3355 3020 3410 auxilio.
3043 3374 3064 3408 ι

2053 3424 2160 3493 (5|)
2189 3424 2372 3479 Codex
2404 3425 2706 3489 Bobiensis,
2737 3443 2755 3475 ι
2776 3427 3017 3480 donavit.
3046 3445 3064 3477 ι

2072 3495 2158 3565 52)
2192 3493 2329 3560 Vox,
2367 3495 2669 3565 «fepiscOpi,
2695 3514 2714 3546 ι
2746 3497 2899 3551 deest
2928 3495 2983 3551 in
3013 3496 3294 3556 Bobiensi.

2070 3564 2161 3629 53)
2188 3564 2367 3620 Codex
2392 3564 2696 3631 Bobieiisis,
2736 3585 2755 3618 ι
2777 3567 2845 3621 ad
2872 3567 3183 3624 duodecim.
3214 3587 3236 3621 ι

2048 3634 2162 3706 (54)
2196 3636 2379 3691 Codex
2395 3634 2715 3706 iBobiensis,
2752 3655 2768 3688 ι
2790 3636 3036 3706 requirit.
3058 3658 3077 3688 ο

2046 3705 2159 3778 (55)
2186 3705 2696 3778 Codex‘Bobieusis,
2739 3705 3071 3778 «tris-otium.
3103 3725 3122 3759 ι
3161 3706 3358 3767 Persas
3407 3714 3537 3772 altis

1976 3775 2173 3832 calceis
2195 3792 2323 3833 usos
2353 3775 2522 3832 fuisse
2545 3777 2621 3831 ait
2641 3775 2837 3831 Strabo
2864 3777 2956 3831 lib.
2989 3793 3079 3831 xv.

2047 3846 2161 3921 (56)
2187 3847 2322 3921 Mire
2343 3856 2740 3921 corruptusest
2768 3848 2854 3902 hic
2876 3846 3009 3902 Bob.
3034 3850 3158 3905 cod.
3182 3867 3198 3917 ;
3220 3849 3533 3921 legitenim,

1981 3938 2000 3969 ι
2020 3915 2112 3989 aer
2144 3915 2373 3989 inaspici
2407 3915 2572 3989 enim.
2604 3915 2796 3989 Manus
2826 3932 2974 3989 vero.
3011 3937 3031 3970 ι

2043 3988 2156 4063 (57)
2185 3987 2369 4044 Codex
2431 3987 2736 4063 Bobiensis,
2781 3988 3096 4063 _ceb'ilino.:
3152 3988 3417 4046 Baculum
3467 4007 3535 4049 ex

1972 4057 2147 4115 ebeno
2180 4058 2754 4130 gestasseﬁprophetas,
2780 4057 2881 4113 hoc
2909 4068 3012 4126 est,
3040 4075 3318 4116 sacrarum
3357 4079 3535 4118 rerum

1972 4131 2292 4203 interpretes
2315 4129 2735 4203 ex__Cal_li_stbene
2755 4129 2946 4199 probat
2969 4131 3275 4203 Ducangius
3298 4134 3353 4188 in
3376 4132 3533 4190 Glos-

1972 4198 2136 4265 sario,
2166 4200 2333 4255 verbo
2380 4198 2696 4263 Ἐϐἐλλινος.

2066 4272 2155 4341 58)
2184 4269 2284 4325 Hie
2316 4270 2509 4326 lacuna
2537 4278 2622 4325 est
2649 4270 2704 4324 in
2733 4269 2919 4325 codice
2943 4269 3217 4325 Bobiensi.

2066 4342 2155 4405 59)
2183 4341 2521 4405 Casinensis,
2561 4357 2579 4391 ι
2605 4341 2787 4394 vultus
2816 4351 2952 4394 erat.
2982 4360 2999 4391 ι

2055 4347 2133 4396 ’59
2183 4347 2521 4405 Casinensis,
2561 4357 2579 4391 ι
2605 4347 2787 4394 vultus
2816 4351 2952 4394 erat.
2982 4360 2999 4391 ι

2055 4347 2156 4485 ίϐυ)
2183 4411 2442 4485 Artiﬁcis
2474 4419 2526 4464 et
2583 4409 2836 4485 bellorum
2865 4411 3035 4463 ducis.
3074 4408 3160 4485 _Ad
3205 4407 3533 4485 _haec_ve_rha

2011 4479 2194 4538 rmst'at
2225 4483 2280 4535 in
2304 4479 2540 4535 medium
2578 4479 2819 4549 proferre
2848 4497 2970 4544 quae
3000 4479 3383 4534 animadvertit
3411 4479 3535 4535 Phi-

1902 4529 1945 4588 ί)
1972 4499 2152 4607 lippus
2184 4549 2616 4607 Buonarruotius
2652 4564 2705 4603 v.
2740 4548 2809 4604 cl.
2843 4548 2899 4604 in
2925 4564 3086 4607 onere
3101 4546 3283 4603 ltaiice
3336 4551 3534 4607 inscri-

2015 4568 2152 4623 ppus
2171 4546 2616 4623 Buonarruotius
2652 4564 2705 4603 v.
2740 4548 2809 4604 cl.
2832 4548 2899 4623 iu
2925 4564 3086 4623 opere
3101 4546 3300 4623 ltalice‘
3336 4551 3534 4623 inscri-

1971 4620 2521 4694 pto_:_0u_crvazioni
2584 4622 2963 4694 toprq__alcun_i
2999 4620 3301 4694 ﬂammanti
3331 4621 3389 4674 di
3421 4625 3533 4694 vasi

1970 4687 2193 4761 amiciti;
2227 4687 2285 4744 di
2325 4697 2507 4761 cetra,
2536 4689 2683 4761 edito
2722 4687 3007 4761 Florentius
3061 4687 3219 4761 {716,
3276 4706 3400 4761 pag.
3440 4693 3530 4748 69.

1970 4707 2167 4751 antica:
2227 4707 2283 4744 αι
2325 4707 2484 4753 verro,
2536 4707 2683 4742 culto
2722 4707 3007 4743 riorenum
3061 4707 3219 4755 mo,
3276 4707 3341 4761 pa
3386 4732 3400 4747 .
3440 4707 3530 4748 ua.

1969 4762 2129 4826 Cum,
2182 4759 2381 4828 inquit,
2421 4759 2583 4825 hujus
2630 4757 3017 4828 disputationis
3068 4758 3203 4813 Acta
3248 4775 3279 4815 e
3339 4707 3533 4818 graeco

1970 4832 2081 4887 sint
2132 4830 2411 4891 translata,
2461 4831 2575 4882 haec
2631 4828 2793 4885 verba
2841 4828 3108 4885 «artiﬁcis
3165 4840 3219 4884 et
3266 4831 3531 4889 bellorum

1970 4903 2126 4956 ducis
2154 4920 2172 4951 ι
2212 4914 2335 4968 quae
2369 4913 2495 4968 cum
2546 4900 2974 4967 praecedentibus
3033 4900 3216 4956 minus
3248 4912 3396 4957 recte
3439 4920 3531 4959 cu-

1970 4972 2195 5035 bierent,
2230 4967 2388 5024 versa
2410 4967 2660 5042 videntur
2692 4970 2763 5042 ab
2795 4971 3085 5042 interprete
3109 4972 3205 5042 qui
3232 4975 3533 5042 exemplari

1970 5042 2231 5116 mendoso
2260 5055 2392 5094 usus
2422 5037 2607 5116 fuerit,
2629 5039 2833 5116 quique
2861 5037 3243 5116 sic'legeritfb;
3273 5037 3509 5116 δημιουρ

1967 5111 2069 5185 τοῦ
2094 5113 2188 5165 καὶ
2225 5106 2552 5185 στρατηγοῦ,
2595 5106 2720 5185 cum
2747 5106 2949 5166 luisset
2975 5106 3259 5185 legendum
3389 5106 3532 5185 δηιὶ·

1968 5178 2139 5255 ἄρχου
2201 5178 2304 5235 καῖ
2352 5178 2707 5255 στρατηγοῦε
2777 5196 2900 5251 quae
2948 5178 3393 5255 proindeverba
3428 5178 3534 5240 hoc

1970 5250 2128 5322 pacto
2167 5250 2431 5307 vertenda
2459 5259 2689 5322 essent,
2717 5259 2778 5305 ut
2795 5250 2805 5251 “
2825 5266 2925 5322 pro
2949 5250 2992 5304 ‘c
3015 5250 3239 5307 artiﬁcis
3262 5268 3282 5303 ι
3320 5252 3533 5322 legatur

1974 5321 2273 5393 iprincipis
2312 5321 2491 5391 populi
2521 5339 2540 5372 ι
2595 5321 2708 5376 sive
2765 5338 2785 5393 ι
2810 5321 3034 5388 tribuni,
3059 5340 3079 5373 ι
3110 5330 3165 5375 et
3192 5336 3290 5393 pro
3318 5339 3337 5372 ι
3359 5321 3532 5393 bello-

1968 5391 2090 5448 rum
2114 5391 2272 5447 ducis
2297 5411 2314 5443 ι
2348 5393 2555 5463 legatur
2593 5408 2612 5442 ι
2636 5392 3014 5463 magistratum
3037 5391 3294 5462 gerentis,
3321 5409 3342 5443 ι
3371 5391 3530 5461 juxta

1969 5467 2076 5518 vim
2104 5463 2251 5517 vocis
2278 5461 2579 5533 στρατηγός
2603 5502 2619 5528 ,
2648 5461 2770 5531 quae
2801 5463 3021 5532 quidem
3044 5461 3155 5533 non
3182 5468 3396 5533 tantum
3426 5466 3531 5520 mi-

1969 5536 2123 5588 litare
2176 5530 2395 5596 munus,
2430 5530 2524 5588 seu
2556 5530 2721 5587 etiam
2745 5530 2905 5588 civile
2939 5531 3137 5586 innuit.
3188 5530 3353 5600 quue
3403 5547 3532 5590 con-

1969 5606 2171 5660 ﬁrmari
2209 5612 2386 5674 potest
2409 5605 2731 5674 auctoritate
2758 5602 2933 5674 Plauti
2969 5603 3024 5657 in
3049 5599 3394 5674 curculione.
3417 5615 3527 5663 act.

1968 5676 2033 5741 ll,
2067 5672 2223 5730 scen.
2265 5690 2349 5739 Ill,
2385 5690 2438 5728 ν.
2498 5676 2552 5737 6,
2592 5674 2644 5739 7,
2679 5672 2770 5727 ubi
2819 5682 3050 5741 utraque
3092 5672 3209 5727 bare
3251 5689 3356 5728 vox
3402 5691 3530 5733 cum

1967 5748 2089 5801 aliis
2108 5744 2313 5816 muniis
2336 5745 2587 5802 civilibus
2602 5744 2886 5815 jungitur:
2915 5744 3030 5799 Nec
3058 5750 3416 5816 strategum...
3440 5760 3537 5804 nu

1967 5815 2298 5884 demarchus,
2326 5824 2430 5872 etc.
