3982 6346
423 341 553 398 “5|

1420 334 1603 390 ACTA
1641 334 2159 391 DISPUTATIONIS
2198 337 2258 392 S.
2307 334 2648 392 ABCHELAI

3507 333 3643 388 ηδε

420 459 545 512 vehi
599 456 652 511 in
683 471 805 510 cum
856 454 1039 509 animo
1088 452 1380 524 urgebatur
1430 468 1497 506 ex
1546 453 1663 522 ipso
1708 452 1891 506 habitu
1916 466 1981 508 ac
2006 475 2051 524 Α
2082 452 2349 506 discerent
2400 465 2506 505 non
2547 448 3037 519 blasphemare’p
3069 447 3145 504 ita
3199 457 3256 503 et
3302 462 3402 502 vos
3436 463 3639 504 omnes

422 549 603 619 specie
650 548 792 617 ejus,
824 556 878 600 et
921 546 1155 601 maxime
1199 545 1415 613 quidem
1453 544 1588 615 (Gl),
1614 544 1756 613 quod
1785 552 1837 596 et
1863 559 1985 613 qua:

424 637 682 694 Turbone
741 635 1003 704 referente
1061 641 1421 701 cognoverat;
1464 634 1728 686 secretius
1782 631 1983 686 factum

423 731 565 800 apud
607 727 955 796 semetipsum
1010 735 1416 789 retractaverat,
1449 733 1505 777 et
1530 725 1813 794 diligenter
1855 739 1987 792 prte-

426 833 647 892 paratus
717 820 1026 872 advenerat.
1083 816 1153 870 At
1186 833 1312 870 vero
1357 816 1809 885 prudentissimus
1842 813 1985 866 Mar-

425 914 593 968 cellus
622 912 770 966 omni
826 910 1244 964 contentionum
1293 909 1473 962 studio
1517 908 1749 969 sublato,
1785 918 1990 962 utrum-

429 1020 535 1074 que
579 1004 768 1057 andire
806 1000 1048 1056 decernit
1078 999 1210 1070 (6'2),
1254 1000 1495 1053 invitatis
1542 1000 1672 1054 viris
1710 998 1985 1067 primariis

426 1096 695 1159 civitazis;
732 1110 795 1147 ex
829 1093 1028 1162 quibus
1057 1092 1269 1160 judiccs
1303 1090 1482 1161 elegit,
1515 1090 1776 1160 religione
1820 1090 1988 1160 genti-

428 1190 528 1251 les,
574 1197 808 1257 quatuor
846 1199 1098 1245 numcro.
1142 1198 1375 1252 quorum
1410 1183 1522 1237 haec
1569 1190 1697 1236 sunt
1719 1181 1982 1235 nomina:

436 1279 723 1349 Manippus
749 1278 1113 1347 grammatica:
1135 1269 1268 1329 artis
1291 1284 1345 1329 et
1375 1273 1674 1343 disciplina:
1696 1272 1981 1327 rhetoricae

334 1366 347 1383 ’
425 1372 812 1445 peritissimus,
853 1367 1132 1439 Egialcus
1168 1368 1278 1437 (63)
1310 1367 1580 1421 archiater
1614 1366 1985 1421 nobilissimus

423 1476 478 1521 et
510 1464 704 1520 litteris
736 1463 979 1532 apprime
1010 1460 1277 1526 eruditus,
1304 1459 1565 1514 Claudius
1601 1470 1655 1513 et
1696 1458 1989 1518 Cleobolus

424 1559 533 1611 duo
557 1555 754 1609 fratres
796 1553 996 1624 egregii
1039 1554 1286 1607 rhetores
1321 1551 1457 1621 (64).
1496 1550 1582 1605 Fit
1608 1564 1737 1621 ergo
1772 1551 1987 1623 magni-

426 1650 563 1704 ficus
612 1655 944 1713 conventus;
973 1645 1044 1699 ita
1088 1655 1146 1699 ut
1191 1645 1390 1699 domus
1415 1642 1676 1707 Marcelli,
1707 1658 1829 1713 quae
1871 1651 1990 1698 erat

427 1742 719 1804 immensa,
766 1740 1064 1809 repleretur
1097 1754 1161 1794 ex
1192 1736 1278 1793 his
1303 1736 1396 1808 qui
1427 1736 1493 1791 ad
1518 1736 1842 1790 audiendum
1867 1733 1986 1790 fue-

2085 558 2367 613 pasnarum
2409 541 2638 613 principi
2685 539 2992 606 trademini,
3020 554 3119 609 pro
3162 553 3228 594 eo
3259 539 3407 610 quod
3443 555 3641 594 manus

2084 636 2347 706 injecistis
2377 636 2429 689 in
2458 634 2672 689 Patrem
2704 632 2923 697 Christi,
2967 647 3090 701 cum
3131 646 3255 686 eum
3293 631 3477 686 dicitis
3515 647 3645 687 cau-

2085 744 2201 782 san‘
2237 742 2358 782 esse
2401 727 2644 780 omnium
2696 725 2985 789 malorum,
3013 732 3067 778 et
3107 723 3444 777 conditorem
3501 723 3647 791 inju-

2082 820 2259 884 stitie,
2295 826 2354 873 et
2395 818 2565 873 totius
2617 816 2921 884 iniquitatis
2978 825 3297 880 creatorem,
3353 831 3424 868 ex
3451 815 3646 869 eodem

2093 908 2241 963 fonte
2265 907 2477 964 dulcem
2499 915 2553 961 et
2581 922 2817 962 amaram
2849 905 3201 975 producentes
3228 920 3424 974 aquam
3451 923 3467 960 :
3497 906 3647 974 quod

2083 998 2198 1053 fieri
2247 1007 2343 1053 aut
2378 997 2603 1068 intelligi
2647 997 2794 1051 nulla
2851 995 3063 1053 ratione
3105 996 3364 1065 possibile
3409 1004 3519 1050 est.
3539 995 3646 1050 Cu'i

2082 1088 2223 1143 enim
2248 1094 2459 1157 oportet
2484 1087 2671 1142 credi?
2701 1086 2974 1156 magistris
2995 1086 3189 1140 vestris
3222 1086 3364 1152 istis,
3392 1086 3490 1155 qui
3523 1101 3650 1141 car-

2085 1180 2245 1234 nibus
2270 1188 2561 1234 vescuntur
2585 1187 2638 1232 et
2663 1177 3089 1233 atlluentissimis
3112 1177 3322 1234 deliciis
3349 1178 3650 1248 perfruun~

2089 1281 2177 1325 tur
2207 1290 2225 1328 :
2265 1281 2359 1325 aut
2387 1270 2650 1325 Salvatori
2679 1270 2896 1325 Christo
2921 1267 3047 1324 Jesu
3082 1269 3303 1336 dicenti,
3330 1270 3473 1326 sicut
3507 1273 3651 1325 scri-

2084 1373 2234 1433 ptum
2272 1372 2355 1418 est
2390 1362 2446 1415 in
2495 1361 2904 1430 Evangeliorum
2936 1361 3074 1416 libro
3102 1377 3116 1414 :
3150 1379 3168 1412 ι
3194 1359 3309 1416 Non
3344 1371 3524 1432 potest
3551 1380 3647 1417 aro

2084 1456 2184 1510 hor
2219 1454 2361 1509 bona
2393 1454 2567 1509 malos
2600 1452 2809 1507 fructus
2853 1451 3054 1517 facere,
3100 1468 3278 1523 neque
3311 1454 3475 1509 arbor
3497 1457 3648 1511 mala

2087 1546 2261 1601 bonos
2313 1544 2518 1600 fructus
2571 1542 2841 1611 facere“;
2871 1562 2892 1596 ι
2934 1553 2989 1599 et
3037 1543 3145 1598 alio
3172 1544 3224 1597 in
3257 1543 3398 1608 loco,
3431 1555 3649 1613 patrem

2089 1637 2373 1701 diaboli“,
2409 1636 2721 1691 mendacem
2752 1644 2807 1690 et
2862 1633 3189 1689 homicidam
3230 1634 3298 1688 ab
3333 1635 3492 1690 initio
3520 1653 3648 1693 esse

2089 1728 2374 1784 confirmat
2397 1744 2413 1793 ;
2447 1742 2664 1782 rursum
2688 1726 3017 1781 desiderium
3043 1724 3213 1781 fuisse
3240 1727 3482 1782 tenebris
3503 1728 3643 1800 (70),

436 1840 557 1885 rant
605 1830 779 1886 vocati
820 1829 930 1900 (65)
960 1845 973 1881 :
1002 1840 1055 1884 et
1105 1843 1227 1883 clm)
1278 1827 1332 1882 in
1391 1836 1683 1897 conspectu
1740 1828 1984 1882 omnium
2015 1815 2060 1875 Β
2087 1828 2145 1874 ιιι
2175 1820 2587 1889 insequerentur
2620 1818 2773 1884 illud,
2805 1817 2950 1887 quod
2996 1819 3063 1874 de
3109 1818 3231 1873 luce
3271 1817 3429 1873 initio
3459 1817 3647 1874 fuerat

426 1921 799 1975 constitissent
847 1919 882 1972 ii
935 1919 1027 1988 qni
1079 1919 1366 1973 adversum
1398 1933 1457 1972 se
1491 1918 1670 1973 dicere
1719 1933 1988 1987 propone-

427 2011 577 2073 bant,
627 2020 756 2064 tuuc
800 2009 875 2061 illi
926 2008 1081 2062 electi
1129 2007 1342 2077 judices
1370 2007 1695 2062 excelsiores
1733 2006 1988 2061 omnibus

426 2106 811 2168 consederunt,
848 2110 1010 2170 atque
1062 2098 1232 2171 Mante
1286 2098 1499 2153 dicendi
1554 2098 1766 2152 initium
1800 2097 1985 2153 datum

426 2205 527 2251 est.
562 2193 785 2248 Silentio
808 2193 970 2264 igitur
999 2190 1163 2257 facto,
1194 2189 1428 2260 primum
1460 2187 1571 2260 (66)
1593 2202 1878 2259 aggressus
1904 2196 1988 2243 est

427 2287 531 2342 hoc
553 2287 734 2342 modo:
820 2278 821 2281 “

440 2375 448 2381 ’
495 2378 633 2432 Xlll.
672 2379 782 2450 (67)
813 2375 946 2448 Ego,
977 2374 1079 2431 viri
1111 2375 1328 2438 fratres.
1371 2374 1572 2430 Christi
1617 2372 1834 2444 quidem
1865 2389 1984 2430 sum

427 2471 746 2540 discipulus,
780 2469 1060 2539 apostolus
1089 2483 1218 2523 vero
1249 2465 1411 2533 Jcsu;
1443 2480 1542 2536 pro
1588 2463 1757 2519 nimia
1804 2472 1985 2520 autem

429 2565 765 2619 humanitate
822 2562 1059 2617 Marcelli
1112 2562 1303 2616 adesse
1360 2559 1633 2627 festinavi,
1668 2569 1726 2615 ut
1753 2560 1988 2631 qualiter

437 2664 689 2728 oporteat
728 2656 1016 2711 observare
1052 2653 1269 2709 modum
1312 2652 1505 2707 divina:
1537 2651 1833 2722 religionis,
1861 2665 1986 2705 eum

428 2747 683 2803 edoceam
712 2762 726 2799 :
753 2760 820 2800 nc
853 2746 997 2800 sicut
1028 2755 1174 2800 muta
1225 2744 1505 2810 animalia,
1547 2759 1668 2814 quae
1712 2742 1986 2799 intellectu

428 2843 613 2888 carent
643 2847 739 2887 nec
764 2832 895 2903 quid
928 2841 1096 2904 agunt
1125 2834 1433 2896 advertunt,
1468 2832 1542 2886 ita
1573 2832 1733 2886 etiam
1757 2828 1987 2883 Marcel-

429 2924 536 2990 lus,
563 2925 656 2996 qui
684 2941 828 2982 nunc
875 2942 933 2982 se
974 2927 1120 2981 velut
1161 2926 1463 2983 dedititium
1496 2926 1760 2981 doctrina:
1786 2923 1988 2978 Arche-

428 3017 500 3073 lai
530 3017 856 3089 subjugavit,
883 3018 950 3071 ad
978 3019 1227 3072 ultimum
1261 3018 1461 3073 damno
1502 3016 1697 3071 anima:
1740 3015 1984 3080 feriatur,

428 3125 553 3165 cum
598 3109 962 3179 praeparanda:
1005 3110 1175 3163 divini
1223 3109 1404 3165 cultus
1446 3107 1809 3163 observantia:
1844 3107 1983 3161 ultra

428 3216 537 3256 non
562 3199 811 3255 habuerit
842 3198 1173 3255 facultatem.
1205 3199 1331 3256 Scio
1351 3208 1531 3254 autem
1559 3207 1613 3254 et
1634 3210 1811 3254 certus
1840 3214 1982 3262 sunt,
2015 3198 2025 3263 ἶ

435 3293 580 3366 quod
629 3293 915 3349 emendato
971 3290 1081 3362 (68)
1130 3290 1404 3359 Marcello,
1444 3290 1605 3346 etiam
1650 3305 1748 3345 vos
1801 3305 1986 3345 omnes

429 3390 563 3444 salvi
597 3403 716 3444 esse
762 3386 1040 3458 poteritis;
1074 3383 1246 3454 ipsius
1292 3381 1667 3452 enimjudicio
1716 3396 1984 3451 suspensa

428 3481 623 3551 pendet
649 3479 781 3534 urbs
809 3486 985 3533 vestra
1019 3475 1195 3547 :quod
1223 3476 1268 3530 si
1291 3474 1361 3528 ab
1385 3488 1712 3543 unoquoque
1746 3481 1983 3527 vestrum

430 3572 717 3643 abjiciatur
745 3586 886 3625 vana
928 3567 1302 3641 praesumptio,
1330 3574 1385 3621 et
1426 3580 1491 3621 ea
1518 3579 1641 3635 qum
1671 3564 1921 3619 dicentur
1953 3578 1984 3616 a

432 3679 538 3729 me,
574 3662 687 3717 veri
718 3676 904 3716 amore
940 3660 1251 3725 audiantur,
1280 3656 1450 3712 futuri
1479 3655 1661 3711 saeculi
1701 3654 1986 3710 haeredita-

430 3764 559 3819 tem,
582 3753 843 3809 caelorum
878 3767 1042 3823 regna
1073 3751 1317 3821 capietis.
1344 3748 1477 3803 Sum
1499 3748 1718 3818 quidem
1748 3763 1847 3818 ego
1878 3746 1984 3800 Pa-

431 3843 687 3908 racletus,
724 3842 816 3914 qui
856 3842 924 3897 ab
952 3840 1081 3897 Jesu
1108 3839 1248 3894 mitti
1278 3837 1566 3908 praedictus
1597 3851 1741 3899 sum,
1762 3836 1863 3889 «ad
1892 3850 1988 3908 rar-

428 3936 696 4006 guendum
715 3934 976 3989 mundum
994 3933 1060 3987 de
1074 3941 1298 4002 peccato
1315 3938 1367 3984 et
1387 3929 1453 3984 de
1467 3929 1729 3998 injustitia
1754 3929 1774 3959 ⁷
1790 3928 1923 4000 (69).
1952 3946 1973 3979 ν

429 4027 583 4083 Sicut
602 4035 655 4082 et
684 4026 780 4097 qui
818 4032 943 4080 ante
972 4038 1058 4078 me
1087 4022 1291 4077 missus
1317 4030 1401 4077 est
1430 4019 1657 4087 Paulus,
1690 4039 1708 4071 ι
1730 4034 1795 4075 ex
1827 4028 1984 4089 parte

426 4118 588 4186 scire,
618 4128 673 4174 et
701 4133 768 4172 ex
798 4124 949 4188 parte
977 4113 1337 4185 prophetarell
1366 4133 1386 4166 ι
1422 4128 1482 4169 se
1507 4113 1663 4178 dixit,
1704 4111 1841 4165 mihi
1894 4127 1984 4167 re-

427 4224 652 4266 servans
681 4207 828 4279 quod
861 4205 1159 4278 perfectum
1189 4213 1291 4271 est,
1322 4212 1385 4260 ut
1410 4204 1513 4259 hoc
1550 4203 1698 4274 quod
1724 4218 1787 4257 ex
1835 4210 1987 4273 parte

424 4311 511 4359 est
538 4302 836 4357 destruam.
872 4299 1113 4353 Tertium
1160 4311 1290 4368 ergo
1335 4294 1707 4351 testimonium
1737 4295 1983 4363 accipite,

425 4394 732 4464 apostolum
767 4407 854 4446 me.
874 4405 995 4445 esse
1021 4388 1223 4444 Christi
1246 4388 1477 4443 electum
1497 4406 1509 4441 ι
1527 4394 1582 4442 et
1607 4387 1651 4442 si
1675 4385 1839 4440 vultis
1865 4400 1983 4440 mea

2087 1913 2356 1983 prolatum
2382 1909 2639 1976 Verbum,
2667 1919 2724 1966 et
2753 1909 3035 1965 inimicum
3081 1909 3358 1965 hominem
3394 1911 3641 1965 zizanio-

2087 2018 2208 2057 rum
2255 2001 2634 2056 seminatorem
2662 2002 2725 2067 η,
2772 2009 2828 2054 et
2873 2000 3171 2070 principem
3222 2001 3410 2056 satculi
3452 2003 3644 2055 mundi

2088 2092 2249 2161 hujus
2278 2090 2445 2146 Deum
2470 2091 2534 2154 ⁸³,
2564 2091 2656 2162 qui
2703 2090 2985 2144 hominum
3030 2090 3245 2145 mentes
3298 2100 3557 2158 excaecat,
3585 2102 3648 2145 ut

2087 2185 2141 2237 in
2189 2182 2479 2253 Evangelia
2529 2181 2730 2237 Christi
2784 2182 3131 2237 deserviant?
3186 2180 3374 2238 Bonus
3405 2191 3487 2238 est
3532 2184 3646 2238 iste

2088 2275 2248 2338 Deus,
2279 2273 2372 2343 qui
2420 2288 2551 2328 suos
2599 2271 2847 2327 homines
2896 2271 3097 2326 salvari
3146 2287 3257 2326 non
3287 2272 3541 2335 vult?Et,
3574 2283 3639 2325 ut

2087 2383 2155 2422 ue
2184 2367 2352 2421 multa
2385 2365 2487 2420 alia
2529 2365 2801 2419 revolvam
2826 2371 2883 2420 et
2918 2365 3154 2434 spatium
3183 2366 3446 2434 temporis
3477 2364 3634 2419 obte-

2083 2473 2224 2525 ram,
2278 2472 2418 2513 verte
2462 2455 2726 2512 doctrina:
2782 2455 3035 2511 differens
3078 2456 3189 2527 (71)
3246 2464 3481 2526 tempus,
3527 2457 3645 2510 haec

2086 2550 2290 2606 dixisse
2311 2548 2560 2612 sufficiat,
2592 2557 2646 2603 et
2669 2547 2737 2602 ad
2768 2548 3107 2619 propositum
3139 2548 3380 2614 redeam,
3405 2555 3468 2602 ut
3487 2561 3646 2602 com-

2084 2647 2326 2711 petenter
2349 2639 2627 2694 ostendam
2673 2639 2903 2694 istorum
2939 2638 3231 2693 absurdam
3262 2653 3385 2694 esse
3430 2638 3645 2694 doctri-

2086 2746 2234 2795 nam,
2279 2746 2381 2786 nec
2430 2730 2723 2801 quidquam
2774 2729 2885 2787 Deo
2915 2739 2969 2786 et
3019 2729 3166 2786 Patri
3224 2730 3437 2786 Domini
3470 2732 3645 2787 nostri

2088 2824 2385 2880 Salvatoris
2423 2824 2824 2892 ascribendum,
2875 2825 2968 2881 sed
3014 2825 3279 2879 malorum
3329 2834 3646 2879 nostrorum

2086 2931 2306 2972 causam
2356 2917 2599 2988 accipere
2648 2916 2904 2973 Satanam
2934 2933 2949 2969 :
2975 2918 3029 2971 in
3076 2918 3252 2987 ipsum
3281 2917 3480 2971 etenim
3508 2917 3647 2988 reji-

2086 3008 2358 3075 ciendum,
2384 3009 2525 3079 quod
2571 3009 2753 3063 omnia
2805 3008 3183 3081 hujuscemodi
3221 3008 3364 3063 mala
3407 3009 3476 3063 ab
3521 3010 3647 3079 ipso

2087 3113 2429 3174 generentur.
2453 3104 2556 3159 Sed
2579 3112 2632 3158 et
2657 3119 2721 3158 ea
2749 3120 2871 3174 qua:
2901 3104 2955 3158 in
2980 3103 3256 3173 prophetis
3281 3115 3335 3159 et
3368 3104 3487 3175 lege
3508 3105 3645 3160 scri-

2087 3203 2177 3266 pta
2210 3204 2357 3262 sunt,
2413 3195 2517 3265 ipsi
2565 3195 2921 3250 nihilominus
2966 3195 3285 3251 ascribenda
3330 3206 3492 3263 sunt;
3528 3197 3645 3267 ipse

2086 3301 2168 3369 est
2200 3288 2367 3353 enim,
2391 3288 2484 3358 qui
2528 3287 2582 3341 in
2618 3288 2894 3358 prophetis
2921 3296 3049 3342 tunc
3092 3288 3307 3344 locutus
3330 3298 3435 3356 est,
3467 3290 3646 3360 pluri-

2087 3390 2204 3430 mas
2243 3375 2324 3429 eis
2358 3375 2424 3430 de
2474 3374 2583 3431 Deo
2623 3377 2954 3446 ignorantias
2997 3391 3311 3449 suggerens.
3362 3389 3418 3434 et
3466 3388 3644 3435 tenta-

2086 3466 2282 3533 tiones,
2306 3478 2359 3521 et
2381 3468 2870 3537 concupiscentias.
2897 3467 3001 3523 Sed
3037 3479 3091 3523 et
3117 3470 3493 3525 devoratorem
3516 3487 3641 3526 eum

2087 3559 2370 3629 sanguinis
2389 3568 2444 3614 et
2473 3561 2652 3616 carnis
2678 3562 3001 3629 ostendunt;
3031 3578 3152 3633 quae
3180 3565 3362 3618 omnia
3398 3564 3467 3619 ad
3513 3581 3641 3621 eum

2088 3649 2355 3719 pertinent
2380 3649 2637 3706 Satanam
2664 3661 2718 3706 et
2742 3652 2806 3707 ad
2828 3655 3121 3724 prophetas
3151 3655 3291 3725 ejus,
3310 3671 3432 3726 qua:
3455 3666 3642 3712 trans-

2087 3739 2323 3795 formare
2364 3743 2534 3797 voluit
2561 3744 2615 3797 in
2646 3743 2861 3799 Patrem
2899 3745 3122 3813 Christi,
3151 3757 3205 3802 et
3232 3749 3472 3805 scribere
3506 3765 3643 3820 pau-

2086 3848 2148 3887 ca
2180 3834 2425 3902 quaedam
2469 3851 2619 3899 vera,
2655 3845 2714 3890 ut
2762 3853 2859 3906 per
2904 3838 3019 3893 haec
3064 3840 3228 3894 etiam
3278 3850 3471 3896 caetera
3520 3858 3643 3912 qua:

2085 3931 2214 3976 sunt
2258 3921 2415 3987 falsa,
2463 3925 2832 3981 crederentur.
2864 3924 3018 3982 Unde
3039 3928 3241 3983 bonum
3273 3930 3432 3986 nobis
3462 3942 3552 3988 est
3574 3949 3640 3987 ex

2085 4014 2338 4070 omnibus
2369 4030 2490 4086 qua:
2529 4032 2701 4087 usque
2735 4019 2802 4072 ad
2833 4016 3096 4073 Joannem
3125 4020 3326 4090 scripta
3365 4032 3521 4084 sunt.
3555 4023 3637 4076 ni-

2087 4109 2163 4163 hil
2207 4109 2429 4164 omnino
2466 4111 2762 4180 suscipere,
2799 4127 2831 4167 a
2862 4112 3058 4168 diebus
3099 4129 3229 4169 vero
3256 4114 3376 4184 ejus
3411 4131 3638 4188 evange-

2085 4200 2306 4254 lizatum
2342 4215 2566 4272 regnum
2614 4202 2877 4257 caelorum
2912 4203 3088 4258 solum
3120 4204 3369 4274 amplecti
3401 4224 3415 4259 :
3443 4219 3642 4270 semet-

2085 4291 2234 4362 ipsos
2264 4292 2409 4346 enim
2456 4293 2764 4359 trriserunt,
2795 4294 3022 4349 ridicula
3055 4305 3109 4349 et
3144 4297 3349 4351 ludicra
3382 4297 3636 4353 introdu-

2085 4394 2289 4448 centes,
2313 4384 2525 4453 exiguis
2555 4386 2880 4455 quibusdam
2905 4387 3083 4441 verbis
3106 4388 3161 4441 in
3195 4388 3309 4458 lege
3344 4389 3643 4445 adumbra-

424 4487 586 4540 verba
634 4484 929 4554 suscipere,
959 4480 1246 4536 invenietis
1276 4480 1541 4544 salutem;
1591 4479 1838 4533 uolentes
1883 4493 1983 4531 au-
2011 4491 2054 4546 ο
2084 4474 2174 4540 tis,
2202 4474 2514 4545 ignorantes
2560 4477 2687 4546 quia
2732 4477 2891 4531 malis
2917 4478 2964 4532 si
3000 4479 3431 4534 admiscerentur
3468 4482 3641 4548 bona,

424 4587 555 4639 tem,
579 4590 677 4629 vos
706 4585 942 4629 aeternus
971 4572 1110 4644 ignis
1133 4573 1420 4627 absumere
1442 4572 1623 4639 habet,
1656 4569 1810 4625 Sicut
1832 4569 1977 4625 enim

423 4666 745 4739 Hymenaeus
786 4674 840 4722 et
883 4664 1188 4720 Alexander
1219 4664 1444 4720 «traditi
1480 4671 1611 4719 sunt
1651 4661 1886 4725 Satanae,
1916 4667 1977 4714 ut

490 4787 511 4819 '
537 4785 694 4846 Joan.
719 4801 826 4848 xvr.
858 4784 910 4841 8.
1015 4785 1036 4816 ⁸
1069 4784 1088 4838 l
1114 4785 1240 4840 Cor.
1267 4800 1386 4852 xm,
1412 4784 1465 4842 9.

419 4871 543 4924 xm,
575 4855 666 4912 ‘25.
741 4857 785 4888 “
808 4855 1008 4927 Ephes.
1031 4872 1107 4920 Vl,
1135 4856 1221 4911 12.

513 4975 603 5047 61)
630 4976 807 5047 Codex
837 4975 1123 5047 Bobiensis
1153 4991 1261 5030 non
1290 4975 1474 5042 habet,
1504 4993 1525 5027 ε
1548 4974 1789 5046 quidem.
1813 4992 1832 5026 ι

513 5045 605 5116 6‘2)
636 5046 817 5101 Codex
846 5045 1160 5101 Casinensis
1185 5048 1347 5111 male,
1384 5065 1402 5097 ι
1423 5045 1616 5102 cernit.
1642 5064 1661 5097 ν
1758 5114 1787 5116 νὴ
1859 5089 1867 5116 _.

490 5113 604 5191 (65)
642 5119 824 5191 Codex
844 5116 1164 5191 Bobiensis,
1190 5136 1211 5167 ‹
1234 5116 1705 5191 grammaticuset
1736 5113 1980 5191 discipli-

421 5184 511 5243 ι)αέ
530 5184 814 5243 rhetorica:
831 5187 976 5242 artis
1011 5184 1395 5256 peritissimus,
1436 5196 1490 5241 ct
1519 5185 1793 5255 (Egidius.
1825 5203 1842 5232 ι
1872 5184 1981 5237 Ho-

419 5274 540 5313 rum
574 5267 755 5313 autem
804 5257 1050 5327 judicurn
1090 5258 1351 5326 primum,
1401 5257 1681 5325 gentilium
1729 5256 1974 5327 philoso-

424 5330 567 5399 phiae
623 5327 1007 5399 professorem,
1064 5328 1361 5399 secundum
1412 5327 1701 5399 medicum,
1729 5326 1978 5399 _tcrtium

422 5394 864 5468 grammaticum,
898 5405 1153 5466 quartum
1183 5398 1455 5451 rhetorem
1486 5396 1614 5451 facit
1644 5394 1977 5465 Epiphanius

415 5480 570 5523 num.
603 5470 690 5523 i0.

476 5539 601 5609 (64)
631 5539 811 5609 Codex
835 5536 1173 5609 Casinensis,
1216 5553 1237 5586 ι
1264 5546 1523 5609 reetores.
1550 5554 1570 5585 ι

478 5607 601 5676 (65)
629 5607 819 5662 Codex
845 5607 1146 5672 Bobiensia,
1186 5624 1205 5658 σ
1225 5607 1528 5661 convocati.
1549 5623 1568 5655 ι

479 5678 597 5747 (66)
629 5678 811 5747 Codex
839 5677 1175 5747 Casiniensis,
1216 5694 1235 5726 ι
1260 5676 1515 5747 plurima.
1544 5693 1564 5726 ι

462 5740 597 5819 ιβῖ)
626 5745 744 5802 Huc
802 5761 976 5817 usque
1036 5740 1279 5802 Valesius
1330 5743 1498 5801 edidit
1532 5760 1596 5800 ex
1647 5744 1834 5800 codice
1862 5741 1966 5799 Bo-

1575 4785 1598 4817 ’
1628 4781 1651 4837 ι
1679 4780 1821 4838 Tim.
1850 4797 1947 4848 vn,
1982 4780 2071 4836 50.

2084 4567 2347 4621 malorum
2387 4569 2732 4637 corruptione
2758 4568 2923 4623 etiam
2955 4584 3077 4639 qua:
3106 4571 3246 4625 bona
3274 4582 3424 4635 sunt,
3449 4583 3636 4629 extero

2083 4660 2378 4712 minantur.
2407 4659 2473 4711 Et
2504 4658 2551 4714 si
2595 4659 2811 4728 quidem
2852 4669 2934 4714 est
2984 4661 3292 4731 quisquam,
3328 4664 3422 4733 qui
3463 4667 3640 4734 possit

2177 4779 2219 4810 ¹⁰
2249 4777 2437 4833 Matth.
2464 4793 2563 4845 vn,
2589 4778 2675 4834 l8.
2800 4779 2843 4812 “
2872 4777 3029 4835 Joan.
3056 4794 3171 4844 vui,
3193 4780 3283 4836 44.
3371 4780 3415 4814 ⁸³
3441 4779 3633 4839 Matth.

2087 4966 2282 5027 bienst.

2155 5041 2266 5111 (68)
2300 5038 2356 5111 in
2384 5041 2572 5097 codice
2603 5037 2907 5101 Casinensi.
2924 5057 2967 5111 ί(
2991 5040 3134 5095 enim
3157 5037 3304 5094 dato.
3329 5057 3349 5092 ι

2157 5109 2269 5181 (69)
2297 5110 2522 5166 Videtur
2549 5112 2637 5166 hic
2664 5112 2818 5165 locus
2839 5124 2870 5164 a
2892 5110 3118 5176 Manete,
3150 5111 3235 5165 vel
3274 5111 3343 5164 ab
3379 5109 3636 5181 imperito

2082 5180 2306 5237 librario
2337 5191 2655 5251 corruptus;
2687 5196 2813 5234 nam
2847 5181 2913 5251 in
2931 5195 3089 5235 sacro
3119 5188 3286 5243 textu,
3321 5180 3627 5251 «justitiam

2083 5253 2342 5307 scribitur
2361 5249 2635 5306 contrario
2667 5266 2853 5306 sensu.
2876 5249 3034 5303 Varia
3067 5260 3249 5305 autem
3293 5249 3465 5306 sacra
3484 5250 3634 5307 Scri-

2082 5335 2254 5392 pturae
2307 5323 2426 5377 loca
2472 5322 2660 5376 dolose
2716 5321 3097 5392 interpolasse,
3128 5328 3291 5392 atque
3321 5323 3633 5392 corrupisse

2082 5391 2347 5447 Manetem
2381 5393 2581 5447 diserte
2605 5391 2902 5446 Archetaus
2921 5391 3115 5444 asserit
3139 5391 3278 5444 int‘ra
3300 5405 3423 5460 cap.
3454 5391 3547 5456 55,
3579 5400 3633 5447 et

2080 5479 2146 5518 ex
2179 5462 2480 5533 Epiphanio
2501 5461 2770 5533 colligitur
2799 5460 3127 5533 inejnsdem
3146 5460 3336 5533 haeresi
3368 5461 3626 5533 num.§6.

2152 5526 2530 5599 (70)‘Videtur
2557 5526 2829 5600 respicere
2860 5526 3044 5600 Manes
3063 5530 3132 5585 ad
3162 5530 3254 5583 illa
3280 5526 3441 5585 Joan.
3478 5546 3517 5598 ι,
3540 5531 3577 5586 5
3607 5547 3628 5587 :

2086 5620 2106 5653 ι
2131 5601 2195 5655 Et
2226 5602 2457 5657 tenebrae
2482 5616 2608 5656 eum
2639 5599 2746 5654 non
2783 5599 3327 5670 comprehenderunt.
3355 5618 3375 5652 ο

2147 5672 2257 5743 (71)
2284 5670 2342 5725 ιιι
2372 5672 2557 5728 codice
2580 5670 2886 5739 CaSiIICﬂSi,
2907 5668 2948 5722 ‘r
2968 5669 3240 5726 disserens
3258 5687 3281 5722 ι
3307 5668 3521 5743 legitur.
