3982 6346
313 289 455 346 ωδ

1448 287 1594 344 CUM
1627 285 1912 342 MANETE
1952 287 2494 346 HERESIARCHA.

3425 287 3564 342 ηξςι

313 409 623 475 ostendere,
671 409 840 479 legem
900 408 1036 463 recti
1099 416 1370 462 tenentem
1409 422 1552 474 esse,
1589 408 1747 464 debet
1777 423 1881 463 cu-
1912 414 1960 470 A
1987 410 2224 466 dicimus
2255 410 2631 467 monarchiam
2665 411 2827 466 unius
2848 420 3076 474 naturae,
3103 417 3157 464 et
3185 409 3366 464 omnia
3397 409 3559 465 Deum

313 501 540 566 stodiri;
573 501 656 555 sin
703 511 884 555 autem
929 501 1126 554 malam
1179 499 1487 565 ostendere,
1523 499 1878 556 interimenda

311 601 474 650 estet
510 592 840 661 abjicienda,
881 593 1082 662 quippe
1113 607 1235 661 qua:
1258 591 1454 646 mortis
1486 590 1598 660 (72)
1635 592 1882 648 ministe-

314 684 459 740 rium
521 684 763 738 continet
819 683 1170 738 informatum
1197 683 1264 747 “,
1292 700 1413 752 qua:
1457 684 1638 738 vultus
1711 684 1880 756 Moysi

311 775 562 846 gloriam,
596 784 908 844 contegens,
943 775 1229 830 destruxit.
1266 775 1380 830 Non
1437 787 1522 833 est
1563 780 1727 850 igitur
1760 782 1880 836 sine

308 866 554 934 periculo
581 866 833 934 Cuiquam
861 876 1099 920 vestrum
1138 869 1341 936 pariter
1370 885 1495 923 cum
1528 871 1643 939 lege
1671 883 1726 926 et
1753 886 1880 942 pro-

307 955 486 1024 phetis
535 970 736 1009 novum
772 953 1204 1022 Testamentum,
1261 966 1518 1028 tanquam
1554 960 1668 1030 (75)
1716 964 1880 1019 unius

307 1050 419 1104 sint
461 1057 714 1117 utraque,
761 1048 992 1113 docere,
1027 1051 1224 1120 quippe
1267 1066 1389 1104 cum
1445 1064 1673 1107 renovet
1702 1054 1769 1108 de
1793 1055 1879 1109 die

308 1140 362 1194 in
415 1140 558 1196 diem
609 1139 910 1195 Salvatoris
941 1141 1112 1194 nostri
1135 1141 1398 1210 eruditio;
1434 1143 1523 1196 illa
1565 1160 1696 1199 vero
1728 1158 1877 1200 vete-

309 1247 534 1286 rascens
559 1243 613 1286 et
639 1247 931 1286 senescens
967 1249 1136 1305 prope
1161 1235 1544 1289 exterminium
1570 1235 1683 1290 ﬁat.
1719 1235 1879 1303 Quod

305 1324 662 1380 manifestum
699 1334 783 1381 est
823 1327 928 1390 his,
967 1328 1059 1395 qui
1100 1327 1483 1381 discretionem
1520 1328 1719 1384 habere
1749 1345 1880 1399 pos-

307 1423 472 1482 sunt;
503 1416 632 1485 quia
689 1416 830 1470 sicut
880 1417 1094 1470 arboris
1124 1432 1246 1470 cum
1282 1417 1565 1471 senuerint
1600 1419 1763 1485 rami,
1795 1421 1878 1474 vel

305 1519 532 1563 truncus
555 1508 790 1562 fructum
818 1510 958 1564 ultra
995 1525 1101 1562 non
1137 1508 1309 1572 aii‘ert,
1334 1509 1425 1563 sed
1460 1510 1875 1577 abscinduntur,

303 1609 359 1656 et
390 1602 632 1656 membra
666 1616 956 1670 corporum
993 1618 1116 1656 cum
1149 1611 1408 1671 corrupta
1433 1602 1655 1669 fuerint,
1687 1620 1880 1673 ampu-

197 1699 210 1718 ‘
303 1701 492 1748 tantur
525 1711 538 1746 :
571 1694 938 1762 corruptionis
969 1693 1114 1747 enim
1158 1694 1309 1748 virus
1353 1708 1420 1747 ex
1474 1695 1733 1750 membris
1784 1712 1879 1766 per

1984 503 2212 572 replere,
2237 512 2291 558 et
2315 503 2522 556 nullum
2556 517 2679 556 esse
2705 511 2858 557 extra
2901 517 3025 556 eum
3066 500 3268 562 locum,
3297 500 3421 570 quis
3461 500 3567 557 erit

1981 602 2244 649 creatura:
2291 593 2611 663 susceptor?
2646 593 2734 646 ubi
2775 593 3021 663 gehenna
3064 591 3242 662 ignis?
3275 591 3364 646 ubi
3413 601 3566 646 tene-

1982 684 2093 739 brae
2121 685 2454 740 exteriores?
2486 685 2577 738 ubi
2610 685 2808 738 ﬁctus?
2834 683 2891 737 In
2943 683 3061 753 ipso
3108 683 3327 738 dicam?
3367 684 3561 749 Absit;

1981 776 2220 845 alioquin
2257 776 2422 830 etiam
2455 776 2569 845 ipse
2603 776 2654 828 in
2695 774 2780 828 his
2809 774 3013 842 pariter
3046 773 3400 829 cruciabitur.
3443 771 3563 828 Non

1981 869 2084 922 ista
2117 867 2363 922 sentiatis
2399 874 2712 936 quicunque
2740 866 2933 920 salutis
2965 875 3157 921 vestrae
3191 881 3376 920 curam
3421 867 3565 935 geri-

1981 962 2083 1026 tis;
2119 962 2426 1031 exemplum
2471 960 2615 1013 cnim
2655 959 2805 1013 vobis
2837 958 3038 1024 dicam,
3068 968 3124 1012 ut
3159 959 3372 1028 plenius
3402 959 3564 1013 intel-

1981 1053 2179 1124 ligat-is.
2210 1052 2391 1108 Unum
2427 1068 2522 1107 vas
2551 1060 2633 1106 est
2663 1051 2930 1118 mundus;
2964 1052 3105 1120 quod
3137 1050 3230 1105 Dei
3260 1051 3563 1106 substantia

1981 1156 2152 1202 totum
2208 1146 2311 1200 hoc
2355 1161 2449 1199 vas
2494 1144 2754 1214 replevit,
2807 1143 3082 1214 quomodo
3120 1143 3232 1210 jam
3284 1152 3461 1213 potest
3507 1145 3562 1197 in

1982 1237 2100 1308 ipso
2130 1251 2260 1290 vase
2291 1235 2496 1304 aliquid
2528 1235 2765 1304 amplius
2798 1235 3023 1304 reponi?
3055 1233 3111 1287 Si
3151 1234 3411 1302 repletum
3455 1243 3560 1299 est,

1978 1328 2254 1398 quomodo
2314 1326 2575 1394 suscipiet
2626 1326 2770 1395 quod
2825 1327 3066 1395 ponitur,
3119 1326 3224 1378 nisi
3270 1336 3564 1380 evacuetur

1977 1420 2045 1473 de
2075 1436 2202 1474 vase
2236 1435 2360 1489 pars
2400 1419 2617 1488 aliqua?
2660 1419 2768 1472 Aut
2816 1435 2926 1488 quo
2972 1418 3218 1488 proﬁciet
3261 1419 3404 1487 quod
3437 1435 3563 1473 eva-

1978 1513 2250 1577 cuabitur,
2302 1527 2426 1566 cum
2469 1512 2620 1565 locus
2668 1527 2776 1565 non
2812 1511 2918 1565 sit?
2954 1511 3051 1566 Ubi
3092 1511 3273 1565 terra?
3314 1511 3406 1566 ubi
3445 1527 3562 1566 εω-

1978 1606 2130 1659 lum?
2171 1606 2264 1660 ubi
2299 1604 2568 1674 abyssus?
2595 1605 2684 1659 ubi
2717 1605 2925 1659 stellze?
2963 1604 3055 1659 ubi
3090 1605 3282 1660 sedes?
3331 1605 3422 1658 ubi
3460 1620 3561 1678 po-

1979 1697 2238 1752 testates?
2286 1698 2377 1752 ubi
2433 1697 2738 1769 principes?
2785 1696 2876 1752 ubi
2934 1697 3171 1752 tenebrae
3223 1699 3566 1754 exteriores?

304 1795 467 1834 omne
498 1796 698 1850 corpus
732 1781 1057 1846 infunditur,
1093 1791 1146 1837 et
1181 1783 1289 1839 nisi
1333 1782 1558 1838 artiﬁcis
1596 1785 1876 1854 diligentia
1909 1767 1951 1822 Β
1980 1791 2105 1862 quis
2133 1798 2220 1846 est
2247 1791 2341 1860 qui
2368 1767 2565 1844 horum
2596 1791 2780 1859 posuit
2809 1789 3184 1854 fundamenta,
3206 1798 3262 1846 et
3289 1791 3418 1846 ubi?
3439 1791 3558 1847 Non

304 1873 608 1928 remedium
631 1874 856 1928 morbus
882 1874 1172 1944 acceperit,
1203 1891 1402 1946 corpus
1432 1891 1592 1932 omne
1616 1879 1875 1944 vitiatur;

306 1965 378 2019 ita
411 1980 539 2035 ergo
572 1974 624 2019 et
653 1965 978 2035 recipientes
1006 1967 1202 2037 legem,
1239 1968 1346 2022 nisi
1374 1971 1741 2040 cognoveritis
1778 1989 1877 2026 cu-

299 2057 390 2128 jus
415 2058 506 2124 sit,
533 2058 746 2112 animas
792 2074 918 2112 cum
950 2061 1124 2114 salute
1156 2061 1414 2130 perdctis.
1459 2082 1476 2114 ι
1505 2062 1614 2116 Lex
1642 2065 1786 2118 enim
1823 2074 1876 2119 et

301 2151 577 2221 propheta:
609 2165 780 2219 usque
808 2151 874 2205 ad
901 2149 1166 2205 Joannem
1191 2151 1489 2223 Baptistam
1517 2155 1582 2218 ¹⁸,
1615 2173 1633 2206 ι
1661 2171 1690 2208 a
1711 2153 1876 2210 Joan-

302 2259 371 2300 ne
397 2259 526 2298 vero
558 2243 643 2298 lex
678 2245 944 2308 veritatis,
977 2245 1061 2299 lex
1095 2247 1544 2315 promissionum,
1573 2249 1658 2303 lex
1708 2249 1876 2303 ecclo-

304 2354 452 2400 rum,
489 2338 576 2392 lex
611 2340 968 2392 annuntiatur
1005 2339 1246 2394 humano
1285 2342 1470 2410 generi
1501 2358 1659 2396 nova.
1706 2341 1876 2413 Equi-

301 2432 422 2486 dem
455 2430 628 2486 donec
654 2446 764 2486 non
815 2441 935 2486 erat
963 2432 1054 2502 qui
1077 2431 1415 2488 verissimam
1466 2435 1746 2490 scientiam
1771 2434 1876 2489 Do-

301 2526 434 2580 mini
488 2525 662 2580 nostri
703 2523 831 2580 Jesu
882 2525 1038 2579 vobis
1080 2526 1415 2592 ostenderet,
1447 2535 1735 2596 peccatum
1763 2542 1871 2580 non

301 2617 587 2672 habebatis
624 2636 637 2670 :
670 2633 814 2672 nunc
848 2625 1029 2672 autem
1055 2626 1109 2672 et
1139 2617 1354 2681 videtis,
1392 2629 1446 2672 et
1467 2618 1690 2684 auditis,
1724 2627 1778 2672 et
1815 2618 1869 2673 in

301 2712 551 2768 inscitias
585 2711 696 2783 (τις)
721 2713 798 2766 ire
830 2712 1017 2777 vultis,
1043 2721 1103 2766 ut
1135 2712 1309 2782 legem
1337 2727 1460 2782 qua:
1486 2713 1762 2768 destructa
1790 2721 1874 2767 est

299 2814 356 2859 et
380 2805 588 2870 relicta,
615 2805 725 2875 (75)
762 2805 902 2859 sicut
931 2804 1133 2859 Paulus
1155 2805 1248 2874 qui
1279 2804 1421 2875 apud
1465 2819 1564 2859 vos
1598 2803 1872 2874 probatis-

301 2897 479 2951 simus
517 2896 768 2962 habetur,
813 2897 889 2951 ait
939 2896 992 2950 in
1043 2895 1277 2964 quadam
1332 2893 1573 2965 Epistola
1629 2911 1728 2951 sua
1767 2897 1870 2951 hoc

300 2988 464 3043 modo
497 3003 512 3041 :
555 3006 572 3039 ι
606 2986 662 3041 Si
687 2987 831 3042 enim
861 3004 983 3057 quae
1013 2987 1257 3042 destruxi
1301 2987 1418 3042 hac
1443 2988 1640 3042 iterum
1673 2987 1869 3042 readi-

299 3077 424 3145 ﬁco,
464 3080 937 3148 praevaricatorem
969 3095 1056 3133 me
1088 3079 1366 3134 constituo
1392 3079 1455 3134 “.
1478 3098 1497 3132 ι
1535 3077 1650 3135 Hoc
1679 3089 1860 3134 autem

300 3171 453 3235 dicit,
487 3171 718 3242 gentiles
745 3186 840 3226 eos
878 3170 1153 3240 judicans,
1192 3180 1412 3241 pr0pter
1446 3171 1593 3241 quod
1629 3173 1732 3227 sub
1759 3173 1868 3228 ele-

300 3265 500 3321 mentis
543 3265 732 3320 mundi
790 3266 1064 3331 essent",
1101 3271 1419 3334 priusquam
1453 3267 1664 3321 venerit
1703 3267 1873 3336 pleni-

301 3356 437 3412 tudo
471 3355 616 3421 ﬁdei,
645 3356 930 3412 credentes
951 3357 1002 3410 in
1041 3355 1157 3426 lege
1185 3363 1239 3409 et
1268 3356 1566 3425 prephetis.

367 3446 508 3502 XIV.
547 3446 763 3501 Iudices
813 3447 1060 3501 dixerunt
1088 3460 1107 3499 :
1151 3444 1207 3500 Si
1257 3447 1387 3516 quid
1427 3447 1604 3502 adhuc
1639 3448 1873 3506 manife-

300 3539 440 3593 stius
481 3538 670 3604 habes,
713 3537 800 3592 dic
848 3538 916 3593 de
963 3537 1222 3592 doctrinae
1268 3546 1374 3591 tuae
1422 3538 1602 3602 modo,
1653 3549 1707 3593 et
1750 3539 1871 3593 ﬁdei

298 3631 478 3686 titulo.
513 3629 694 3684 Manes
729 3631 866 3686 dixit
893 3644 912 3682 :
951 3629 1064 3701 Ego
1109 3629 1245 3684 duas
1293 3639 1518 3685 naturas
1562 3647 1684 3686 esse
1727 3632 1868 3695 dico,

300 3738 467 3779 unam
505 3724 725 3787 bonam,
772 3731 825 3778 et
864 3723 1087 3777 alteram
1128 3721 1361 3788 malam;
1397 3734 1450 3777 et
1486 3738 1606 3778 eam
1652 3724 1870 3793 quidem

299 3831 424 3886 quae
473 3815 612 3870 bona
659 3823 762 3878 est,
811 3814 864 3868 in
911 3815 1236 3884 quibusdam
1287 3814 1535 3884 partibus
1588 3815 1867 3882 habitare;

299 3907 501 3962 malam
533 3923 663 3962 vero
691 3921 813 3963 esse
839 3916 947 3962 tam
982 3905 1244 3962 mundum
1283 3907 1449 3971 hunc,
1484 3923 1645 3978 quam
1688 3908 1871 3962 omnia

298 4017 424 4073 qua:
458 4001 512 4056 in
547 4015 612 4056 eo
642 4009 789 4067 sunt,
829 4015 950 4070 quae
977 4000 1133 4070 quasi
1167 4001 1437 4070 ergastula
1466 3999 1520 4052 in
1561 4008 1712 4070 parte
1751 4015 1869 4053 ma-

298 4091 431 4163 ligni
463 4091 638 4162 posita
665 4099 812 4152 sunt,
849 4091 993 4147 sicut
1029 4091 1104 4146 ait
1133 4089 1409 4146 Joannes:
1454 4109 1473 4142 ι
1510 4089 1683 4146 Totus
1708 4106 1870 4144 mun-

297 4185 402 4241 dus
455 4184 512 4240 in
553 4185 792 4256 maligno
826 4193 912 4239 est
955 4184 1167 4254 positus
1200 4183 1265 4248 ‘3,
1308 4201 1326 4234 ι
1367 4191 1423 4238 et
1467 4198 1574 4238 non
1629 4184 1684 4237 in
1737 4183 1866 4238 Deo.

297 4275 588 4347 Propterea
622 4276 730 4331 duo
762 4277 879 4331 loca
908 4292 1029 4332 esse
1054 4277 1314 4342 diximus,
1349 4292 1518 4331 unum
1560 4276 1784 4343 bonum,
1816 4285 1873 4332 et

297 4370 465 4425 alium
495 4369 590 4439 qui
621 4377 774 4424 extra
801 4383 926 4423 eum
954 4377 1060 4434 est,
1088 4378 1146 4422 ut
1174 4369 1228 4422 in
1263 4368 1346 4423 his
1376 4369 1606 4438 spatium
1639 4369 1870 4433 habens,

1978 1889 2157 1951 potest
2197 1879 2395 1950 aliquis
2433 1879 2634 1942 dicere,
2680 1880 2784 1934 nisi
2819 1878 2957 1935 forte
3005 1880 3362 1951 blasphemet.
3413 1881 3563 1949 Quo-

1978 1972 2142 2027 modo
2165 1980 2348 2025 autem
2377 1979 2431 2025 et
2455 1972 2690 2026 condere
2721 1972 2897 2041 potuit
2925 1982 3204 2028 creaturas
3233 1989 3342 2028 non
3377 1975 3560 2030 subsi-

1977 2071 2154 2117 stente
2181 2058 2524 2116 materia‘lSi
2558 2061 2702 2115 enim
2733 2062 2799 2115 de
2828 2077 2933 2114 non
2966 2062 3328 2130 exstantibus,
3361 2079 3562 2118 conse-

1976 2163 2176 2224 quetur
2219 2154 2330 2225 (76)
2369 2153 2467 2208 has
2527 2153 2771 2208 visibiles
2805 2163 3083 2209 creaturas
3120 2156 3374 2211 meliores
3412 2171 3556 2222 esse,

1974 2258 2028 2300 et
2062 2246 2316 2301 omnibus
2345 2246 2637 2300 virtutibus
2669 2246 2879 2315 plenas.
2931 2245 3084 2312 Quod
3122 2247 3168 2302 si
3201 2249 3408 2302 malitia
3450 2258 3555 2311 est,

1975 2349 2030 2394 et
2056 2354 2207 2394 mors
2253 2337 2308 2392 in
2339 2336 2442 2402 eis,
2484 2347 2538 2391 et
2568 2339 2868 2407 corruptio,
2909 2347 2962 2394 et
2992 2339 3038 2394 si
3082 2340 3211 2410 quid
3253 2340 3397 2397 bono
3426 2356 3560 2398 con.

1976 2435 2201 2488 trarium
2247 2441 2365 2495 est;
2403 2429 2681 2502 quomodo
2732 2447 2798 2486 ex
2850 2432 2953 2486 alia
2995 2441 3188 2488 natura
3226 2432 3399 2491 factas
3439 2449 3560 2490 esse

1972 2542 2066 2582 eas
2095 2526 2366 2580 dicimus?
2411 2524 2468 2578 Si
2517 2540 2646 2578 vero
2677 2523 3030 2580 consideretis
3078 2527 3355 2595 quomodo
3395 2542 3559 2597 gene-

1975 2626 2168 2674 rentur
2201 2617 2296 2672 ﬁlii
2329 2617 2636 2683 hominum,
2663 2617 2951 2673 invenietis
2980 2633 3089 2672 non
3117 2633 3238 2673 esse
3268 2618 3558 2676 Dominum

1975 2711 2212 2766 hominis
2242 2719 2580 2774 creatorem;
2615 2710 2708 2765 sed
2741 2710 2929 2772 alium,
2953 2710 3048 2780 qui
3077 2718 3132 2765 et
3166 2711 3282 2780 ipse
3307 2711 3561 2782 ingenita-

1973 2812 2054 2857 est
2091 2808 2321 2867 naturae,
2357 2801 2516 2869 cujus
2542 2799 2794 2854 conditor
2827 2799 3031 2864 nullus,
3063 2816 3162 2856 nec
3189 2811 3425 2866 creator,
3457 2817 3554 2858 nec

1971 2893 2143 2950 factor
2173 2904 2277 2955 est,
2309 2893 2402 2948 sed
2435 2894 2550 2946 sola
2584 2891 2792 2946 malitia
2829 2907 2927 2947 sua
2955 2891 3116 2946 talem
3149 2907 3270 2948 eum
3303 2893 3552 2962 protulit.

1971 2984 2067 3039 Est
2105 2985 2270 3054 igitur
2307 2985 2461 3038 vobis
2503 2984 2818 3038 hominibus
2863 2985 3172 3039 commistio
3203 3002 3327 3040 cum
3369 2989 3555 3042 uxori-

1973 3074 2076 3129 bus
2100 3073 2320 3138 vestris,
2353 3079 2420 3127 de
2455 3073 2834 3142 hujuscemodi
2867 3075 3156 3130 occasione
3193 3075 3552 3132 descendens.

1973 3165 2108 3220 Cum
2150 3166 2274 3234 quis
2314 3174 2550 3220 vestrum
2592 3165 2902 3221 carnalibus
2937 3166 3168 3237 aliisque
3214 3167 3352 3224 cibis
3389 3167 3556 3224 fuerit

1973 3259 2225 3322 satiatus,
2258 3268 2385 3311 tunc
2413 3257 2462 3310 ei
2494 3257 2948 3326 concupiscentiae
2989 3258 3238 3314 oboritur
3283 3260 3552 3328 incitatio,

1973 3361 2028 3408 et
2079 3354 2150 3406 ita
2187 3349 2484 3420 generandi
2530 3349 2628 3404 ﬁlii
2682 3350 2895 3405 fructus
2932 3361 3182 3422 augetur,
3230 3361 3292 3407 ut
3339 3368 3446 3408 non
3484 3369 3553 3410 ex

1974 3449 2173 3502 virtute
2202 3448 2407 3517 aliqua,
2443 3461 2546 3500 nec
2573 3462 2638 3501 ex
2674 3448 3035 3517 philosophia,
3067 3465 3169 3505 nec
3199 3465 3266 3505 ex
3307 3452 3415 3506 alio
3443 3453 3554 3508 ullo

1975 3539 2286 3605 intellectu;
2324 3539 2418 3593 sed
2444 3554 2510 3593 ex
2539 3540 2654 3592 sola
2705 3539 2952 3594 ciborum
2984 3541 3252 3608 satietate,
3291 3552 3344 3598 et
3372 3543 3554 3600 libidi-

1976 3648 2062 3700 ne,
2104 3642 2158 3686 et
2210 3631 2590 3687 fornicatione.
2639 3631 2705 3686 Et
2748 3633 3022 3702 quomodo
3075 3635 3208 3689 mihi
3258 3638 3548 3710 quisquam

1973 3725 2134 3790 dicet,
2165 3723 2292 3792 quia
2327 3721 2395 3778 ad
2428 3722 2718 3793 imaginem
2741 3721 2838 3778 Dei
2868 3723 3044 3779 factus
3073 3734 3155 3780 est
3181 3735 3334 3794 pater
3362 3741 3551 3784 noster

1973 3819 2166 3883 Adam,
2194 3828 2246 3871 et
2282 3815 2350 3871 ad
2395 3813 2834 3884 similitudinem,
2886 3827 2942 3872 et
2985 3817 3178 3874 similis
3231 3831 3315 3874 est
3363 3819 3412 3874 ei
3455 3822 3552 3890 qui

1973 3908 2102 3964 fecit
2169 3910 2334 3965 eum?
2381 3910 2664 3976 Quomodo
2717 3924 2906 3965 omnes
2945 3909 3070 3980 qui:
3089 3925 3156 3964 ex
3200 3925 3266 3965 eo
3310 3912 3552 3982 generati

1973 4017 2184 4069 sumus,
2221 4001 2428 4058 similes
2454 4002 2505 4056 ei
2533 4001 2762 4057 sumus?
2786 4002 2896 4057 imo
2925 4017 3055 4057 vero
3083 4005 3396 4058 econtrario
3425 4004 3550 4073 plu-

1974 4095 2127 4149 rima:
2175 4094 2336 4149 nobis
2379 4101 2508 4149 sunt
2553 4092 2780 4159 formae,
2829 4093 3029 4149 diversi
3082 4095 3266 4150 vultus
3314 4094 3550 4153 ferentes

1973 4184 2240 4256 eﬁigiem?
2267 4183 2425 4251 Quod
2459 4199 2625 4254 quam
2663 4199 2852 4238 verum
2892 4184 2998 4250 sit,
3033 4185 3419 4240 demonstrabo
3454 4201 3551 4241 vo-

1972 4278 2057 4333 bis
2087 4276 2142 4331 in
2174 4275 2469 4346 parabolis.
2513 4273 2804 4329 Intuemini
2834 4275 2968 4329 mihi
3007 4275 3242 4344 aliquem
3277 4277 3546 4333 volentem

1975 4372 2291 4426 thesaurum
2319 4378 2414 4424 aut
2435 4368 2640 4438 aliquid
2669 4369 2817 4423 aliud
2850 4369 3066 4440 signare
3089 4368 3222 4438 (77),
3252 4378 3306 4424 et
3326 4379 3546 4440 accepta

297 4471 484 4533 posset
524 4462 580 4516 in
624 4477 685 4518 se
714 4461 990 4531 suscipere
1022 4472 1328 4516 creaturam
1371 4461 1578 4515 mundi.
1629 4459 1686 4515 Si
1726 4462 1869 4517 enim
1903 4481 1948 4536 ι)
1976 4478 2121 4527 cera,
2167 4460 2250 4516 vel
2297 4461 2414 4516 luto
2458 4460 2598 4516 velle
2641 4461 2824 4515 vultus
2880 4461 2964 4516 sui
3011 4461 3351 4529 signaculum
3399 4461 3547 4532 quod

371 4609 419 4642 ¹δ
444 4608 490 4663 lI
512 4609 639 4664 Cor.
670 4623 744 4673 vt,
772 4607 824 4660 7.
901 4607 945 4638 ¹⁸
969 4605 1100 4662 Luc.
1132 4623 1240 4672 xvr,
1272 4606 1357 4660 16.
1436 4606 1481 4639 ¹⁶
1514 4605 1631 4660 Gal.
1665 4623 1723 4674 ιι,
1754 4608 1842 4663 18,

369 4746 482 4817 (72)
512 4746 610 4802 llic
640 4763 781 4802 unus
805 4762 869 4802 ex
897 4747 1004 4801 illis
1037 4762 1206 4802 sacrae
1241 4745 1536 4817 Scriptura:
1567 4748 1700 4803 locis
1729 4765 1851 4806 esse

295 4819 529 4880 videtur,
556 4834 695 4887 quos
717 4817 922 4883 Manes,
955 4817 1221 4871 Archelao
1253 4826 1386 4872 teste
1418 4820 1471 4872 in
1505 4835 1624 4887 cap.
1654 4819 1722 4872 53
1745 4821 1850 4874 hu-

293 4890 388 4960 jus
408 4889 813 4960 disputationis,
830 4889 896 4943 ad
925 4904 1079 4944 suam
1104 4887 1428 4943 l‘ulciendam
1462 4889 1709 4960 haeresim
1732 4906 1855 4944 cor-

298 4959 447 5028 rupit
474 4977 488 5012 :
513 4974 634 5012 nam
667 4959 938 5013 diversum
980 4974 1199 5013 sensum
1233 4974 1343 5027 pra:
1386 4974 1444 5014 se
1495 4959 1675 5013 ferunt
1702 4960 1858 5014 Pauli

294 5030 464 5084 verba
508 5031 574 5082 ad
616 5045 737 5098 qua:
786 5029 1028 5099 respicit,
1073 5039 1183 5082 tam
1242 5031 1294 5082 in
1325 5031 1541 5096 vulgata
1596 5031 1857 5095 editione,

296 5115 462 5170 quam
492 5099 634 5169 apud
660 5099 987 5154 Archelaum
1015 5109 1260 5170 nostrum
1293 5099 1432 5152 inira
1458 5114 1580 5168 cap.
1613 5101 1704 5155 45.

370 5170 485 5241 (75)
511 5172 583 5223 Ita
609 5170 813 5223 codicis
839 5170 1153 5225 Casinensis
1178 5169 1465 5224 lectionem
1491 5172 1848 5234 correximus,

298 5241 355 5295 in
409 5254 520 5306 quo
574 5241 836 5309 scriptum
865 5249 970 5308 est,
1011 5255 1255 5293 tiiovum
1306 5241 1697 5308 testimonium,
1741 5251 1856 5295 tum

296 5320 580 5380 tanquam.
607 5329 626 5362 ι

395 5373 481 5449 74)
519 5378 699 5450 Locus
730 5388 1058 5450 corruptus:
1087 5378 1244 5443 forte,
1276 5396 1294 5429 ι
1327 5387 1382 5433 et
1405 5373 1634 5436 inﬁcias.
1668 5400 1687 5432 ι

357 5449 485 5575 ,(75)
526 5449 686 5507 Deest
724 5449 978 5515 fortasse,
1014 5467 1034 5500 ‹
1075 5450 1396 5516 observetis,
1424 5466 1444 5499 ›
1489 5452 1573 5505 vel
1614 5453 1743 5521 quid
1788 5451 1863 5506 si-

357 5537 447 5575 ie.

296 5537 447 5578 mlle.

291 5623 294 5626 ~
368 5589 483 5660 (76)
519 5589 581 5644 In
610 5590 797 5646 codice
823 5589 1110 5646 Casiuensi
1146 5595 1250 5660 est,
1288 5607 1315 5660 cf
1345 5601 1787 5660 consequentem.
1835 5612 1854 5645 ι

296 5668 297 5671 ‘
367 5659 481 5732 (77)
518 5661 788 5732 Antiquos
816 5662 1030 5716 annulis
1061 5659 1256 5732 omnia
1275 5659 1546 5732 signasse,
1558 5677 1682 5730 qua
1703 5677 1735 5716 a
1763 5664 1860 5717 ἀοι

298 5729 733 5790 ωέειὶέοτυωὶῑ
759 5746 1042 5788 servorum
1087 5729 1291 5800 rapinis
1334 5729 1608 5787 vindicare
1649 5744 1859 5805 satage-

1920 4611 1961 4642 ¹τ
2002 4608 2122 4664 Gal.
2151 4623 2224 4673 IV,
2248 4607 2303 4661 5.
2379 4605 2425 4638 ¹⁸
2465 4604 2485 4658 l
2526 4604 2686 4660 Joan.
2723 4621 2778 4672 v,
2814 4605 2901 4661 l9.

1953 4751 2108 4813 bant,
2164 4761 2342 4819 arcas,
2396 4746 2654 4819 armaria,
2705 4746 3035 4819 amphoras,
3082 4761 3280 4814 penum
3327 4747 3546 4819 aliaque

1955 4819 2102 4874 furto
2132 4833 2194 4888 ac
2222 4818 2426 4886 rapinae
2452 4817 2710 4888 obnoxia,
2747 4832 2834 4871 res
2863 4817 3153 4888 notissima
3182 4827 3267 4872 est
3301 4817 3543 4888 antiqui-

1959 4891 2088 4944 tatis
2130 4885 2407 4958 Romana;
2420 4896 2478 4958 et
2517 4885 2719 4941 Griecaa
2757 4886 3038 4958 stydiosis,
3089 4887 3267 4958 deque
3311 4902 3374 4942 ea
3421 4885 3546 4958 post

1961 4959 2217 5014 alioslate
2242 4956 2769 5026 agitKirchmannus
2786 4955 2864 5010 De
2879 4958 3116 5022 annalis,
3144 4955 3299 5012 c110.
3331 4955 3536 5013 Annuli

1960 5032 2026 5084 ad
2062 5031 2165 5084 hoc
2193 5025 2344 5089 facti,
2370 5028 2672 5097 signatorii,
2698 5035 2752 5081 et
2790 5027 3123 5097 sigillatorii,
3156 5037 3210 5082 et
3241 5043 3270 5081 a
3301 5025 3540 5096 Vopisco

1963 5101 2017 5154 in
2047 5097 2664 5166 Aunsuauoxigillatitii
2692 5109 3106 5166 nuncupantur;
3132 5098 3260 5167 quin
3288 5107 3342 5151 et
3365 5098 3545 5167 signa-

1966 5172 2108 5234 cula,
2139 5181 2197 5223 ut
2227 5169 2475 5221 Archelai
2511 5168 2884 5237 disputationis
2930 5169 3198 5236 interpres
3226 5167 3406 5230 vertit,
3431 5169 3542 5223 dici

1965 5256 2129 5310 posse
2158 5239 2291 5295 scite
2329 5239 2494 5310 tradit
2526 5235 2829 5310 Salmasius
2865 5237 2941 5292 De
2964 5235 3349 5310 rsuo’signandis
3381 5247 3546 5291 testa-

1968 5307 2190 5376 incntis,
2243 5324 2366 5378 cap.
2417 5308 2505 5362 19.
2551 5307 2689 5363 Cera
2732 5319 2913 5378 autem
2959 5309 3012 5362 in
3068 5307 3208 5378 hanc
3251 5322 3373 5378 rem
3410 5323 3542 5364 usos

1969 5379 2138 5435 fuisse
2170 5376 2378 5434 veteres
2426 5379 2533 5433 late
2578 5380 2772 5448 probat
2818 5377 3046 5433 Vossius
3091 5376 3176 5448 De,
3207 5376 3542 5443 idololatria,

1973 5450 2068 5503 lib.
2097 5465 2172 5512 tv,
2203 5465 2322 5519 cap.
2350 5449 2440 5503 91.
2473 5448 2549 5502 De
2572 5447 2744 5512 Creta,
2772 5463 2935 5518 quam
2970 5449 3136 5519 latum
3166 5447 3306 5519 idem
3333 5448 3546 5519 Arche-

1971 5521 2044 5574 lai
2085 5516 2354 5589 interpres
2407 5527 2598 5585 vocat,
2655 5516 2808 5589 testis
2856 5528 2939 5572 est
2983 5516 3205 5572 Servius
3251 5518 3304 5571 in
3350 5518 3543 5589 lib.7tv

1965 5588 2249 5655 .Eneidos,
2278 5591 2347 5646 ad
2378 5591 2471 5643 illa
2502 5591 2666 5644 verba
2695 5607 2709 5643 :
2737 5588 2999 5656 Longqva
3026 5589 3295 5653 sacerdos,
3331 5589 3422 5643 ubi
3456 5588 3544 5643 Si-

1965 5661 2120 5732 byllae
2148 5660 2293 5732 apud
2335 5659 2539 5732 Cumas
2577 5661 2758 5730 agenti
2797 5659 2868 5732 ab
2911 5658 3218 5732 Erythreisg
3248 5660 3535 5729 epistolam

1965 5729 2190 5786 missam
2223 5729 2392 5787 fuisse
2429 5729 2631 5798 refert,
2660 5747 2680 5781 ι
2709 5731 2935 5799 antiquo
2984 5729 3135 5784 more
3175 5729 3463 5800 signatam.
3498 5748 3520 5781 ι
