3982 6346
441 310 580 366 Hbe

1426 309 1606 366 ACTA
1677 308 2208 369 DISPUTATIONIS
2248 311 2308 368 5.
2359 311 2706 367 ARCHELAI

3553 309 3691 367 “56

439 433 597 503 gerit,
628 431 965 501 exprimere;
997 436 1143 502 quod
1175 431 1220 488 si
1267 432 1406 488 alius
1447 449 1666 505 quoque
1706 435 1890 492 vultus
1927 437 2012 491 sui
2045 443 2084 497 Α
2116 436 2358 491 cessario
2382 443 2598 505 expetet
2631 433 2774 505 (82).
2817 434 3023 487 lnterea
3070 432 3362 502 aliquando
3408 431 3695 502 respondit

443 528 672 597 tiguram
702 523 952 578 similiter
973 525 1323 593 expresserit,
1351 526 1597 595 nunquid
1629 527 1810 582 simile
1827 528 2015 598 signa-

440 616 624 671 culum
657 611 981 682 apparebit?
1011 610 1388 682 Nequaquam.
1425 615 1639 670 etiamsi
1673 632 1769 670 vos
1807 616 2014 678 nolitis,

438 706 581 776 quod
618 718 802 759 verum
837 711 941 769 est,
970 704 1238 759 conﬁteri.
1285 704 1439 771 Quod
1484 708 1530 762 si
1569 722 1677 762 non
1720 723 1913 763 sumus
1941 708 2016 763 si-

438 797 595 852 miles
640 796 697 849 in
745 794 1050 866 signaculo,
1102 796 1195 850 sed
1243 806 1326 853 est
1380 797 1434 851 in
1488 800 1647 853 nobis
1691 800 2012 862 diﬂ’erentia,

436 887 716 959 quomodo
753 902 860 941 non
896 887 1160 956 probatur
1193 888 1497 959 principum
1533 905 1658 953 nos,
1693 900 1747 945 et
1776 892 2016 947 materiae

427 997 558 1037 esse
592 982 860 1036 facturam
886 997 899 1033 :
929 984 1230 1037 secundum
1275 983 1420 1037 enim
1462 982 1573 1053 (78)
1621 984 1860 1054 ipsorum
1906 985 2018 1041 for-

438 1091 605 1139 mam,
629 1086 685 1130 et
708 1075 1141 1141 similitudinem,
1166 1085 1221 1130 et
1250 1075 1540 1146 imaginem
1562 1077 1726 1131 etiam
1750 1093 1849 1133 nos
1874 1078 2020 1134 exsi-

432 1168 636 1223 stimus
667 1168 858 1223 formae
898 1168 1147 1223 diversze.
1175 1166 1330 1233 Quod
1368 1167 1414 1223 si
1446 1183 1564 1222 eam
1595 1184 1718 1238 quae
1753 1184 1819 1224 ex
1858 1168 2018 1224 initio

432 1257 582 1315 tacta
634 1257 947 1313 commistio
992 1268 1097 1323 est,
1131 1267 1187 1313 et
1232 1257 1472 1329 qualiter
1526 1258 1667 1314 facta
1718 1260 1809 1326 sit,
1854 1262 2018 1317 vultis

431 1352 702 1414 ediscere,
731 1349 964 1405 edicam.

508 1440 624 1496 XV.
664 1441 879 1496 Judicer
909 1442 1154 1495 dixerunt
1182 1459 1202 1497 :
1232 1438 1350 1495 Non
1383 1442 1535 1511 prius
1571 1443 1837 1513 quaeritur
1876 1459 2016 1513 quo-

438 1535 602 1590 modo
633 1534 774 1589 facta
824 1535 895 1589 sit
937 1534 1110 1604 prima
1158 1534 1492 1600 commistio,
1526 1536 1631 1589 nisi
1677 1535 1830 1606 prius
1860 1535 2020 1591 detur

437 1630 601 1696 ratio,
629 1629 739 1683 duo
772 1644 893 1685 esse
922 1628 1188 1699 principia
1220 1629 1514 1683 naturalia.
1555 1628 1694 1684 Cum
1727 1630 1874 1685 enim
1907 1629 2021 1685 cla-

438 1723 609 1779 ruerit
645 1724 755 1777 duo
786 1736 909 1778 esse
953 1722 1210 1793 ingenita,
1244 1731 1373 1779 tunc
1413 1721 1577 1777 etiam
1610 1723 1822 1793 reliqua
1858 1722 2016 1778 ﬁdem

438 1816 676 1886 capient,
707 1815 869 1870 etiam
911 1816 954 1871 si
992 1831 1118 1886 pars
1154 1816 1335 1885 aliqua
1377 1830 1487 1870 non
1529 1816 2021 1872 accommodaverit

440 1922 726 1963 assensum
758 1906 1073 1981 :judicandi
1100 1908 1244 1962 enim
1278 1907 1436 1962 nobis
1464 1917 1728 1977 potestate
1750 1909 2018 1979 permissa

438 2003 705 2066 dicemus,
754 2002 899 2072 quod
951 2012 1152 2055 nostrae
1196 2000 1444 2072 opinioni
1493 2001 1773 2057 claruerit.
1817 2001 2019 2058 Demus

439 2102 621 2149 tamen
660 2101 718 2148 et
748 2093 1014 2148 Archelao
1053 2092 1267 2148 dicendi
1316 2091 1629 2148 facultatem
1679 2093 1746 2147 ad
1790 2092 1926 2161 haec,
1961 2103 2021 2149 ut

439 2202 562 2257 quae
591 2185 660 2241 ab
694 2194 925 2255 utroque
951 2184 1094 2238 dicta
1125 2183 1329 2239 fuerint
1355 2193 1762 2254 comparantes,
1792 2198 1893 2254 pro
1929 2199 2021 2239 ve-

441 2280 600 2333 ritate
628 2277 903 2348 possimus
943 2276 1084 2331 ferre
1125 2278 1474 2332 sententiam.
1509 2276 1798 2331 Archelaus
1832 2276 1971 2330 dixit
1998 2293 2019 2331 :

442 2368 680 2424 Tametsi
711 2369 947 2441 ingentis
972 2368 1235 2437 audacia,
1274 2378 1329 2425 et
1359 2369 1711 2441 blasphemiae
1751 2371 1905 2441 plena
1937 2379 2021 2424 est

443 2461 672 2516 intentio
719 2460 1039 2515 adversarii.
1087 2459 1273 2515 Manes
1322 2461 1500 2517 dixit:
1531 2460 1745 2528 Audite,
1786 2461 2017 2532 iudices,

442 2551 572 2622 quid
601 2550 800 2604 dixerit
839 2550 975 2616 (79),
1024 2548 1367 2605 adversarii?
1407 2549 1548 2619 Ergo
1585 2552 1707 2605 (luat
1740 2565 1827 2605 res
1870 2563 2016 2605 sunt.

441 2642 731 2697 Archelaus
781 2641 919 2695 dixit
962 2656 981 2694 :
1026 2642 1254 2697 Insania
1295 2642 1470 2713 magis
1513 2658 1677 2711 quam
1725 2642 2022 2713 prudentia

442 2734 658 2789 videtur
682 2731 816 2787 mihi
855 2731 1050 2802 plenus
1080 2732 1203 2799 iste,
1234 2730 1328 2801 qui
1360 2731 1493 2785 mihi
1518 2730 1677 2785 hodie
1707 2740 2023 2786 controver-

446 2828 584 2883 siam
618 2833 820 2889 movet,
851 2826 978 2894 quia
1012 2824 1205 2879 dixcro
1239 2824 1562 2887 adversarii,
1597 2824 1690 2878 sed
1722 2823 1897 2877 ablata
1924 2824 2019 2879 tibi

443 2928 527 2974 est
557 2920 610 2973 in
644 2917 858 2973 modico
882 2931 1135 2972 sermone
1164 2915 1400 2985 objectio
1423 2932 1437 2968 :
1462 2915 1677 2969 tametsi
1709 2915 1923 2985 quidem
1954 2931 2021 2969 ex

447 3012 550 3067 hoc
582 3010 877 3066 arbitratus
907 3024 967 3063 es
995 3021 1082 3061 me
1112 3006 1505 3061 atllrmaturum
1556 3003 1668 3074 (80)
1716 3004 1854 3059 duas
1901 3020 2022 3061 esse

448 3109 693 3156 naturas.
726 3098 1002 3170 Ingentem
1036 3095 1343 3150 doctrinam
1372 3095 1550 3150 ferens
1577 3094 1735 3161 ades;
1766 3104 2018 3150 neutrum
2048 3133 2092 3191 C

445 3193 592 3249 enim
643 3206 834 3247 eorum
881 3203 1003 3258 quae
1036 3189 1260 3252 asseris,
1288 3196 1414 3242 stat.
1453 3186 1638 3244 Potest
1662 3188 1805 3243 enim
1838 3189 1885 3244 is
1928 3189 2021 3259 qui

447 3299 554 3339 non
587 3291 803 3348 natura,
843 3282 939 3335 sed
986 3279 1267 3351 proposito
1309 3278 1654 3336 adversarius
1682 3288 1785 3348 est,
1814 3279 2025 3336 amicus

444 3376 690 3441 eﬂ'ectus,
720 3387 830 3429 non
880 3388 1004 3428 esse
1055 3371 1422 3438 adversarius,
1453 3380 1509 3427 et
1554 3373 1627 3427 ita
1672 3387 1798 3427 cum
1837 3372 2025 3429 altere

447 3470 608 3526 nobis
640 3466 798 3524 alteri
829 3465 1181 3537 acquieverit,
1220 3480 1388 3520 unum
1424 3474 1588 3535 atque
1626 3465 1769 3521 idem
1799 3475 2027 3536 uterque

447 3558 764 3637 apparebit;
793 3572 916 3627 quae
936 3570 1102 3611 causa
1137 3554 1341 3609 indicat
1369 3562 1647 3610 creaturas
1675 3551 2025 3608 rationabiles

446 3652 619 3709 libero
642 3649 875 3709 arbitrio.
898 3662 1019 3703 esse
1038 3644 1356 3717 permissas,
1392 3644 1536 3700 unde
1556 3652 1611 3700 et
1641 3644 2026 3700 conversiones

449 3743 738 3815 recipiunt,
783 3750 838 3798 et
874 3741 997 3796 ideo
1030 3740 1284 3810 ingenitae
1320 3746 1532 3793 natura:
1562 3751 1684 3792 esse
1733 3752 1844 3792 non
1894 3752 2025 3807 pos-

449 3845 577 3894 sunt
605 3836 739 3908 (81).
791 3833 932 3902 Quid
965 3847 1096 3904 ergo
1144 3831 1263 3886 ais?
1304 3831 1423 3886 duae
1455 3830 1572 3885 ista:
1598 3837 1806 3885 naturae
1833 3829 2025 3883 incon-

448 3929 728 3987 vertibiles
773 3936 932 3989 sunt,
974 3942 1043 3980 an
1088 3924 1492 3989 convertibiles,
1544 3932 1638 3978 aut
1689 3938 1794 3977 una
1835 3937 2022 3978 eorum

451 4021 821 4081 convertitur?
871 4020 940 4074 At
988 4034 1117 4074 vero
1172 4018 1357 4073 Manes
1403 4025 1713 4073 remoratus
1752 4025 1865 4081 est,
1916 4031 2024 4069 non

451 4113 780 4171 inveniendo
805 4126 1165 4181 responsum;
1212 4108 1525 4165 intuebatur
1568 4108 1712 4164 enim
1762 4107 1906 4178 quod
1959 4122 2025 4162 ex

452 4215 687 4278 utroque
719 4204 1157 4267 concluderetur,
1183 4209 1486 4258 retractans
1522 4199 1700 4267 :Quia
1751 4199 1795 4255 si
1846 4199 2024 4255 dicam

452 4296 700 4355 converti
729 4312 839 4362 eas,
876 4294 1228 4365 respondebit
1252 4293 1387 4347 mihi
1414 4292 1568 4359 illud,
1596 4292 1743 4362 quod
1773 4289 1829 4345 in
1850 4280 2027 4346 Evan-

453 4392 594 4463 gelio
616 4392 875 4460 scriptum
901 4396 985 4445 est
1007 4388 1073 4443 de
1095 4387 1420 4451 arboribus;
1445 4385 1591 4456 quod
1616 4385 1662 4439 si
1692 4398 1880 4454 negem
1905 4400 2028 4440 esse

2118 527 2302 582 Manes
2327 546 2338 581 :
2375 527 2808 582 inconvertibiles
2829 525 3046 595 quidem
3070 535 3199 579 sunt
3229 534 3497 593 utrinque,
3519 540 3690 595 quan--

2119 631 2231 674 tum
2269 628 2474 688 speetat
2520 618 2634 688 (85)
2690 617 2755 672 ad
2787 618 3097 672 contraria:
3125 615 3513 671 convcrtibiles
3540 630 3693 679 vero,

2117 711 2261 782 quod
2306 718 2512 780 spectat
2549 709 2614 763 ad
2659 709 2901 779 propria.
2942 708 3230 762 Archelaus
3276 707 3419 760 dixit
3468 722 3488 759 :
3532 704 3694 760 Video

2121 806 2195 858 ris
2222 803 2355 857 mihi
2385 803 2589 857 delirus
2621 815 2767 867 esse,
2800 809 2855 855 et
2887 800 3218 855 Oblivisceris
3260 799 3693 868 propositionum

2120 907 2367 962 tuarum;
2399 895 2492 949 sed
2522 910 2589 949 ne
2619 907 2807 949 eorum
2849 893 3067 963 quidem
3114 910 3237 963 qua:
3276 892 3515 947 didicisti
3560 891 3694 961 (84),

2120 990 2411 1044 verborum
2442 989 2669 1043 virtutes
2697 987 2781 1040 vel
2812 985 3107 1057 qualitates
3152 1000 3469 1056 agnoscere.
3510 983 3700 1054 Neque

2118 1081 2262 1134 enim
2289 1079 2576 1135 conversio
2617 1078 2744 1149 quid
2797 1079 2870 1133 sit
2912 1077 3187 1149 agnoscis,
3231 1091 3408 1146 neque
3457 1059 3591 1145 quid
3628 1076 3703 1130 sit

2118 1173 2437 1244 ingenitum,
2467 1181 2561 1226 aut
2590 1171 2718 1242 quid
2751 1170 3009 1235 dualitas,
3041 1185 3152 1224 non
3179 1168 3307 1239 quid
3340 1168 3699 1238 praeteritum,

2117 1265 2204 1320 vel
2240 1264 2370 1334 quid
2404 1279 2662 1333 prtesens,
2693 1264 2892 1336 quidve
2921 1263 3166 1318 futurum
3215 1264 3307 1328 sit,
3343 1261 3487 1315 sicut
3513 1275 3581 1314 ex
3614 1260 3699 1314 bis

2117 1374 2240 1428 qua:
2269 1373 2298 1412 a
2328 1366 2382 1412 te
2415 1372 2560 1411 nunc
2589 1357 2732 1412 dicta
2776 1364 2927 1422 sum,
2968 1353 3194 1409 adverti.
3226 1351 3701 1409 lneonvertibilem

2118 1449 2263 1503 enim
2307 1463 2428 1503 esse
2467 1446 2746 1502 allirmasti
2780 1454 3070 1516 utramque
3109 1455 3382 1509 naturam,
3427 1450 3700 1515 quantum

2119 1541 2185 1595 ad
2248 1540 2522 1596 contraria
2577 1547 2784 1610 spectat
2833 1538 2992 1609 (85);
3059 1536 3466 1593 convertibilem
3528 1551 3698 1603 vero,

2119 1640 2381 1701 quantum
2426 1631 2493 1685 ad
2541 1631 2782 1700 propria.
2827 1628 2941 1700 Ego
2984 1644 3114 1683 vero
3149 1629 3292 1694 dico,
3336 1628 3468 1698 quia
3509 1628 3608 1698 qui
3644 1626 3701 1680 in

2120 1722 2355 1792 propriis
2413 1724 2663 1785 vertitur,
2721 1736 2828 1776 non
2876 1721 3092 1775 excedit
3137 1736 3167 1774 a
3212 1735 3271 1774 se
3288 1751 3317 1782 ,ε
3360 1719 3455 1787 sed
3500 1729 3587 1772 est
3644 1719 3699 1772 in

2119 1816 2349 1881 eisdem,
2381 1813 2583 1885 quibus
2617 1829 2829 1883 semper
2854 1823 2937 1869 est
2963 1811 3425 1875 inconvertibilis;
3451 1810 3547 1879 qui
3569 1825 3702 1864 vero

2119 1907 2306 1976 recipit
2332 1906 2861 1973 convertibilitatem,
2892 1905 2980 1958 hic
3010 1912 3163 1958 extra
3194 1904 3414 1974 propria
3446 1901 3699 1963 effectus.

2118 1999 2334 2053 dchnit
2372 1999 2425 2052 in
2456 1999 2653 2054 aliena.

2190 2088 2327 2143 XVI.
2369 2089 2587 2144 Iudices
2616 2090 2864 2143 dixerunt
2895 2104 2911 2140 :
2958 2087 3402 2143 Cunvertibilitas
3430 2086 3587 2140 illum
3614 2084 3704 2140 cui

2120 2181 2335 2248 accidit,
2371 2182 2633 2237 transfert
2663 2182 2715 2237 in
2749 2182 2951 2245 alium;
2993 2191 3052 2236 ut
3075 2181 3121 2235 si
3151 2181 3417 2245 dicamus,
3450 2177 3701 2244 Judaens,

2122 2273 2166 2326 si
2213 2271 2342 2326 velit
2384 2272 2499 2326 tleri
2543 2270 2910 2336 Christianus,
2956 2283 3050 2325 aut
3091 2270 3138 2325 si
3187 2267 3529 2325 Christianus
3564 2268 3705 2322 velit

2120 2377 2241 2419 esse
2285 2363 2521 2434 gentilis,
2572 2363 2689 2418 haec
2731 2363 2944 2432 species
2990 2371 3076 2416 est
3122 2360 3612 2418 convertibilitatis.
3643 2368 3701 2414 et

2120 2471 2307 2511 causa.
2340 2453 2528 2526 Neque
2558 2469 2686 2510 vero
2708 2455 2752 2510 si
2787 2455 3025 2525 gentilis,
3051 2471 3176 2510 cum
3207 2455 3263 2509 in
3289 2455 3546 2508 omnibus
3572 2468 3704 2523 pro-

2122 2551 2256 2622 priis
2287 2551 2402 2606 suis
2431 2561 2669 2615 maneat,
2705 2565 2769 2604 ac
2797 2550 2902 2605 diis
2936 2551 3052 2606 suis
3087 2549 3296 2605 hostias
3324 2547 3543 2612 oderat,
3569 2555 3704 2601 tem-

2124 2644 2334 2713 plisque
2372 2658 2439 2697 ex
2494 2657 2645 2697 more
2692 2640 3005 2706 deserviat,
3057 2641 3233 2695 donec
3279 2648 3595 2710 perseverat
3648 2637 3701 2690 in

2124 2735 2381 2805 propriis,
2418 2749 2481 2788 ac
2508 2733 2741 2803 prolicit,
2773 2732 3019 2802 nunquid
3052 2732 3161 2787 dici
3197 2741 3374 2802 potest
3419 2747 3545 2786 esse
3572 2745 3706 2785 con-

2124 2828 2349 2883 versus?
2386 2827 2527 2894 Quid
2561 2828 2725 2897 igitur
2763 2826 2939 2880 dicis?
2973 2825 3243 2895 recipiunt
3273 2825 3705 2880 convertibilita—

2126 2932 2230 2975 tum
2260 2938 2328 2976 an
2357 2919 2502 2975 non?
2548 2918 2615 2972 Et
2657 2921 2972 2973 immorantr
3015 2916 3172 2971 Mane
3193 2959 3209 2984 ,
3253 2916 3549 2973 Archelaus
3582 2919 3706 2973 ait:

2127 3013 2183 3066 Si
2218 3012 2434 3083 quidem
2477 3008 2859 3065 convertibiles
2904 3021 3027 3061 esse
3069 3007 3200 3061 dicit
3244 3017 3506 3077 utrasque
3544 3017 3707 3063 natu-

2127 3118 2237 3167 ras,
2270 3100 2403 3173 quid
2447 3110 2528 3155 est
2567 3099 2711 3171 quod
2769 3100 3045 3168 impediat,
3094 3099 3171 3151 uti
3212 3114 3279 3152 ne
3320 3114 3493 3153 unum
3539 3108 3707 3169 atque

2126 3198 2267 3252 idem
2297 3210 2391 3252 eas
2420 3210 2545 3250 esse
2598 3194 2915 3262 opinemur?
2961 3192 3017 3247 Si
3067 3191 3211 3247 enim
3256 3193 3706 3250 inconvertibiles

2125 3298 2287 3357 sunt,
2332 3304 2439 3343 non
2482 3295 2565 3342 est
2608 3288 2662 3340 in
2717 3286 2803 3341 his
2834 3287 3044 3341 naturis
3083 3302 3206 3356 qua:
3229 3288 3485 3343 similiter
3513 3289 3717 3344 incon-

2126 3383 2401 3437 vertibiles
2435 3391 2560 3436 sunt
2593 3387 2648 3434 et
2675 3378 2928 3433 similiter
2955 3379 3226 3450 ingenitae,
3260 3378 3369 3433 ulla
3416 3378 3701 3442 discretio.

2125 3488 2300 3545 neque
2345 3473 2513 3527 altera
2559 3486 2629 3527 ex
2687 3469 2774 3525 his
2834 3469 2975 3523 bona
3041 3470 3355 3539 agnoscitur
3400 3479 3498 3524 aut
3536 3471 3699 3525 mala.

2125 3565 2280 3633 Quod
2311 3564 2355 3620 si
2391 3562 2771 3620 convertibiles
2792 3572 2938 3627 sunt,
2962 3560 3174 3616 scilicet
3195 3561 3485 3630 provenire
3503 3569 3700 3632 potest,

2124 3665 2178 3710 et
2206 3656 2408 3710 bonum
2436 3652 2573 3708 eﬂici
2609 3652 2836 3717 malum,
2869 3659 2924 3705 et
2951 3650 3152 3704 malum
3200 3652 3425 3706 bonum.
3455 3649 3515 3706 Si
3557 3654 3699 3706 enim

2126 3748 2228 3803 hoc
2263 3746 2548 3816 provenire
2578 3743 2832 3814 possibile
2862 3750 2965 3809 cst,
2996 3758 3168 3812 quare
3200 3759 3307 3796 non
3344 3758 3517 3797 unum
3547 3742 3700 3797 dica-

2127 3855 2248 3893 mus
2277 3837 2600 3908 ingenitum,
2630 3834 2778 3905 quod
2815 3835 3113 3906 intelligere
3161 3836 3335 3904 magis
3362 3837 3589 3906 dignum
3621 3843 3701 3890 est

2120 3931 2277 4002 juxta
2302 3931 2563 3985 rationem
2595 3927 2877 3982 veritatis?
2900 3928 3101 3982 Intueri
3130 3927 3274 3983 enim
3305 3937 3542 3997 oportet,
3566 3943 3702 3999 quo-

2127 4020 2288 4075 modo
2321 4019 2497 4074 malus
2527 4019 2616 4089 ille
2654 4019 2817 4073 fuerit
2855 4019 2924 4073 ab
2965 4019 3144 4083 initio,
3179 4027 3271 4074 aut
3310 4018 3366 4073 in
3404 4035 3546 4089 quos
3584 4035 3702 4074 ma.

2125 4112 2295 4167 litiam
2324 4113 2631 4167 exercuerit
2672 4122 2797 4167 ante
2839 4112 3026 4166 mundi
3068 4113 3537 4167 constitutionem.
3564 4111 3700 4166 Cum

2127 4205 2325 4260 ccelum
2353 4203 2595 4258 nondum
2631 4203 2950 4270 exstitisset,
2974 4211 3026 4256 et
3074 4203 3315 4257 nondum
3346 4212 3494 4258 terra
3524 4204 3702 4258 subsi-

2127 4304 2312 4355 steret,
2340 4309 2446 4349 non
2475 4294 2659 4361 homo,
2701 4309 2807 4348 non
2846 4293 3081 4358 animal;
3131 4294 3184 4347 in
3232 4309 3375 4363 quos
3418 4297 3704 4349 exercebat

2128 4385 2430 4440 malitiam?
2451 4400 2611 4454 quem
2645 4384 2987 4456 opprimebat
3012 4385 3209 4455 injuste
3224 4385 3249 4437 ?
3268 4400 3430 4454 quem
3461 4386 3704 4454 spoliant

453 4482 862 4550 convertibiles,
911 4478 1282 4553 permistionis
1325 4474 1527 4534 statum
1573 4487 1628 4533 et
1668 4492 1890 4533 causam
1923 4492 2022 4533 ne-
2055 4478 2102 4536 D
2128 4476 2356 4531 occidit?
2387 4474 2541 4542 Quod
2580 4475 2627 4529 si
2663 4477 2779 4531 suis
2816 4491 2942 4531 eum
2991 4477 3143 4532 dicas
3178 4476 3456 4532 exstitisse
3477 4478 3705 4546 malum,

458 4616 704 4674 Meminit
746 4614 1052 4670 Herodotus
1087 4613 1141 4667 in
1179 4611 1437 4684 Euterpe,
1485 4611 1588 4684 γῆς
1637 4609 2023 4684 σημαγςερίδος,

459 4709 481 4742 ο
516 4698 675 4742 terrae
710 4687 1050 4755 signatrieis;
1082 4704 1101 4735 ι
1130 4693 1185 4739 et
1217 4679 1429 4755 Cicero,
1453 4679 1593 4737 orat.
1632 4679 1768 4735 tv‘i‘n
1794 4679 2024 4755 Verrem,

454 4756 699 4829 epistolae
726 4752 930 4809 cretata
957 4752 1407 4829 signatae.__Cujus
1434 4763 1615 4829 autem
1645 4752 1860 4829 generis
1882 4761 2029 4808 esset

457 4772 699 4829 eptsmtte
726 4772 930 4809 cretum
957 4772 1199 4879 Stgnalte.
1234 4772 1407 4823 Lujus
1434 4772 1615 4808 autem
1645 4772 1860 4822 generis
1882 4772 2027 4808 esset

457 4830 575 4884 haec
604 4835 770 4891 terra,
814 4842 879 4879 ex
932 4841 997 4882 eo
1036 4840 1121 4879 em
1178 4823 1443 4881 Cicerone
1488 4824 1657 4892 liquet
1700 4823 1753 4876 in
1801 4836 1881 4876 or.
1933 4838 2027 4890 pro

457 4897 679 4959 Flacco,
702 4896 793 4950 ubi
824 4897 904 4949 sic
936 4896 1011 4949 ait
1041 4913 1054 4949 :
1087 4913 1105 4946 ι
1141 4894 1264 4948 llaec
1286 4910 1408 4964 quae
1435 4909 1462 4947 a
1492 4893 1650 4947 nobis
1676 4893 1882 4962 prolata
1909 4893 2029 4964 lau-

455 4970 606 5025 datio
650 4966 934 5034 obsignata
977 4974 1093 5019 erat
1129 4976 1275 5020 creta
1308 4962 1407 5017 illa
1443 4964 1706 5026 Asiatica,
1753 4977 1874 5031 quae
1915 4962 2030 5017 fere

458 5048 545 5095 est
580 5038 839 5093 omnibus
885 5044 1011 5089 nota
1045 5036 1225 5096 nobis.
1267 5050 1373 5104 qua
1424 5043 1651 5089 utuntur
1688 5047 1880 5104 omnes
1903 5048 2029 5104 _non

459 5108 625 5185 modo
657 5109 711 5185 in
749 5105 1002 5185 publicis,
1157 5116 1210 5185 et
1247 5102 1302 5159 in
1327 5103 1862 5185 privatisglitterisg
1902 5102 2031 5184 Pin-

460 5181 583 5250 guis
606 5171 775 5243 enini,
802 5178 945 5250 lenta
978 5185 1033 5250 et
1057 5171 1439 5250 glutinosa'est
1468 5183 1621 5250 creta
1651 5173 1760 5250 illa.
1785 5171 2030 5243 Denique

457 5244 526 5305 de
554 5250 755 5319 proprii
779 5247 961 5302 vultus
983 5244 1286 5319 imaginem
1306 5244 1817 5319 pinnulisinterdum
1835 5257 2031 5312 reprae-

457 5313 692 5383 sentata,
719 5323 870 5373 locus
902 5325 985 5372 est
1011 5313 1188 5370 Plauti
1212 5318 1265 5369 in
1300 5313 1581 5376 Pseudolo,
1614 5328 1762 5368 scen.
1790 5328 1849 5371 t_:

598 5388 679 5443 Ea
705 5405 867 5445 caiisa
894 5387 1044 5442 miles
1071 5387 1155 5441 hic
1182 5386 1389 5455 reliquit
1417 5383 1727 5454 symbolum,

600 5458 918 5529 [impressam
944 5459 996 5511 in
1020 5473 1142 5529 cera
1169 5470 1233 5529 ea:
1255 5453 1416 5529 anulo
1438 5470 1589 5529 suam
1610 5453 1912 5529 imaginem.

529 5525 793 5584 Cancrum
814 5529 1056 5584 thesauri
1080 5527 1259 5597 sigillo
1279 5526 1547 5597 obsignati
1567 5526 1770 5597 mentio
1785 5535 1871 5597 est
1888 5525 2031 5594 apud

460 5594 861 5654 Theodoretum
891 5598 947 5653 in
977 5594 1184 5652 orat.'5
1221 5595 1298 5649 De
1327 5596 1677 5665 providentia,
1716 5595 1861 5650 haud
1900 5610 2030 5665 pro-

458 5670 546 5726 cul
576 5670 646 5723 ab
670 5670 847 5730 initio,
875 5669 965 5722 ubi
992 5669 1057 5724 de
1081 5668 1292 5737 apibus.

536 5738 647 5810 (τε)
686 5740 741 5795 ln
766 5739 953 5795 codice
974 5733 1260 5794 Casiuensi
1282 5745 1420 5805 erat,
1449 5754 1467 5789 ι
1496 5735 1588 5791 sed
1611 5733 1779 5793 Deum
1806 5736 1974 5803 enim,
2005 5754 2024 5786 ι

2130 4610 2279 4692 nullo
2312 4624 2477 4665 sensu
2506 4627 2519 4664 :
2546 4623 2646 4664 nos
2684 4623 2751 4663 ex
2798 4608 3038 4680 ingenio,
3086 4617 3148 4664 ut
3186 4608 3392 4664 editum
3440 4617 3551 4678 est,
3585 4625 3706 4666 coro

2131 4695 2533 4820 Γεῖῗῶυῗέοηθ,
2566 4768 2587 4801 ‹
2614 4750 2759 4820 quod
2797 4748 3017 4813 dixerit,
3049 4769 3068 4802 ι
3099 4749 3183 4803 vel
3212 4768 3231 4802 ‹
3261 4750 3391 4820 quia
3427 4751 3655 4807 dixerit.
3681 4770 3700 4803 ι

2204 4819 2313 4891 (80)
2355 4819 2430 4873 ita
2461 4819 2606 4874 hunc
2638 4819 2816 4875 locum
2840 4820 3219 4891 restituimus;
3263 4819 3386 4874 nam
3431 4823 3486 4875 in
3518 4824 3706 4877 codice

2130 4889 2427 4962 legebatur,
2459 4908 2476 4939 ι
2510 4900 2617 4944 tam
2650 4892 2695 4945 si
2718 4889 2942 4962 quidem
2978 4906 3045 4945 ex
3082 4891 3187 4951 hoc
3212 4891 3512 4946 arbitratus
3543 4904 3629 4946 est
3649 4909 3707 4947 se

2131 4964 2554 5025 allirmaturum;
2586 4978 2606 5011 ι
2636 4961 2730 5015 sed
2767 4974 2932 5029 supra
2969 4976 3156 5016 vocem
3188 4972 3316 5024 tam,
3349 4963 3607 5029 quaedam
3641 4963 3708 5016 li-

2093 5074 2105 5085 .
2132 5032 2285 5087 neola
2333 5033 2525 5102 littera:
2568 5046 2595 5083 c
2637 5031 2831 5086 similis
2872 5031 3187 5099 apparebat,
3222 5047 3388 5102 quam
3425 5034 3709 5101 particula

2131 5112 2185 5156 et
2208 5101 2582 5172 compendium
2607 5116 2729 5157 esse
2750 5103 3081 5171 putavimus.

2202 5170 2531 5242 (8t)'Forte,
2561 5190 2580 5223 ι
2611 5181 2666 5226 et
2702 5170 2825 5226 ideo
2871 5172 2992 5227 duae
3034 5172 3285 5242 ingenitae
3328 5183 3543 5229 natura
3586 5187 3706 5231 esse

2132 5258 2238 5296 non
2270 5252 2516 5309 possunt.
2548 5260 2567 5293 ι

2205 5308 2317 5382 (8‘2)
2358 5311 2414 5365 ln
2443 5311 2628 5366 codice
2650 5308 2935 5365 Casinensi
2965 5321 3103 5376 erat,
3131 5331 3149 5363 ι
3182 5312 3403 5381 expetit.
3436 5330 3457 5366 ι

2203 5382 2315 5453 (83)
2356 5382 2412 5435 lu
2444 5387 2632 5436 eodem
2655 5382 2841 5435 codice
2863 5394 2970 5435 tam
3003 5383 3058 5435 in
3093 5383 3195 5437 hoc
3223 5392 3517 5450 commate,
3537 5398 3701 5454 quam

2104 5454 2185 5507 .in
2213 5453 2481 5521 sequenti,
2504 5467 2784 5521 perperam
2817 5453 3032 5521 legitur,
3060 5470 3079 5503 ι
3108 5462 3403 5523 exspectat.
3437 5474 3456 5504 ο

2201 5524 2312 5593 (84)
2354 5523 2531 5593 Forte,
2565 5541 2583 5573 ι
2615 5522 2819 5593 dixisti.
2852 5539 2871 5573 ι

2203 5590 2316 5665 (85⁷)
2357 5592 2425 5647 Et
2469 5592 2557 5648 hic
2602 5592 2738 5649 male
2784 5592 2982 5664 legitur
3029 5592 3085 5649 in
3130 5592 3314 5650 codice
3366 5590 3698 5657 Casincnai.

2138 5681 2159 5717 ι
2185 5671 2479 5733 exspectat.
2509 5682 2529 5719 ι
