3982 6346
331 389 463 448 ιιθι

1443 387 1590 446 cum
1631 386 1916 443 MANE'I‘E
1956 361 2489 443 amnesiancua.

3429 387 3570 443 ηδε

328 508 576 566 locatur?
595 518 690 562 aut
710 507 798 563 ille
820 505 914 578 qui
943 507 1294 563 simulacrum
1319 507 1467 573 fecit,
1495 507 1770 579 quomodo
1793 523 1898 560 non
1930 514 1969 568 Α
2001 521 2164 576 quam
2186 508 2382 562 audeat
2401 507 2602 569 dicere,
2625 505 2768 576 quod
2793 506 2970 576 ipsum
3002 521 3102 561 nos
3118 506 3358 562 docebat
3379 522 3566 576 orare,

328 615 492 673 grave
535 600 739 669 aliquid
784 600 1004 668 pertulit
1047 607 1100 654 et
1146 601 1538 671 ponderosum,
1583 617 1691 671 quo
1726 601 1898 656 intro-

328 694 520 761 misso,
569 693 830 763 templum
879 694 1143 749 continuo
1195 694 1539 751 concideret?
1586 695 1897 752 Secundum

327 783 453 848 hoc,
505 783 653 854 quod
697 782 951 838 novimus
989 797 1112 838 esse
1148 781 1494 837 inimicorum
1531 782 1732 849 studia,
1765 798 1899 838 con~

294 874 650 944 -templemur
680 873 814 940 haec,
849 874 895 929 si
936 888 1043 930 non
1091 873 1164 928 ita
1211 889 1270 928 se
1317 873 1553 938 habent;
1587 874 1672 929 sin
1714 881 1895 928 autem

227 996 235 1039 ς
325 974 540 1036 oportet
590 965 774 1020 omnia
827 965 1018 1021 iisdem
1069 964 1363 1032 mensuris,
1404 964 1594 1020 eadem
1641 968 1896 1035 aequitate

323 1059 562 1129 disponi,
597 1059 870 1128 similique
899 1058 1070 1129 gloria
1093 1057 1272 1113 efferri
1294 1075 1309 1124 ;
1335 1058 1466 1128 quid
1497 1058 1672 1114 adhuc
1701 1060 1766 1114 de
1793 1059 1898 1114 hoc

322 1150 958 1206 dubitamus2Addimus
990 1157 1222 1219 tantum,
1260 1151 1307 1204 si
1342 1150 1536 1221 placet,
1571 1151 1736 1206 etiam
1763 1152 1895 1206 illud

320 1242 628 1312 exemplum
664 1259 678 1296 :
713 1241 910 1297 similis
958 1242 1172 1297 videtur
1221 1258 1344 1298 esse
1389 1243 1554 1298 homo
1595 1244 1742 1308 navi,
1774 1260 1896 1314 qua

320 1333 589 1387 instructa
633 1331 701 1385 ab
743 1331 972 1398 artiﬁce,
1022 1341 1184 1402 atque
1239 1333 1294 1386 in
1344 1348 1494 1388 mare
1525 1333 1757 1390 deducta
1787 1343 1890 1399 est,

319 1439 594 1495 quamque
616 1423 870 1494 navigare
890 1425 1222 1494 impossibile
1243 1434 1325 1481 est
1345 1426 1463 1481 sine
1485 1427 1890 1497 gubernaculis,

320 1517 520 1586 quibus
555 1516 667 1587 regi
702 1525 756 1571 et
784 1516 926 1573 ﬂecti
972 1517 1144 1588 possit
1190 1518 1242 1572 in
1272 1534 1610 1590 quaecunque
1648 1520 1764 1575 loca
1798 1536 1892 1575 vo-

319 1609 484 1664 luerit
523 1610 854 1681 gubernator
893 1609 1033 1680 ejus.
1070 1611 1137 1666 Et
1178 1612 1308 1681 quia
1349 1612 1539 1667 eodem
1574 1612 1780 1669 artiﬁce
1809 1614 1892 1668 in-

318 1699 498 1768 digeat
523 1714 721 1769 corpus
769 1700 1282 1770 gubernaculorum,
1313 1716 1424 1771 quo
1447 1711 1499 1756 et
1519 1703 1687 1758 totius
1710 1705 1885 1770 navis,

320 1790 456 1844 nulli
488 1790 715 1844 dubium
751 1800 870 1856 est;
913 1793 1028 1848 sine
1056 1794 1437 1862 gubernaculis
1468 1795 1610 1850 enim
1647 1797 1883 1852 otiosum

2003 615 2179 669 neque
2206 600 2350 654 enim
2379 599 2734 654 descenderat
2760 596 2942 664 Iesus,
2975 607 3034 654 ut
3062 600 3309 654 homines
3340 601 3568 670 conjun-

1999 703 2168 764 geret,
2213 702 2266 747 et
2314 691 2694 747 reconciliaret
2735 689 2972 754 Satame,
3003 691 3135 761 quin
3170 692 3349 760 potius
3381 700 3566 747 conte-

1997 784 2224 838 rendum
2257 798 2381 837 eum
2418 781 2519 836 sub
2547 780 2772 850 pedibus
2803 780 3040 836 ﬁdelium
3069 797 3290 836 suorum
3326 781 3564 838 tradidit.

2001 875 2107 932 Sed
2161 892 2260 948 ego
2305 875 2574 930 beatiores
2622 875 2760 928 istos
2789 873 2966 928 dicam
3013 889 3135 929 esse
3175 875 3422 944 gentiles,
3470 875 3565 945 qui

1999 970 2200 1024 multos
2245 971 2464 1038 quidem
2499 969 2851 1026 introducunt
2881 971 3033 1034 deos,
3069 967 3355 1024 unanimes
3382 976 3565 1022 tamen

1997 1071 2163 1130 atque
2197 1062 2405 1116 amicos
2435 1077 2532 1117 eos
2558 1061 2912 1127 conﬁtentur;
2958 1062 3046 1116 hic
3070 1077 3198 1117 vero
3229 1061 3365 1116 duos
3392 1060 3566 1114 intro-

1995 1153 2220 1215 ducens,
2251 1153 2566 1209 inimicitias
2588 1153 2745 1208 inter
2778 1168 2873 1209 eos
2907 1153 3316 1223 discordemque
3343 1162 3563 1207 senten-

1994 1244 2123 1298 tiam
2150 1260 2257 1298 non
2289 1244 2562 1299 erubescit
2589 1253 2856 1298 astruere.
2885 1242 3036 1310 Quod
3063 1246 3107 1298 si
3134 1243 3419 1298 simulatos
3449 1241 3560 1312 (94)

1994 1335 2096 1392 sub
2122 1335 2498 1405 hujuscemodi
2519 1337 2829 1392 conditione
2857 1334 3258 1389 introducerent
3275 1334 3386 1404 (95)
3407 1335 3559 1394 deos.

1991 1430 2178 1485 ludum
2199 1430 2312 1500 jam
2339 1431 2734 1500 gladiatorium
2752 1431 2893 1484 inter
2919 1442 3013 1483 eos
3035 1437 3151 1482 erat
3174 1427 3376 1493 videre,
3409 1426 3561 1480 innu-

1991 1537 2171 1577 meras
2203 1522 2463 1576 habentes
2489 1531 2713 1575 naturas
2738 1519 3091 1588 diversasque
3117 1518 3433 1574 sententias.

2062 1614 2207 1669 XXI.
2247 1613 2366 1668 Jam
2415 1628 2545 1668 vero
2579 1614 2646 1667 de
2681 1611 2938 1666 interiore
2978 1620 3141 1680 atque
3167 1609 3434 1665 exteriore
3464 1608 3560 1662 ho-

1990 1709 2138 1764 mine
2184 1706 2315 1777 quid
2363 1721 2449 1760 me
2479 1719 2700 1759 necesse
2733 1711 2818 1759 est
2851 1704 3050 1769 dicere,
3095 1719 3219 1758 cum
3263 1701 3559 1756 Salvator-is

1990 1815 2124 1854 voce
2155 1800 2370 1854 dicatur
2407 1799 2474 1853 ad
2513 1812 2606 1852 eos
2646 1797 2738 1866 qui
2789 1786 3054 1851 camelum
3094 1795 3330 1865 glutiunt
3376 1804 3430 1848 et
3463 1795 3559 1848 de-

317 1881 425 1936 erit
464 1896 625 1936 omne
666 1883 819 1939 navis
845 1899 1004 1953 opus,
1038 1899 1238 1953 corpus
1265 1884 1395 1939 illud
1430 1885 1776 1942 immensum.
1809 1887 1884 1942 Ita
1918 1884 1958 1938 Β
1987 1891 2119 1946 foris
2159 1891 2455 1963 hypocrita:
2479 1899 2628 1952 sunt,
2657 1887 3039 1943 blandimentis
3067 1898 3228 1958 atque
3248 1887 3559 1942 adulatione

314 1986 449 2043 ergo
486 1972 722 2027 animam
775 1974 1021 2043 corporis
1070 1975 1435 2044 gubernacula
1482 1976 1747 2046 dicimus;
1800 1995 1887 2034 re-

316 2075 519 2134 guntur
557 2075 737 2119 autem
783 2075 1012 2137 utraque
1057 2066 1266 2121 arbitrii
1311 2077 1474 2139 atque
1503 2069 1699 2124 animae
1728 2070 1890 2125 liber-

315 2166 443 2221 tate,
473 2172 584 2228 quo
612 2157 758 2212 velut
802 2158 1163 2228 gubernatore
1209 2159 1449 2227 utimur;
1482 2176 1604 2231 qua:
1627 2176 1750 2217 cum
1789 2178 1885 2232 per

313 2248 757 2316 conjunctionem
812 2248 924 2320 (91)
983 2265 1156 2304 unum
1209 2249 1420 2316 effecta,
1472 2255 1882 2308 consonantiam

313 2336 474 2397 oﬁicii
523 2339 608 2392 sui
646 2339 927 2392 continent
951 2339 1017 2393 ad
1045 2354 1207 2395 omne
1239 2354 1396 2410 opus,
1423 2343 1787 2418 quodcunque
1819 2361 1884 2399 ex

313 2426 624 2496 semetipsis
652 2426 911 2496 efﬁciunt,
943 2429 1038 2483 uni
1077 2430 1289 2485 auctori
1331 2438 1386 2485 et
1421 2432 1688 2488 conditori
1732 2444 1881 2489 test.-

313 2517 554 2572 monium
584 2517 789 2574 ferunt.

382 2607 501 2662 XX.
543 2607 640 2664 His
663 2609 889 2676 auditis,
919 2609 1092 2666 turbae
1112 2626 1233 2682 qua:
1264 2612 1510 2680 aderant,
1535 2615 1883 2672 vehementer

311 2699 510 2769 gavisae
542 2708 691 2767 sunt,
726 2699 799 2754 ita
831 2707 890 2754 ut
939 2715 1076 2770 pene
1107 2715 1318 2758 .manus
1367 2703 1651 2774 injicerent
1692 2706 1744 2760 in
1770 2707 1882 2762 Ma-

312 2807 458 2857 nem,
499 2808 637 2863 quos
689 2793 780 2848 vix
828 2793 1128 2849 Archelaus
1174 2795 1437 2851 cohibens
1471 2807 1524 2852 et
1556 2793 1876 2868 reprimens,

310 2885 700 2954 conquiescere
751 2885 897 2942 fecit.
949 2886 1169 2942 Iudices
1210 2889 1508 2944 dixerunt:
1541 2889 1880 2949 Sullicienter

309 2977 544 3032 ostendit
590 2977 889 3034 Archelaus
942 2979 1182 3036 hominis
1235 2990 1290 3036 et
1342 2997 1543 3054 corpus
1569 2985 1876 3040 etanimam

308 3071 473 3125 unius
504 3085 625 3124 esse
656 3069 896 3136 factoris,
935 3087 1001 3128 eo
1036 3074 1180 3143 quod
1224 3089 1528 3130 consonare
1558 3079 1611 3129 in
1643 3078 1875 3148 conjun-

305 3161 486 3215 ctione
522 3176 631 3216 non
670 3163 843 3232 possit
871 3179 1009 3234 opus
1039 3164 1222 3230 unius,
1255 3165 1302 3218 si
1335 3167 1671 3235 propositum
1707 3170 1875 3224 artiﬁ-

304 3253 386 3307 cis
417 3267 447 3306 a
480 3267 538 3307 se
574 3253 886 3309 dissentiret
927 3255 1172 3311 alterius.
1209 3255 1360 3322 Quod
1392 3259 1436 3312 si
1463 3258 1674 3314 dicatur
1701 3277 1868 3329 unum

302 3343 576 3412 explicare
599 3355 890 3416 utrumque
920 3347 1147 3402 minime
1195 3350 1453 3417 valuisse,
1498 3351 1868 3408 inﬁrmitatem

302 3436 812 3502 ostenditartiﬁeis;
840 3438 968 3507 quia
999 3446 1052 3493 et
1080 3439 1128 3494 si
1151 3440 1295 3496 dicat
1321 3443 1446 3512 quis
1478 3444 1716 3498 animam
1741 3445 1868 3500 boni

302 3527 396 3582 Dei
421 3543 562 3594 esse,
587 3529 822 3584 otiosum
849 3545 986 3601 Opus
1017 3531 1288 3587 invenitur
1315 3535 1550 3592 hominis
1571 3537 1679 3592 nisi
1705 3538 1868 3592 etiam

300 3633 502 3689 corpus
532 3621 819 3690 acceperit.
858 3622 1014 3689 Quod
1042 3623 1089 3679 si
1123 3639 1342 3680 rursum
1373 3640 1574 3697 corpus
1615 3629 1744 3683 mali
1773 3629 1866 3684 Dei

300 3711 515 3767 dicatur
546 3727 667 3768 esse
706 3713 1047 3784 ﬁgmentum,
1083 3718 1318 3773 otiosum
1351 3719 1704 3776 nihilominus
1740 3722 1864 3787 erit,

303 3804 350 3858 si
393 3804 632 3859 animam
681 3821 789 3860 non
839 3809 1110 3878 acceperit
1144 3828 1158 3864 :
1189 3825 1310 3879 quae
1341 3812 1529 3882 utique
1570 3813 1673 3868 nisi
1719 3830 1869 3870 com-

299 3897 554 3952 mistione
584 3909 744 3968 atque
774 3898 878 3952 sibi
912 3899 1139 3954 invicem
1176 3899 1343 3956 fuerit
1368 3904 1568 3960 inserta
1598 3921 1720 3960 cum
1744 3921 1867 3962 cor-

297 4003 449 4060 pore,
474 3991 638 4044 homo
659 4005 756 4044 nec
777 3991 898 4054 erit,
933 4006 1030 4046 nec
1049 3992 1279 4049 dicetur.
1311 3992 1460 4050 Unde
1489 3996 1674 4052 multis
1691 4013 1867 4052 exemo

299 4080 402 4150 piis
442 4081 760 4150 approbavit
803 4081 1124 4151 Archelaus,
1177 4087 1346 4142 totius
1403 4087 1639 4146 hominis
1695 4107 1863 4146 unum

295 4179 458 4240 atque
509 4171 758 4227 eumdem
817 4189 939 4231 esse
992 4175 1272 4231 factorem.
1332 4178 1617 4236 Archelaus
1679 4184 1862 4238 dixit:

297 4263 450 4319 Scire
480 4271 532 4319 te
565 4279 671 4319 non
706 4265 917 4333 dubito,
949 4267 1159 4335 Manes,
1203 4269 1327 4337 hoc,
1378 4271 1520 4341 quod
1554 4276 1862 4344 generantis

291 4363 388 4409 aut
407 4357 644 4413 creantis
670 4358 813 4414 ﬁlius
846 4359 1045 4415 dicitur
1066 4361 1175 4424 ille,
1205 4364 1299 4433 qui
1329 4373 1490 4420 natus
1518 4376 1600 4421 est
1624 4376 1677 4421 et
1706 4383 1860 4424 crca-

292 4455 380 4502 tus
411 4445 544 4518 (92).
599 4447 754 4514 Quod
802 4451 850 4506 si
892 4451 1159 4524 malignus
1188 4454 1463 4510 hominem
1495 4457 1670 4524 ﬁnxit,
1707 4471 1860 4529 pater

289 4539 410 4609 ejus
435 4555 556 4595 esse
581 4541 738 4596 debet
764 4545 1063 4606 secundum
1097 4554 1368 4602 naturam.
1404 4547 1472 4602 Et
1499 4551 1586 4603 cui
1621 4566 1748 4622 ergo
1775 4553 1857 4608 di-

1988 1983 2334 2050 circumdati,
2368 1984 2434 2038 ad
2469 1999 2607 2054 quos
2637 1982 2798 2039 Iesus
2831 1984 2905 2038 ait
2936 2002 2950 2038 :
2990 2001 3006 2033 ι
3044 1981 3130 2036 Vae
3158 1981 3313 2035 vobis
3353 1979 3559 2034 Scriba:

1986 2085 2040 2129 et
2068 2074 2326 2130 Pharisaei
2356 2075 2648 2147 hypocrita:
2673 2094 2687 2144 ;
2721 2091 2912 2146 quare,
2937 2075 3082 2145 quod
3119 2073 3322 2128 deforis
3351 2080 3435 2127 est
3466 2087 3558 2126 ca-

1988 2165 2108 2229 tini,
2141 2175 2196 2220 et
2232 2167 2419 2222 calicis
2464 2167 2698 2234 lavatis;
2733 2169 2881 2238 quod
2922 2177 3099 2221 autem
3137 2167 3285 2221 intus
3315 2174 3419 2230 est,
3448 2163 3552 2217 im-

1985 2257 2251 2312 munditia
2305 2259 2522 2329 plenum
2565 2261 2685 2315 est?
2710 2260 2817 2315 Aut
2849 2261 3088 2324 nescitis,
3124 2260 3252 2329 quia
3284 2258 3375 2328 qui
3404 2255 3552 2320 fecit,

1984 2350 2126 2419 quod
2156 2349 2288 2406 foris
2315 2361 2418 2416 est,
2443 2359 2497 2405 et
2533 2351 2677 2421 quod
2705 2351 2772 2406 de
2800 2352 2945 2406 intus
2972 2361 3074 2418 est,
3110 2350 3334 2406 fecit”?
3359 2369 3376 2400 ι
3406 2349 3552 2404 Nun-

1986 2439 2116 2509 quid
2147 2441 2214 2495 de
2247 2442 2448 2509 catino,
2496 2451 2549 2497 et
2589 2442 2656 2496 de
2700 2443 2867 2498 calice
2911 2444 3270 2514 loquebatur?
3297 2440 3553 2512 Nunquid

1983 2532 2261 2588 vitriarius
2292 2543 2410 2588 erat
2441 2535 2535 2603 qui
2562 2536 2676 2590 haec
2698 2536 2932 2602 dicebat,
2962 2546 3056 2590 aut
3087 2537 3306 2608 ﬁgulus,
3333 2552 3401 2590 ex
3439 2536 3553 2592 luto

1982 2624 2191 2694 ﬁngens
2225 2626 2389 2681 vasa?
2412 2625 2604 2682 Nonne
2633 2630 2697 2683 de
2721 2644 2951 2698 corpore
2992 2639 3156 2699 atque
3206 2631 3388 2685 anima
3439 2630 3554 2685 evia

1984 2717 2305 2773 dentissime
2337 2719 2702 2789 loquebatur?
2730 2721 2999 2788 Quoniam
3039 2722 3257 2792 quidem
3291 2721 3551 2778 Pharisaei

1981 2809 2124 2862 aneti
2153 2818 2205 2862 et
2239 2809 2429 2865 cimini
2470 2811 2711 2867 decimas
2737 2822 3114 2883 exspectantes
3137 2814 3203 2880 ³ο,
3239 2830 3360 2883 quae
3396 2826 3553 2870 erant

1979 2901 2228 2970 graviora
2261 2903 2394 2975 legis
2420 2904 2820 2975 relinquebant,
2857 2915 2912 2961 et
2947 2906 3032 2961 his
3055 2907 3167 2977 (96)
3200 2922 3321 2976 quae
3344 2909 3553 2961 extrin-

1978 3007 2139 3049 secus
2189 3007 2344 3050 erant
2389 2996 2710 3052 adhibentes
2739 2997 3097 3067 diligentiam,
3131 3001 3551 3056 contemnebant

1975 3099 2040 3139 ea
2081 3101 2203 3155 quae
2245 3087 2311 3140 ad
2351 3087 2579 3142 salutem
2625 3089 2821 3144 animae
2865 3091 3234 3159 pertinebant;
3266 3102 3547 3162 exspecta-

1976 3177 2106 3232 bant
2137 3179 2300 3233 etiam
2335 3180 2690 3236 salutationes
2716 3183 2770 3236 in
2808 3182 2923 3237 foro
2943 3185 3008 3248 ³¹,
3040 3195 3093 3239 et
3121 3186 3326 3255 primos
3356 3187 3543 3242 discu-

1899 3239 2119 3325 cbitus
2173 3271 2228 3324 in
2275 3272 2470 3338 caenis,
2521 3289 2660 3343 quos
2713 3275 2890 3330 sciens
2942 3239 3206 3333 Dominus
3246 3239 3544 3350 (97)Jesus
3598 3271 3601 3273 P

1969 3358 2210 3428 perditos
2236 3374 2380 3425 esse,
2417 3361 2633 3416 dicebat
2661 3362 2762 3426 eis,
2791 3364 2920 3434 quia
2951 3365 3036 3420 bis
3070 3367 3200 3422 solis
3232 3368 3396 3424 rebus
3420 3384 3543 3439 qua:

1968 3449 2169 3506 deforis
2218 3462 2397 3519 erant,
2451 3454 2770 3510 adhiberent
2814 3456 3165 3528 diligentiam,
3215 3470 3268 3515 et
3309 3475 3373 3516 ea
3419 3477 3543 3532 qua:

1967 3541 2301 3600 intrinsecus
2332 3553 2489 3599 erant
2525 3554 2939 3602 contemnerent
2972 3550 3118 3604 velut
3151 3551 3348 3610 aliena.
3387 3552 3542 3623 igno-

1968 3646 2150 3693 rantes
2196 3639 2458 3709 quoniam
2510 3641 2604 3710 qui
2643 3655 2844 3711 corpus
2886 3642 3108 3710 fecerat,
3143 3643 3259 3712 ipse
3306 3643 3439 3700 fecit
3487 3655 3542 3702 et

1967 3728 2226 3784 animam.
2261 3729 2327 3785 Et
2358 3731 2482 3801 quis
2513 3733 2584 3786 ita
2614 3733 2858 3802 lapideus
2889 3742 2971 3788 est
2996 3743 3048 3788 et
3071 3734 3319 3801 stolidus,
3351 3745 3541 3792 utnon

1968 3822 2035 3877 ad
2067 3823 2252 3878 omnia
2286 3824 2336 3878 ei
2365 3824 2469 3878 iste
2502 3839 2684 3880 sermo
2718 3823 2983 3880 suﬁiciat?
3015 3825 3114 3881 Cui
3145 3829 3384 3883 sermoni
3409 3845 3541 3885 con-

1968 3928 2172 3970 sonans
2201 3915 2404 3972 Paulus
2435 3917 2531 3983 ait,
2564 3917 2928 3988 interpretans
2954 3933 3017 3973 ea
3043 3935 3166 3990 quae
3189 3920 3241 3974 in
3267 3921 3382 3991 lege
3404 3922 3541 3977 scri-

1966 4014 2056 4076 pta
2091 4014 2240 4074 sunt,
2282 4007 2387 4064 hoc
2413 4009 2577 4064 modo
2607 4027 2619 4063 :
2652 4026 2670 4060 ι
2707 4007 2825 4064 Non
2855 4009 3152 4068 infrenabis
3187 4028 3249 4068 os
3282 4014 3406 4068 bovi
3435 4015 3537 4068 tri-

1965 4100 2189 4156 turanti.
2231 4099 2485 4172 Nunquid
2513 4103 2581 4158 de
2610 4103 2786 4158 bobus
2821 4119 2954 4158 cura
2982 4114 3066 4161 est
3092 4104 3242 4162 Deo?
3269 4107 3378 4162 Aut
3410 4124 3538 4179 pro-

1963 4200 2081 4262 pter
2105 4207 2206 4248 nos
2230 4193 2340 4266 (98)
2361 4195 2549 4265 utique
2580 4195 2713 4251 dicit
2733 4195 2816 4251 “?
2839 4215 2858 4250 ι
2891 4195 2996 4253 Sed
3025 4198 3156 4268 quid
3181 4200 3537 4258 immoramur

1961 4283 2503 4355 ulterius?adjiciam
2539 4296 2717 4342 tamen
2753 4303 2924 4358 pauca
2950 4289 3016 4344 de
3038 4289 3306 4359 pluribus.
3339 4290 3394 4345 Si
3427 4288 3538 4348 duo

1961 4387 2089 4432 sunt
2112 4377 2353 4448 ingenita
2377 4388 2431 4434 et
2454 4380 2540 4435 his
2568 4381 2686 4437 loca
2711 4393 2854 4437 certa
2885 4383 3249 4450 decernimus,
3273 4385 3536 4441 dividitur

1958 4469 2124 4536 Deus,
2158 4471 2205 4525 si
2237 4470 2378 4526 intra
2406 4481 2616 4527 certum
2647 4473 2830 4528 locum
2863 4484 2946 4530 est
2976 4485 3032 4531 et
3059 4492 3167 4532 non
3197 4477 3399 4548 ubique
3427 4477 3535 4534 dif—

1961 4559 2226 4629 funditur,
2267 4571 2322 4617 et
2347 4564 2448 4619 crit
2479 4565 2651 4621 multo
2673 4566 2898 4622 inferior
2922 4567 3044 4623 loco
3067 4569 3120 4623 in
3143 4585 3254 4640 quo
3287 4582 3370 4627 est
3393 4571 3533 4643 (mae

287 4633 444 4688 cebat
477 4631 739 4690 Dominus
765 4634 946 4705 Jesus,
973 4637 1174 4694 docens
1203 4655 1359 4694 orare
1387 4640 1638 4698 homines
1666 4663 1680 4699 :
1715 4663 1734 4697 ι
1764 4647 1855 4704 Sic
1890 4631 1930 4658 υ
1952 4653 2044 4722 jus
2070 4654 2182 4722 (99)
2225 4657 2370 4710 enim
2399 4657 2543 4726 quod
2574 4658 2820 4714 continuet
2852 4674 3066 4729 semper
3101 4676 3167 4716 eo
3203 4677 3365 4732 quem
3399 4631 3530 4720 con-

285 4722 450 4780 dicite
470 4741 593 4780 cum
618 4728 788 4783 oratis
812 4747 833 4800 ,ε
861 4730 1019 4785 Pater
1049 4739 1256 4798 noster,
1285 4733 1376 4802 qui
1402 4749 1461 4788 es
1493 4735 1546 4788 in
1577 4736 1848 4792 cmlis'm

285 4810 351 4866 Et
375 4813 573 4868 iterum
600 4834 613 4869 :
647 4835 666 4868 ι
691 4815 851 4871 Orate
877 4817 1089 4873 Patrem
1118 4829 1357 4876 vestrum
1387 4823 1523 4893 (95),
1563 4825 1656 4894 qui
1688 4837 1771 4881 est
1798 4828 1852 4883 in

282 4905 498 4960 occulto
520 4907 584 4962 ’⁷.
617 4927 636 4960 ›
671 4908 746 4964 De
774 4908 972 4966 Satana
999 4919 1177 4968 autem
1213 4914 1350 4970 dixit
1373 4915 1574 4972 vidisse
1603 4933 1662 4972 se
1687 4934 1810 4974 eum
1836 4940 1849 4975 :

287 5017 308 5050 ι
341 4996 493 5054 Sicut
528 4998 709 5072 fulgur
747 5004 1026 5059 cadentem
1058 5005 1124 5061 de
1167 5007 1306 5063 coelo
1328 5008 1395 5074 ’⁸,
1434 5028 1453 5061 ι
1493 5010 1571 5065 uti
1602 5027 1670 5067 ne
1696 5012 1852 5082 quis-

378 5116 425 5192 3‘
465 5116 767 5198 Matth._ﬁvr,
811 5122 1060 5198 Q;_Luc.
1092 5142 1168 5189 ιι,
1197 5126 1250 5180 2.
1388 5130 1432 5163 ’⁷
1473 5130 1659 5189 Matth.
1684 5150 1759 5198 vl,
1796 5134 1848 5192 6.

280 5186 327 5218 ³⁸
358 5185 490 5244 Luc.
523 5205 600 5258 χι,
637 5192 726 5247 48.
755 5185 762 5188 ⁷
825 5185 867 5224 ³ί
894 5193 1024 5250 Luc.
1070 5185 1165 5263 xx,
1211 5200 1314 5265 «lii;
1345 5199 1533 5257 Matth.

274 5329 462 5454 “$91)
503 5331 558 5386 In
587 5334 771 5390 codice
798 5335 1082 5394 Casinensi
1121 5349 1222 5406 est,
1260 5361 1278 5393 ι
1311 5318 1434 5413 quae
1460 5361 1582 5402 cum
1612 5351 1843 5422 conjun-

392 5417 536 5454 nem.
570 5424 588 5454 ι

392 5417 536 5457 nem.

355 5419 536 5457 onem.
570 5424 588 5457 ι
1718 5419 1729 5422 ⁷

502 5472 558 5551 in
583 5476 769 5551 eodem
795 5479 979 5551 codice
1004 5480 1218 5551 legitur,
1244 5503 1262 5536 ι
1287 5497 1443 5542 natus
1466 5500 1548 5546 est
1568 5501 1803 5548 creatus.
1820 5515 1838 5547 ι

347 5541 461 5612 (95)
500 5542 692 5626 Melius
747 5549 804 5604 in
854 5541 1101 5622 Vulgata,
1159 5572 1178 5606 ι
1207 5541 1310 5611 ora
1344 5541 1842 5621 Ρειινὲὶἱιῖιῖῦὧῖιὶ

273 5609 613 5670 abScondito.
645 5637 663 5670 ι

497 5684 557 5764 in
589 5689 775 5764 codice
798 5688 1101 5764 Casinensi,
1139 5712 1159 5746 ‹
1193 5698 1336 5764 quod
1361 5700 1666 5759 simulatos.
1709 5725 1729 5757 ι

349 5751 467 5833 (933’).
496 5751 574 5833 ln_
608 5757 890 5833 Casinensi
942 5751 1128 5820 codice
1179 5751 1281 5832 e'st,
1335 5751 1782 5830 .‘iii'tibii'tiéér'ct.
1815 5797 1833 5828 ι

275 5815 384 5875 Sed
417 5815 504 5880 hic
543 5825 612 5885 do
643 5830 928 5900 gentilibus
951 5815 1123 5906 loqui
1160 5815 1351 5907 palam
1371 5815 1839 5916 εξί”;”“ἀῖιῖιῖ-ἰς”ἰοῖ

1959 4746 2136 4813 tinet),
2167 4754 2221 4800 et
2244 4746 2475 4802 eﬁicitur
2497 4748 2642 4805 Deus
2665 4750 2785 4821 ejus
2815 4753 3227 4822 magnitudinis,
3255 4757 3413 4828 cujus
3445 4769 3530 4814 est
3571 4804 3579 4812 .

1953 4835 2107 4890 locus
2136 4835 2189 4888 in
2213 4851 2322 4906 quo
2346 4839 2676 4907 continetur,
2705 4841 2845 4897 sicut
2875 4842 3058 4910 homo,
3083 4844 3129 4900 si
3152 4846 3222 4901 sit
3254 4846 3309 4901 in
3340 4847 3523 4905 domo.
3561 4906 3567 4912 _

1956 4923 2160 4982 Deinde
2190 4929 2330 4982 ratio
2363 4931 2614 5001 requirit,
2640 4935 2767 5004 quis
2795 4946 2897 5004 est,
2922 4939 3016 5009 qui
3043 4939 3183 4996 inter
3208 4957 3304 4999 eos
3328 4943 3528 5000 divise-

1954 5017 2046 5084 rit,
2088 5029 2183 5074 aut
2204 5021 2328 5092 quis
2353 5023 2434 5078 eis
2461 5037 2642 5081 certos
2680 5029 2944 5087 terminos
2989 5035 3268 5102 statuerit;
3297 5044 3353 5091 et
3379 5037 3529 5093 inve-

1974 5138 2174 5216 ξυιυς.
2236 5142 2766 5222 ξ.Α18.“-²έ-Μιιιιιι.
2817 5166 2974 5222 xxm,
3021 5153 3125 5222 26;
3180 5153 3392 5219 Luem,
3433 5155 3523 5213 39.

1645 5221 1799 5273 χχιιι,
1831 5209 1896 5274 6;
1931 5208 2094 5267 Marc.
2129 5213 2338 5281 xu,38.
2415 5215 2502 5270 ³³1
2534 5217 2662 5280 μοι.
2694 5235 2770 5286 ix,
2805 5221 2858 5276 9.

1950 5357 2206 5426 gendum,
2241 5376 2260 5409 ι
2292 5357 2720 5420 introducerent.
2758 5385 2779 5420 ι

2022 5426 2134 5501 (iiii)
2175 5427 2238 5501 ιιι
2259 5430 2451 5485 eodem
2486 5435 2692 5501 codice,
2725 5455 2743 5487 ι
2773 5453 2837 5492 cx
2870 5438 2976 5494 his.
3017 5457 3038 5490 ι

2023 5497 2137 5583 (97)
2179 5497 2278 5580 llic
2326 5501 2462 5583 mire
2495 5497 2816 5583 depravatus
2837 5517 2932 5583 est
2974 5508 3144 5583 codex
3184 5511 3520 5583 Casinensis,

1949 5566 2335 5657 legit-enim“
2373 5566 2581 5657 primos
2623 5577 2917 5657 discipulos
2969 5580 3183 5634 subitos
3224 5566 3281 5636 Eni

1950 5641 2096 5722 quod
2129 5641 2363 5722 scientes
2391 5641 2673 5702 Dominus.
2711 5667 2730 5700 ι
2761 5641 2878 5703 Nos
2909 5666 3036 5708 eum
3065 5668 3128 5708 ex
3171 5669 3332 5711 sacro
3371 5641 3522 5714 textu

1947 5720 2314 5766 restituimus.

2172 5783 2374 5862 _Meli_us_
2393 5785 2641 5858 Vulgata,
2674 5808 2694 5841 ι
2726 5805 2793 5844 an
2825 5805 3044 5862 propter
3075 5813 3193 5852 nos.
3233 5818 3250 5850 ο

2017 5849 2129 5921 (99)
2169 5851 2225 5907 ιιι
2255 5849 2558 5925 (ῥαδὶιιριιῖι,
2593 5849 2842 5927 (malus,
2884 5881 2903 5915 ι
2929 5849 3089 5920 ἰιιιΙΙο
3120 5849 3306 5928 sensu.
