3982 6346
436 304 573 362 “6'5

1465 305 1647 360 ACTA
1685 303 2222 362 DISPUTATIONIS
2257 308 2314 363 S.
2355 308 2715 377 ARCHELAI,

3533 315 3661 368 HN

433 426 584 481 nitur
608 424 722 496 jam
755 433 982 496 uterque
1022 424 1192 479 multo
1219 423 1444 478 inferior
1477 424 1692 479 virtutis
1725 424 2004 480 humanae.
2036 428 2084 484 A
2110 426 2258 481 ciens
2291 428 2383 482 lux
2431 430 2704 494 manebat,
2735 444 2859 485 cum
2892 429 3099 485 nullum
3127 445 3327 501 corpus
3358 431 3666 497 exsisteret,

434 518 798 590 Lysimachus
821 517 966 572 enim
999 526 1053 571 et
1076 517 1379 572 Alexander
1412 517 1580 572 totius
1615 517 1803 572 mundi
1831 517 2003 587 impe-

436 615 576 667 rium
612 621 920 674 tenuerunt,
949 626 1249 681 omnesque
1275 612 1521 666 nationes
1550 611 1812 667 barbaras
1842 622 2004 682 atque

433 722 599 760 omne
641 721 812 771 genus
853 705 1135 758 hominum
1181 703 1449 772 subjicere
1495 713 1806 772 potuerunt,
1841 705 1911 758 ita
1948 715 2006 760 ut

431 813 542 852 non
572 804 716 852 esset
746 797 886 850 alius
929 796 1226 864 imperator
1258 811 1350 864 per
1391 795 1520 849 illud
1555 804 1768 865 tempus
1810 805 2005 866 praeter

431 889 582 958 ipsos
609 889 711 944 sub
743 890 900 943 ctelo.
938 887 1003 941 Et
1037 889 1308 957 quomodo
1333 888 1550 942 audebit
1586 889 1875 958 quisquam
1915 888 2002 942 di-

430 994 573 1046 cere,
603 996 712 1034 non
750 980 950 1048 ubique
972 994 1093 1034 esse
1119 980 1312 1046 Deum,
1351 981 1444 1050 qui
1477 989 1560 1035 est
1592 981 1774 1036 lumen
1816 997 2001 1036 verum

433 1068 769 1132 indeliciens,
802 1071 958 1139 cujus
982 1078 1065 1126 est
1093 1086 1316 1140 regnum
1345 1081 1595 1125 sanctum
1636 1079 1691 1126 et
1721 1071 2004 1140 sempiter-

432 1177 587 1224 num,
630 1178 728 1215 ceu
765 1163 840 1231 (ι)
875 1161 1194 1232 nequissimi
1233 1160 1391 1216 istius
1439 1161 1711 1230 impietas,
1765 1163 1856 1232 qui
1905 1178 2005 1217 nec

432 1254 694 1324 aequalem
735 1255 952 1322 quidem
1003 1254 1081 1324 (Ξ)
1137 1269 1261 1308 cum
1321 1254 1634 1310 hominibus
1681 1264 2000 1325 potestatem

433 1344 790 1412 omnipotenti
819 1343 930 1399 Deo
958 1345 1184 1398 tribuit?

502 1434 663 1497 XXII.
703 1435 918 1490 Judices
963 1436 1210 1489 dixerunt
1261 1451 1278 1488 :
1318 1434 1526 1490 Lumen
1575 1437 1627 1490 in
1679 1444 1789 1490 tota
1838 1434 2002 1490 domo

432 1531 615 1584 lucere
642 1528 868 1592 scimus,
902 1538 957 1584 et
981 1543 1088 1582 non
1117 1529 1170 1582 in
1204 1543 1309 1582 una
1351 1528 1532 1596 aliqua
1568 1537 1742 1597 parte,
1775 1528 1918 1582 sicut
1951 1537 2004 1583 et

429 1621 589 1675 Jesus
619 1620 772 1683 dicit,
804 1620 932 1690 quia
975 1640 993 1671 ι
1020 1635 1180 1675 nemo
1213 1620 1491 1675 lucernam
1528 1619 1829 1675 accendens
1854 1621 2004 1690 ponit

435 1711 537 1766 sub
563 1713 765 1777 modio,
794 1714 888 1785 sed
919 1727 1084 1782 super
1115 1713 1529 1778 candelabrum,
1581 1722 1638 1766 ut
1666 1714 1844 1767 luceat
1885 1729 2002 1766 om-

2108 518 2252 586 quod
2311 519 2558 573 umbram
2602 521 2688 575 sui
2731 519 3034 590 objectione
3081 530 3393 591 generaret;
3445 529 3504 576 et
3549 522 3669 578 ideo

2108 623 2378 678 nusquam
2414 611 2684 678 tenebras,
2732 627 3001 680 nusquam
3053 623 3263 668 noctem
3291 611 3464 668 fuisse
3512 615 3673 684 proli-

2109 700 2329 754 tendum
2381 709 2482 756 est.
2527 699 2661 756 Nam
2697 703 2766 769 si,
2801 704 2951 756 verbi
3002 705 3194 774 gratia,
3232 705 3445 774 placeat
3481 707 3530 761 ei
3584 708 3669 762 cui

2107 801 2345 861 potestas
2373 802 2456 847 est
2480 794 2747 860 omnium,
2794 795 3001 865 plagam
3036 811 3157 864 qua:
3189 798 3254 850 ad
3283 813 3542 852 occasum
3570 809 3670 863 est,

2105 885 2322 940 auferre
2347 885 2414 940 de
2448 885 2662 953 medio;
2689 902 2797 940 non
2830 897 3020 958 agente
3049 889 3161 943 sole
3191 889 3256 944 ad
3291 890 3439 943 illam
3464 901 3673 959 partem

2103 990 2350 1038 cursum,
2385 991 2657 1044 nusquam
2706 975 2798 1030 tlet
2849 993 3071 1047 vespera
3118 987 3209 1032 aut
3256 981 3530 1046 tenebrae;
3582 981 3675 1034 sed

2103 1067 2206 1122 erit
2249 1068 2331 1123 sol
2377 1083 2592 1137 semper
2633 1068 2687 1122 in
2723 1085 2910 1135 cursu,
2945 1086 3044 1125 nec
3078 1088 3314 1141 unquam
3360 1073 3593 1137 occidet,
3622 1084 3678 1129 et

2103 1159 2340 1213 medium
2382 1159 2693 1230 coelijaxem
2736 1176 2874 1229 pene
2929 1177 3141 1232 semper
3171 1164 3394 1228 tenebit,
3442 1180 3546 1220 nec
3576 1166 3674 1220 ali-

2102 1252 2325 1321 quando
2353 1251 2568 1307 desiuet
2595 1268 2854 1322 apparere
2880 1271 2895 1307 :
2927 1263 2978 1308 et
3006 1270 3100 1322 per
3123 1255 3226 1309 hoc
3250 1257 3353 1310 erit
3381 1257 3672 1313 universus

2105 1344 2252 1398 orbis
2285 1352 2560 1398 terrarum
2598 1344 2903 1399 clarissimo
2934 1345 3139 1401 lumine
3177 1345 3442 1411 radiatus,
3472 1365 3542 1402 ex
3565 1364 3673 1418 quo

2103 1451 2203 1490 nec
2233 1435 2336 1489 ulla
2379 1435 2500 1504 ejus
2535 1451 2659 1505 pars
2687 1436 3120 1502 obumbrabitur,
3157 1438 3249 1492 sed
3284 1441 3529 1494 mam-bit
3558 1442 3676 1496 ubi-

2102 1541 2208 1596 que
2267 1527 2429 1586 unius
2469 1527 2692 1582 luminis
2751 1527 3054 1596 aequalitas.
3106 1527 3441 1585 Occidentali
3493 1525 3674 1588 autem

2105 1620 2260 1689 plaga
2291 1629 2494 1675 statum
2536 1635 2696 1674 suum
2730 1632 2998 1688 servante,
3025 1631 3078 1676 et
3112 1623 3225 1677 sole
3253 1639 3477 1679 cursum
3513 1641 3670 1680 suum

2103 1711 2278 1765 tribus
2307 1711 2496 1765 mundi
2532 1712 2778 1780 partibus
2807 1713 3187 1780 ministrante;
3235 1715 3289 1768 lii
3328 1717 3549 1785 quidem
3578 1716 3670 1785 qui

433 1806 595 1862 nibus
637 1807 730 1876 qui
761 1806 813 1860 in
857 1807 1021 1862 domo
1073 1817 1201 1862 sunt
1230 1807 1296 1860 ³³.
1329 1825 1347 1858 ι
1395 1805 1451 1860 Si
1490 1821 1618 1877 ergo
1668 1807 1850 1860 lumen
1899 1816 2001 1872 est,
2038 1807 2076 1862 Β
2107 1804 2209 1857 sub
2258 1805 2371 1859 sole
2417 1815 2567 1867 sunt,
2621 1806 2824 1860 clarius
2855 1806 3103 1860 videntur
3130 1807 3452 1870 illuminari,
3499 1808 3573 1862 ita
3613 1819 3672 1864 ut

433 1913 656 1954 necesse
697 1907 779 1953 est
814 1899 944 1953 illud
986 1899 1056 1967 (si
1087 1906 1270 1953 tamen
1293 1895 1453 1953 Jesus
1495 1898 1758 1968 creditur)
1798 1898 2001 1954 mundo

430 1993 690 2048 universo
733 1993 932 2057 lucere,
977 2001 1030 2046 et
1079 2007 1185 2045 non
1231 2006 1326 2060 per
1365 1999 1584 2059 partes;
1633 2006 1662 2044 a
1710 2006 1819 2059 quo
1837 1990 1912 2060 (ὅ)
1955 1989 2000 2045 si

433 2083 752 2138 universum
786 2083 992 2137 obtinet
1023 2081 1308 2144 mundum,
1366 2081 1458 2135 ubi
1492 2079 1607 2150 jam
1648 2081 1899 2151 ingenita:
1931 2089 2003 2136 te-

432 2175 635 2238 nebrae,
663 2175 767 2230 nisi
814 2174 953 2228 forte
997 2174 1327 2239 accidentes,
1376 2173 1781 2243 intelligantur?
1811 2173 2002 2228 Arche-

431 2266 550 2322 laus
579 2268 716 2322 dixit
750 2283 768 2320 :
797 2265 1066 2334 Quoniam
1097 2267 1316 2336 quidem
1353 2266 1524 2322 multo
1549 2267 1743 2323 melius
1777 2284 1808 2323 a
1850 2269 2002 2325 vobis

431 2359 753 2430 intelligitur
785 2375 966 2414 sermo
998 2358 1362 2429 evangelicus,
1397 2374 1561 2429 quam
1592 2360 1660 2414 ab
1694 2359 1796 2414 isto
1824 2361 1918 2430 qui
1945 2377 2004 2415 se

432 2453 766 2522 paracletum
809 2467 930 2508 esse
957 2453 1262 2522 profitetur,
1295 2467 1456 2522 quem
1488 2468 1589 2523 ego
1632 2451 1806 2521 magis
1847 2469 2002 2523 para-

431 2543 596 2598 situm
639 2559 804 2613 quam
848 2543 1181 2613 paracletum
1229 2542 1482 2607 dixerim,
1515 2541 1692 2596 dicam
1736 2557 1836 2612 ego
1866 2558 2003 2612 quo-

432 2636 595 2692 modo
651 2635 947 2691 acciderint
991 2636 1246 2690 tenebrae.
1299 2632 1437 2688 Cum
1486 2633 1579 2688 lux
1622 2643 1766 2688 esset
1804 2634 2004 2703 ubique

431 2729 650 2794 diffusa,
705 2730 967 2784 mundum
1019 2729 1180 2799 coepit
1219 2729 1363 2784 Deus
1409 2727 1661 2792 condere,
1714 2727 1928 2782 initium
1974 2743 2003 2782 a

432 2823 573 2878 c0310
601 2833 657 2878 et
701 2831 855 2877 terra
887 2837 1129 2886 sumens,
1184 2822 1238 2876 in
1273 2837 1382 2890 quo
1413 2822 1481 2876 ita
1518 2822 1656 2876 ratio
1698 2822 1900 2887 evenit,
1945 2831 2004 2877 ut

433 2913 699 2969 medietas
727 2929 848 2982 quae
873 2922 956 2968 est
991 2922 1147 2968 terrae
1189 2912 1341 2972 locus
1380 2913 1571 2967 umbra
1610 2913 1878 2978 obtectus,
1908 2915 2004 2969 ob-

431 3007 577 3076 jectu
613 3007 687 3077 (4)
740 3007 989 3061 videlicet
1037 3021 1225 3060 earum
1261 3022 1382 3075 qua:
1434 3006 1588 3062 facta:
1621 3016 1749 3062 sunt
1793 3018 2005 3064 creatu-

436 3111 644 3163 rarum,
686 3096 1018 3150 inveniretur
1057 3095 1347 3159 obscurus,
1386 3095 1457 3150 ita
1499 3107 1558 3152 ut
1607 3112 1694 3154 res
1725 3107 2000 3168 expeteret

2101 1912 2237 1966 pene
2287 1897 2538 1962 dixerim,
2571 1898 2965 1953 dormientibus
2987 1899 3164 1953 adhuc
3193 1899 3258 1953 iis
3281 1901 3373 1968 qui
3401 1915 3434 1954 e
3457 1900 3669 1956 diversa

2102 1989 2257 2057 plaga
2288 1989 2616 2055 consistunt,
2644 1990 2730 2045 isti
2756 1991 2962 2059 priores
2983 1990 3089 2046 diei
3115 1992 3401 2045 exordium
3427 2002 3668 2050 sumant.

2103 2075 2256 2132 Sicut
2286 2087 2462 2134 autem
2498 2089 2624 2134 ante
2669 2096 2764 2136 eos
2795 2083 2887 2150 qui
2930 2082 2984 2134 in
3019 2091 3169 2150 parte
3195 2082 3420 2137 occidua
3461 2083 3671 2154 jacent,

2104 2167 2210 2223 illis
2239 2168 2420 2223 lumen
2451 2170 2715 2233 exoritur,
2754 2170 2826 2224 ita
2856 2171 3092 2226 velocius
3113 2173 3454 2239 obscuratur,
3483 2182 3538 2228 et
3563 2175 3670 2230 soli

2100 2261 2341 2314 omnium
2377 2262 2472 2331 qui
2505 2263 2560 2316 in
2596 2263 2745 2317 orbis
2776 2264 3063 2319 medietate
3094 2266 3418 2330 consistunt,
3442 2268 3665 2336 aequali-

2102 2361 2265 2406 tatem
2289 2367 2502 2422 semper
2524 2354 2765 2408 sentiunt
2792 2355 2951 2409 lucis.
2984 2356 3117 2410 Cum
3146 2357 3293 2411 enim
3320 2358 3558 2412 medium
3583 2359 3672 2415 sol

2100 2442 2339 2500 tenuerit
2381 2443 2604 2510 malum,
2636 2445 2816 2498 nullus
2847 2453 2930 2499 est
2975 2445 3126 2500 locus
3161 2446 3255 2515 qui
3306 2456 3403 2500 aut
3439 2447 3673 2503 lucidior

2101 2541 2196 2587 aut
2242 2533 2530 2589 obscurior
2574 2549 2696 2590 esse
2756 2536 3030 2602 videatur;
3085 2538 3178 2592 sed
3229 2552 3422 2592 omnes
3481 2539 3673 2594 mundi

2102 2630 2284 2694 partes
2311 2640 2377 2679 ex
2410 2641 2567 2695 aequo
2601 2634 2652 2679 ct
2679 2626 2830 2695 justo
2860 2627 2960 2697 (7),
2990 2628 3120 2683 solis
3154 2628 3362 2700 fulgore
3395 2631 3672 2684 luminan-

2104 2725 2210 2770 tur.
2254 2715 2310 2770 Si
2343 2733 2493 2787 ergo,
2539 2726 2598 2772 ut
2645 2719 2898 2788 superius
2927 2719 3184 2784 diximus,
3219 2722 3467 2776 occiduae
3507 2724 3674 2792 plaga:

2101 2824 2228 2878 pars
2270 2809 2548 2865 auferatur
2573 2826 2604 2866 e
2652 2811 2850 2875 medio,
2885 2812 3026 2867 ultra
3063 2813 3174 2881 jam
3210 2829 3318 2867 non
3350 2816 3674 2870 obscurabi-

2104 2911 2189 2956 tur
2219 2918 2343 2971 pars
2377 2918 2497 2972 quae
2529 2903 2580 2957 ei
2611 2903 2839 2972 adjacet.
2885 2903 2950 2958 Et
2981 2905 3096 2959 haec
3119 2905 3338 2974 quidem
3373 2907 3509 2960 mihi
3539 2909 3674 2962 sim-

2103 2991 2297 3061 plicius
2321 2991 2462 3046 dicta
2499 2993 2628 3057 sint,
2671 3009 2794 3048 cum
2826 2994 3030 3063 possim
3076 3005 3128 3049 et
3175 2995 3460 3050 zodiacum
3497 2999 3678 3052 circu-

2105 3083 2214 3137 lum
2262 3083 2566 3138 describere
2614 3101 2628 3137 :
2683 3085 2774 3139 sed
2824 3098 2933 3137 non
2983 3084 3118 3138 intui
3165 3100 3310 3140 nunc
3357 3085 3476 3139 fieri
3523 3098 3676 3143 ratus

433 3187 702 3244 introduci
735 3188 909 3242 lucem
946 3187 1072 3241 lmic
1106 3186 1209 3256 ipsi
1253 3187 1306 3239 in
1341 3189 1626 3245 medietate
1652 3164 1829 3260 posito
1862 3192 1999 3248 loco.

2107 3192 2228 3232 sum
2267 3175 2366 3246 (8),
2415 3185 2631 3245 propter
2675 3174 2821 3244 quod
2859 3175 2925 3229 de
2975 3176 3057 3229 his
3092 3176 3282 3242 silebo,
3328 3186 3382 3231 et
3419 3177 3490 3231 ad
3539 3178 3676 3234 illud

433 3279 592 3336 Unde
612 3287 666 3332 et
687 3278 741 3332 in
766 3277 960 3334 Genesi
986 3277 1196 3348 Moys¢es
1216 3294 1478 3334 enarrans
1501 3278 1766 3336 facturam
1789 3285 1999 3352 mundi,

435 3386 780 3442 nequaquam
817 3369 944 3426 facit
969 3371 1316 3426 tenebrarum
1349 3372 1702 3439 mentionem,
1728 3384 1823 3430 aut
1847 3378 2001 3444 quasi

433 3461 747 3526 factte'siut,
778 3472 871 3517 aut
908 3478 1014 3517 non
1045 3460 1238 3530 facte;
1281 3464 1376 3519 sed
1419 3465 1533 3533 ipse
1562 3465 1749 3529 tacuit,
1789 3466 1875 3521 bis
1909 3467 2001 3536 qui

363 3563 372 3580 ⁵
435 3555 650 3627 possint
679 3555 978 3621 advertere,
1017 3555 1401 3627 derelinquens
1432 3557 1699 3612 rationem
1737 3558 1900 3627 hujus
1926 3558 2003 3612 in-

436 3649 720 3714 tellectus;
765 3663 886 3716 quae
923 3648 1140 3716 quidem
1195 3663 1295 3702 nec
1319 3647 1452 3703 satis
1485 3656 1569 3703 est
1625 3649 1793 3704 ardua
1841 3659 2002 3718 atque

434 3739 826 3795 dilliciliszcui
884 3740 1030 3794 enim
1084 3753 1191 3792 non
1251 3738 1342 3794 fiat
1393 3738 1778 3805 manifestum,
1830 3741 2000 3794 solem

433 3831 602 3887 istum
643 3828 934 3892 visibilem,
963 3843 1086 3884 cum
1121 3827 1189 3882 ab
1215 3828 1422 3884 oriente
1466 3827 1630 3884 fuerit
1675 3839 1916 3894 exortus,
1950 3840 2003 3885 et

429 3922 712 3979 tetenderit
740 3921 841 3976 iter
868 3936 1028 3976 suum
1051 3919 1119 3974 ad
1144 3919 1502 3984 occidentem,
1529 3937 1651 3976 cum
1677 3922 1780 3976 sub
1802 3932 2001 3977 terram

433 4013 578 4078 ierit,
610 4022 663 4069 et
695 4013 920 4069 interior
945 4012 1172 4068 effectus
1213 4011 1380 4066 fuerit
1420 4026 1484 4066 ea
1519 4029 1640 4083 quae
1677 4015 1820 4082 apud
1855 4014 2002 4068 Grae-

432 4123 531 4164 cos
564 4106 778 4177 sphaera
817 4113 1065 4172 vocatur,
1100 4102 1248 4174 quod
1278 4111 1406 4158 tunc
1445 4103 1660 4173 objectu
1697 4104 1776 4174 (5)
1807 4120 2002 4175 corpo-

433 4213 554 4254 rum
599 4197 956 4253 obumbratus
1007 4210 1119 4250 non
1161 4195 1451 4264 appareat?
1496 4192 1602 4250 Sed
1643 4196 1860 4250 obtecto
1901 4211 2000 4262 eo,

432 4291 687 4347 obstante
722 4299 878 4345 terra:
904 4302 1152 4357 corpore.
1199 4286 1582 4356 superducitur
1617 4285 1830 4351 umbra,
1881 4301 2004 4357 qua:

431 4401 498 4440 ex
535 4399 594 4439 se
621 4382 782 4437 ellicit
813 4381 1103 4450 tenebras;
1133 4395 1417 4451 usquequo
1443 4395 1683 4444 rursum,
1725 4379 2002 4436 inferioris

432 4461 595 4545 spatii
623 4489 784 4530 cursu
815 4489 911 4543 per
939 4483 1150 4528 noctem
1182 4480 1479 4537 transacto,
1513 4471 1582 4526 ad
1619 4473 1882 4526 orientem
1914 4487 2001 4527 re-

431 4568 632 4631 volvat,
671 4576 833 4636 atque
864 4567 920 4620 in
961 4567 1096 4622 lucis
1130 4566 1308 4622 solitis
1339 4565 1565 4621 obortus
1593 4572 1870 4634 appareat.
1904 4562 2000 4619 Est

343 4696 347 4700 -
432 4674 562 4729 ergo
587 4659 791 4713 umbrae
815 4667 976 4728 atque
1006 4657 1183 4713 noctis
1216 4673 1405 4722 causa,
1443 4656 1688 4725 corporis
1719 4663 1876 4709 terrae
1905 4670 2000 4710 so-

431 4753 644 4816 liditas;
697 4751 843 4820 quod
887 4752 1051 4806 etiam
1108 4766 1174 4805 ex
1226 4751 1425 4805 suimet
1475 4749 1648 4819 ipsius
1695 4746 1998 4818 umbra(6)

430 4845 596 4902 homo
625 4844 922 4912 intelligere
954 4851 1148 4913 potest.
1193 4843 1332 4897 Ante
1365 4841 1561 4898 coelum
1609 4840 1754 4895 enim
1800 4848 1853 4894 et
1884 4849 1998 4893 ter-

429 4954 549 4995 ram
587 4947 748 5007 atque
778 4951 968 4992 omnes
998 4937 1134 4991 istas
1161 4950 1454 5005 corporcas
1493 4941 1774 4988 creaturas
1809 4931 2001 4985 indeli-

505 5079 551 5112 ³³
570 5077 762 5133 Matth.
815 5092 865 5141 v,
910 5074 997 5130 16.

503 5217 577 5291 (l)
612 5217 668 5270 In
712 5215 899 5291 codice
927 5213 1212 5269 Casinensi
1257 5219 1360 5276 est,
1402 5228 1421 5260 ε
1451 5222 1542 5272 eu,
1574 5226 1592 5258 ι
1633 5205 1777 5277 quod
1810 5205 1992 5275 legen-

428 5288 557 5361 dum
586 5288 916 5361 putavimus,
955 5304 974 5336 ι
1008 5299 1178 5361 ceu.)
1486 5349 1497 5361 _
1652 5346 1663 5358 .
1948 5346 1959 5356 .

498 5355 694 5429 (2)_lta
731 5360 1084 5429 depravatum
1139 5355 1326 5429 l_ocnm_
1369 5355 1705 5429 etingenio
1742 5355 1991 5429 restitui-

427 5415 584 5496 mils];
613 5445 737 5484 nam
761 5415 815 5480 in
836 5428 1022 5481 codice
1045 5423 1329 5479 Casincnsi
1355 5415 1610 5476 scribitur
1639 5435 1652 5471 :
1687 5435 1706 5468 ι
1741 5415 1850 5472 Nec
1872 5432 1993 5485 quae

427 5503 616 5555 vellem
652 5497 893 5568 quidem.
926 5515 944 5548 ι

496 5572 573 5639 (5)
612 5566 792 5632 Forte,
821 5586 840 5619 ‹
868 5566 1036 5639 atqui.
1070 5582 1090 5617 ι

498 5634 574 5712 (4)
614 5640 668 5712 lu
693 5634 1210 5712 Casinensicodice,
1250 5654 1268 5687 ι
1302 5634 1535 5712 obtecto.
1571 5649 1588 5682 ι

499 5700 576 5780 (5)
619 5710 673 5764 In
711 5707 1002 5780 Casineﬁnsi
1025 5714 1127 5766 est,
1165 5725 1183 5756 ε
1213 5705 1355 5780 quod
1393 5700 1791 5780 nuncoblectu.
1827 5718 1848 5779 ξ

501 5768 576 5855 (6)
618 5780 691 5836 lta
730 5777 1134 5835 emendavimus
1171 5768 1430 5846 scriptum
1463 5773 1724 5833 codicem,
1759 5770 1851 5839 qui
1894 5768 1988 5822 hav

2103 3277 2266 3339 caput
2297 3283 2573 3324 recurram
2607 3267 2751 3337 quod
2781 3268 2982 3338 objccit
3004 3267 3369 3334 adversarius,
3397 3267 3675 3325 allirmans

2101 3361 2251 3416 omni
2299 3359 2420 3414 nisu
2455 3360 2555 3428 (9),
2617 3358 2869 3413 tenebras
2915 3372 3035 3412 esse
3081 3357 3386 3427 ingenitas;
3431 3361 3581 3428 quod
3621 3369 3674 3414 ct

2104 3451 2303 3519 ipsum,
2328 3455 2590 3517 quantum
2621 3447 2912 3510 valuimus,
2937 3446 3049 3516 jam
3091 3446 3435 3502 confutatum
3468 3459 3577 3503 est.

2169 3539 2360 3594 XXIII.
2394 3539 2607 3594 Judices
2637 3539 2884 3594 dixerunt
2909 3556 2929 3594 :
2958 3539 3014 3594 Si
3043 3539 3456 3595 consideremus
3493 3541 3673 3597 lucem

2103 3633 2272 3688 fuisse
2299 3642 2424 3687 ante
2443 3631 2806 3687 conditionem
2833 3639 3228 3695 creaturarum,
3252 3639 3307 3686 et
3335 3632 3473 3686 nihil
3499 3633 3672 3687 fuisse

2101 3727 2372 3797 objectum
2405 3726 2548 3796 quod
2587 3741 2653 3780 ex
2699 3740 2759 3779 se
2801 3725 3050 3779 umbram
3093 3733 3396 3795 generaret,
3446 3740 3674 3779 necesse

2100 3828 2185 3874 est
2228 3820 2400 3874 lucem
2446 3819 2646 3888 ubique
2679 3816 2849 3872 fuisse
2892 3815 3170 3879 ditl'usam,
3217 3824 3272 3870 et
3316 3817 3504 3870 omnia
3555 3819 3672 3872 loca

2101 3911 2312 3983 fulgore
2346 3912 2484 3967 lucis
2519 3909 2844 3974 illuminata,
2879 3908 3023 3964 sicut
3049 3917 3332 3964 ostensum
3363 3919 3446 3963 est
3489 3924 3558 3963 ex
3589 3909 3672 3964 his

2101 4019 2222 4074 quae
2261 4019 2292 4059 a
2325 4012 2376 4060 te
2413 4018 2584 4072 nuper
2623 4002 2766 4056 dicta
2801 4008 2961 4065 sunt;
3005 3999 3059 4054 in
3090 3999 3289 4069 quibus
3331 4015 3517 4054 veram
3550 4015 3671 4054 esse

2102 4095 2366 4149 rationem
2412 4094 2675 4158 videntes,
2727 4087 2921 4146 damus
2962 4091 3198 4162 palmam
3250 4090 3672 4161 allegationibus

2099 4185 2374 4241 Archelai.
2434 4182 2491 4238 Si
2535 4183 2682 4238 enim
2725 4182 3050 4238 divisionem
3100 4181 3335 4252 accipiat
3380 4182 3674 4237 universus

2102 4277 2359 4343 mundus,
2396 4274 2563 4330 veluti
2597 4289 2754 4328 muro
2787 4274 3025 4344 quodam
3051 4289 3146 4343 per
3185 4273 3426 4327 medium
3467 4273 3676 4327 instru-

2101 4382 2212 4434 cro,
2239 4378 2292 4424 et
2320 4383 2386 4422 ex
2425 4381 2529 4420 una
2561 4374 2712 4436 parte
2744 4364 2986 4418 habitent
3021 4363 3275 4427 tenebrae,
3307 4380 3374 4418 ex
3406 4363 3516 4418 alia
3544 4377 3675 4418 vero

2105 4463 2231 4528 lux;
2274 4458 2594 4529 intelligitur
2632 4454 3006 4520 nihilominus,
3032 4455 3162 4525 quia
3206 4469 3274 4508 ex
3301 4469 3367 4510 eo
3402 4455 3556 4523 quod
3593 4454 3680 4508 in~

2106 4563 2370 4608 structum
2400 4559 2484 4604 est
2507 4548 2816 4614 aedilicium,
2847 4547 3040 4601 umbra
3069 4556 3344 4617 generata,
3374 4547 3679 4602 acciderint

2104 4648 2384 4703 tenebrae:
2416 4654 2469 4701 et
2520 4659 2742 4698 rursum
2796 4641 2952 4697 nobis
2980 4641 3330 4710 quare-udum
3381 4649 3502 4706 est,
3548 4643 3679 4710 quis

2101 4738 2450 4795 aedificaverit
2496 4753 2714 4790 murum
2761 4735 2814 4788 in
2866 4731 3046 4786 medio
3093 4732 3346 4794 duorum,
3396 4732 3444 4785 si
3493 4742 3679 4786 tamen

2102 4832 2427 4886 aadilicatum
2485 4829 2690 4891 fateris,
2722 4843 2754 4878 o
2785 4825 3100 4880 Manichzee.
3148 4823 3204 4877 Si
3235 4839 3362 4877 vero
3410 4823 3500 4876 illa
3538 4824 3680 4876 ratio

2102 4922 2499 4984 consideretur,
2529 4918 2691 4988 quasi
2725 4932 2916 4971 murus
2953 4931 3059 4969 non
3091 4915 3157 4971 sit
3187 4914 3517 4979 instructus;
3551 4929 3680 4967 rur-

2097 5199 2279 5263 bebat,
2312 5217 2329 5249 ι
2363 5205 2524 5252 exuet
2554 5196 2725 5263 ipsius
2749 5195 2959 5248 umbra.
2993 5210 3013 5244 ι

2169 5271 2244 5339 (7)
2285 5268 2346 5339 In,
2366 5267 2552 5322 codice
2581 5264 2866 5321 Casinensi
2896 5263 3114 5334 legitur,
3153 5280 3172 5314 ι
3205 5277 3270 5317 ex
3292 5275 3355 5317 ea
3385 5275 3534 5332 quo,
3565 5279 3586 5315 ι
3619 5271 3677 5317 et

2097 5337 2244 5405 mox,
2283 5359 2302 5391 ‹
2329 5337 2559 5407 fulgure.
2592 5356 2610 5388 ι

2169 5402 2244 5481 (8)
2284 5402 2462 5463 Louis
2488 5405 2773 5481 manifeste
2799 5414 3112 5476 corruptus,
3137 5404 3293 5476 cujus
3317 5402 3455 5458 mihi
3477 5417 3676 5458 emen-

2095 5477 2242 5536 datio
2279 5495 2384 5533 non
2421 5477 2680 5533 occurrit.

2165 5550 2242 5622 (9)
2281 5551 2336 5603 In
2360 5548 2643 5622 Casjiuensi
2682 5555 2818 5622 erat,
2868 5564 2887 5597 ι
2921 5547 3069 5600 omni
3111 5547 3246 5622 nisi;
3286 5565 3304 5597 ι
3349 5545 3449 5622 sed
3485 5543 3676 5622 legen-

2093 5612 2242 5684 dum,
2279 5641 2297 5672 ‹
2329 5619 2476 5674 omni
2506 5619 2648 5682 nisu,
2683 5636 2702 5669 ι
2735 5617 2838 5672 hoc
2857 5628 2960 5682 est,
2988 5618 3136 5670 omni
3163 5612 3394 5681 conatu;
3425 5612 3672 5684 formula

2093 5683 2305 5747 dicendi
2359 5691 2487 5745 huic
2540 5688 2817 5758 interpreti
2869 5694 3091 5743 usuata.
3136 5685 3268 5745 Vide
3314 5701 3438 5756 cap.
3470 5683 3563 5750 ιο,
3612 5690 3674 5737 et

2093 5761 2389 5833 praesertim
2418 5777 2538 5830 cap.
2572 5757 2658 5817 Π,
