3982 6346
307 369 449 427 1465
1428 374 1576 433 CUM
1611 373 1879 429 MANETE

1975 371 2467 429 EBESIARCHA.
2604 372 2607 379 '
3376 328 3547 431 ’μω

302 482 403 543 "siis
434 487 552 543 sine
575 490 755 561 aliqua
797 495 1113 563 exceptione
1143 510 1283 551 unus
1313 509 1436 551 esse
1470 494 1762 551 universus
1786 495 1875 549 in-
1904 502 1950 556 Α
1979 493 2107 548 tiam
2138 492 2341 548 habent
2367 493 2591 564 pariter,
2615 502 2781 565 atque
2800 492 3226 551 imbecillitatem
3255 494 3340 550 sui
3364 502 3550 552 osten-

301 577 568 649 telligitur
596 579 770 648 locus,
800 597 866 638 ac
900 583 1001 637 sub
1028 599 1133 639 una
1168 593 1431 654 potestate
1459 586 1702 656 positus;
1733 585 1877 640 unde
1979 586 2133 640 dunt.
2165 583 2270 641 Sed
2312 601 2380 641 ne
2410 585 2541 641 illud
2572 588 2789 657 quidem
2822 602 2853 642 a
2885 589 3043 643 nobis
3071 587 3408 643 reticendum
3437 598 3543 652 est,

305 683 374 723 ex
413 669 563 724 omni
594 681 747 742 parte
788 676 1024 730 tenebrae
1067 676 1363 746 ingenitam
1390 687 1640 740 naturam
1677 678 1876 732 habere
1975 677 2106 746 quin
2139 678 2320 747 potius
2349 679 2403 733 in
2454 680 2691 735 medium
2734 679 3147 751 proferendum,
3190 689 3249 735 ut
3284 689 3339 735 et
3371 683 3545 738 multa

302 776 415 816 non
442 773 691 831 possunt.
725 766 1014 822 Archelaus
1041 769 1178 824 dixit
1203 786 1221 824 :
1245 768 1400 825 Dicat
1420 770 1553 825 mihi
1582 770 1744 825 etiam
1772 770 1877 825 hoc
1975 768 2338 823 assertionum
2382 771 2557 840 copia,
2608 770 3077 825 machinationum
3127 769 3424 825 adversarii
3463 770 3549 824 di-

303 856 462 909 adea
488 871 609 925 qua:
630 859 904 929 proposita
937 870 1085 916 sunt.
1115 860 1225 916 Deo
1260 863 1313 916 in
1350 877 1519 934 regno
1549 877 1651 917 suo
1676 862 1872 932 posito,
1975 861 2206 917 versitas
2253 862 2594 928 destruatur,
2640 863 2904 918 auxilium
2957 863 3115 918 nobis
3154 863 3359 918 ferente
3400 863 3548 917 veri-

303 953 361 999 et
391 946 631 1018 maligno
673 950 924 1005 similiter
971 953 1025 1007 in
1070 968 1170 1008 suo
1205 968 1394 1024 regno,
1419 953 1545 1024 quis
1586 954 1726 1008 inter
1757 968 1873 1008 me-
1974 960 2103 1008 tate.
2131 953 2495 1009 Coucedimus
2520 963 2849 1009 structuram
2876 955 3071 1011 factam
3095 971 3216 1011 esse
3241 957 3403 1022 muri,
3425 972 3549 1025 qua

302 1038 453 1093 dium
484 1040 728 1111 ipsorum
763 1047 1131 1101 construxerit
1177 1046 1427 1101 murum?
1457 1047 1572 1101 Non
1606 1045 1749 1101 enim
1777 1060 1875 1114 po-
1974 1043 2041 1098 ad
2070 1044 2454 1100 discretionem
2479 1056 2623 1101 esset
2652 1047 3084 1117 uniuscujusque
3110 1049 3260 1120 regni
3295 1066 3308 1102 :
3339 1049 3547 1118 impos-

301 1139 412 1187 test
443 1132 683 1191 dividere
726 1138 858 1206 quid
890 1139 1027 1194 duas
1079 1139 1435 1205 substantias,
1474 1138 1580 1195 nisi
1615 1138 1759 1208 quod
1804 1137 1874 1193 sit
1975 1135 2133 1191 sibile
2157 1136 2302 1192 enim
2326 1140 2555 1193 estsine
2590 1139 2694 1193 hoc
2728 1154 2838 1193 uno
2868 1140 3066 1194 habere
3099 1156 3546 1212 unumquemque

301 1224 593 1296 utriusque
631 1228 810 1300 majus
836 1230 972 1300 (l0),
1005 1231 1146 1287 sicut
1182 1232 1313 1286 dicit
1357 1231 1410 1286 in
1454 1229 1681 1285 Genesis
1707 1230 1869 1294 libro,
1975 1228 2258 1297 proprium
2296 1245 2566 1301 regnum;
2597 1231 2785 1285 eodem
2828 1246 2958 1286 vero
3005 1233 3165 1286 modo
3208 1234 3548 1303 impossibile

301 1317 432 1387 quia
468 1337 487 1370 ι
518 1319 703 1374 divisit
728 1321 867 1378 Deus
896 1323 1038 1378 inter
1060 1324 1234 1379 lucem
1263 1332 1316 1379 et
1339 1323 1590 1377 tenebras
1620 1322 1684 1375 “.
1718 1340 1736 1374 ι
1767 1320 1873 1375 Ta-
1972 1328 2077 1386 est,
2118 1329 2172 1377 et
2205 1322 2503 1391 malignum
2557 1337 2839 1392 egressum
2886 1324 3123 1393 pr0priis
3166 1324 3367 1381 ﬁnibus
3414 1325 3545 1381 boni

302 1407 408 1462 lem
445 1425 567 1466 esse
599 1412 830 1483 aliquem
866 1430 1089 1472 necesse
1115 1427 1199 1471 est
1224 1425 1278 1471 et
1305 1415 1445 1470 muri
1480 1415 1638 1469 istius
1669 1415 1873 1468 iustru-
1974 1419 2159 1479 partes
2185 1412 2460 1479 invadere,
2495 1414 2638 1468 muri
2674 1413 3053 1468 interdiuione
3093 1424 3398 1479 constante,
3438 1414 3547 1472 nisi

301 1508 508 1557 ctorcm
536 1521 549 1557 :
582 1519 777 1561 murus
811 1507 956 1561 enim
1001 1508 1265 1563 terminos
1308 1507 1742 1577 uniuscujusque
1785 1506 1873 1560 de-
1974 1500 2112 1557 forte
2147 1503 2302 1573 prius
2333 1504 2639 1574 dejiciatur,
2671 1505 2816 1560 sicut
2844 1505 3155 1560 audivimus
3181 1507 3251 1560 ab
3295 1505 3547 1563 hostibus

299 1603 591 1658 monstrat,
637 1595 777 1651 sicut
814 1598 956 1653 inter
994 1615 1091 1654 eos
1131 1600 1226 1671 qui
1273 1616 1400 1655 rura
1430 1599 1693 1662 incolunt,
1731 1598 1871 1668 lapis
1972 1594 2108 1661 fieri,
2162 1604 2325 1667 atque
2370 1599 2534 1652 etiam
2582 1597 2756 1652 oculis
2801 1596 3004 1651 nostris
3051 1613 3227 1668 nuper
3261 1598 3551 1668 conspexi-

299 1687 441 1742 solet
474 1687 776 1758 portionem
830 1691 1267 1762 uniuscujusque
1308 1690 1577 1758 dividere;
1623 1706 1746 1760 quae
1787 1699 1869 1744 ta-
1970 1702 2095 1743 mus
2122 1687 2255 1759 (ιε).
2280 1687 2419 1743 Cum
2454 1705 2547 1744 rex
2582 1689 2781 1758 aliquis
2823 1699 3097 1759 oppugnat
3128 1690 3321 1744 turrim
3367 1691 3547 1746 valido

298 1793 425 1834 me"
474 1796 562 1836 res
602 1783 773 1854 magis
804 1783 1137 1844 iuieuecium
1179 1786 1310 1854 diu,
1345 1785 1564 1857 quando
1610 1785 1867 1856 hujusce-
1971 1791 2130 1833 muro
2171 1780 2587 1844 circumdatam,
2630 1779 2855 1833 adhibet
2890 1780 3066 1849 primo
3097 1780 3343 1836 ballistas
3381 1791 3436 1835 et
3460 1781 3547 1851 ja-

298 1873 448 1928 modi
475 1874 674 1930 divisio
707 1876 962 1934 fraterna’
981 1881 1156 1949 potius
1223 1880 1554 1936 haereditatis
1605 1879 1676 1934 sit
1710 1879 1868 1934 ratio.

1972 1869 2115 1936 cula,
2140 1870 2423 1926 securibus
2447 1870 2640 1926 deinde
2672 1881 2857 1940 portas
2882 1871 3132 1925 excidere
3153 1880 3317 1940 atque
3350 1871 3544 1927 arieti-

304 1958 500 2018 Verum
532 1981 678 2021 nunc
705 1982 813 2022 non
853 1978 938 2022 est
967 1968 1097 2022 mihi
1137 1970 1205 2025 de
1233 1969 1320 2025 his
1354 1969 1664 2034 dicendum,
1697 1985 1871 2041 quau-
1972 1962 2075 2018 bus
2121 1978 2309 2020 muros
2356 1972 2588 2018 conatur
2632 1971 2902 2029 evertere;
2949 1971 3005 2016 ει
3053 1978 3177 2017 cum
3227 1964 3546 2031 οωίηυθτίεν

296 2069 464 2123 quam
508 2059 873 2114 necessarium
921 2060 1199 2127 videatur;
1254 2077 1379 2117 nam
1418 2062 1550 2117 illud
1593 2073 1675 2118 est
1725 2061 1868 2132 quod

1978 2064 2085 2109 tum
2115 2055 2332 2110 demum
2367 2057 2668 2128 ingressus,
2714 2071 2836 2125 qua:
2862 2056 3101 2122 libuerit,
3141 2058 3273 2126 agit,
3307 2057 3423 2111 sive
3461 2072 3550 2112 ca-

293 2146 555 2217 petimus,
586 2150 710 2219 quis
747 2160 831 2207 est
861 2152 954 2222 qui
986 2155 1320 2208 εχειι-υχει-ῑι
1354 2170 1572 2210 murum
1614 2156 1681 2210 au
1729 2155 1870 2210 (1θεί-
1970 2148 2147 2217 ptivos
2176 2147 2348 2217 placet
2367 2149 2513 2205 cives
2535 2150 2826 2209 abducere.
2850 2149 2967 2204 site
2990 2158 3185 2203 cuncta
3211 2151 3546 2223 subvertere,

296 2241 572 2310 gnandum
598 2243 1030 2314 uniuscujusque
1052 2246 1344 2300 terminum
1367 2247 1554 2318 regni?
1580 2246 1697 2301 Non
1719 2248 1868 2303 dixe-

1974 2246 2065 2293 aut
2093 2239 2278 2306 etiam,
2312 2239 2358 2293 si
2387 2240 2670 2309 placuerit,
2702 2240 2925 2310 rogatus
2952 2238 3211 2310 indulget.
3246 2240 3385 2305 Quid
3414 2255 3546 2310 ergo

295 2340 419 2398 rat;
449 2333 575 2388 nolo
601 2343 843 2389 moretur
877 2337 962 2391 hic
988 2336 1247 2404 perﬁdus,
1283 2338 1377 2394 sed
1408 2338 1521 2409 jam
1549 2339 1871 2395 conﬁteatur
1968 2327 2101 2383 dicit
2132 2328 2273 2385 iste?
2298 2328 2418 2384 Non
2457 2331 2787 2396 substantia,
2831 2331 2884 2384 id
2915 2340 3001 2386 est
3041 2333 3324 2401 proposito
3354 2332 3549 2387 adver-

296 2421 579 2480 dualitatis
612 2440 726 2481 suae
760 2427 814 2482 in
850 2444 1019 2483 unum
1054 2428 1295 2485 refusam
1329 2446 1451 2487 esse
1479 2432 1863 2489 substantiam.

1972 2421 2150 2477 sarius
2187 2422 2313 2492 quis
2343 2424 2557 2493 dejecit,
2590 2425 2735 2493 quod
2762 2425 3106 2494 interjectum
3143 2423 3320 2479 fuerat
3362 2425 3544 2479 muni-

293 2512 451 2571 Dicat
476 2533 825 2589 quemquam,
861 2522 953 2593 qui
977 2522 1215 2577 medium
1257 2523 1586 2578 exstruxerit
1624 2541 1864 2580 murum.

1971 2504 2210 2568 mentum
2237 2533 2251 2568 :
2280 2515 2335 2568 in
2371 2515 2797 2584 praecedentibus
2816 2515 2961 2571 enim
2998 2514 3277 2585 professus
3302 2523 3386 2569 est
3413 2516 3543 2585 quia

294 2604 436 2674 Quid
482 2609 675 2681 agebat
724 2611 881 2677 alter,
926 2612 1094 2669 altero
1134 2613 1481 2669 instruente?
1535 2613 1866 2683 Dormiebat,

1973 2605 2388 2673 supervenerint
2431 2607 2669 2662 tenebrat
2718 2624 2785 2663 ex
2814 2607 3049 2677 propriis
3094 2607 3295 2661 linilius
3346 2607 3400 2660 in
3454 2621 3545 2661 ie-

292 2707 389 2753 aut
427 2699 730 2769 ignorabat,
763 2714 857 2761 aut
900 2705 1154 2761 resistere
1192 2722 1300 2761 non
1330 2707 1516 2772 valuit,
1562 2716 1656 2762 aut
1689 2712 1864 2779 pretio

1974 2713 2134 2766 gnum
2182 2695 2276 2752 Dei
2326 2699 2474 2753 boni.
2528 2699 2665 2766 Quis
2702 2700 2856 2769 prius
2903 2699 3101 2766 deiecit
3139 2697 3546 2753 munitionem?

292 2793 609 2847 concessit?
637 2793 733 2849 Dic
774 2796 904 2865 quid
935 2796 1186 2865 faciebat,
1222 2799 1308 2853 vel
1348 2801 1472 2870 quis
1503 2810 1586 2855 es;
1620 2802 1864 2869 omnino,
1968 2790 2308 2859 lmpossibile
2353 2792 2499 2845 enim
2552 2801 2670 2847 erat
2705 2791 2911 2861 ingredi
2963 2791 3191 2854 malum,
3237 2791 3545 2844 munitione

293 2884 388 2953 qui
435 2887 742 2941 exstruxi”
791 2886 900 2944 vos
942 2889 1224 2959 deprecor,
1257 2891 1492 2961 iudices,
1536 2908 1676 2963 quos
1723 2893 1867 2951 Deus
1967 2889 2267 2935 constante.
2291 2879 2434 2946 Quid
2463 2882 2649 2937 taces?
2675 2880 2813 2948 Quid
2848 2882 3081 2937 moraris
3109 2888 3190 2944 tu,
3215 2880 3545 2937 Manichaee?

291 2973 609 3043 plenissime
639 2977 872 3047 repletos
906 2980 1182 3034 intellectu
1220 2982 1369 3038 misit
1397 2983 1575 3050 nobis,
1598 2984 1862 3055 iudicate,

1968 2969 2195 3027 Etiamsi
2222 2980 2279 3027 tu
2303 2972 2542 3032 dilferas.
2581 2973 2866 3044 aggrediar
2892 2990 3011 3028 mea
3041 2983 3255 3044 sponte.
3295 2972 3354 3026 Si
3392 2974 3538 3028 enim

291 3066 417 3136 quis
462 3082 529 3122 ex
561 3068 778 3125 duobus
811 3072 1163 3138 exstruxerit,
1204 3083 1259 3126 et
1298 3074 1429 3144 quid
1469 3076 1662 3146 agebat
1698 3093 1861 3147 unus,

1965 3064 2193 3133 dixeris,
2220 3066 2349 3136 quia
2390 3066 2533 3122 licus
2558 3067 2908 3132 destruxerit,
2942 3070 3215 3138 requiram
3244 3067 3376 3139 quid
3405 3083 3534 3123 eum

291 3174 415 3215 cum
452 3159 587 3214 alter
614 3172 797 3216 exstru
809 3173 974 3220 xerat.

1968 3155 2197 3209 moverit
2244 3156 2310 3209 ad
2357 3157 2744 3213 destruendum
2789 3158 2911 3223 hoc,
2951 3159 3096 3243 quod
3127 3158 3279 3228 prius
3324 3169 3540 3230 propter

366 3209 555 3307 XXIV.
594 3250 808 3308 ιηάίεεε
857 3209 1106 3311 άεέέηιηι
1133 3273 1152 3312 ε
1193 3256 1290 3314 ι)ίο
1329 3259 1510 3324 nobis,
1560 3275 1594 3316 ο
1640 3260 1857 3330 Manes,
1887 3209 1932 3268 Β
1965 3242 2429 3314 importunitatem
2465 3249 2711 3319 maligni,
2746 3258 2802 3304 et
2848 3225 3251 3318 separatiouem
3283 3251 3399 3322 ipse
3440 3267 3540 3306 ex-

289 3344 415 3414 quis
455 3343 823 3415 designaverit
855 3348 993 3402 lines
1022 3350 1308 3420 utriusque
1354 3352 1529 3421 regni,
1568 3354 1693 3423 quis
1738 3369 1862 3408 mu-
1965 3338 2285 3391 Struxerat?
2318 3337 2458 3405 Quid
2493 3339 2689 3405 iratus,
2727 3349 2823 3395 aut
2851 3342 2979 3410 quid
3012 3342 3196 3396 damni
3224 3358 3538 3412 perpessus,

291 3450 412 3489 rum
455 3434 644 3489 fecerit
686 3437 962 3491 medium?
996 3439 1098 3494 Pro
1145 3456 1341 3512 magno
1383 3443 1528 3497 enim
1560 3444 1862 3501 Archelaus
1964 3428 2251 3484 adversm“
2294 3442 2353 3485 33
2380 3430 2497 3501 ipse
2526 3447 2766 3502 ρυεηιηθ
2798 3434 3120 3488 comam“?
3152 3435 3260 3488 Αυῑ
3292 3434 3540 3505 ηυιιψιίά

290 3526 770 3599 interrogationem
829 3530 1017 3585 haberi
1066 3532 1232 3601 hujus
1283 3535 1550 3590 sermonis
1592 3538 1858 3607 exposcit.

1965 3519 2030 3575 de
2059 3521 2280 3591 maligni
2317 3520 2671 3578 facultatibus
2698 3524 2904 3593 aliquid
2925 3526 3276 3593 concupivit?
3306 3527 3461 3592 Quod
3488 3525 3537 3582 si

291 3617 477 3673 λιαηεε
519 3618 657 3672 dixi;
682 3635 701 3673 ε
736 3619 920 3677 Bonus
970 3621 1133 3689 Deus,
1187 3633 1241 3680 ει
1284 3625 1420 3680 nihil
1463 3626 1668 3684 habens
1706 3645 1859 3684 com-
1964 3611 2161 3665 horum
2214 3612 2350 3665 nihil
2396 3612 2449 3666 in
2486 3628 2649 3667 causa
2685 3623 2767 3668 est
2805 3612 2918 3668 Deo
2954 3615 3267 3670 destruendi
3299 3632 3385 3678 ea,
3417 3632 3541 3685 quae

292 3726 460 3766 mune
503 3727 628 3766 cum
666 3713 830 3779 malo,
875 3714 1276 3771 ﬁrmamentum
1321 3720 1504 3788 posuii
1552 3720 1607 3774 in
1655 3722 1857 3787 medio,
1957 3699 2275 3770 jamdudum
2304 3703 2370 3758 ad
2401 3704 2745 3758 alienandum
2780 3721 2810 3759 a
2835 3720 2894 3760 se
2924 3714 2980 3760 et
3009 3711 3374 3775 separandum
3404 3725 3524 3763 nia-

291 3820 403 3876 quo
433 3806 669 3866 alienum
701 3823 729 3861 θ
774 3824 833 3864 se
873 3825 995 3865 esse
1040 3811 1366 3880 iiaiefacerei
1396 3814 1510 3887 (ii)
1539 3817 1859 3887 maiignum.
1961 3794 2072 3848 lum
2104 3797 2219 3863 ipse
2248 3804 2656 3862 coastruxerat;
2688 3797 2820 3851 illud
2865 3811 2966 3852 nec
3013 3798 3210 3851 mirum
3241 3800 3536 3868 putandum

293 3897 585 3953 Archelaus
627 3901 765 3955 dixit
793 3915 812 3954 :
843 3900 1140 3973 Usquequo
1161 3906 1419 3976 dignitate
1448 3891 1684 3966 nominis
1713 3926 1863 3965 nien-

1961 3894 2065 3949 est,
2092 3887 2236 3956 quod
2263 3887 2381 3956 ejus
2414 3890 2696 3943 consortio
2717 3888 2830 3959 (l5)
2857 3888 3019 3943 fuerit
3045 3890 3376 3955 delectatus;
3411 3905 3533 3944 mu-

289 3988 451 4045 tiris?
504 3988 673 4044 Deum
705 3991 905 4046 etenim
960 3994 1306 4050 Solummodo
1344 3999 1562 4055 nomine
1599 4001 1858 4070 appellas,

1965 3980 2098 4036 nitio
2126 3981 2269 4035 enim
2316 3998 2438 4052 qua:
2468 3983 2635 4039 missa
2670 3982 2848 4038 fuerat
2877 3992 3095 4054 propter
3127 3983 3253 4050 hoc,
3309 3998 3376 4037 ue
3417 3982 3537 4052 ejus

288 4090 345 4138 ei
377 4082 635 4137 uenalem
682 4083 857 4154 ipsius
900 4085 1158 4143 humanis
1195 4088 1609 4147 iiiﬁrmiiaiibus
1645 4108 1862 4165 compa,
1961 4071 2271 4165 molestiam
2318 4084 2615 4143 pateretur,
2667 4073 2871 4129 ideirco
2915 4074 3193 4129 destructa
3238 4072 3536 4141 videbitur,

288 4191 404 4232 ras.
442 4176 754 4248 Aliquando
795 4193 863 4234 ex
904 4194 1016 4234 non
1056 4181 1423 4247 exstantibus,
1457 4183 1754 4254 aliquando
1776 4164 1860 4242 fex

1963 4164 2220 4234 quoniam
2250 4180 2357 4221 non
2387 4165 2499 4236 jain
2542 4166 2825 4233 molestus,
2868 4167 2961 4222 sed
2989 4168 3201 4224 amicus
3230 4165 3347 4221 fore
3374 4174 3535 4236 puta-

289 4268 535 4339 subjecta
567 4270 815 4338 materia,
853 4286 976 4343 qua:
996 4271 1216 4343 quidem
1260 4283 1384 4330 ante
1411 4290 1471 4331 se
1496 4274 1680 4344 fuerit,
1714 4292 1863 4334 asse-
1960 4254 2125 4311 bim"
2165 4253 2322 4323 Quod
2364 4260 2411 4313 εί
2460 4274 2492 4313 ³
2548 4259 2787 4330 manli“
2822 4274 3038 4315 murum
3077 4259 3231 4315 me“
3272 4273 3395 4314 ⁸⁸⁵⁸
3434 4258 3538 4315 de"

288 4362 369 4418 ris
394 4363 753 4431 exstruxisse,
783 4373 844 4419 ut
871 4364 1119 4421 homines
1145 4365 1323 4421 solent
1348 4376 1737 4425 exstructores.
1772 4368 1860 4425 ln-

1964 4355 2254 4416 structum,
2291 4350 2569 4419 quomodo
2604 4359 2835 4413 possunt
2869 4351 2995 4406 boni
3026 4350 3117 4405 Del
3144 4366 3309 4421 opera
3344 4366 3375 4405 a
3416 4365 3536 4406 ma-

288 4453 502 4508 ιεηιυω
533 4454 694 4509 eiiam
725 4470 849 4510 eum
882 4456 1153 4522 umidum,
1190 4456 1459 4514 hiemum
1494 4469 1548 4515 ei
1589 4463 1860 4518 οοηνθηί,
1961 4437 2109 4509 ligno
2134 4441 2382 4510 superari
2404 4441 2429 4494 ?
2449 4442 2692 4512 alioquin
2719 4441 2914 4497 fortior
2937 4441 3048 4497 Deo
3081 4442 3390 4497 invenietur
3417 4457 3537 4496 ma-

288 4544 452 4601 bilem
481 4546 653 4614 dicis;
687 4544 781 4602 Dei
804 4556 889 4603 est
914 4549 1059 4604 enim
1083 4564 1263 4621 agere,
1293 4565 1414 4620 quae
1443 4550 1536 4608 Dei
1564 4564 1727 4621 sunt;
1760 4555 1859 4609 ho—

1964 4530 2106 4601 ligna
2150 4541 2365 4587 natura.
2408 4531 2696 4600 Quomodo
2735 4544 2790 4590 et
2831 4535 2966 4605 ipse,
3015 4549 3139 4589 cum
3193 4533 3265 4589 sit
3308 4534 3535 4590 omnino

286 4639 455 4694 minis
485 4654 637 4706 vero,
684 4656 808 4710 qua,
849 4640 1088 4696 humana
1139 4653 1286 4698 sum.
1337 4641 1393 4698 Si
1423 4659 1553 4716 ergo
1601 4645 1764 4709 Deus.
1801 4658 1862 4704 ui
1960 4630 2108 4677 totus
2154 4622 2410 4716 tenebrae,
2439 4624 2955 4716 ilucisupervenit,
3000 4633 3056 4680 et
3100 4624 3533 4716 comprehendit,

287 4723 391 4790 ais,
424 4741 640 4780 murum
664 4728 990 4795 construxit,
1017 4729 1263 4785 timidum
1294 4746 1354 4786 se
1377 4712 1563 4800 hic,'et
1589 4736 1724 4790 nihil
1752 4738 1859 4792 for-

1961 4712 2284 4782 evaugclista
2327 4714 2700 4768 testimonium
2745 4715 2952 4770 ferente
3000 4733 3013 4769 :
3065 4734 3082 4767 ι
3114 4715 3231 4770 Lux
3280 4715 3422 4770 lucet
3477 4716 3533 4770 in

287 4818 543 4874 iiiudinis
577 4834 635 4874 se
666 4820 866 4876 habere
907 4821 1177 4893 designat
1218 4821 1434 4880 scimus
1461 4826 1606 4881 enim
1644 4843 1861 4898 semper
1958 4804 2215 4867 tenebris,
2243 4814 2297 4859 et
2319 4806 2552 4860 tenebrae
2572 4823 2691 4860 cani
2718 4823 2824 4860 non
2847 4808 3441 4877 comprehenderunt"
3463 4808 3486 4863 ?
3507 4826 3528 4859 ι

288 4924 406 4971 θος,
450 4909 542 4980 qui
594 4912 939 4981 suspicamur
987 4913 1056 4968 ab
1091 4916 1362 4972 extraneis
1415 4918 1517 4972 siiiii
1569 4918 1729 4974 doios
1767 4893 1857 4974 in_
1958 4893 2244 4961 Quomodo
2290 4912 2468 4953 ctecus
2514 4897 3109 4964 arinatur?Quomodo
3158 4900 3395 4954 tenebrae
3431 4899 3535 4954 ad-

288 5000 458 5065 tendi,
490 5010 654 5071 atque
681 5002 918 5057 hostium
951 5013 1204 5059 verentur
1244 5006 1491 5075 insidias,
1536 5008 1638 5078 ipsi
1684 5010 1860 5066 sulem
1958 5002 2151 5042 versus
2183 4986 2320 5042 lucis
2351 5003 2578 5059 regnum
2614 4989 2915 5045 dimicant?
2953 4988 3109 5046 Sicut
3137 4992 3283 5047 enim
3321 4991 3435 5046 haec
3468 4991 3533 5044 il-

286 5089 454 5147 urbes
482 5108 609 5149 suas
654 5094 829 5149 muris
873 5094 1245 5163 circumdare;
1277 5097 1332 5151 in
1362 5113 1474 5169 quo
1508 5107 1558 5153 ei
1596 5099 1856 5171 ignaram
1958 5079 2103 5137 laesis
2124 5083 2298 5139 oculis
2324 5084 2436 5155 (l4)
2467 5083 2599 5138 solis
2623 5083 2805 5140 radios
2834 5084 2891 5140 in
2918 5100 2978 5140 se
3001 5086 3244 5142 recinere
3267 5100 3378 5141 non
3404 5098 3532 5153 pos-

360 5246 406 5280 “
432 5246 629 5304 Geues.
667 5264 707 5316 ι,
747 5250 803 5305 4.
877 5249 923 5284 ⁸⁵
952 5249 1110 5307 Joan.
1153 5268 1206 5319 ι,
1239 5253 1293 5309 5.

391 5385 475 5465 ξρ)
513 5388 573 5465 in
604 5386 793 5465 codice
814 5388 1127 5465 pasinensi,
1160 5409 1179 5442 ι
1210 5402 1502 5465 utrumque
1534 5395 1731 5464 majus.
1761 5415 1783 5449 ι
1957 5400 2215 5456 ditionem
2258 5400 2513 5456 redactis.
2563 5399 2697 5456 Vide
2740 5400 3071 5456 Trebellium
3117 5397 3424 5453 Pollionem
3473 5396 3530 5452 in

388 5456 476 5542 ρ
513 5455 572 5542 in
598 5455 1120 5542 codice_Ca_sinensi,
1144 5480 1162 5513 ι
1196 5455 1661 5542 partum:faceret.
1693 5485 1712 5517 ι
1773 5536 1785 5542 _
1960 5455 2220 5542 Gallieno,
2255 5455 2376 5542 cap.
2415 5472 2481 5525 10
2505 5482 2559 5527 et
2588 5472 2672 5527 l2.

385 5525 474 5612 ψ)
512 5525 649 5583 Nota
679 5525 1287 5612 _Arclielaia:tateni,'e_t_
1301 5534 1498 5612 habitae
1524 5535 1855 5612 disputatio-
2029 5541 2140 5612 (15)
2162 5525 2238 5612 illi
2268 5525 2455 5597 co'dice
2474 5525 2785 5606 casinensi,
2814 5559 2831 5592 ο
2864 5540 3164 5612 putandum
3199 5546 3281 5593 est
3301 5552 3532 5612 consor-

287 5597 642 5682 tiistempui;
679 5600 827 5682 loqui
871 5610 1050 5682 autem
1089 5603 1175 5682 hic
1201 5603 1415 5682 videtur
1457 5597 1758 5662 Archelaus
1789 5609 1859 5682 de
1958 5597 2054 5666 tio‘.
2086 5597 2280 5677 i'Sed,
2328 5632 2347 5664 ί
2378 5614 2423 5667 si
2452 5614 2572 5682 ejus
2620 5597 2919 5677 consortio,
2959 5631 2978 5663 ι
3030 5611 3136 5676 vel,
3173 5628 3192 5661 ι
3225 5609 3373 5679 quod
3407 5607 3532 5677 ejus

289 5666 518 5755 Carrhis
540 5686 573 5751 a
594 5666 903 5755 Persisisub
927 5672 1215 5755 Valeriauu
1244 5674 1491 5755 Augusto
1511 5677 1855 5755 expugnatis,
1958 5666 2313 5755 conso_rt_io,'i
2344 5666 2568 5755 videtur
2597 5666 2906 5755 legendum.

289 5739 733 5823 v‘eImdeieIisdem
764 5742 975 5823 iterum
1023 5743 1093 5797 ab
1135 5739 1418 5823 Qdenathg
1451 5739 1689 5823 Orieutis
1733 5739 1857 5823 rege
2029 5753 2142 5823 (14)
2176 5739 2445 5810 ln'eodem
2464 5739 2714 5819 ροιιίεεῖι
2741 5753 2887 5808 illius
2905 5751 3099 5817 oculis,
3127 5769 3147 5804 ι
3169 5751 3320 5807 nullo
3339 5766 3525 5809 sensu.

288 5807 521 5866 Gallieni
551 5810 895 5881 imperatoris
920 5815 1258 5885 temporibus
1289 5816 1343 5869 in
1370 5814 1600 5873 Romani
1642 5807 1854 5891 impeﬁi
2034 5807 2043 5823 ²
2104 5807 2138 5812 “’
2202 5807 2231 5809 η
2871 5807 2879 5808 “
2918 5807 2927 5809 ἡ
3086 5807 3098 5817 '
3352 5807 3360 5809 ⁷
3454 5807 3457 5808 ⁷
3497 5842 3504 5849 .
