3982 6346
475 377 610 432 1467

1497 367 1685 424 ACTA
1726 363 2256 423 DISPUTATIONIS
2295 361 2352 417 S.
2387 354 2732 414 ARCHELAI

3589 342 3729 398 H68

472 501 625 558 sunt,
660 491 735 546 ita
765 498 817 545 et
842 487 930 544 hic
954 485 1098 542 ferre
1121 500 1229 541 non
1257 484 1403 540 valet
1424 483 1576 552 regni
1609 483 1748 539 lucis
1777 481 2060 549 intuitum,
2093 487 2138 541 Α
2165 488 2248 534 sel.
2303 479 2487 542 homo,
2534 473 2853 544 priusquam
2898 472 3084 558 pastor
3125 461 3352 558 haberet
3387 475 3643 558 gregem,
3682 461 3727 558 si

473 585 568 642 sed
599 592 783 639 manet
803 595 1020 649 semper
1049 591 1342 634 extraneus
1371 583 1426 631 et
1453 576 1686 630 alienus.

544 675 712 731 XXV.
754 674 938 728 Manes
971 673 1112 726 dixit
1137 687 1155 725 :
1178 669 1294 723 Non
1343 684 1536 724 omnes
1570 668 1796 737 capiunt
1830 665 2054 720 verbum

474 769 591 834 Dei,
619 769 711 824 sed
743 767 942 836 quibus
969 767 1155 820 datum
1188 773 1271 820 est
1295 764 1434 819 scire
1467 762 1727 834 mysteria
1764 759 1913 830 regni
1947 773 2054 814 cte-

475 860 654 915 lorum
682 860 746 912 ³⁶.
779 858 848 912 Ει
874 858 984 927 jam
1021 857 1240 926 quidem
1268 857 1379 927 (15)
1407 857 1521 911 εεὶο
1551 854 1644 924 qui
1683 853 1794 906 sint
1830 850 2004 905 nostri
2037 868 2050 904 :

481 970 500 1004 ι
530 950 661 1004 Mere
692 951 857 1014 enim,
886 949 1082 1017 inquit,
1115 963 1244 1002 oves
1266 962 1453 1002 vocem
1488 959 1663 999 meam
1697 942 2004 996 audiunt".
2028 961 2046 993 ι

475 1040 700 1113 Propter
743 1051 959 1096 nostros
993 1055 1124 1109 ergo
1166 1040 1367 1109 quibus
1399 1038 1559 1092 datus
1588 1045 1672 1092 est
1699 1036 1943 1091 veritatis
1969 1036 2052 1089 in-

477 1135 741 1198 tellectus,
777 1149 872 1202 per
907 1132 1293 1187 similitudines
1324 1130 1523 1184 dicam.
1585 1127 1794 1183 Similis
1814 1137 1900 1184 est
1932 1143 2050 1182 ma-

475 1225 655 1295 lignus
681 1224 845 1287 leoni,
878 1223 969 1292 qui
1006 1223 1243 1291 irrepere
1282 1222 1399 1276 vult
1431 1222 1574 1294 gregi
1606 1216 1735 1276 ι)ὸηί
1778 1221 2047 1291 pastoris;

475 1318 620 1386 quod
649 1333 772 1372 cum
802 1326 988 1387 pastor
1013 1316 1225 1382 viderit,
1251 1315 1386 1370 fodit
1419 1317 1630 1369 foveam
1667 1314 1960 1384 ingentem,
1995 1323 2052 1368 et

471 1409 541 1466 de
569 1425 732 1480 grege
763 1409 885 1463 tulit
908 1425 1074 1462 unum
1099 1408 1346 1470 btedum,
1379 1419 1436 1462 et
1461 1406 1687 1477 jactavit
1717 1407 1770 1460 in
1800 1404 2045 1471 foveam;

471 1519 634 1575 quem
685 1503 768 1558 leo
813 1504 1067 1558 invadere
1095 1503 1436 1571 desiderans,
1468 1519 1594 1559 cum
1645 1503 1854 1573 ingenti
1903 1502 2047 1557 indi-

472 1595 732 1664 gnatione
771 1594 938 1649 voluit
976 1609 1100 1648 eum
1123 1594 1437 1661 absorbere,
1462 1603 1517 1649 et
1543 1610 1838 1650 accurrens
1870 1595 1937 1648 ad
1969 1593 2050 1647 lo-

469 1703 651 1753 veam,
679 1685 879 1740 decidit
916 1687 970 1740 in
998 1702 1140 1752 eam,
1173 1686 1502 1741 ascendendi
1534 1687 1657 1740 inde
1685 1701 1905 1741 sursum
1939 1699 2048 1740 non

474 1779 683 1834 habens
713 1781 888 1844 vires;
925 1792 1088 1847 quem
1127 1787 1312 1847 pastor
1343 1779 1740 1848 apprehensum
1775 1792 1872 1846 pro
1915 1791 2047 1847 pru-

2163 569 2571 640 supervenisset
2599 565 2701 625 leo,
2739 558 2868 630 quid
2899 556 3080 618 liehat,
3111 554 3241 623 quia
3272 568 3383 606 non
3409 561 3529 605 erat
3558 551 3730 608 leonis

2163 679 2288 720 esca
2338 662 2652 731 priusquam
2700 652 2894 708 haedus
2940 647 3120 703 esset?
3157 645 3341 699 Manes
3398 645 3539 698 dixit
3572 663 3590 699 :
3619 644 3729 700 Leo

2157 754 2374 824 quidem
2398 750 2529 804 nihil
2555 740 2936 805 manducabal,
2953 741 3236 797 exercebat
3257 749 3438 794 tamen
3464 737 3729 792 malitiam

2159 861 2314 901 suam
2359 859 2455 914 per
2492 853 2832 911 quaecunque
2866 844 3080 907 poterat
3110 835 3373 897 invenire,
3412 834 3732 888 discurrens

2153 957 2250 1012 per
2280 937 2510 992 vertices
2540 933 2806 988 montium
2837 949 2852 998 ;
2879 931 3024 1002 quo‘d
3063 931 3110 985 si
3152 926 3447 998 aliquando
3482 927 3534 982 ei
3564 927 3742 981 etiam

2153 1047 2280 1087 esca
2305 1037 2424 1084 erat
2455 1026 2783 1088 necessaria,
2815 1024 3064 1094 capiebat
3094 1038 3159 1075 ex
3189 1020 3374 1075 bestiis
3421 1035 3548 1088 quae
3574 1031 3732 1072 erant

2152 1121 2256 1178 sub
2290 1135 2459 1189 regno
2493 1134 2615 1173 suo.
2663 1119 2956 1172 Archelaus
2989 1115 3126 1168 dixit
3157 1129 3169 1165 :
3215 1111 3354 1182 Ergo
3397 1111 3566 1164 unius
3603 1119 3733 1164 sunt

2151 1212 2491 1278 substantiae,
2520 1211 2712 1266 bestiae
2759 1226 2880 1280 quae
2927 1217 3054 1264 sunt
3083 1207 3136 1260 in
3183 1219 3349 1273 regno
3390 1203 3640 1271 maligni,
3676 1210 3732 1256 et

2151 1304 2298 1359 hmdi
2351 1304 2444 1373 qui
2493 1311 2620 1357 sunt
2669 1302 2723 1355 in
2771 1315 2939 1370 regno
2987 1299 3115 1354 boni
3147 1296 3280 1350 Dei?
3313 1294 3498 1349 Manes
3540 1294 3730 1348 dixit:

2149 1396 2336 1460 Absit;
2383 1410 2730 1466 nequaquam
2784 1411 2798 1447 :
2855 1391 2993 1446 nihil
3037 1404 3328 1445 commune
3377 1396 3492 1450 est,
3553 1403 3732 1456 neque

2150 1487 2287 1556 ipsis
2326 1486 2394 1541 ad
2439 1487 2694 1550 invicem,
2727 1499 2902 1553 neque
2934 1481 3018 1536 his
3049 1497 3170 1551 qua:
3202 1495 3299 1534 sua
3333 1488 3480 1534 sunt.
3523 1478 3728 1531 Arche-

2151 1579 2267 1633 laus
2293 1578 2431 1632 dixit
2467 1596 2486 1634 :
2515 1577 2670 1634 Unus
2705 1585 2870 1646 atque
2912 1573 3052 1627 idem
3087 1580 3174 1627 est
3201 1587 3336 1626 usus
3367 1571 3422 1624 in
3454 1585 3582 1624 esca
3611 1569 3728 1624 leo-

2152 1673 2258 1727 nis.
2293 1670 2350 1726 Si
2379 1671 2537 1724 enim'
2561 1686 2624 1725 ex
2655 1665 2892 1740 propriis
2919 1663 3214 1734 aliquando
3243 1663 3433 1717 bestiis
3477 1661 3730 1730 capiebat

2152 1764 2355 1828 cibum,
2401 1760 2696 1831 aliquando
2723 1757 2866 1813 etde
2891 1757 2978 1812 his
3016 1755 3145 1811 boni
3185 1755 3312 1820 Dei;
3344 1754 3496 1807 nulla
3537 1763 3621 1808 est
3667 1752 3724 1808 in

469 1872 655 1928 dentia
701 1886 800 1925 sua
850 1869 904 1924 in
941 1885 1103 1924 cavea
1142 1847 1444 1935 concludit,
1489 1879 1652 1939 atque
1691 1868 1914 1923 haedum
1949 1868 2041 1938 qui
2082 1859 2120 1914 Β
2151 1856 2237 1912 bis
2287 1854 2612 1916 diﬂerentia,
2665 1859 2928 1921 quantum
2960 1848 3025 1902 ad
3066 1863 3221 1903 escas
3259 1847 3518 1916 pertinet,
3566 1855 3620 1899 et
3655 1862 3724 1900 ex

472 1979 598 2017 cum
624 1963 743 2031 ipso
777 1959 944 2015 fuerit
985 1961 1038 2014 in
1086 1957 1265 2026 fovea,
1301 1958 1631 2015 incolumem
1677 1959 2043 2014 conservavit.

474 2053 551 2107 Ex
596 2054 700 2109 hoc
745 2067 876 2122 ergo
926 2053 1236 2106 intirmatus
1271 2059 1357 2106 est
1427 2051 1718 2120 malignus,
1766 2051 1906 2105 ultra
1932 2051 2044 2120 jam

471 2147 628 2200 leone
681 2162 788 2200 non
823 2145 1056 2199 habente
1099 2151 1419 2212 potestatem
1455 2142 1688 2198 faciendi
1723 2143 1951 2213 aliquid,
1995 2154 2049 2197 et

472 2239 773 2294 salvabitur
821 2253 982 2291 omne
1031 2237 1338 2290 animarum
1380 2251 1574 2304 genus,
1628 2252 1693 2290 ac
1725 2238 2045 2292 restituetur

473 2332 619 2400 quod
652 2331 904 2401 perierat,
941 2330 1161 2399 proprio
1195 2345 1296 2385 suo
1332 2330 1499 2400 gregi.
1557 2329 1843 2384 Archelaus
1875 2330 2046 2383 dixit:

475 2419 532 2474 Si
565 2422 773 2476 leonem
818 2421 1055 2492 maligno
1102 2436 1408 2490 comparas,
1444 2420 1611 2475 Deum
1650 2439 1778 2478 vero
1821 2423 2044 2493 pastori,

473 2526 604 2567 oves
648 2521 811 2582 atque
863 2511 1108 2578 hmdum,
1149 2512 1257 2576 dic,
1303 2513 1521 2567 cuinam
1567 2515 2049 2585 comparabimus?

475 2605 660 2659 Manes
691 2603 1032 2660 dixit:0ves
1066 2613 1121 2659 et
1169 2604 1364 2660 ltmdus
1407 2605 1569 2661 unius
1614 2607 1748 2661 mihi
1796 2609 2047 2663 videntur

471 2713 594 2753 esse
626 2707 867 2763 naturas;
893 2697 946 2751 in
973 2696 1384 2751 similitudinem
1410 2709 1593 2752 autem
1621 2709 1901 2768 ponuntur
1925 2702 2045 2756 ani—

472 2804 706 2844 marum.
744 2788 1031 2842 Archelaus
1075 2788 1214 2841 dixit
1249 2787 1542 2842 :Animam
1598 2805 1727 2859 ergo
1777 2791 2044 2860 perditum

470 2882 618 2936 dedit
661 2880 824 2948 Deus,
871 2881 1139 2949 objiciens
1183 2896 1302 2935 eam
1351 2880 1495 2934 leoni
1544 2881 1597 2935 in
1641 2880 1816 2939 fovea.
1865 2882 2045 2936 Manes

469 2976 606 3030 dicit
639 2989 658 3028 :
688 2974 1066 3045 Nequaquam,
1102 2976 1244 3030 absit
1276 2975 1407 3041 hoc;
1434 2974 1528 3028 sed
1560 2975 1936 3044 apprehensus
1961 2985 2046 3030 est

471 3066 576 3122 hoc
605 3066 841 3136 ingenio,
875 3067 929 3119 in
966 3065 1211 3119 futurum
1243 3080 1373 3119 vero
1403 3065 1638 3120 salvabit
1674 3081 1820 3120 eam.
1850 3066 2048 3120 Arche-

468 3157 589 3216 laus
619 3157 755 3212 dixit
784 3174 801 3211 :
833 3157 1141 3212 Ridiculum
1172 3162 1284 3227 jam
1306 3159 1449 3213 istud
1478 3167 1581 3224 est,
1617 3159 1722 3213 viri
1746 3159 2041 3224 auditores,

465 3254 514 3308 si
542 3268 740 3322 agnum
775 3269 935 3323 quem
968 3254 1233 3308 retinebat
1261 3254 1315 3307 in
1339 3254 1576 3318 sinibus,
1603 3263 1788 3325 pastor
1811 3258 2041 3310 extime-

467 3356 628 3397 scens
656 3342 829 3396 leonis
862 3342 1190 3412 ingressum,
1215 3343 1444 3414 projecit
1467 3360 1592 3400 eum
1630 3347 2032 3412 devorandum,

464 3442 520 3486 et
548 3431 748 3492 dicitur
775 3435 902 3502 quia
939 3435 990 3488 in
1027 3434 1271 3489 futurum
1303 3435 1536 3492 salvabit
1571 3454 1720 3493 eum.
1747 3438 2042 3506 Quomodo

466 3545 575 3583 non
602 3538 773 3584 totum
801 3531 906 3586 hoc
942 3532 1173 3587 ridiculo
1202 3533 1420 3602 plenum
1449 3534 1566 3588 est?
1593 3533 1726 3588 Nam
1759 3544 1813 3590 et
1858 3536 1910 3589 in
1941 3538 2043 3590 hoc

464 3620 628 3676 etiam
666 3621 932 3691 judicium
973 3625 1254 3680 adimitur.
1302 3625 1445 3681 Deus
1483 3627 1626 3680 enim
1665 3627 1774 3697 (16)
1827 3627 2042 3682 Satanae

465 3713 702 3767 animam
740 3716 978 3780 tradidit,
1027 3719 1082 3772 in
1129 3719 1485 3788 perditionem
1529 3720 1596 3774 ab
1643 3735 1709 3774 eo
1756 3735 2041 3774 assumen—

465 3803 612 3859 dam.
661 3804 892 3871 Quando
933 3809 1078 3863 enim
1122 3823 1328 3882 pastor,
1380 3829 1562 3868 nonne
1607 3811 1775 3867 David
1809 3813 1921 3881 (l7)
1973 3811 2040 3885 de

465 3914 560 3955 ore
611 3901 818 3969 leonis,
871 3903 955 3957 Vel
1012 3905 1126 3959 ursi
1179 3906 1324 3960 eruit
1375 3907 1578 3962 ovem?
1639 3905 1751 3960 Hoc
1807 3904 2039 3959 dicimus

463 4003 688 4065 propter
745 4012 834 4049 ore
901 3996 1111 4062 leonis;
1168 3999 1312 4068 quod
1381 4001 1492 4066 ait,
1555 4001 1622 4054 de
1692 4013 1788 4054 ore
1863 3997 2039 4052 leonis

463 4094 561 4139 aut
621 4086 688 4141 de
748 4097 935 4142 ventre
983 4088 1102 4159 ejus
1150 4099 1332 4159 potest
1406 4092 1678 4156 educere,
1735 4091 1880 4161 quod
1923 4089 2035 4161 jam

462 4173 554 4230 ille
613 4175 910 4232 devoravit.
978 4177 1083 4233 Sed
1147 4181 1295 4236 dices
1357 4183 1488 4236 mihi
1536 4199 1551 4236 ς
1599 4181 1742 4237 Deus
1795 4190 1917 4247 est,
1982 4190 2037 4235 et

461 4267 646 4322 omnia
715 4278 913 4337 potest.
973 4269 1115 4324 Audi
1179 4287 1310 4343 ergo
1369 4275 1435 4329 ad
1500 4274 1614 4328 haec
1660 4291 1673 4328 :
1724 4288 1823 4328 cur
1874 4273 2040 4343 igitur

461 4360 607 4429 quod
638 4362 828 4428 possit,
866 4377 974 4415 non
1025 4361 1157 4415 illud
1207 4365 1387 4432 potius
1435 4365 1656 4429 asseris,
1694 4365 1840 4434 quod
1881 4375 2036 4434 pote-

461 4453 534 4506 rit
571 4451 787 4520 prepria
830 4452 1028 4508 virtute
1053 4454 1270 4509 vincere
1314 4455 1547 4519 leonem,
1592 4455 1706 4510 sive
1744 4471 1882 4524 pura
1918 4456 2031 4526 (l8)

2151 1949 2255 2003 hoc
2298 1956 2521 2018 apparet
2561 1947 2724 2001 unius
2758 1961 2853 2000 eas
2894 1959 3015 1999 esse
3051 1943 3385 1998 substantiae.
3435 1941 3542 1996 Sed
3578 1942 3721 1996 aliud

2149 2039 2260 2110 (l9)
2298 2039 2405 2094 alio
2446 2038 2606 2108 longe
2641 2036 2860 2092 diﬂ‘errc
2893 2033 3257 2104 ignorantiam
3303 2033 3513 2102 pastori
3547 2033 3719 2086 ascri-

2147 2132 2353 2198 bimus,
2381 2131 2508 2201 quia
2539 2145 2646 2184 non
2677 2139 2856 2199 aptam
2885 2143 3089 2194 escam,
3119 2125 3249 2195 quin
3276 2125 3451 2194 potius
3479 2126 3720 2180 alienam

2147 2219 2361 2284 obtulit,
2411 2218 2494 2272 vel
2524 2216 2753 2287 projecit
2787 2214 2950 2270 leoni.
2989 2215 3097 2268 Aut
3135 2213 3277 2268 forte
3316 2229 3504 2267 rursus
3541 2213 3719 2270 dissi-

2147 2312 2356 2364 mulare
2402 2310 2611 2374 volens,
2653 2308 2803 2362 dices
2836 2305 2993 2373 mihi,
3020 2305 3146 2375 quia
3182 2307 3321 2361 nihil
3375 2306 3454 2360 leo
3483 2305 3572 2360 ille
3615 2323 3718 2361 co-

2146 2400 2420 2456 medebat.
2467 2400 2696 2456 lllumne
2739 2401 2904 2471 igitur
2951 2401 3046 2470 qui
3088 2397 3373 2454 comedere
3419 2399 3719 2463 nesciebat,

2147 2494 2262 2563 ipse
2292 2494 2359 2547 ad
2407 2492 2800 2548 comedendum
2840 2493 3078 2548 animam
3108 2491 3446 2562 provocavit,
3477 2506 3579 2546 nec
3603 2491 3718 2547 sola

2147 2584 2302 2638 fovea
2334 2583 2400 2638 ad
2431 2583 2808 2652 decipiendum
2834 2599 2958 2637 eum
2987 2583 3066 2636 uti
3098 2580 3288 2644 voluit,
3321 2581 3367 2636 si
3399 2591 3585 2634 tamen
3617 2581 3720 2635 hoc

2147 2677 2370 2746 dignum
2409 2685 2493 2730 est
2543 2675 2722 2730 facere
2770 2673 2962 2740 Deum,
3005 2683 3061 2730 et
3102 2675 3258 2729 dolos
3307 2675 3632 2744 exquirere?
3655 2674 3718 2728 Et

2147 2766 2290 2822 sicut
2325 2783 2420 2821 rex
2450 2766 2669 2837 aliquis,
2700 2767 2842 2821 bello
2877 2767 2979 2821 sibi
3013 2767 3182 2834 illato,
3209 2782 3560 2838 nequaquam
3595 2784 3719 2838 pro-

2145 2859 2262 2930 pria
2287 2859 2484 2912 virtute
2516 2859 2778 2920 conlisus,
2821 2857 2914 2914 sed
2955 2859 3345 2915 imbecillitatis
3381 2875 3498 2914 suae
3528 2860 3720 2914 timore

2148 2951 2490 3021 perterritus,
2525 2950 2696 3005 muris
2729 2951 2842 3020 ipse
2879 2952 3030 3006 urbis
3053 2953 3318 3018 inclusus,
3351 2952 3557 3006 vallum
3584 2953 3716 3005 alia-

2147 3058 2253 3114 que
2296 3042 2636 3097 munimenta
2675 3041 2979 3096 circumdat
3009 3058 3073 3097 ac
3115 3051 3406 3113 praeparat,
3445 3045 3631 3097 manui
3656 3059 3719 3098 ac

2146 3136 2356 3191 viribus
2395 3135 2530 3190 nihil
2576 3135 2778 3200 lidcns;
2828 3133 2872 3188 si
2922 3151 3050 3189 vero
3095 3136 3176 3189 vir
3220 3135 3377 3191 fortis
3420 3137 3515 3202 sit,
3553 3137 3716 3191 etiam

2071 3207 2112 3263 (ἶ
2148 3245 2311 3299 porro
2350 3246 2380 3282 a
2412 3229 2525 3284 suis
2559 3229 2757 3284 ﬁnibus
2785 3229 2837 3282 in
2868 3244 3158 3284 occursum
3188 3229 3330 3285 hosti
3364 3229 3636 3299 procedit,
3662 3239 3717 3284 et

2144 3322 2255 3392 agit
2287 3321 2491 3388 omnia,
2532 3336 2817 3391 usquequo
2859 3322 3042 3376 vincat
3081 3334 3135 3377 et
3179 3321 3419 3376 obtineat
3460 3321 3716 3375 adversa-

2143 3429 2307 3468 num.

2213 3526 2402 3581 XXVI.
2435 3526 2650 3584 Iudices
2677 3529 2923 3584 dixerunt
2953 3543 2969 3581 :
2995 3527 3052 3583 Si
3083 3526 3164 3582 ais
3190 3535 3467 3598 pastorem
3489 3526 3712 3583 btedum

2143 3621 2258 3676 sive
2289 3636 2490 3692 agnum
2524 3621 2664 3675 leoni
2705 3619 3016 3691 proiecisse,
3055 3636 3179 3675 cum
3223 3619 3313 3673 ille
3350 3619 3588 3674 irrueret
3621 3621 3714 3674 ad-

2140 3728 2358 3768 versum
2403 3713 2725 3784 ingenitum,
2759 3722 2944 3767 actum
2997 3719 3101 3766 est.
3133 3711 3304 3778 Quem
3357 3712 3506 3765 enim
3534 3721 3713 3781 potest

2139 3804 2384 3874 judicare
2415 3815 2601 3874 pastor
2622 3803 2907 3859 haedorum
2947 3813 3108 3874 atque
3130 3819 3419 3875 agnorum,
3445 3819 3574 3858 cum
3601 3805 3712 3873 ipse

2141 3899 2451 3956 inveniatur
2475 3899 2554 3954 eis
2601 3899 2654 3952 in
2698 3896 2916 3961 delicto,
2958 3896 3004 3950 si
3053 3911 3217 3950 causa
3266 3896 3502 3951 traditus
3546 3898 3707 3950 etiam
3762 3890 3770 3898 ’

2142 4005 2314 4060 agnus
2345 4005 2440 4059 per
2462 3989 2831 4042 inﬁrmitatem
2861 3987 3095 4055 pastoris
3122 3985 3378 4041 resistere
3405 4001 3514 4040 non
3541 3985 3712 4040 valuit

2140 4081 2306 4145 leoni,
2330 4083 2740 4150 etfconsequens
2755 4086 2856 4144 est,
2890 4085 2949 4131 ut
2977 4078 3339 4147 quodcunque
3371 4075 3541 4132 fuerit
3567 4078 3706 4132 leoni

2141 4173 2376 4234 libitum,
2405 4181 2589 4242 gerat;
2617 4181 2872 4241 tanquam
2899 4172 2943 4225 si
2986 4171 3240 4226 dominus
3266 4185 3436 4224 unum
3472 4186 3504 4224 e
3535 4171 3707 4225 servis

2141 4265 2258 4319 suis
2282 4264 2536 4334 ejectum,
2563 4262 2646 4317 vel
2679 4278 2773 4332 per
2799 4271 3001 4316 metum
3038 4261 3216 4316 tradat
3237 4261 3554 4316 adversario
3587 4276 3706 4323 suo,

2142 4377 2302 4431 quem
2338 4375 2531 4414 rursus
2567 4357 2806 4430 recipere
2837 4357 2956 4412 suis
3007 4357 3214 4411 viribus
3252 4371 3360 4410 non
3401 4355 3618 4410 valeat?
3653 4352 3708 4409 Si

2141 4469 2272 4508 vero
2295 4467 2427 4508 casu
2457 4451 2641 4522 aliquo
2659 4451 2969 4522 provenerit
2988 4466 3111 4504 eum
3142 4449 3328 4519 recipi,
3355 4464 3463 4518 qua
3491 4449 3706 4503 tandem

458 4542 556 4597 Dei
616 4544 852 4613 potentia
879 4585 895 4612 ,
941 4553 996 4600 et
1057 4563 1335 4617 nunquam
1379 4546 1649 4602 machinis
1684 4547 2032 4617 quibusdam,
2067 4556 2110 4612 ι)
2141 4545 2353 4599 ratione
2386 4552 2656 4598 tormenta
2693 4543 2743 4597 ei
2784 4542 2984 4612 poterit
3026 4542 3289 4611 irrogare,
3329 4541 3376 4594 si
3421 4541 3488 4593 ad
3522 4540 3707 4594 omnia

457 4641 514 4688 el.
540 4635 708 4690 fovea:
745 4637 906 4692 btedo
943 4639 1057 4694 sive
1103 4653 1241 4708 agno
1273 4639 1507 4694 tradito?
1535 4638 1632 4694 Dic
1668 4640 1800 4694 mihi
1855 4640 2018 4694 etiam

457 4728 615 4794 illud,
651 4729 695 4783 si
727 4730 928 4798 pastori
961 4731 1307 4800 superveniat
1338 4730 1444 4797 leo,
1477 4745 1586 4784 non
1624 4731 1840 4785 habenti
1873 4747 2027 4796 oves,

457 4821 590 4891 quid
639 4821 765 4875 ﬂet?
799 4820 1076 4891 ingenitus
1118 4823 1261 4877 enim
1299 4831 1404 4888 est,
1449 4824 1541 4894 qui
1576 4825 1777 4878 dicitur
1822 4834 2026 4895 pastor,

457 4909 735 4982 ingenitus
759 4927 977 4983 quoque
1008 4915 1170 4969 etiam
1199 4915 1304 4968 leo.
1341 4914 1478 4969 Cum
1503 4931 1632 4986 ergo
1662 4916 1904 4970 nondum
1939 4932 2030 4972 es-

526 5047 571 5079 “
595 5047 782 5102 Matth.
819 5065 933 5111 XIX,
966 5049 1051 5104 Η.
1128 5050 1348 5106 "Joan.
1379 5069 1434 5116 x,
1466 5053 1556 5107 27.

530 5185 642 5256 (l5)
683 5186 740 5259 in
778 5187 1062 5243 Casinensi
1110 5190 1297 5244 codice
1335 5190 1612 5254 scribitur,
1647 5209 1665 5242 t
1697 5191 1860 5244 etiam
1895 5190 2023 5259 qni-

454 5257 602 5312 dem.
633 5278 650 5309 r
692 5258 795 5313 Sed
835 5260 1118 5330 legendum
1153 5261 1384 5324 videtur,
1417 5279 1436 5311 t
1469 5270 1522 5314 et
1557 5262 1668 5329 jam
1714 5257 1968 5329 quidem;
2002 5279 2020 5312 ι

456 5343 600 5402 stripe
641 5330 806 5402 enim
842 5329 906 5383 in
946 5329 1046 5385 hoc
1098 5331 1282 5386 codice
1325 5330 1629 5402 junguntur
1674 5333 1860 5398 verba,
1905 5347 2028 5401 quae

454 5397 693 5468 disjungi
727 5400 942 5454 debent.

528 5470 640 5536 (to)
683 5468 951 5540 Loquitur
977 5468 1066 5525 hic
1096 5469 1395 5526 Archelaus
1427 5485 1494 5524 ex
1531 5469 1762 5527 Manetis
1805 5485 2025 5526 senten-

452 5537 551 5600 tia,
588 5540 681 5612 qui
717 5537 1140 5612 cu'mgpastorem
1170 5541 1548 5610 praavidentem
1589 5557 1650 5595 ac
1679 5557 2024 5612 praenoscen-o

455 5616 564 5681 tem
615 5611 910 5681 inevitabili
959 5611 1129 5664 leonis
1148 5612 1490 5665 'devorationi
1536 5611 1853 5681 exposuisse
1908 5613 2024 5668 hoe-

456 5675 588 5758 tlum
634 5680 856 5746 diceret,
914 5675 1717 5758 necessarioconsequebatur‘
1749 5693 2020 5758 pastorem

455 5751 634 5817 ipsum
678 5765 897 5822 causam
937 5765 1059 5822 esse
1101 5751 1428 5821 perditionis
1453 5751 1643 5819 haedi,
1671 5753 1831 5822 eique
1877 5753 2022 5807 illius

454 5835 642 5876 necem
671 5821 793 5888 jure
823 5821 1046 5876 ascribi.

2136 4652 2257 4706 quae
2277 4638 2326 4692 ci
2351 4635 2646 4705 imperabat
2672 4634 2945 4696 inimicus,
2972 4633 3215 4703 parebat,
3241 4647 3364 4686 cum
3383 4645 3510 4685 eum
3531 4631 3704 4700 ipsum

2136 4728 2248 4800 (ΞΟ)
2281 4727 2563 4802 tradiderit
2607 4726 2852 4785 inimico.
2897 4726 3040 4780 sicut
3082 4724 3224 4778 leoni
3273 4722 3538 4777 hmdum?
3568 4736 3705 4792 pra:-

2132 4828 2448 4873 noscentetn
2485 4818 2628 4872 enim
2657 4818 2859 4873 asseris
2888 4833 3010 4872 esse
3041 4824 3337 4887 pastorem.
3371 4813 3704 4869 Verberatus

2134 4911 2280 4966 enim
2324 4927 2518 4982 agnus,
2548 4919 2604 4966 et
2646 4910 2998 4981 interroganti
3031 4925 3088 4965 se
3134 4910 3356 4980 pastori,
3394 4924 3494 4963 cur
3527 4907 3582 4962 in
3618 4907 3703 4962 his

2203 5182 2315 5251 (17)
2352 5181 2450 5236 ilic
2475 5179 2676 5251 aliquid
2708 5180 2899 5251 deesse
2929 5179 3163 5251 videtur.
3194 5177 3388 5251 Forte:
3425 5197 3445 5230 ‹
3476 5181 3698 5248 quando

2129 5248 2276 5308 enim
2304 5263 2488 5322 pastor
2519 5248 2620 5305 hoc
2648 5250 2820 5322 fecit?
2853 5248 3043 5322 Nonne
3074 5249 3270 5322 David,
3298 5271 3314 5300 ι
3353 5259 3460 5322 etc.

2199 5318 2320 5393 (18f
2346 5324 2422 5377 lta
2461 5321 2658 5391 corrigi
2694 5321 2891 5393 debere
2915 5321 3128 5374 videtur
3152 5320 3312 5393 lectio
3344 5318 3552 5393 codicis
3589 5320 3692 5375 Ca.

2127 5390 2386 5458 sitiensis,
2435 5393 2525 5462 qui
2573 5390 2752 5459 habet,
2789 5409 2808 5443 ι
2849 5392 2896 5446 si
2940 5401 2996 5447 et
3039 5405 3204 5460 pura;
3250 5391 3356 5446 nisi
3408 5390 3689 5454 malueris,

2131 5483 2149 5514 ί
2184 5465 2226 5520 si
2258 5475 2341 5519 est
2372 5478 2526 5533 pura.
2559 5481 2577 5514 ο

2199 5536 2310 5604 (l9)
2347 5531 2524 5589 Locus
2567 5533 2668 5588 iste
2695 5532 2912 5587 videtur
2951 5532 3270 5604 mendosus,
3301 5547 3402 5586 nec
3421 5531 3563 5604 quid
3585 5531 3684 5584 sibi

2125 5602 2255 5661 velit
2295 5602 2604 5660 'Archelaus
2657 5606 2801 5659 clare
2859 5603 3216 5672 intelligitur,
3266 5604 3371 5657 nisi
3421 5602 3686 5672 legamus,

2130 5696 2148 5728 ι
2185 5676 2286 5730 Sed
2316 5677 2479 5730 alium
2512 5676 2581 5729 ab
2601 5675 2708 5729 alio
2732 5676 2890 5745 longe
2913 5671 3129 5728 differre
3156 5675 3206 5730 si
3232 5671 3502 5738 dicamus,
3533 5674 3690 5743 igno-

2126 5747 2354 5802 rantiam
2381 5746 2586 5813 pastori
2620 5745 2967 5800 ascribimus.
3005 5763 3024 5793 ι

2197 5817 2310 5888 (‘20)
2343 5815 2502 5872 Forte
2539 5817 2844 5887 legendum,
2888 5834 2907 5868 ι
2941 5830 3065 5870 eum
3103 5814 3236 5881 ipse.
3268 5835 3287 5866 ι
