1977 3554
135 202 210 231 1869

704 202 777 231 CUM
797 200 938 228 MANETE
957 200 1223 229 ﬂERESlARCHA.

1691 203 1761 233 M70

133 264 210 293 leoni
226 263 358 299 paruerit,
375 264 541 299 respondet:
560 262 601 290 ’l‘u
624 270 667 291 me
690 263 763 291 leoni
782 262 926 296 tradidisti,
941 265 965 293 Α
980 262 1066 295 Quem
1090 270 1153 290 cum
1177 262 1308 290 vidissent
1333 262 1471 294 custodes,
1498 262 1647 297 poscebant
1669 263 1703 290 ab
1724 271 1759 292 eo

133 316 190 337 nec
204 308 326 336 restitisti
338 308 468 336 adversus
482 316 556 340 eum,
567 308 657 335 sciens
668 312 694 335 et
704 308 856 343 praevidens
865 314 925 342 qua:

135 354 207 382 mihi
230 354 347 389 gerenda
368 353 468 387 forent,
488 361 550 381 cum
575 353 634 388 ejus
658 361 701 380 me
727 360 837 380 necesse
854 357 926 380 esset

134 400 328 435 obtemperare
341 400 491 435 prteceptis.
503 399 535 426 Et
544 408 576 427 ne
592 400 676 427 multa
687 399 820 432 dicamus,
838 406 925 433 neque

137 445 213 474 Deus
227 447 364 482 perfectus
381 451 475 483 pastor
489 447 650 479 ostenditur,
664 455 752 482 neque
768 447 809 473 leo
824 446 925 473 alienos

137 494 218 522 cibos
232 494 390 529 percepisse
408 494 630 521 demonstratur:
647 498 674 520 et
696 493 758 520 ideo
776 493 835 528 ipsa
854 492 925 519 veri-

135 544 195 567 tate
218 540 348 567 edocente
367 540 475 572 claruit,
494 540 536 567 his
556 547 617 574 quae
642 539 676 566 ab
696 539 831 566 Archelao
850 539 924 566 ’dicta

135 591 214 619 sunt,
223 586 341 621 palmam
356 594 407 614 nos
421 586 520 614 debere
529 586 664 613 conferre.
681 585 824 612 Archelaus
835 585 902 611 dixit
914 593 924 612 .-

136 632 273 667 Quoniam
295 633 405 668 quidem
423 633 456 660 de
476 632 603 659 omnilms
618 632 651 659 de
666 632 765 667 quibus
789 632 924 667 discepta-

135 679 240 711 vimus‘,
263 679 406 714 prudentia
422 670 544 713 iudicum
569 678 756 713 plenissimum
778 678 923 705 terminum

134 721 245 758 posuit,
269 723 413 750 tacendum
443 726 486 750 est
511 723 543 750 de
565 723 687 758 reliquis,
710 728 737 750 et
758 723 786 749 in
816 729 923 757 tempus

135 769 211 797 aliud
224 769 428 798 reservandum.
442 769 600 797 Sicuteuim
613 770 636 797 si
649 769 703 805 (2i)
716 770 777 804 quis
786 769 919 804 serpentis

134 820 262 843 conterat
276 820 368 850 caput,
386 815 413 843 in
428 816 532 843 nullum
543 816 599 851 jam
615 816 719 851 reliqua
730 815 853 850 corporis
864 815 923 850 ejus

136 863 262 890 membra
284 862 439 897 deputanda
462 866 541 896 sunt;
564 862 601 890 ita
620 862 758 890 dualitatis
774 862 924 897 quaestione

135 906 252 941 reiecta,
269 906 340 934 sicut
354 915 403 942 pro
424 907 529 935 viribus
548 907 730 940 ostendimus,
747 907 851 942 reliqua
863 916 923 942 quae

977 308 1108 343 signaculi
1121 308 1201 335 fidem
1217 308 1284 344 (28),
1297 315 1352 343 quo
1366 308 1472 343 possint
1482 308 1507 335 ei
1517 308 1642 336 videlicet
1654 309 1760 344 aperire

977 353 1146 387 thesaurum,
1163 359 1190 381 et
1201 361 1296 389 parere
1309 354 1345 386 ei,
1359 357 1487 388 tanquam
1499 353 1533 380 ab
1542 353 1597 386 illo,
1610 354 1656 388 qui
1671 354 1761 389 signa-

975 404 1062 432 Verat,
1080 400 1183 433 misso;
1197 400 1242 434 qui
1258 407 1320 426 cum
1342 399 1398 435 (29)
1414 407 1463 427 nec
1482 400 1573 427 claves
1593 401 1758 434 ostenderet,

976 454 1066 481 neque
1095 447 1297 481 signaculorum
1328 446 1407 473 ﬁdem
1425 445 1542 473 deferret
1565 447 1664 481 (neque
1684 446 1757 473 enim

975 489 1097 516 habebat
1109 489 1176 524 jus),
1190 498 1204 516 a
1218 489 1376 517 custodibus
1392 490 1494 524 ejectus
1510 494 1561 521 est,
1581 495 1607 517 et
1629 490 1756 525 fugatus;

975 536 1020 563 fur
1030 536 1102 563 enim
1115 536 1204 571 potius
1218 541 1244 563 et
1261 536 1329 563 latro
1344 536 1378 563 ab
1396 536 1436 563 cis
1454 544 1514 563 esse
1536 537 1756 571 deprehenditur,

975 583 1117 609 convictus
1136 587 1162 609 et
1181 581 1344 617 coniugatus
1368 581 1424 617 (30)
1445 582 1525 609 etiam
1548 590 1581 609 ex
1600 582 1662 613 hoc,
1683 583 1757 617 quod

974 634 1036 664 post
1059 629 1174 656 Inuitum
1200 633 1321 664 tempus,
1349 637 1430 663 quam
1460 629 1624 663 promissum
1651 629 1755 662 fuerat,

975 675 1071 703 adesse
1087 675 1232 708 desideret,
1248 683 1335 710 neque
1351 675 1439 702 claves
1456 683 1542 710 tneque
1556 675 1694 710 signacula
1710 684 1757 702 ne-

975 728 1027 756 que
1045 721 1129 748 ullum
1157 722 1269 749 omnino
1284 722 1444 749 custodibus
1466 721 1595 748 indiciqu
1619 721 1755 754 deferens,

974 773 1030 793 non
1054 767 1233 800 quantitatem
1259 766 1388 794 frumenti
1415 766 1547 793 reconditi
1572 766 1675 798 sciens;
1696 774 1757 800 qua:

975 812 1065 839 omnia
1080 812 1223 840 manifesta
1245 813 1343 840 iudicia
1360 817 1434 846 sunt,
1448 820 1619 847 nequaquam
1639 819 1700 839 eum
1723 813 1756 840 ab

975 857 1020 884 illo
1035 864 1096 884 esse
1111 858 1314 890 transmissum,
1327 862 1353 885 et
1366 858 1436 891 ideo,
1452 862 1689 893 utconsequenter
1700 857 1756 894 (5i)

974 907 1042 935 erat,
1058 911 1073 930 a
1092 903 1250 931 custodibus
1271 908 1424 931 reservatus
1437 908 1488 931 est.

137 959 187 987 per
211 952 282 979 hanc
301 952 505 985 assercbanlur,
523 960 586 980 cum
610 953 668 988 ipsa
691 953 791 988 pariter
812 953 921 988 explosa
938 944 959 973 Β
1008 948 1114 976 XXVII.
1131 949 1210 976 Aliud
1230 950 1322 980 etiam.
1346 950 1369 978 Si
1390 950 1507 984 videtur,
1528 950 1645 978 dicimus
1663 957 1757 977 exem-

137 1001 214 1025 sunt.
232 997 284 1025 Sed
303 998 330 1024 in
350 998 450 1033 ipsum,
471 997 518 1032 qui
537 998 624 1031 adest,
643 1002 807 1025 assertorem
824 998 921 1025 horum

137 1044 233 1080 paucis
248 1044 347 1076 dicam,
364 1048 394 1071 ut
407 1043 534 1071 omnibus
547 1043 700 1071 innotescat
711 1044 783 1079 quis,
797 1048 824 1071 et
839 1044 921 1077 unde,

136 1095 165 1117 et
183 1090 272 1124 qualis
292 1094 349 1122 est;
366 1089 471 1117 dixerat
501 1090 573 1117 enim
598 1097 628 1117 se
655 1096 716 1118 esse
752 1089 921 1118 Paracletum

136 1135 225 1168 illum,
243 1143 323 1170 quem
336 1134 417 1163 Jesus
433 1135 608 1170 proficiscens
622 1134 742 1162 humano
754 1136 845 1170 generi
860 1137 924 1164 mis-

135 1187 235 1206 surum
252 1187 281 1207 sc
296 1186 357 1207 esse
373 1180 536 1215 promiserat
552 1180 587 1206 ad
600 1180 714 1207 salutem
727 1180 844 1207 iidelium
859 1181 920 1208 ani-

135 1233 256 1258 marum,
281 1231 307 1253 et
330 1233 383 1253 non
409 1226 488 1261 longe
514 1226 600 1261 possit
627 1226 650 1253 ei
673 1226 775 1253 Paulus
798 1226 854 1261 (22)
874 1235 922 1254 vas

136 1271 292 1305 electionis,
308 1276 335 1299 et
349 1276 462 1300 vocatus
479 1272 631 1307 apostolus,
649 1272 721 1299 unde
734 1276 760 1299 et
771 1272 922 1307 praedicans

135 1324 229 1344 veram
248 1317 400 1345 doctrinam
418 1317 509 1344 aiebat
529 1317 585 1352 (25)
600 1326 607 1344 :
625 1326 635 1343 4
654 1317 709 1344 Aut
730 1317 921 1344 documentum

134 1362 194 1399 (24)
204 1364 325 1398 quaeritis
345 1363 416 1398 ejus,
426 1363 471 1398 qui
492 1363 518 1389 in
536 1371 578 1390 me
590 1363 841 1397 loquiturChristus
851 1363 885 1389 '3?
910 1372 920 1388 ι

137 1408 172 1436 Ει
185 1409 293 1443 quidem
308 1409 381 1443 quod
403 1409 464 1437 dico
480 1409 525 1436 tali
536 1409 721 1444 exemplo,sed
739 1409 795 1444 (25)
806 1409 916 1437 clarius.

139 1454 226 1483 Homo
240 1456 351 1491 quidam
373 1456 508 1483 conclusit
523 1456 550 1483 in
567 1456 695 1483 thesauro
715 1455 843 1483 frumenti
863 1457 924 1491 plu~

137 1502 251 1535 rimum,
272 1502 309 1529 ita
329 1506 358 1529 ut
377 1501 494 1530 refertus
513 1505 585 1529 esset
607 1501 699 1535 locus;
725 1509 806 1537 quem
831 1503 922 1530 locum

137 1548 261 1576 clausum
285 1553 366 1583 atque
397 1548 532 1584 signatum
570 1547 766 1576 sufﬁcientibus
795 1550 922 1584 signacu-

136 1594 172 1622 lis
184 1594 251 1629 (26),
266 1594 396 1622 custodiri
411 1594 538 1629 praecepit
552 1603 559 1621 :
574 1594 632 1629 ipse
644 1594 770 1622 dominus
786 1602 851 1623 vero
862 1604 922 1623 ces-

136 1640 174 1669 sit
186 1641 258 1676 (27);
275 1641 345 1669 alius
364 1645 454 1669 autem
468 1641 578 1676 quidam
589 1645 651 1676 post
664 1641 778 1668 multum
792 1642 920 1676 temporis

136 1687 246 1714 advenit
262 1686 296 1714 ad
316 1687 486 1720 thesaurum,
507 1686 601 1714 dicens
617 1695 646 1714 se
664 1687 698 1714 ab
714 1694 747 1714 eo
763 1687 809 1722 qui
828 1687 920 1723 signa-

136 1732 207 1760 culis
225 1732 315 1760 locum
339 1732 521 1762 coneluserat.
537 1732 651 1759 missum
667 1732 700 1759 ad
715 1732 778 1764 hoc,
794 1737 824 1759 ut
838 1734 919 1760 etiam

135 1779 196 1814 ipse
216 1779 242 1806 in
256 1779 382 1807 eumdem
408 1779 567 1807 thesaurum
589 1778 709 1806 triticum
733 1785 918 1815 congregaret.

173 1845 196 1861 “
208 1844 228 1872 ll
241 1844 305 1873 Cor.
326 1853 387 1878 xm,
407 1845 434 1873 5.

174 1904 230 1938 (2i)
251 1903 279 1930 ln
296 1904 389 1940 codice
412 1903 554 1940 Casinensi
573 1904 662 1932 deficit
677 1913 686 1929 4
706 1906 749 1940 si,
770 1914 779 1930 ι
794 1909 821 1932 et
840 1905 921 1940 paulo

137 1944 210 1973 post,
228 1948 237 1964 4
259 1939 408 1973 quastione
428 1939 536 1970 reiecta,
553 1948 563 1964 ι
580 1939 672 1966 habet.
700 1939 752 1967 Sed
766 1939 919 1968 necessaria

137 1975 196 2001 visa
212 1979 253 2000 est
269 1974 413 2008 utrobique
422 1975 555 2001 correctio
571 1979 673 2002 nostra.

175 2009 231 2044 (22)
248 2008 295 2035 Vel
311 2009 356 2036 hic
372 2009 501 2036 nonnulla
514 2009 622 2041 desunt,
636 2009 676 2036 vel
693 2008 809 2037 fortasse
826 2009 918 2044 legen-

137 2043 243 2076 dum,4
265 2048 295 2070 ut
312 2051 365 2070 non
381 2044 459 2078 longe
478 2048 539 2079 post
555 2045 590 2071 sit
602 2044 626 2071 ei
648 2044 768 2077 Paulus;
785 2054 793 2070 ι
812 2043 918 2079 nempe,

138 2083 170 2106 ut
186 2080 245 2114 ipso
260 2086 356 2113 parum
382 2079 493 2106 inferior
508 2080 543 2106 sit
557 2079 657 2107 Paulus
671 2080 819 2114 apostolus,
837 2088 919 2114 quem

137 2122 154 2141 a
173 2114 227 2141 Deo
241 2119 303 2141 ante
321 2122 350 2141 se
369 2114 401 2141 ad
417 2114 527 2141 humani
540 2115 654 2149 ,generis
671 2115 785 2141 salutem
802 2115 917 2142 missum

138 2149 224 2176 fuisse
245 2149 283 2176 ait
307 2157 389 2183 supra
413 2149 516 2179 Manes.
535 2150 571 2176 ita
598 2154 687 2176 tamen
712 2156 739 2176 ut
760 2150 822 2183 sibi,
845 2151 918 2184 quod

136 2184 288 2245 perfeitum
314 2189 392 2217 erat,
420 2189 589 2212 reservatum
620 2184 710 2212 fuerit.
740 2184 807 2212 Vide
835 2193 918 2220 supra

137 2227 199 2245 can.
234 2227 260 2245 ο.

137 2227 168 2246 ca
174 2228 199 2246 υ.
217 2220 260 2246 15.

173 2228 277 2288 ΐίξὸἶῦίη
292 2254 386 2282 eodice
402 2253 544 2290 Casincnsi
559 2260 599 2282 est
614 2265 622 2280 4
638 2255 733 2290 agebat
742 2275 756 2290 ,ί
767 2264 776 2280 ι
794 2255 915 2289 librarii,

138 2294 169 2316 ut
183 2290 310 2322 arbitror,
322 2297 433 2323 errore;
446 2290 486 2321 sic
496 2289 565 2317 infra
578 2298 636 2325 cap.
653 2288 687 2317 29
698 2299 704 2317 :
717 2300 726 2316 4
742 2289 822 2318 Jcsus
831 2294 865 2318 ad
878 2292 919 2318 di-
931 2288 957 2319 D

137 2325 258 2359 Scipulos
273 2325 379 2359 agebat.
397 2333 409 2351 ι
909 2345 918 2352 .

174 2359 231 2394 (24)
258 2359 371 2395 Vulgata
396 2360 477 2395 legit,
499 2369 509 2386 4
534 2368 568 2387 an
597 2360 829 2395 experimentum;
854 2371 863 2387 ι
891 2362 910 2389 it

135 2394 231 2422 Graeci)
248 2394 338 2423 tamen
355 2394 431 2422 textu
445 2400 495 2427 est,
516 2395 585 2423 ὲπεί.

174 2430 230 2464 (25)
245 2429 323 2457 Forte
344 2440 352 2456 4
369 2431 415 2462 iit,
432 2440 441 2456 ι
456 2431 497 2458 vel
512 2440 521 2456 ‹
537 2432 582 2462 sit,
602 2440 611 2456 ι
631 2435 676 2458 aut
694 2431 787 2464 etiam,
811 2441 821 2457 4
838 2437 887 2460 est.
907 2442 916 2459 ι

173 2464 230 2499 (26)
245 2464 332 2502 supra
355 2466 476 2502 thesauri
494 2466 552 2493 solo
575 2466 663 2500 sigillo
687 2466 820 2502 obsignati
842 2476 918 2495 men-

139 2500 241 2537 tionem
261 2500 327 2528 facit
350 2501 500 2537 Archelaus
517 2509 523 2526 :
544 2505 571 2528 at
585 2501 630 2528 hic
650 2501 738 2537 sigillo
751 2500 847 2529 'claves
872 2503 919 2529 ad-

135 2536 243 2573 jungit,
264 2544 320 2573 quo
347 2542 425 2573 pacto
449 2536 573 2573 chariora
599 2536 713 2571 quaeque
739 2538 773 2564 ab
799 2538 919 2573 antiquis

138 2571 270 2597 custodiri
296 2571 489 2607 consuevisse,
511 2571 588 2599 testis
612 2576 653 2607 est
671 2571 873 2607 Aristophanes
891 2574 917 2599 in

138 2607 283 2643 comtmlia,
296 2606 340 2633 cui
352 2606 456 2643 titulus,
466 2606 838 2643 Θεσμοφοριάζουσαιίικιε.
857 2608 918 2640 787,

138 2641 209 2675 apud
226 2649 307 2678 quem
322 2641 421 2678 mulier
435 2641 567 2678 quadam?
579 2643 755 2677 conqueritur
777 2641 917 2678 gynreeeo-

138 2684 199 2705 rum
226 2676 296 2704 fores
312 2676 408 2711 sigillis
429 2681 456 2703 et
479 2677 594 2711 pessulis
607 2685 623 2703 ει
640 2676 746 2705 maritis
768 2676 919 2711 oblirmari,

137 2719 219 2747 quem
235 2719 337 2747 morem
361 2711 454 2739 irridet
471 2711 616 2739 Menander
629 2712 699 2747 apud
717 2712 865 2741 Stobaeum.

183 2746 227 2781 27)
241 2746 320 2774 Forte
333 2756 343 2772 4
354 2747 476 2778 recessit,
492 2756 501 2772 ι
517 2747 558 2773 vel
570 2756 578 2772 4
596 2746 730 2775 discessit.
750 2758 760 2775 ι

184 2781 229 2819 28)
243 2782 359 2809 Auuulis
374 2789 423 2819 pro
445 2787 557 2819 tessera,
570 2790 621 2819 seu
637 2784 714 2817 signo
731 2784 756 2810 in
776 2784 920 2819 repetendo

137 2817 270 2851 depOsito,
287 2822 314 2844 et
332 2818 434 2852 majore
450 2818 552 2844 nuntiis
566 2818 616 2844 fide
632 2817 919 2847 concilianda-veteres

138 2860 204 2879 usos
220 2852 314 2889 fuisse,
332 2860 364 2889 ex
377 2851 528 2889 'P_|autoret
546 2853 658 2889 Apuleio
677 2854 828 2887 discimus;
852 2863 919 2889 quo-

138 2895 199 2914 rum
221 2888 327 2922 pritnus
347 2888 374 2914 in
397 2887 540 2922 Bacchide,
555 2893 608 2915 act.
626 2887 659 2921 ll,
690 2897 770 2917 scena
785 2898 826 2922 lli,
846 2887 917 2918 vcrs.

137 2922 181 2955 95,
198 2922 234 2951 ita
244 2923 341 2951 scribit
353 2930 361 2950 :

973 995 1058 1030 plum.
1076 994 1162 1022 Homo
1177 996 1285 1030 quidam
1301 997 1494 1031 paterfamilias
1509 997 1584 1024 dives
1598 997 1756 1032 plurimum,

974 1041 1006 1068 ad
1027 1046 1134 1076 tempus
1152 1049 1263 1076 peregre
1285 1042 1441 1075 abfuturus,
1464 1043 1526 1071 ﬁliis
1544 1044 1602 1071 suis
1617 1043 1754 1078 pollicitus

973 1091 1025 1120 est,
1047 1087 1194 1114 missurum
1214 1095 1242 1114 se
1256 1095 1317 1115 esse
1335 1089 1463 1123 aliquem,
1488 1090 1535 1124 qui
1554 1098 1603 1124 pro
1618 1098 1647 1117 se
1663 1090 1757 1117 distri-

972 1133 1067 1161 bueret
1090 1133 1129 1161 eis
1151 1141 1183 1161 ex
1208 1142 1286 1169 aaquo
1308 1135 1498 1162 substantiam.
1524 1135 1557 1162 Et
1571 1136 1678 1170 quidem
1700 1143 1755 1163 non

973 1180 1058 1208 multo
1085 1185 1147 1216 post
1161 1182 1236 1209 misit
1259 1186 1346 1209 tutum
1370 1182 1459 1208 virum
1478 1182 1633 1216 quemdam,
1649 1182 1755 1217 justum

972 1230 999 1253 et
1012 1234 1123 1260 verum;
1136 1227 1182 1262 qui
1198 1236 1259 1255 cum
1274 1227 1404 1260 venisset,
1419 1232 1543 1261 suscepta
1555 1227 1680 1255 universa
1694 1227 1756 1255 sub-

973 1273 1083 1304 stantia,
1104 1273 1193 1308 primo
1218 1273 1340 1300 omnium
1363 1272 1498 1300 instruere
1523 1280 1583 1300 eam
1608 1280 1640 1300 ac
1661 1281 1755 1308 regere

973 1320 1087 1353 studuit,
1108 1319 1236 1347 laborans
1259 1319 1404 1354 plurimum
1432 1320 1458 1346 in
1482 1319 1636 1350 itineribus,
1657 1320 1756 1348 sedens

973 1365 1031 1400 ipse
1045 1373 1092 1399 per
1106 1373 1134 1392 se
1156 1365 1212 1400 (32)
1227 1366 1284 1392 suis
1301 1365 1426 1392 manibus
1438 1373 1507 1400 opus
1524 1364 1638 1398 faciens,
1655 1369 1682 1392 et
1702 1365 1755 1393 mi-

973 1411 1110 1443 nistrans;
1125 1411 1222 1438 deinde
1240 1410 1389 1438 moriturus
1403 1412 1459 1447 ('55)
1478 1415 1669 1438 testamentum
1685 1411 1756 1439 scri-

974 1456 1022 1487 bit.
1039 1457 1198 1492 propinquis
1220 1458 1277 1484 suis
1293 1462 1320 1484 et
1342 1457 1472 1492 proximis
1490 1458 1618 1484 oumibus
1638 1457 1754 1484 haeredi-

973 1507 1053 1529 tatem
1069 1503 1269 1537 derehnquens,
1290 1507 1316 1530 et
1341 1504 1480 1538 signacula
1505 1503 1578 1530 dedit
1595 1504 1644 1535 eis,
1665 1509 1692 1531 et
1706 1512 1755 1530 no-

972 1551 1095 1577 minatim
1112 1550 1232 1584 singulos
1248 1559 1413 1583 convocans,
1438 1551 1563 1585 przecepit
1585 1551 1625 1578 eis
1644 1558 1753 1578 servare

973 1596 1154 1623 luereditatem
1178 1600 1204 1623 et
1223 1597 1360 1624 custodire
1385 1604 1416 1624 ac
1442 1605 1535 1632 regere
1557 1597 1750 1630 substantiam,

972 1642 1042 1669 sicut
1068 1647 1252 1676 susceperant,
1275 1647 1302 1669 et
1326 1642 1428 1677 perfrui
1452 1641 1531 1670 bonis
1556 1647 1582 1669 et
1607 1643 1752 1676 fructibus,

970 1687 1021 1722 ipsi
1039 1687 1142 1715 domini
1165 1688 1339 1723 literedcsque
1359 1689 1491 1716 derelicti.
1512 1689 1540 1716 Si
1564 1689 1611 1724 qui
1629 1696 1693 1716 vero
1714 1696 1748 1717 ex

970 1733 1026 1768 agri
1041 1733 1122 1767 hujus
1140 1732 1272 1760 fructibus
1288 1734 1426 1768 percipere
1444 1739 1561 1768 rogaret,
1582 1734 1753 1769 indulgenter

969 1778 1134 1813 praeberent:
1157 1779 1200 1806 sin
1221 1783 1311 1806 autem
1336 1780 1503 1807 colimredem
1527 1787 1556 1807 se
1580 1780 1685 1812 dicens,
1704 1787 1753 1806 ex-

1077 1903 1176 1930 Cnavs.
1206 1903 1322 1929 Anulum
1338 1902 1411 1937 gnati
1429 1902 1469 1929 tui

1006 1938 1111 1971 Facito,
1138 1943 1166 1965 ut
1195 1936 1346 1965 memineris
1363 1938 1439 1972 ferre.
1467 1936 1527 1964 Nic.
1546 1937 1617 2008 Qui?
1634 1945 1697 1998 optlu
1706 1941 1751 1988 9est

1616 1980 1666 1998 anu
1681 1980 1711 1999 ο.

1616 1980 1711 1999 anuto.‘

1006 2009 1103 2036 Cunrs.
1125 2008 1194 2041 Quia
1214 2008 1241 2035 id
1265 2008 1367 2042 signum
1389 2011 1427 2034 est
1455 2007 1611 2038 Theotimo,
1627 2008 1670 2042 qui
1692 2015 1753 2034 cum

1549 2042 1602 2078 [illi
1615 2042 1718 2077 afferet,

1074 2079 1108 2106 Ei
1119 2087 1213 2107 aurum
1229 2084 1256 2106 ul
1272 2079 1455 2106 reddatur.....

968 2114 1042 2141 Alter
1056 2122 1118 2141 vero
1134 2114 1159 2141 in
1179 2114 1225 2141 lib.
1242 2123 1257 2141 x
1275 2115 1310 2141 De
1326 2116 1400 2141 asino
1413 2121 1495 2140 aureo
1511 2112 1562 2139 hoc
1577 2112 1652 2139 iraL'e
1661 2112 1753 2146 cujus-

969 2150 1030 2176 dam
1041 2150 1162 2177 mulicris
1177 2149 1282 2176 facinus
1298 2150 1388 2176 refert.
1405 2159 1413 2175 4
1433 2149 1540 2175 Annulo
1559 2148 1647 2174 mariti
1660 2155 1752 2174 surre-

969 2191 1026 2220 pto,
1043 2194 1089 2212 rus
1112 2184 1242 2219 profecta,
1263 2185 1344 2212 mittit
1363 2185 1507 2220 quetixdam
1528 2183 1679 2220 serv-Ilum,
1700 2183 1753 2209 sibi

969 2219 1078 2255 quidem
1095 2221 1211 2251 fidelem,
1223 2221 1268 2247 sed
1282 2221 1314 2247 dc
1329 2219 1385 2254 ipsa
1400 2220 1451 2246 fide
1464 2219 1580 2255 pessime
1594 2224 1753 2255 merentem,

970 2253 1014 2290 qui
1038 2257 1132 2290 puellre
1154 2256 1300 2288 nuntiaret,
1320 2253 1392 2290 quod
1414 2253 1473 2282 eam
1487 2254 1596 2288 juvenis
1615 2253 1753 2290 profectus

971 2289 1003 2318 ad
1017 2289 1137 2318 villulam
1160 2295 1269 2318 vocaret
1289 2289 1381 2319 ad'se:
1403 2290 1505 2321 addito,
1522 2294 1550 2315 ut
1565 2289 1633 2318 sola.
1648 2294 1673 2315 et
1695 2289 1754 2316 sine

971 2327 1027 2354 ullo
1047 2327 1146 2353 comite
1167 2334 1248 2360 quam
1276 2326 1461 2353 maturissime
1489 2325 1648 2359 perveniret.
1667 2323 1699 2350 Et
1720 2331 1754 2351 ne

970 2370 1024 2396 qua
1047 2362 1115 2388 forte
1131 2366 1288 2388 nasceretur
1304 2361 1428 2388 veniendi
1443 2360 1590 2390 cunctatio,
1604 2360 1688 2396 tradit
1702 2367 1754 2396 an-

970 2395 1064 2423 nulum
1084 2397 1182 2423 marito
1202 2396 1369 2423 subtractum
1381 2416 1389 2428 ,
1403 2396 1447 2430 qui
1471 2400 1656 2427 monstratus,
1674 2395 1753 2421 fidetn

970 2432 1059 2458 verbis
1079 2432 1283 2466 astipularetur.
1298 2433 1331 2458 At
1352 2431 1396 2458 illa
1413 2431 1540 2457 mandato
1559 2430 1651 2457 fratris
1675 2430 1755 2466 obse-

969 2475 1056 2501 quens
1068 2465 1214 2496 (hoc'cnim
1230 2475 1325 2493 nomen
1338 2467 1395 2493 sola
1410 2466 1522 2493 sciebat)
1535 2470 1657 2499 respecto
1671 2465 1753 2491 etiam

970 2503 1048 2537 signo
1062 2510 1120 2536 ejus
1130 2502 1202 2536 quod
1217 2501 1390 2533 oﬂerebatur,
1400 2502 1533 2536 gnaviter,
1550 2505 1579 2527 ut
1590 2504 1753 2535 praeceptum

970 2537 1068 2568 fuerat,
1086 2538 1240 2564 incomitata
1255 2537 1373 2568 festinat,
1390 2546 1399 2562 ι
1414 2542 1466 2564 etc.
1718 2546 1720 2549 π

1006 2572 1062 2608 (29)
1089 2572 1118 2599 in
1145 2572 1298 2604 Casim-usi,
1323 2582 1332 2597 4
1356 2572 1523 2607 quicunque.
1549 2580 1559 2608 ρ
1584 2570 1636 2596 Sed
1656 2577 1754 2597 sensus

970 2609 1108 2644 postulare
1121 2609 1237 2640 videtur,
1252 2612 1281 2634 ut
1294 2618 1303 2633 4
1321 2609 1367 2643 qui
1380 2615 1442 2634 eum
1458 2615 1509 2634 nec
1523 2616 1533 2632 ι
1547 2607 1663 2640 legatur.

1006 2643 1062 2681 QQ)
1074 2643 1190 2681 lfortmu
1206 2644 1371 2681 confutatus.
1387 2652 1398 2681 ξ
1432 2678 1437 2681 _
1584 2675 1590 2681 .

1007 2675 1063 2713 (5i)
1079 2678 1106 2705 ln
1121 2679 1213 2705 codice
1228 2678 1371 2706 Casiniensi
1387 2678 1496 2713 legitur,
1513 2686 1522 2702 4
1541 2681 1569 2703 et
1584 2675 1645 2703 ideo
1657 2682 1752 2703 conse-

971 2720 1094 2749 quenter.
1111 2723 1120 2739 ι

1007 2749 1180 2787 (§'_.’)_Fortey
1198 2749 1243 2787 sed
1257 2754 1283 2787 et.
1295 2749 1359 2787 ipse
1367 2755 1468 2787 perse.
1484 2756 1496 2787 ρ
1526 2781 1542 2787 __
1639 2779 1646 2785 υ

1007 2782 1062 2818 (55)
1074 2784 1101 2811 ln
1116 2785 1208 2811 codice
1221 2782 1375 2816 Casiuetisi,
1389 2793 1398 2808 4
1412 2783 1507 2809 deinde
1517 2782 1560 2808 die
1576 2782 1752 2818 moriturusn

972 2817 1020 2847 nos
1035 2820 1181 2846 secundam
1197 2827 1300 2852 vocem,
1316 2827 1349 2845 ex
1369 2817 1543 2852 praecedentis
1556 2817 1629 2843 verbi
1649 2820 1755 2850 postre-

973 2864 1021 2882 mae
1034 2855 1142 2890 syllabae
1158 2855 1316 2889 repetitione
1332 2853 1562 2890 velutilinsertam,
1583 2852 1755 2890 sustulimus.

973 2890 1019 2917 Vel
1036 2887 1150 2917 furtasse
1166 2887 1317 2924 legendum,
1336 2898 1345 2914 4
1360 2888 1456 2916 deinde
1469 2888 1521 2920 die,
1537 2895 1591 2922 qua
1607 2887 1756 2914 moritura!

972 2931 1028 2953 erat
1052 2930 1251 2954 testamentum.
1270 2934 1279 2950 I

1737 3026 1875 3084 x’H—H

1707 3084 1736 3132 ᾖ.

435 3233 460 3241 Ν
688 3218 809 3238 κ]
1649 3132 1704 3264 ff
1772 3140 1881 3240 En.

485 3233 685 3272 ..κ’
721 3255 760 3276 ⁸⁸
1633 3264 1648 3324 β
1748 3240 1795 3340 [Ti
1960 3254 1968 3267 ³

10 3332 35 3347 ηηκ
662 3406 665 3408 ἓ
1601 3324 1632 3436 β)
1720 3340 1759 3412 ﬁ.

1593 3436 1600 3464 μ
1704 3412 1723 3464 ᾖ
