3982 6346
452 358 587 416 ιιτι

1446 354 1633 412 ACTA
1673 352 2203 413 DISPUTATIONIS
2268 354 2328 411 S.
2361 355 2704 418 ABCHELAI

3558 358 3697 413 ιιτι

449 488 718 550 posceret,
753 479 1081 548 devitarent,
1124 488 1290 551 atque
1334 479 1573 537 alienum
1607 495 1730 537 esse
1776 495 2020 552 pronun-
2047 484 2095 541 Α
2121 477 2334 536 Patrem
2357 495 2557 547 meum,
2575 490 2630 537 et
2657 481 2812 537 mitto
2834 479 2989 537 vobis
3004 478 3346 538 Paracletum
3367 482 3439 546 δ’,
3467 500 3487 533 ι
3511 482 3695 537 statim

449 577 650 633 tierent
679 575 826 647 (54);
859 591 997 646 opus
1023 585 1207 630 autem
1240 575 1413 645 magis
1443 574 1621 631 facere
1642 575 1845 631 debere
1866 590 2014 635 eum.

449 671 543 741 qui
591 670 755 740 recipi
786 670 932 725 velit.
962 669 1248 737 Quomodo
1277 685 1408 740 ergo
1453 670 1538 725 his
1581 670 1838 725 omnibus
1879 671 2018 726 bene

449 744 704 831 recteque
746 760 1025 830 dispositis
1058 769 1112 815 et
1147 760 1385 824 statutis,
1414 775 1480 815 ac
1509 760 1744 830 plurimo
1776 770 2019 833 tempore

449 849 592 906 ineo
622 858 767 905 statu
811 849 1318 920 perseverantibus,
1350 865 1473 905 eum
1508 850 1600 921 qui
1649 859 1772 921 post
1809 861 2020 907 trecen-

447 951 535 998 tos
567 942 677 998 fere
724 958 900 997 annos
936 943 1165 1008 venerit,
1193 952 1246 996 et
1273 942 1538 996 haeredem
1578 958 1699 998 esse
1730 958 1789 998 se
1810 942 2016 997 contir-

446 1043 578 1100 met,
614 1051 720 1090 non
748 1034 1090 1104 abjiciemus,
1128 1051 1237 1089 non
1258 1035 1404 1104 juste
1425 1035 1665 1090 alienum
1695 1035 2018 1104 pronuntia-

445 1140 591 1191 mus,
624 1126 719 1195 qui
754 1142 854 1181 nec
878 1127 946 1182 de
990 1125 1313 1196 propinquis
1361 1140 1421 1180 se
1466 1141 1587 1182 esse
1632 1127 1889 1194 ostendit,
1920 1128 2014 1197 qui

445 1216 707 1272 defuncto
761 1226 950 1272 nostro
1003 1232 1111 1271 non
1170 1217 1409 1271 adfuerit
1451 1218 1755 1287 aegrotanti,
1819 1219 1915 1289 qui
1962 1219 2015 1272 in

445 1311 734 1379 exsequias
757 1326 863 1365 non
894 1310 1016 1364 ierit
1041 1310 1331 1375 Crueiﬁxo,
1359 1310 1451 1381 qui
1470 1310 1719 1380 sepulcro
1752 1327 1860 1365 non
1886 1312 2020 1367 asti-

446 1404 594 1470 terit,
628 1403 721 1472 qui
773 1402 999 1456 omnino
1026 1402 1277 1466 neseiat,
1322 1404 1604 1472 quomodo
1647 1412 1741 1458 aut
1779 1404 2018 1473 qualiter

445 1496 737 1553 defunctus
757 1505 861 1566 est,
888 1496 981 1566 qui
1025 1495 1267 1566 denique
1290 1496 1607 1550 thesaurum
1647 1495 1906 1552 frumenti
1935 1497 2019 1551 in-

446 1589 598 1661 gredi
630 1589 837 1658 cupiat,
886 1588 1036 1643 nullo
1067 1588 1268 1644 indicio
1314 1587 1493 1643 delato
1533 1588 1601 1643 ab
1635 1603 1702 1643 eo
1737 1590 1832 1659 qui
1861 1589 2016 1644 obsi-

446 1681 729 1753 gnaverit?
753 1679 944 1735 Nonne
973 1695 1121 1745 eum,
1154 1690 1414 1751 tanquam
1455 1681 1721 1736 latronem
1755 1693 1808 1736 et
1838 1680 2015 1738 furem

446 1774 790 1842 abjiciemus.
832 1787 896 1828 ac
948 1771 1125 1828 modis
1172 1774 1427 1829 omnibus
1485 1774 1855 1844 expellemus?
1889 1774 2015 1831 Hzec

444 1864 612 1936 igitur
654 1865 829 1935 signa,
879 1879 1001 1935 quae
1061 1864 1113 1918 in
1170 1865 1445 1935 przedietis
1499 1868 2013 1936 comprehendimus

444 1956 730 2024 exemplis,
764 1956 865 2012 iste
912 1972 1019 2011 non
1059 1954 1311 2011 deferens
1348 1956 1520 2023 adest,
1553 1957 1743 2013 dicens
1786 1974 1845 2013 se
1893 1975 2013 2017 esse

444 2049 790 2105 Paracletum
831 2048 925 2118 qui
962 2048 1031 2103 ab
1063 2045 1190 2101 Jesu
1223 2049 1583 2120 praesignatus
1622 2057 1708 2104 est
1738 2049 1911 2117 mitti;
1954 2051 2010 2105 in

443 2159 556 2214 quo
590 2146 906 2198 mendacem
940 2142 1078 2212 (35),
1115 2142 1376 2213 ignorans
1416 2142 1650 2200 fortasse
1684 2155 1890 2200 asseret
1920 2145 2012 2201 Je-

444 2252 601 2302 sum;
623 2238 716 2307 qui
744 2236 888 2291 enim
917 2235 1129 2290 dixerat
1158 2251 1216 2290 se
1246 2251 1351 2291 non
1377 2237 1546 2291 multo
1571 2246 1694 2307 post
1716 2238 2011 2294 missurum

440 2345 565 2387 esse
592 2328 953 2391 Paracletum,
989 2327 1265 2383 invenitur
1297 2326 1408 2400 (56)
1434 2339 1553 2397 post
1579 2339 1849 2386 trecentos
1873 2341 1926 2386 et
1948 2347 2014 2386 eo

443 2420 677 2490 amplius
704 2434 879 2475 annos
912 2417 1128 2473 misisse
1177 2417 1343 2484 hunc,
1391 2418 1535 2472 sicut
1564 2419 1678 2488 ipse
1723 2421 1826 2475 sibi
1864 2422 2016 2476 testi-

444 2515 688 2569 monium
730 2514 993 2583 perhibet.
1025 2511 1166 2580 Quid
1197 2510 1380 2565 dicent
1417 2510 1545 2565 Jesu
1597 2512 1650 2565 in
1695 2512 1782 2569 die
1822 2513 2012 2583 judicii

443 2603 541 2671 illi,
566 2606 657 2674 qui
681 2604 792 2674 jam
822 2604 929 2659 vita
954 2610 1307 2659 excesserunt
1336 2617 1403 2656 ex
1436 2602 1529 2657 illo
1566 2611 1806 2673 tempore
1838 2621 2015 2675 usque

443 2698 623 2753 nunc?
654 2697 840 2752 Nonne
869 2698 982 2751 hzee
1021 2696 1164 2766 apud
1194 2712 1318 2751 eum
1366 2697 1677 2768 allegabunt
1711 2718 1723 2753 :
1757 2697 1877 2753 Noli
1912 2717 2013 2756 nos

441 2793 711 2856 cruciare,
741 2792 786 2845 si
815 2805 979 2859 opera
1011 2798 1103 2844 tua
1151 2804 1258 2842 nou
1286 2787 1514 2842 fecimus
1539 2807 1554 2854 ;
1586 2806 1685 2844 cur
1709 2792 1852 2845 enim
1887 2808 2012 2845 eum

441 2885 759 2952 promiseris
790 2884 894 2939 sub
939 2880 1158 2935 Tiberio
1201 2879 1417 2935 Cazsare
1466 2881 1764 2936 missurum
1812 2894 1861 2938 te
1895 2899 2016 2939 esse

440 2975 804 3041 l’araeletum,
835 2975 928 3045 qui
959 2983 1209 3044 argueret
1246 2987 1348 3026 nos
1376 2973 1441 3027 de
1487 2986 1711 3043 peccato
1738 2986 1791 3030 et
1818 2976 1886 3031 de
1923 2977 2016 3047 ju-

442 3068 590 3122 Stitia
627 3068 693 3133 ³ο,
737 3068 839 3122 sub
886 3064 1065 3121 Probo
1116 3066 1335 3120 demum
1390 3061 1636 3118 Romano
1689 3066 2015 3136 imperatore

2125 574 2296 642 misit,
2321 574 2590 640 dividens,
2618 575 2831 630 donans
2852 574 3137 646 discipulis
3156 575 3305 642 suis;
3329 572 3695 631 abundantius

2121 680 2250 721 vero
2282 665 2570 723 conferens
2598 664 2768 722 Paulo
2797 667 2932 738 (‘58).

2191 757 2429 815 XXVIII.
2466 758 2649 814 Manes
2673 759 2811 815 dixit
2837 777 2856 815 :
2883 759 3099 815 Tuimet
3126 758 3301 822 ipsius
3327 759 3533 813 indicio
3549 774 3696 814 eom-

2120 852 2426 921 prehensus
2475 867 2555 908 es.
2603 851 2728 909 Haec
2779 853 2925 908 enim
2977 853 3268 908 adversum
3328 863 3382 908 te
3446 853 3691 922 loeutus,

2121 945 2364 1016 ignoras,
2410 943 2541 1013 quia
2580 944 2708 999 dum
2762 943 2819 999 in
2865 959 2951 1000 me
2997 944 3079 999 vis
3130 945 3329 1015 probra
3382 945 3693 1015 conjicere,

2120 1035 2320 1105 majori
2348 1035 2521 1106 culpa:
2549 1035 2884 1090 succumbis.
2923 1034 3019 1090 Die
3064 1052 3162 1106 age
3195 1037 3351 1103 mihi,
3393 1037 3469 1102 si,
3495 1048 3556 1092 ut
3594 1039 3692 1105 ais,

2119 1127 2214 1197 qui
2243 1142 2274 1181 a
2305 1126 2527 1183 Tiberio
2556 1144 2727 1198 usque
2777 1129 2845 1182 ad
2878 1127 3111 1185 Probum
3148 1129 3392 1185 defuncti
3429 1140 3583 1196 sunt,
3614 1130 3694 1187 di-

2120 1228 2246 1274 cent
2270 1220 2337 1274 ad
2381 1218 2567 1274 Jesum
2598 1236 2611 1273 :
2652 1218 2771 1274 Noli
2803 1236 2901 1276 nos
2939 1221 3209 1292 judicare,
3244 1223 3372 1293 quia
3405 1238 3577 1293 opera
3606 1234 3693 1280 tua

2124 1324 2231 1363 non
2281 1308 2544 1374 fecimus;
2572 1324 2679 1363 non
2714 1309 2860 1362 enim
2901 1310 3100 1365 misisti
3137 1310 3295 1367 nobis
3329 1309 3694 1381 I’aracletum,

2123 1416 2248 1455 eum
2279 1400 2484 1456 dixeris
2531 1411 2583 1455 te
2621 1400 2918 1455 missurum
2948 1402 3060 1473 (.39)
3095 1417 3108 1454 :
3144 1419 3250 1457 non
3303 1404 3478 1459 multo
3522 1406 3696 1476 magis

2120 1492 2198 1546 illi
2228 1492 2342 1548 hzec
2372 1492 2576 1558 dicent,
2606 1492 2752 1562 quia
2783 1491 2965 1564 Moyse
2993 1509 3164 1564 usque
3194 1495 3259 1549 ad
3283 1496 3580 1551 adventum
3610 1499 3694 1568 ip-

2121 1584 2236 1640 sius
2256 1582 2385 1639 Jesu
2413 1584 2617 1641 Christi
2642 1587 2751 1639 vita
2782 1595 3157 1651 excesserunt,
3192 1596 3247 1642 et
3277 1603 3345 1643 eo
3374 1589 3585 1645 rectius
3609 1591 3695 1646 di-

2119 1687 2243 1733 cent
2277 1696 2290 1731 :
2322 1676 2442 1731 Noli
2490 1693 2592 1734 nos
2649 1680 2862 1735 tradere
2913 1680 3199 1736 tormentis
3246 1680 3381 1749 (40),
3430 1684 3692 1752 quoniam

2117 1771 2452 1841 agnitionem
2506 1772 2582 1825 tui
2614 1786 2720 1825 non
2770 1772 3117 1842 accepimus?
3153 1771 3218 1827 Et
3262 1789 3370 1827 non
3410 1775 3593 1829 solum
3639 1775 3695 1830 hi

2115 1863 2208 1933 qui
2252 1872 2378 1918 ante
2428 1864 2601 1935 ipsius
2650 1865 2937 1921 adventum
2989 1865 3363 1930 decesserunt,
3404 1867 3536 1938 jure
3581 1869 3696 1924 hzec

2115 1955 2348 2026 allegare
2374 1955 2733 2024 videbuntur;
2765 1972 2954 2011 verum
2978 1957 3143 2011 etiam
3172 1956 3269 2023 illi,
3299 1957 3394 2027 qui
3422 1957 3493 2012 ab
3520 1958 3691 2013 Adam

2119 2064 2293 2119 usque
2342 2049 2407 2104 ad
2446 2050 2737 2105 adventum
2780 2048 2910 2107 Iesu
2951 2049 3247 2105 obierunt?
3293 2048 3479 2119 Neque
3529 2050 3696 2106 Para-

2116 2142 2243 2197 clcti
2288 2143 2432 2198 enim
2489 2144 2771 2198 scientiam
2822 2143 3101 2199 consecuti
3149 2152 3301 2208 sunt,
3348 2159 3523 2214 neque
3556 2142 3691 2199 Iesu

2114 2235 2361 2291 doctrina
2394 2235 2591 2313 eruditi
2635 2245 2782 2291 sunt.
2812 2234 2918 2291 Sed
2974 2235 3079 2291 hoc
3111 2234 3290 2290 solum
3316 2235 3559 2290 ultimum
3586 2250 3692 2307 ge-

2115 2344 2219 2383 nus
2250 2328 2553 2395 hominum,
2601 2336 2661 2383 ut
2690 2328 2792 2394 ais,
2817 2326 2962 2399 quod
2992 2341 3023 2382 a
3074 2324 3293 2383 Tiberio
3333 2337 3437 2394 est,
3468 2328 3689 2383 salven-

2117 2427 2205 2474 tur
2233 2420 2377 2490 (41);
2409 2422 2523 2489 ipse
2550 2420 2696 2475 enim
2726 2439 2744 2471 ι
2774 2435 2869 2475 eos
2887 2418 3140 2474 Christus
3161 2420 3229 2475 de
3243 2419 3535 2476 maledicto
3556 2420 3695 2491 legis

2119 2513 2351 2568 redemit
2392 2511 2472 2580 δ’,
2524 2530 2544 2565 ι
2602 2513 2744 2568 sicut
2796 2512 2999 2570 Paulus
3047 2513 3424 2569 testimonium
3478 2513 3631 2568 dedit
3674 2530 3692 2571 :

2120 2624 2139 2657 ι
2179 2603 2317 2671 Quia
2352 2605 2529 2660 littera
2559 2604 2779 2670 occidit,
2816 2621 2915 2663 nec
2936 2621 3266 2677 quemquam
3299 2606 3548 2660 vivilicat
3571 2604 3641 2671 “,
3665 2625 3685 2660 ι

2115 2706 2170 2751 et
2201 2716 2220 2749 ι
2259 2696 2414 2763 Quod
2449 2697 2532 2752 lex
2578 2697 2944 2752 ministerium
2983 2700 3179 2754 mortis
3209 2698 3374 2762 est“,
3406 2699 3694 2768 virtusque

2121 2790 2327 2859 peccati
2357 2789 2421 2843 “.
2462 2808 2481 2841 ι
2514 2788 2803 2842 Archelaus
2835 2790 3017 2846 dixit:
3052 2789 3220 2845 Erras
3256 2791 3513 2846 nesciens
3545 2790 3698 2846 Seri-

2118 2883 2388 2952 pturas“,
2411 2897 2586 2952 neque
2610 2881 2861 2936 virtutem
2893 2881 2986 2937 Dei
3011 2901 3024 2950 ;
3054 2883 3207 2937 multi
3220 2883 3364 2937 enim
3389 2883 3558 2938 etiam
3577 2891 3697 2954 post

2115 2973 2407 3029 adventum
2437 2972 2638 3028 Christi
2678 2988 2853 3043 usque
2871 2989 3016 3029 nunc
3048 2977 3329 3044 perierunt
3353 2984 3408 3029 et
3441 2984 3690 3045 pereunt;

2117 3069 2172 3123 hi
2211 3067 2440 3130 scilicet,
2487 3067 2580 3137 qui
2621 3067 2879 3137 operibus
2912 3067 3135 3136 justitiae
3178 3068 3455 3123 deservire
3498 3066 3695 3122 nolue-

440 3161 666 3226 misisti,
700 3159 978 3228 orphanos
1024 3156 1382 3228 dereliquisti,
1418 3156 1547 3210 dum
1598 3158 1712 3227 ipse
1756 3161 1959 3217 dixeris
1990 3180 2002 3216 :
2037 3186 2081 3245 ρ
2117 3172 2276 3228 runt;
2309 3161 2386 3215 illi
2416 3175 2543 3215 vero
2572 3159 2700 3226 soli,
2726 3159 2819 3229 qui
2850 3168 3206 3230 susceperunt
3237 3176 3363 3215 eum
3412 3169 3471 3215 et
3513 3161 3694 3215 susci-

446 3269 468 3304 c
507 3249 621 3304 Non
672 3250 1046 3319 derelinquam
1104 3265 1205 3305 vos
1248 3249 1614 3319 orphanos“,
1656 3268 1675 3301 ι
1719 3266 1842 3306 cum
1895 3254 2010 3323 ipse

439 3341 645 3398 dixeris
686 3352 757 3406 te,
802 3357 929 3396 mox
971 3343 1097 3409 ires,
1145 3344 1444 3401 missurum
1483 3362 1604 3402 esse
1632 3345 2013 3404 Paracletum?

446 3433 585 3502 Quid
621 3444 936 3505 poteramus
962 3437 1192 3505 orphani
1218 3436 1417 3504 facere,
1447 3454 1553 3493 non
1584 3439 1844 3494 habentes
1869 3449 2013 3494 tuto-

440 3528 599 3583 rem?
621 3528 752 3581 nihil
782 3544 881 3583 nos
911 3529 1241 3597 deliquinus,
1277 3539 1333 3585 tu
1363 3546 1463 3587 nos
1492 3530 1747 3587 fefellisti.
1778 3530 1882 3586 Sed
1910 3533 2004 3586 ah-

440 3621 515 3676 sit
561 3620 672 3689 (57)
710 3620 814 3674 hoc
842 3634 872 3673 a
923 3618 1151 3675 Domino
1191 3632 1379 3676 nostro
1415 3621 1543 3678 Jesu
1571 3623 1791 3677 Christo
1820 3621 2010 3676 Salva-

440 3725 561 3772 tore
600 3713 780 3768 omnis
809 3714 1024 3768 animm.
1066 3711 1183 3769 Non
1219 3715 1363 3769 enim
1404 3725 1648 3771 moratus
1677 3724 1760 3770 est
1789 3716 1841 3769 in
1882 3730 2012 3786 pro-

441 3809 800 3866 missiouibus
849 3809 984 3875 suis,
1041 3809 1135 3864 sed
1187 3825 1309 3866 cum
1359 3810 1633 3865 dixisset:
1687 3827 1705 3860 ι
1750 3807 1896 3864 Vado
1944 3812 2010 3865 ad

2115 3255 2290 3326 piunt,
2326 3271 2345 3305 ι
2381 3259 2702 3322 potestatem
2748 3263 3076 3323 acceperunt
3121 3252 3217 3307 lilii
3264 3250 3360 3306 Dei
3409 3252 3529 3307 fieri
3565 3252 3634 3307 δ’.
3669 3271 3690 3306 ι

2113 3348 2234 3404 Νοιι
2266 3347 2412 3403 enim
2457 3360 2649 3401 omnes
2685 3344 2859 3412 dixit;
2891 3345 2985 3400 sed
3030 3359 3206 3416 neque
3248 3353 3465 3416 tempus
3507 3345 3698 3401 termi-

2114 3441 2301 3497 navit:
2330 3459 2350 3492 ι
2381 3438 2705 3508 Quicunque
2728 3439 2897 3503 enim,
2927 3439 3121 3508 inquit,
3153 3450 3479 3508 acceperunt
3502 3453 3685 3493 eum»

2113 3534 2280 3591 Adest
2313 3543 2494 3588 autem
2525 3546 2739 3601 semper
2757 3530 2923 3601 justis
2953 3530 3103 3596 viris,
3126 3546 3158 3584 a
3189 3539 3441 3585 creatura
3473 3530 3689 3599 mundi,

2118 3643 2219 3684 nec
2256 3634 2436 3681 cessat
2476 3624 2753 3694 inquirere
2802 3623 3123 3692 sanguinem
3170 3622 3416 3691 ipsorum
3463 3637 3530 3676 ex
3564 3637 3693 3677 san-

2121 3722 2282 3791 guine
2311 3718 2445 3772 Abel
2467 3717 2623 3788 justi,
2653 3732 2826 3786 usque
2856 3716 2922 3769 ad
2961 3714 3283 3785 sanguinem
3316 3713 3601 3770 Zachariae
3618 3715 3688 3768 “.

2122 3806 2276 3861 Unde
2305 3818 2435 3875 ergo
2461 3804 2595 3858 Abel
2619 3802 2823 3874 justus,
2859 3810 2913 3857 et
2938 3803 3012 3856 illi
3036 3818 3229 3859 omnes
3253 3802 3451 3874 reliqui
3479 3819 3578 3875 per
3604 3820 3694 3860 or-

514 3950 556 3982 ³⁸
585 3949 741 4004 Jonn.
775 3966 882 4013 xvt,
918 3948 971 4003 8.
1045 3950 1089 3982 ⁸ο
1118 3948 1220 4004 Joh
1248 3968 1355 4013 xlv,
1397 3950 1483 4006 IS.
1560 3952 1603 3982 “
1640 3950 1775 4004 lhid.
1813 3950 1899 4013 I6,
1929 3950 2013 4005 '28.

2124 3951 2140 3982 '
2173 3947 2347 4003 Galat.
2383 3959 2467 4009 ιιι,
2496 3943 2600 4011 ἶίό.
2674 3943 2721 3976 ⁸³
2752 3943 2795 3998 Η
2827 3943 2953 3999 Cor.
2998 3959 3078 4010 ιιι,
3108 3942 3162 3999 6.
3238 3943 3285 3975 “
3315 3943 3505 4000 llCor.
3532 3961 3619 4013 ιιι,
3639 3945 3691 4001 7.

441 4022 488 4058 “
514 4020 679 4075 ICor.
704 4038 792 4087 xv,
851 4022 941 4075 56.
1015 4019 1423 4087 "Matth.xxu,
1453 4021 1543 4076 29.
1619 4020 1663 4055 δ’
1695 4019 1853 4075 Joan.
1892 4037 1932 4089 ι,
1968 4022 2013 4075 ιε

2131 4022 2177 4053 ⁸⁸
2197 4016 2386 4073 Matth.
2422 4029 2553 4069 xxut
2572 4054 2586 4078 ,
2614 4015 2703 4070 35.

514 4179 628 4252 (54)
653 4180 759 4234 Aut
784 4180 935 4252 Anibil
962 4181 1136 4246 video,
1186 4190 1280 4237 aut
1308 4182 1380 4237 ita
1416 4183 1785 4239 restituendus
1810 4193 1894 4239 est
1923 4183 2014 4240 hic

438 4249 911 4323 Ioeus'manifeste
953 4263 1270 4323 corruptus;
1301 4269 1425 4308 nam
1458 4256 1510 4307 in
1555 4255 1739 4309 codice
1775 4256 1847 4309 ita
1870 4256 2008 4309 scri-

439 4320 588 4393 bitur
616 4339 631 4377 :
665 4341 682 4371 ι
712 4320 806 4375 Sin
831 4320 1315 4377 autemennderem
1352 4340 1411 4378 se
1443 4324 1650 4389 dicens,
1669 4335 2008 4393 exposceret,

439 4391 744 4464 devitarent
774 4394 1046 4462 persequi,
1080 4394 1314 4448 alienum
1343 4410 1464 4448 esse
1488 4391 1884 4464 pronuntiaret.
1920 4413 1938 4446 ι

514 4463 628 4531 (35)
656 4461 777 4533 lloc
811 4461 999 4533 eodem
1021 4472 1341 4533 argumento
1365 4461 1629 4519 adversus
1659 4463 2019 4521 Mnntanistas

2124 4181 2345 4239 Christo
2380 4180 2663 4236 Salvatore
2693 4193 2855 4236 omne
2888 4180 3103 4235 animat.
3139 4197 3158 4231 ι

2124 4257 2143 4305 ι
2198 4252 2313 4322 ('58)
2347 4251 2481 4306 Mire
2518 4251 2608 4322 hic
2635 4260 2690 4304 et
2733 4251 2786 4322 in
2834 4265 2986 4322 seqq.
3027 4250 3355 4322 depravatus
3393 4257 3482 4322 est
3520 4250 3696 4306 codex

2127 4319 2469 4391 CaSinensis,
2518 4320 2571 4374 in
2616 4335 2726 4391 quo
2770 4319 2985 4390 legitur.
3041 4319 3522 4391 r_Abundantihus
3566 4336 3697 4391 vero

2124 4396 2391 4449 confitens
2422 4390 2613 4447 Paulo.
2634 4388 2844 4446 ’Μαηεὶ
2864 4391 3003 4444 dixit
3032 4388 3250 4445 :Tuum
3299 4397 3354 4444 et
3387 4389 3565 4459 ipsius
3610 4390 3698 4444 in-

2125 4466 2268 4520 dicio
2292 4462 2718 4531 comprehensus
2746 4477 2835 4527 es;
2876 4464 2989 4515 haec
3027 4460 3170 4515 enim
3204 4475 3422 4515 versum
3463 4470 3517 4515 te
3546 4461 3700 4515 Iocu-

440 4516 624 4604 utitur,
654 4516 974 4589 Theodorus
1027 4516 1338 4589 lieraeleOta
1372 4516 1446 4587 in
1480 4516 1624 4604 ’έέῲζ
1660 4516 2017 4604 initiis};
2051 4516 2094 4571 υ
2128 4516 2543 4604 ιιιέξὶέιιυιξιιιε,
2584 4516 2711 4602 quia
2749 4516 3120 4604 du'm‘meyis
3158 4530 3361 4604 probra
3375 4531 3693 4604 _eonjieere,

439 4601 625 4662 Joan..
662 4619 806 4657 vers.
840 4604 927 4667 I7,
960 4620 1087 4674 cum
1116 4604 1294 4674 inquit
1320 4622 1334 4658 :
1357 4622 1384 4674 Ῠι
1422 4603 1554 4658 Nam
1570 4601 1625 4660 'si
1664 4605 1771 4660 illis
1800 4622 1908 4659 non
1938 4601 2016 4659 di-

439 4674 735 4744 ligentibus
769 4674 968 4736 solum,
1002 4673 1095 4728 sed
1129 4673 1311 4744 etpro
1354 4673 1460 4729 Deo
1493 4684 1720 4730 mortem
1756 4687 2017 4744 oppeten-

442 4690 735 4797 ιιῖριιιιυιιε
769 4690 968 4736 solum,
1002 4690 1095 4728 seu
1129 4690 1182 4728 et
1211 4690 1311 4744 pro
1354 4690 1460 4729 ueo
1493 4690 1720 4730 mortem
1756 4690 2012 4744 oppeten-

441 4744 480 4799 ti
526 4760 610 4806 us,
637 4759 750 4826 non
784 4746 1051 4826 misisset,
1086 4758 1247 4826 quem
1294 4747 1621 4826 prOmiscrat
1649 4746 2012 4826 Paracletum,

441 4814 747 4886 secundum
784 4812 1145 4886 Phrygiarum
1181 4812 1536 4886 impietatem,
1576 4818 1921 4872 mendacium
1959 4812 2013 4871 in

441 4883 775 4958 Evangeliis‘
799 4883 1150 4958 reperiretur.
1184 4885 1408 4950 Quodsi
1441 4902 1591 4951 vero,
1636 4904 1758 4943 cum
1797 4888 1868 4941 sit
1900 4888 2015 4958 ipsa

441 4956 665 5019 Veritas,
709 4955 917 5009 miserit
958 4956 1023 5009 iis
1068 4955 1328 5023 Spiritum
1376 4966 1649 5019 sanctum.
1688 4967 1889 5011 temere
1921 4955 2015 5012 er-

439 5026 614 5080 rando
649 5025 1166 5090 comminiscuntur,
1208 5029 1452 5081 dicentes
1483 5044 1576 5095 per
1614 5028 1926 5083 Montanum
1964 5037 2018 5082 et

441 5095 748 5152 Priscillam
801 5096 1027 5151 missum
1071 5111 1191 5150 esse
1220 5095 1561 5151 Paracletuin
1598 5107 1721 5167 post
1750 5100 2019 5153 ducentos

441 5177 494 5222 et
524 5167 746 5233 triginta
778 5182 954 5220 annos
984 5167 1052 5219 ab
1080 5169 1379 5234 apostolica
1417 5169 1589 5237 gratia
1623 5178 1950 5223 transactos.
1994 5188 2012 5220 ι

515 5238 626 5308 (56)
656 5238 1032 5292 Contentionis
1062 5247 1193 5292 aestu
1238 5248 1393 5292 actus
1439 5238 1651 5291 videtur
1682 5239 1771 5293 hic
1812 5239 2019 5293 dixisse

442 5306 765 5372 Areltelaus,
796 5318 915 5377 post
945 5317 1215 5362 trecentos
1236 5317 1287 5362 et
1317 5308 1550 5377 amplius
1572 5323 1746 5363 annos
1765 5324 1794 5362 a
1811 5308 2017 5364 Christi

443 5386 618 5433 morte
662 5377 927 5432 Manetetn
972 5378 1262 5432 emersisse
1295 5396 1309 5431 :
1341 5393 1467 5432 nam
1519 5393 1547 5431 a
1585 5378 1790 5433 Christi
1845 5390 2021 5434 morte

442 5463 619 5518 usque
648 5450 714 5504 ad
750 5448 945 5503 habitae
970 5464 1092 5504 eum
1123 5446 1334 5502 Manete
1360 5448 1750 5519 disputationis
1772 5458 2017 5519 tempus,

441 5517 569 5574 anni
607 5520 823 5575 circiter
857 5536 1045 5574 ecxux
1082 5520 1440 5573 intercedunt.
1473 5517 1605 5573 Vide
1646 5517 2019 5589 praefationem

441 5598 687 5643 nostram
714 5592 768 5644 itt
806 5590 844 5644 A
857 5591 1089 5644 rrltelao.

517 5660 630 5728 (37)
663 5660 834 5714 Parva
868 5662 1170 5715 mutatione
1217 5660 1363 5714 hunc
1398 5661 1575 5715 locum
1622 5669 1789 5725 recte,
1826 5661 1882 5715 ni
1917 5659 2019 5713 fal-

441 5728 549 5802 lor.
580 5731 1013 5802 emendavimus.
1052 5732 1143 5802 qui
1190 5730 1243 5785 in
1281 5732 1469 5802 codice
1520 5733 1802 5788 Casinensi
1852 5733 1925 5802 ita
1964 5746 2023 5784 se

445 5798 650 5855 habet:
686 5819 705 5854 ι
756 5798 861 5857 Sed
895 5801 1037 5857 absit
1068 5798 1234 5858 'banc
1264 5817 1293 5857 a
1347 5801 1577 5857 Domino
1638 5814 1826 5858 nostro
1892 5799 2020 5856 Jesu

2120 4600 2317 4675 majofi
2354 4603 2523 4672 culpte
2569 4600 2627 4657 se
2670 4601 2993 4675 succumbit.
3023 4600 3247 4675 Dieage
3291 4601 3424 4675 mihi
3459 4603 3692 4675 studias,

2117 4671 2226 4747 qua
2262 4671 2485 4747 Tiberio
2520 4689 2699 4747 usque
2725 4672 2792 4726 ad
2834 4671 3073 4747 Probum
3120 4671 3362 4747 defuncti
3408 4684 3560 4735 sunt,
3605 4672 3693 4747 di-

2115 4739 2239 4801 cent
2271 4747 2335 4800 ad
2359 4743 2569 4807 Jesum,
2595 4739 2759 4797 nolite
2784 4757 2884 4797 nos
2896 4743 3163 4811 judicare.
3193 4761 3211 4791 ι
3237 4739 3346 4795 Nos
3373 4751 3454 4795 tot
3470 4743 3690 4803 menda.

2116 4827 2381 4885 quantum
2408 4830 2512 4886 per
2554 4814 2901 4885 conjecturas
2929 4812 3114 4878 licuit,
3156 4812 3465 4883 abstergere
3509 4811 3693 4868 conati

2117 4904 2327 4943 SIIIIIIIS.

2192 4958 2302 5027 (59)
2342 4955 2575 5027 verbum
2629 4975 2647 5006 ι
2687 4954 3013 5027 missurum,
3046 4971 3065 5005 ι
3109 4960 3292 5007 nostra
3329 4952 3689 5027 cs_t__additio,

2119 5023 2240 5081 cum
2275 5023 2327 5080 in
2373 5025 2653 5081 Casinensi
2686 5025 2853 5090 desit;
2885 5034 2939 5078 et
2975 5038 3105 5078 sane
3152 5038 3338 5077 vocem
3388 5023 3562 5087 illam,
3612 5023 3693 5077 vel

2121 5098 2251 5166 quid
2287 5097 2463 5153 simile
2494 5096 2566 5150 ibi
2604 5094 2836 5150 deiicere
2860 5094 2977 5164 ipsa
3005 5094 3272 5150 orationis
3310 5094 3482 5150 series
3508 5103 3695 5148 esten-

2119 5169 2218 5224 dit.

2192 5237 2304 5308 (40)
2335 5235 2393 5291 In
2432 5235 2835 5308 Casinensiest,
2864 5256 2883 5290 ι
2913 5236 3021 5292 noli
3045 5246 3231 5293 nostra
3251 5234 3318 5308 de
3347 5235 3690 5302 tormentis,»

2120 5305 2488 5370 nullo'sensu,
2525 5307 2627 5360 nisi
2658 5316 2719 5360 ttt
2742 5305 2953 5363 editum
2987 5318 3089 5371 est,
3120 5307 3442 5375 corrigatur.

2194 5378 2308 5449 (41)
2352 5376 2408 5431 In
2455 5378 2641 5432 codice
2665 5377 2950 5433 Casinensi
2983 5379 3063 5433 sic
3098 5374 3298 5449 legitur
3334 5394 3346 5429 :
3383 5394 3403 5426 ι
3449 5374 3561 5429 Sed
3593 5375 3695 5449 hoc

2122 5445 2300 5503 solum
2346 5449 2594 5502 ultimum
2637 5463 2809 5518 genus
2850 5445 3173 5514 hominum;
3203 5455 3262 5500 ut
3300 5445 3613 5518 eas,dquod
3662 5461 3693 5499 a

2125 5518 2345 5573 Tiberio
2372 5529 2475 5581 est,
2500 5516 2796 5572 salvantur.
2836 5539 2854 5571 ι
2879 5518 2989 5574 Nos
3013 5528 3195 5573 autem
3229 5517 3393 5569 verba
3424 5516 3540 5579 illa,
3578 5534 3599 5566 ι
3636 5524 3694 5569 ιιι

2123 5605 2238 5654 eas,
2272 5608 2290 5641 ι
2327 5590 2663 5657 interpretati
2695 5604 2908 5652 sumus,
2941 5608 2959 5640 ι
2992 5598 3051 5643 ut
3088 5589 3189 5650 ais,
3228 5607 3246 5639 ι
3280 5587 3532 5656 exemplo
3559 5586 3694 5657 alte-

2124 5660 2240 5715 rius
2272 5660 2377 5715 loci
2405 5656 2544 5713 infra
2572 5674 2691 5729 cap.
2713 5659 2803 5718 50.
2837 5660 2927 5713 ubi
2957 5677 2977 5709 ι
3008 5669 3067 5713 ιιι
3089 5674 3169 5722 as,
3201 5678 3219 5709 ι
3252 5671 3372 5729 pro,
3402 5676 3420 5707 ι
3454 5665 3511 5710 ιιι
3534 5656 3636 5719 ais,
3668 5674 3688 5707 ι

2126 5732 2231 5792 vel,
2267 5748 2285 5780 ι
2322 5738 2377 5783 ιιι
2403 5727 2679 5794 ιιςςθιίεξι
2717 5744 2746 5782 a
2779 5730 3000 5786 librario
3033 5727 3294 5799 scriptum
3322 5727 3509 5793 fuisse,
3528 5741 3693 5783 sensu

2126 5802 2243 5867 ipso
2273 5811 2550 5871 poscente,
2577 5800 2931 5871 conjecimus.
