3982 6346
302 308 443 385 M73

1298 306 1305 315 ’
1399 312 1543 403 (ΖῌΜ
1575 310 1858 368 ΜᾹΝΕΤΕ
1899 307 2433 367 llERESlARCHA.

3384 303 3525 359 NH

301 435 505 499 dinem,
534 431 628 501 qui
656 431 795 488 inter
818 431 998 503 justos
1028 439 1420 488 enumerantur
1450 430 1587 500 (42),
1618 445 1741 485 cum
1780 430 1863 485 lex
1895 436 1939 492 Α
1967 429 2182 499 piamus
2206 442 2271 482 ex
2305 426 2411 492 his,
2434 440 2621 480 eorum
2644 440 2764 495 quae
2790 422 2989 479 habere
3010 431 3062 476 te
3082 421 3242 490 dicis;
3273 430 3332 477 ut
3352 424 3396 477 si
3424 425 3538 479 haec

301 541 411 583 non
432 535 576 580 esset
596 522 788 597 Moysi,
824 539 947 579 cum
980 525 1258 595 prophetae
1296 523 1476 578 oborti
1518 537 1626 577 non
1663 532 1868 587 essent,

304 633 405 673 nec
430 617 725 687 prophetiae
753 631 954 670 munus
981 615 1331 685 implessent?
1351 613 1541 670 Nonne
1567 613 1701 684 justi
1744 614 1872 668 elle—

303 708 376 764 cti
406 718 536 764 sunt
562 722 630 762 ex
659 722 724 762 eo
745 708 890 777 quod
920 708 1089 776 legem
1126 706 1421 777 implebant
1456 723 1470 760 :
1513 725 1531 757 ι
1570 705 1872 761 Ostendens

306 796 693 865 unusquisque
719 810 908 849 eorum
927 810 1065 863 opus
1090 795 1225 866 legis
1252 797 1512 865 scriptum
1542 796 1654 867 (45)
1683 797 1735 851 in
1758 812 1875 852 cor-

302 886 465 941 dibus
503 887 651 951 suis,
705 886 1072 941 testimonium
1114 885 1372 941 reddente
1414 888 1494 942 eis
1536 888 1872 944 conscientia

306 993 405 1033 sua
435 977 517 1032 “2
552 997 571 1030 ι
607 977 741 1032 Cum
775 979 917 1033 enim
946 979 1069 1048 quis
1096 978 1266 1047 legem
1298 994 1403 1031 non
1433 979 1668 1046 habens,
1712 991 1874 1035 natu-

306 1068 513 1133 raliter,
547 1084 669 1138 quae
707 1069 839 1139 legis
871 1077 1018 1135 sunt,
1056 1068 1222 1135 l'acit;
1265 1068 1354 1124 hic
1400 1069 1570 1141 legem
1618 1085 1726 1125 non
1774 1071 1874 1124 ha-

305 1159 463 1227 bens,
490 1162 605 1231 ipse
636 1160 738 1216 sibi
774 1170 858 1217 est
889 1161 994 1216 lex.
1028 1160 1094 1215 Et
1122 1160 1333 1216 intuere
1363 1160 1761 1217 multitudinem
1798 1161 1876 1217 le-

308 1267 437 1322 gum
468 1266 563 1322 per
584 1251 826 1323 singulos
863 1252 1044 1321 justos
1068 1290 1083 1315 ,
1116 1252 1209 1322 qui
1260 1251 1398 1307 bene
1430 1253 1660 1325 agebant
1705 1253 1875 1307 vitam

308 1356 493 1409 suam,
520 1359 666 1398 nunc
693 1358 759 1398 ex
793 1344 1099 1414 semetipsis
1143 1342 1484 1414 proferentes
1527 1344 1582 1398 in
1618 1343 1878 1400 cordibus

306 1435 427 1491 suis
457 1435 675 1491 insitam
712 1434 804 1490 Dei
838 1435 1031 1506 legem,
1064 1450 1210 1491 iiunc
1238 1450 1267 1490 a
1295 1435 1530 1507 propriis
1564 1436 1878 1506 parentibus

307 1526 646 1598 inquirentes
676 1568 693 1595 ,
737 1528 1033 1598 aliquando
1076 1528 1240 1583 etiam
1273 1528 1343 1582 ab
1378 1527 1780 1598 antiquioribus
1826 1534 1881 1582 et

307 1617 620 1673 senioribus
648 1619 1010 1674 addiscentes.
1046 1616 1248 1674 Verum
1276 1618 1404 1688 quia
1428 1618 1585 1688 pauci
1614 1631 1711 1687 per
1735 1618 1881 1672 hunc

307 1708 533 1762 modum
568 1708 680 1779 (Η)
705 1716 955 1777 poterant
980 1709 1045 1763 ad
1070 1708 1294 1779 iustitia:
1323 1709 1536 1763 culmen
1567 1708 1878 1774 ascendere,

309 1796 368 1852 id
403 1805 507 1862 est,
550 1812 646 1867 per
690 1806 972 1867 parentum
1015 1796 1370 1864 traditiones,
1413 1796 1562 1851 nulla
1603 1797 1657 1851 in
1694 1795 1884 1852 litteris

306 1887 429 1958 lege
453 1888 757 1958 conscripta
786 1905 801 1955 ;
836 1889 1126 1944 miseratus
1158 1897 1242 1944 est
1282 1889 1424 1944 Deus
1454 1888 1749 1943 humanum
1796 1903 1886 1958 ge—

307 1995 439 2041 nus,
462 1988 517 2034 et
543 1981 801 2049 scriptam
825 1981 996 2052 legem
1019 1997 1114 2051 per
1134 1980 1351 2053 Moysen
1380 1981 1549 2035 voluit
1575 1981 1886 2036 hominibus

308 2069 466 2133 dare,
505 2071 762 2139 quoniam
813 2071 1031 2141 quidem
1083 2088 1189 2126 non
1237 2071 1482 2142 apprime
1528 2071 1584 2124 in
1631 2071 1887 2126 cordibus

310 2177 507 2217 eorum
540 2161 807 2217 naturalis
833 2161 968 2232 legis
1000 2162 1228 2232 aequitas
1253 2162 1606 2217 retinebatur.
1633 2159 1888 2216 Consona

308 2256 479 2325 igitur
514 2254 701 2324 prima!
727 2254 990 2309 creationi
1020 2255 1270 2308 humanae
1318 2254 1379 2308 lit
1414 2254 1468 2307 in
1494 2254 1687 2309 litteris
1728 2253 1890 2324 legis-

310 2348 448 2401 latio
472 2385 487 2411 ,
531 2361 652 2416 qua:
679 2360 775 2416 per
799 2343 1019 2415 Moysen
1046 2345 1206 2399 datur
1229 2343 1420 2399 salutis
1445 2358 1609 2399 causa
1636 2344 1892 2414 plurimo-

308 2453 458 2494 rum.
491 2435 548 2492 Si
589 2439 735 2492 enim
780 2436 1118 2492 aestimamus
1158 2436 1432 2491 hominem
1474 2437 1592 2491 sine
1636 2436 1891 2507 operibus

312 2531 452 2602 legis
484 2528 791 2600 justiﬁcari,
831 2537 887 2584 et
926 2528 1201 2583 Abraham
1249 2538 1526 2599 reputatus
1565 2538 1649 2584 est
1686 2529 1889 2598 justus;

312 2629 525 2691 quanto
552 2618 726 2688 magis
758 2617 795 2671 ii
816 2618 909 2689 qui
944 2615 1355 2686 adimpleverint
1381 2617 1581 2687 legem,
1610 2614 1893 2670 continen-

316 2721 429 2769 tem
456 2726 519 2766 ea
550 2725 671 2780 quae
699 2708 1012 2765 hominibus
1043 2707 1357 2777 expediunt,
1384 2706 1653 2777 justitiam
1685 2718 1876 2760 conse-

316 2801 594 2875 quentur?
628 2798 692 2854 Et
723 2798 981 2869 quoniam
1011 2797 1174 2852 trium
1205 2797 1549 2852 solummodo
1576 2810 1891 2852 sermonum

318 2892 650 2948 mentionem
704 2888 923 2955 fecisti,
964 2889 1033 2943 de
1085 2889 1284 2959 quibus
1328 2888 1621 2958 Apostolus
1670 2888 1807 2942 dixit
1876 2906 1890 2942 :

323 3003 348 3038 s
380 2983 732 3040 blinisterium
764 2985 958 3037 mortis
987 2997 1108 3038 esse
1126 2982 1297 3053 legem
1328 2982 1397 3045 δι’,
1432 2997 1452 3031 ι
1484 2990 1539 3035 et
1569 2998 1588 3031 ι
1617 2979 1892 3036 Christum

320 3076 621 3133 redemisse
649 3090 749 3130 nos
793 3076 860 3130 de
903 3073 1193 3128 maledicto
1248 3072 1386 3143 legis
1424 3073 1501 3139 ",
1541 3081 1597 3127 et
1634 3074 1891 3143 quoniam

326 3191 348 3223 ι
386 3168 571 3225 Virtus
597 3168 803 3239 peccati
831 3176 916 3225 est
947 3168 1033 3222 lex
1068 3167 1153 3233 ⁸³;
1207 3185 1227 3218 ι
1272 3167 1409 3222 adde
1454 3168 1633 3222 adhuc
1659 3207 1675 3232 ,
1716 3176 1771 3223 et
1811 3168 1898 3223 die

322 3270 745 3332 quantacunque
787 3260 884 3315 tibi
933 3258 1184 3314 videntur
1228 3259 1490 3315 adversus
1547 3259 1716 3330 legem
1779 3274 1901 3315 esse

323 3354 661 3424 conscripta.

396 3445 590 3500 XXIX.
624 3444 806 3499 Manes
830 3444 968 3498 dixit
1003 3461 1024 3499 :
1060 3444 1252 3499 Annon
1281 3442 1422 3497 idem
1455 3449 1566 3509 est,
1610 3440 1756 3513 quod
1808 3440 1895 3497 Je-

325 3552 425 3592 sus
446 3536 515 3591 ad
534 3536 830 3607 discipulos
850 3536 1051 3603 aiebat,
1080 3536 1394 3591 incredulos
1416 3550 1512 3591 eos
1532 3550 1653 3592 esse
1676 3536 1902 3590 demon-

326 3636 512 3683 strans
543 3645 558 3683 :
596 3645 617 3679 ι
657 3627 766 3683 Vos
789 3643 855 3683 ex
884 3639 1034 3699 patre
1078 3629 1294 3684 diabolo
1327 3629 1493 3695 estis,
1540 3637 1595 3684 et
1635 3629 1899 3685 desideria

328 3719 502 3790 patris
544 3719 707 3774 vestri
736 3717 915 3774 lacere
945 3719 1110 3775 vultis
1141 3720 1211 3770 ιιι
1261 3739 1280 3772 ι
1332 3718 1447 3777 lloc
1496 3721 1683 3791 utique
1729 3714 1900 3787 dicit,

331 3808 464 3879 quia
493 3820 697 3879 quanta
722 3810 954 3865 voluerit
979 3811 1248 3881 malignus
1273 3814 1523 3883 princeps
1552 3812 1718 3883 hujus
1744 3827 1907 3866 mun-

333 3905 415 3973 di,
433 3914 489 3961 et
504 3912 704 3977 quanta
729 3904 1136 3970 desideraverit,
1162 3920 1258 3975 per
1282 3905 1499 3979 Moysen
1536 3907 1836 3976 scripserit,
1852 3915 1906 3961 et

334 3995 549 4051 dederit
583 3993 894 4050 hominibus
919 3994 1183 4051 facienda.
1242 4014 1262 4047 ι
1310 3997 1403 4052 llle
1443 3997 1588 4052 enim
1633 3996 1905 4052 homicida

337 4096 426 4143 est
450 4086 519 4142 ab
536 4085 711 4151 initio,
728 4095 781 4142 et
807 4086 861 4141 in
894 4087 1118 4142 veritate
1143 4102 1249 4142 non
1282 4088 1454 4155 stetit,
1475 4088 1733 4159 quoniam
1758 4089 1906 4143 veriv-

332 4188 420 4233 tas
450 4178 505 4232 in
551 4192 618 4234 eo
652 4193 761 4234 non
798 4187 916 4246 est;
959 4193 1084 4234 cum
1126 4178 1367 4250 loquitur
1408 4180 1749 4236 mendacium
1774 4221 1791 4248 ,
1839 4179 1908 4236 de

333 4272 451 4327 suis
480 4273 714 4343 propriis
752 4273 993 4343 loquitur
1027 4274 1289 4343 quoniam
1323 4275 1557 4329 mendax
1589 4283 1711 4341 est,
1765 4277 1907 4332 sicut

285 4356 307 4377 ⁸
331 4373 389 4419 et
420 4373 573 4435 pater
599 4364 718 4436 ejus
743 4364 812 4420 “.
842 4384 862 4417 ι
892 4365 1176 4420 Archelaus
1199 4366 1335 4421 dixit
1363 4381 1381 4419 :
1413 4364 1621 4421 Suﬁicit
1644 4368 1736 4423 tibi
1767 4367 1904 4432 haec,

1970 529 2116 575 recte
2142 519 2319 590 posita
2350 517 2554 572 fuerint
2577 518 2813 580 inventa,
2851 515 3013 568 etiam
3052 515 3259 584 reliqua
3291 528 3415 569 cum
3451 514 3539 570 his

1971 618 2440 667 annumereutor:
2476 610 2560 663 sin
2597 608 2808 672 minus,
2849 621 2943 661 ero
2972 620 3074 675 ego
3104 605 3375 659 obnoxius
3415 620 3541 660 sen-

1971 702 2154 756 tentia;
2178 700 2449 769 iudicum,
2485 698 2538 752 id
2566 706 2670 762 est,
2700 698 2826 751 victi
2854 695 3201 765 ignominiam
3227 692 3417 748 feram.
3445 693 3544 750 Ais

1972 808 2102 863 ergo
2131 791 2490 846 ministerium
2523 790 2711 843 mortis
2739 802 2860 842 esse
2902 788 3071 857 legem
3092 828 3107 853 ,
3149 796 3203 841 et
3239 787 3540 856 principem

1974 884 2139 953 hujus
2175 883 2363 937 mundi
2388 890 2638 943 mortem,
2678 894 2905 949 regnare
2932 880 3001 933 ab
3047 879 3216 933 Adam
3262 893 3433 948 usque
3473 876 3544 933 ad

1975 972 2234 1043 Moysen;
2262 972 2522 1041 scriptum
2552 979 2638 1026 est
2662 970 2807 1025 enim
2848 989 2860 1023 :
2890 987 2909 1021 ι
2943 972 3001 1022 ln
3026 986 3121 1025 eos
3146 971 3240 1039 qui
3279 985 3386 1024 non
3428 968 3544 1039 (45)

1974 1073 2334 1133 peccaverunt
2362 1062 2429 1115 ⁵⁵.
2469 1080 2488 1114 ι
2524 1060 2704 1114 Manes
2737 1060 2920 1113 dixit:
2954 1059 3095 1129 Ergo
3127 1075 3275 1114 mors
3302 1057 3550 1130 regnavit

1976 1157 2094 1210 sine
2125 1154 2311 1221 dubio,
2344 1155 2473 1224 quia
2506 1153 2739 1208 dualitas
2764 1162 2868 1220 est,
2896 1168 2997 1208 nec
3021 1153 3196 1215 aliter,
3232 1153 3335 1208 nisi
3363 1159 3549 1209 essent

1976 1245 2238 1316 ingenita.
2295 1244 2582 1299 Archelaus
2631 1245 2771 1298 dixit
2824 1260 2843 1298 :
2888 1245 2956 1300 Et
2990 1244 3263 1312 quomodo
3310 1245 3550 1315 ingenita

1980 1350 2129 1392 mors
2159 1345 2309 1392 certo
2339 1351 2405 1391 ex
2439 1346 2680 1405 tempore
2724 1335 2874 1407 regni
2915 1334 3081 1390 sumit
3120 1333 3444 1389 exordium?
3477 1334 3550 1391 ab

1977 1426 2149 1483 Adam
2179 1429 2347 1494 enim,
2375 1426 2572 1498 inquit,
2606 1435 2661 1482 et
2683 1442 2791 1483 non
2817 1425 2953 1481 dixit
2986 1435 3112 1480 ante
3136 1424 3329 1479 Adam.
3363 1424 3549 1480 Manes

1979 1513 2118 1576 dixit
2145 1536 2163 1574 :
2193 1517 2480 1586 Quomodo
2509 1533 2660 1580 vero.
2698 1526 2753 1573 et
2771 1518 3079 1588 justorum,
3109 1525 3164 1573 et
3204 1527 3550 1587 peccatorum

1980 1612 2280 1668 obtinuerit
2324 1627 2549 1682 regnum
2593 1611 2780 1667 dicito.
2825 1609 3114 1664 Archelaus
3163 1611 3299 1664 dixit
3340 1626 3359 1664 :
3407 1609 3548 1667 Cum

1982 1705 2133 1774 prius
2163 1702 2448 1760 confessus
2476 1701 2666 1766 lueris,
2688 1702 2814 1774 quia
2841 1718 2870 1757 a
2905 1716 3161 1770 tempore.
3187 1714 3240 1758 et
3258 1718 3366 1757 non
3391 1712 3547 1758 auter,

1918 1781 1956 1836 Β
1984 1796 2151 1851 nitate
2182 1796 2444 1866 regnavit,
2477 1803 2591 1849 tum
2621 1794 2819 1849 dicam.
2855 1793 3036 1847 Manes
3061 1795 3198 1847 dixit
3229 1812 3247 1849 :
3278 1794 3548 1865 Scriptum

1984 1888 2222 1952 esthoc,
2251 1887 2375 1957 quia
2418 1906 2436 1938 ι
2489 1887 2558 1941 ab
2599 1886 2770 1940 Adam
2814 1901 2982 1956 usque
3019 1886 3084 1939 ad
3128 1886 3312 1941 Mosen
3357 1902 3551 1958 regna-

1986 1980 2062 2033 vit
2085 1980 2149 2031 5°.
2191 1999 2209 2031 ›
2249 1979 2535 2033 Archelaus
2564 1976 2701 2033 dixit
2732 1996 2750 2033 :
2777 1979 2919 2048 Ergo
2938 1991 2987 2034 et
3014 1979 3171 2033 linem
3200 1980 3380 2046 habet,
3410 1980 3557 2051 quod

1996 2069 2160 2139 cmpit
2188 2084 2253 2125 ex
2284 2079 2524 2139 tempore
2555 2067 2688 2140 (46);
2714 2077 2768 2123 et
2796 2086 2983 2124 verum
3012 2079 3096 2125 est
3126 2071 3255 2126 illud
3285 2073 3429 2142 quod
3467 2072 3558 2127 di-

1988 2168 2134 2214 ctum
2167 2168 2271 2225 est,
2310 2162 2437 2230 quia
2478 2180 2497 2213 ι
2533 2162 2787 2231 absorpta
2813 2169 2898 2217 est
2923 2178 3070 2218 mors
3094 2164 3146 2216 in
3180 2163 3404 2219 victoria
3432 2164 3499 2219 ⁸⁷.
3530 2182 3553 2216 s

1990 2253 2165 2308 Etiam
2227 2253 2463 2324 ingenita
2502 2269 2610 2307 non
2650 2254 2792 2317 erit,
2843 2269 2963 2323 quae
3000 2262 3055 2308 et
3091 2254 3303 2310 initium
3359 2256 3561 2313 habere

1990 2352 2348 2410 monstratur,
2379 2353 2433 2400 et
2460 2344 2642 2399 ﬁnem.
2678 2343 2861 2399 Manes
2888 2345 3066 2400 dixit:
3098 2344 3240 2401 Deus
3273 2361 3403 2418 ergo
3437 2362 3558 2401 eam

1992 2435 2137 2491 fecit.
2176 2436 2464 2491 Archelaus
2498 2436 2635 2491 dixit
2669 2453 2688 2490 :
2717 2435 3091 2507 Nequaquam,
3126 2438 3270 2493 absit
3309 2456 3322 2492 :
3358 2457 3377 2489 ι
3418 2436 3560 2494 Deus

1990 2528 2137 2583 enim
2167 2538 2397 2583 mortem
2432 2545 2541 2583 non
2573 2530 2718 2594 l’ecit,
2764 2545 2863 2585 nec
2908 2531 3121 2585 laetatur
3158 2531 3213 2585 in
3257 2531 3561 2601 perditione

1990 2619 2240 2674 vivorum
2264 2620 2331 2674 ⁸⁸.
2374 2637 2393 2671 ι
2431 2619 2613 2675 Manes
2656 2621 2793 2677 dixit
2835 2636 2852 2673 :
2890 2619 3033 2676 Deus
3072 2635 3191 2675 eam
3240 2636 3349 2676 non
3400 2621 3560 2687 fecit;

1994 2712 2134 2767 facta
2163 2722 2342 2768 tamen
2370 2721 2471 2780 est,
2502 2723 2562 2768 ut
2590 2715 2673 2769 ais
2706 2732 2722 2769 :
2754 2731 2784 2769 a
2817 2730 2928 2785 quo
2958 2715 3227 2785 acceperit
3252 2715 3564 2786 imperium,

1993 2807 2076 2860 vel
2104 2807 2265 2875 a'quo
2290 2814 2471 2859 creata
2504 2807 2592 2871 sit,
2626 2807 2812 2861 dicito.
2846 2807 3135 2862 Archelaus
3159 2807 3296 2862 dixit
3323 2824 3341 2862 :
3375 2808 3433 2863 Si
3460 2809 3566 2865 hoc

1996 2895 2308 2966 plenissime
2360 2896 2683 2960 ostendero,
2729 2898 2873 2965 quod
2906 2898 3267 2953 substantiam
3314 2899 3567 2969 ingenitae

1997 2996 2205 3044 natura:
2229 3002 2377 3042 mors
2407 2986 2606 3041 habere
2640 3004 2747 3041 non
2779 2990 2969 3058 possit,
3001 3005 3183 3045 nonne
3224 2991 3569 3046 conﬁteberis

1999 3097 2166 3136 unum
2200 3080 2366 3136 Deum
2399 3096 2540 3147 esse,
2571 3090 2625 3134 et
2660 3081 2804 3137 hunc
2830 3082 3153 3151 ingenitum?
3176 3081 3357 3136 Manes
3378 3084 3515 3137 dixit
3548 3098 3569 3138 :

2001 3170 2269 3241 Loquere,
2302 3172 2575 3227 subtiliter
2599 3172 2742 3227 enim
2767 3174 2850 3227 vis
2882 3173 3092 3229 discere
3123 3175 3256 3246 (Π).
3282 3175 3571 3231 Archelaus

1996 3260 2134 3316 «fixit
2161 3277 2181 3317 :
2227 3262 2365 3329 Quia
2401 3271 2460 3318 tu
2494 3263 2658 3318 verba
2707 3264 2797 3319 illa
2839 3264 2912 3318 ita
2958 3265 3272 3334 protulisti,
3311 3275 3571 3338 tanquam

2000 3354 2096 3410 tibi
2144 3356 2468 3425 proﬁcerent
2514 3357 2581 3411 ad
2630 3358 2997 3413 ostensionem
3037 3359 3289 3428 ingenitae
3324 3362 3566 3428 radicis;

2002 3446 2277 3502 sullieiunt
2295 3457 2471 3502 tamen
2499 3449 2660 3504 nobis
2673 3458 2727 3503 et
2747 3464 2809 3504 ea
2838 3464 2958 3517 quae
2984 3464 3149 3518 supra
3175 3458 3399 3505 tractata
3418 3460 3568 3518 sunt,

2002 3540 2055 3593 in
2086 3539 2286 3609 quibus
2314 3540 2626 3610 plenissime
2661 3540 3036 3604 ostendimus,
3073 3541 3410 3611 impossibile
3447 3558 3573 3600 esse

2001 3631 2234 3687 duarum
2261 3642 2390 3688 natu
2400 3649 2583 3688 rarum
2606 3633 2967 3705 ingenitarum
2984 3633 3246 3690 exsistere
3260 3649 3421 3704 posse
3442 3635 3577 3689 sub-

2001 3724 2250 3780 slantias.

2071 3814 2241 3869 XXX.
2268 3813 2484 3871 Iudices
2511 3816 2764 3870 dixerunt
2806 3832 2824 3870 :
2852 3815 2947 3870 Dic
2981 3817 3045 3871 ad
3096 3832 3158 3871 ea
3186 3856 3203 3881 ,
3252 3831 3373 3885 quae
3405 3833 3577 3887 nuper

2002 3907 2288 3976 proposuit
2312 3948 2338 3985 ,.
2375 3907 2658 3963 Arclielae.
2707 3908 2997 3962 Archelaus
3027 3909 3163 3962 dixit
3214 3924 3232 3961 :
3269 3906 3577 3977 Principem

2004 3997 2212 4064 inundi,
2244 4006 2300 4051 et
2332 3998 2648 4069 malignum,
2675 4011 2727 4054 et
2758 3999 3026 4065 tenebras,
3049 4006 3106 4053 et
3146 4007 3376 4053 mortem
3406 4015 3579 4054 unum

2004 4086 2365 4160 eumdemque
2387 4106 2508 4145 esse
2536 4091 2686 4157 dicit,
2715 4092 2997 4162 legemque
3025 4093 3092 4146 ab
3127 4107 3191 4146 eo
3215 4092 3422 4161 datam,
3446 4108 3576 4164 pro-

2005 4192 2124 4253 pter
2154 4184 2259 4240 boc
2293 4184 2437 4252 quod
2469 4184 2730 4254 scriptum
2774 4191 2858 4239 est
2911 4201 2926 4237 :
2971 4202 2990 4235 ι
3038 4183 3397 4239 Ministerium
3433 4200 3581 4239 mor-

2008 4275 2078 4330 tis
2104 4276 2173 4339 ”,
2212 4293 2230 4326 ι
2266 4284 2321 4330 et
2363 4276 2570 4346 reliqua
2604 4291 2725 4346 quae
2764 4275 2982 4345 objecit.
3009 4273 3303 4342 Quoniam,
3330 4276 3577 4347 inquam,

2009 4368 2166 4440 (48),
2229 4370 2372 4425 sicut
2430 4369 2678 4438 superius
2729 4367 3008 4433 diximus,
3062 4367 3332 4422 malorum
3383 4384 3583 4422 memo-

332 4460 615 4522 sunt.',an
645 4456 813 4512 habes
835 4466 889 4512 et
912 4456 1039 4523 alia,
1054 4472 1175 4528 quae
1200 4456 1376 4513 dicas?
1396 4456 1582 4513 Manes
1608 4458 1770 4513 dixit:
1805 4457 1907 4515 Ha-
1939 4486 1983 4541 ι)
2005 4463 2102 4517 riae
2150 4462 2234 4517 lex
2274 4477 2383 4516 non
2430 4462 2714 4531 diligenter
2759 4460 3027 4526 haerebat,
3068 4460 3269 4530 scripta
3317 4463 3587 4517 naturali-

240 4584 251 4593 -
332 4548 439 4607 beo
464 4549 681 4620 quidem
699 4550 890 4617 multa,
912 4559 966 4605 et
995 4551 1188 4607 horum
1207 4551 1435 4622 majora;
1457 4550 1551 4607 sed
1575 4552 1661 4608 his
1679 4562 1906 4608 conten-
2010 4562 2092 4609 ter
2132 4553 2186 4608 in
2216 4553 2472 4608 cordibus
2501 4568 2690 4607 eorum
2733 4552 2799 4618 °°;
2830 4567 3007 4622 neque
3038 4552 3179 4621 apud
3205 4552 3446 4609 seniores
3466 4564 3585 4608 erat

337 4649 429 4700 tus
459 4660 573 4701 ero.
602 4646 890 4701 Archelaus
914 4646 1096 4700 dixit:
1140 4644 1461 4716 Exemplum
1508 4644 1715 4701 scilicet
1759 4647 1904 4701 acci-

409 4762 454 4795 "
487 4763 644 4817 llom.
677 4765 852 4829 11,15.
973 4767 1019 4798 ⁵ο
1060 4764 1101 4819 ll
1136 4765 1262 4820 Cor.
1292 4781 1375 4831 ιιι,
1410 4764 1463 4818 7.

1567 4765 1613 4804 ιι
1655 4764 1772 4820 Gal.
1830 4779 1914 4830 ιιι,
1946 4765 2033 4819 l5.

2010 4644 2147 4701 satis
2167 4643 2323 4699 ﬁrma
2352 4644 2594 4707 traditio,
2633 4660 2754 4699 cum
2784 4645 2864 4699 eis
2892 4644 3108 4700 inimica
3139 4635 3352 4715 semper
3374 4662 3584 4701 memo-

2142 4763 2188 4795 ⁸³
2216 4761 2235 4814 ι
2266 4761 2390 4815 Cor.
2417 4777 2507 4823 xv,
2538 4762 2627 4817 56.
2739 4762 2785 4793 ⁸³
2812 4761 2971 4817 Joan.
3005 4778 3124 4826 vm,
3147 4762 3238 4817 44.
3347 4762 3395 4797 ⁸ο
3446 4763 3580 4820 Ibid.

341 4832 390 4865 "
419 4831 579 4887 Korn.
605 4849 658 4901 v,
685 4836 771 4889 l4.
847 4835 893 4867 “
925 4836 1063 4889 Ibid.
1132 4836 1177 4866 "
1212 4835 1234 4889 l
1272 4835 1399 4891 Cor.
1438 4851 1529 4902 xv,
1567 4835 1657 4890 54.
1732 4836 1780 4867 ⁸⁸
1808 4833 1892 4905 Sa]

1994 4852 2021 4900 ι,
2063 4834 2149 4887 15.
2220 4832 2266 4864 δ’
2302 4830 2344 4884 ιι
2373 4830 2503 4890 Cor.
2543 4847 2627 4896 ιιι,
2663 4832 2714 4885 7.
2789 4833 2835 4863 ⁸ο
2882 4832 3039 4886 Rom.
3079 4848 3141 4896 ιι,
3189 4834 3270 4887 l5.

412 4973 524 5046 (42)
557 4970 615 5025 In
650 4972 835 5029 codice
867 4972 1176 5029 Casinensi.
1209 4992 1228 5026 ι
1258 4974 1352 5045 qui
1384 4990 1481 5046 per
1514 4975 1784 5042 ordinem,
1816 4974 1909 5045 qui

338 5043 702 5112 inter'justos.
737 5061 755 5093 ι

413 5113 527 5185 (45)
574 5112 630 5166 lu
653 5113 841 5167 eodem
869 5112 1054 5168 codice
1087 5113 1362 5179 scribitur,
1402 5132 1423 5166 ι
1457 5128 1594 5185 opus
1620 5115 1752 5187 legis
1775 5116 1912 5172 scri-

380 5193 520 5239 tura.
558 5201 577 5232 ι

341 5199 529 5324 “(3')
558 5201 638 5324 lia
670 5251 886 5307 videtur
928 5251 1235 5323 legendum,
1267 5252 1394 5309 licet
1435 5253 1489 5308 in
1537 5255 1722 5311 codice
1754 5251 1911 5312 Casi-

343 5322 503 5392 nensi
529 5322 816 5392 scribatur,
848 5341 867 5373 ι
912 5322 1006 5392 per
1038 5324 1180 5377 hunc
1208 5324 1494 5379 mundum.
1536 5344 1555 5377 ι

420 5391 534 5462 (ιδ)
569 5391 805 5466 Irenaeus
827 5391 1045 5466 qucque
1072 5392 1167 5466 lib.
1206 5409 1268 5466 ιιι
1304 5394 1458 5466 Αάυη
1484 5395 1901 5466 Ιιωτεερεηεορ.

420 5409 534 5462 uo}
569 5409 805 5448 irenazus
827 5409 1045 5516 quoque
1073 5409 1167 5447 nn.
1206 5409 1268 5447 ιιι
1304 5409 1433 5448 Adv.
1484 5409 1738 5462 haereses,
1783 5410 1901 5466 cap.

317 5462 439 5523 ‘20.
469 5476 592 5516 cum
629 5464 837 5533 particu
863 5477 893 5517 a
936 5462 1183 5533 n_egativa
1212 5463 1395 5519 laudat
1446 5464 1593 5521 hunc
1638 5464 1701 5520 D.
1752 5465 1907 5520 Pauli

348 5533 526 5587 locum
566 5531 759 5605 :unde
781 5541 928 5605 patet
954 5531 1028 5586 Di
1044 5532 1406 5605 Augustinum
1440 5534 1493 5589 in
1524 5535 1666 5590 libro
1690 5536 1767 5590 De
1788 5553 1911 5605 pec-

347 5612 454 5659 cat.
474 5603 678 5656 meritis
705 5611 754 5655 et
782 5603 1013 5669 remiss.,
1044 5602 1189 5667 lib’J,
1217 5618 1336 5669 cap.
1370 5604 1457 5667 ll,
1491 5616 1634 5661 recte
1660 5602 1910 5661 censuis-

348 5688 428 5745 se,
459 5673 531 5745 ita
562 5674 628 5727 ad
656 5670 967 5745 Graecorum
999 5672 1255 5745 codicum,
1271 5670 1431 5745 ﬁdem
1459 5675 1741 5745 legendum
1766 5691 1908 5740 esse,

349 5742 477 5801 licet
505 5743 562 5797 in
594 5741 787 5811 majori
815 5739 1130 5813 Latinorum
1162 5744 1409 5799 codicum
1436 5739 1588 5815 parte
1619 5747 1738 5802 sine
1783 5761 1909 5817 par-

2009 4973 2170 5029 ticula
2203 4972 2454 5043 negativa
2501 4973 2789 5043 legeretur.
2829 4970 2983 5028 Hanc
3021 4979 3209 5043 tamen
3220 4982 3581 5043 postremam

2006 5042 2297 5098 lectionem
2319 5043 2505 5098 multis
2542 5042 2820 5098 Contendit
2846 5059 3032 5098 veram
3053 5058 3173 5098 esse
3194 5042 3432 5099 Hilarius
3464 5045 3588 5096 dia-

2006 5128 2180 5168 conus
2223 5114 2277 5166 iu
2330 5115 2735 5168 commentariis
2780 5115 2845 5168 ad
2897 5130 3021 5169 eum
3074 5113 3226 5167 Pauli
3277 5115 3454 5167 locum
3495 5114 3585 5167 in-

2008 5194 2090 5238 ter
2122 5182 2185 5255 ll.
2221 5183 2495 5255 Ambrosii
2529 5184 2704 5253 Opera
2736 5184 2868 5240 :sed
2897 5185 3016 5255 ejus
3037 5184 3369 5255 opinionem,
3401 5193 3587 5255 utpote

2007 5253 2275 5324 originali,
2311 5264 2535 5324 peccato
2580 5252 2965 5324 adversantem
2993 5294 3007 5314 .
3062 5252 3582 5324 reiecithcclesia,

2006 5320 2128 5396 quae
2166 5320 2896 5396 probatam_D.AAugustino
2937 5326 3219 5396 lectionem
3268 5323 3323 5376 in
3376 5320 3586 5396 Latinis

2009 5391 2226 5465 quoque
2247 5408 2419 5449 sacra:
2451 5391 2746 5465 Scriptura:
2770 5396 3049 5451 codicibus
3088 5395 3195 5447 huc
3234 5405 3409 5463 usque
3450 5391 3585 5447 reti-

2010 5466 2150 5520 nuit.

2082 5533 2195 5605 (46)
2234 5533 2290 5589 In
2320 5535 2506 5592 codice
2530 5535 2815 5592 Casinensi
2844 5532 3132 5589 manifesto
3160 5547 3348 5590 errore
3386 5529 3585 5589 scribi-

2013 5617 2123 5675 tur.
2168 5624 2187 5657 ι
2217 5607 2462 5675 exemplo
2486 5621 2562 5660 re.
2595 5625 2614 5658 ι

2085 5673 2199 5747 (ᾂῖ)
2229 5673 2502 5747 Fortasse,
2539 5694 2557 5727 ι
2593 5677 2791 5731 dicere.
2837 5694 2856 5726 ι

2085 5744 2198 5815 (48)
2235 5744 2290 5799 ln
2322 5747 2512 5803 codice
2539 5747 2818 5802 Casinensi
2842 5750 3003 5808 male,
3045 5763 3064 5796 ι
3101 5744 3367 5815 iniquam.
3412 5760 3436 5797 ι
