3982 6346
490 283 630 342 M75

1484 286 1669 343 ACTA
1720 287 2253 359 DISPUTATIOMS
2286 292 2343 348 S.
2384 293 2734 352 ARCHELAI

3591 298 3616 352 1
3626 298 3722 355 176

484 407 582 462 ria:
612 406 918 464 inhaesisset
945 405 1282 479 oblivio'(49)
1306 424 1322 471 ;
1360 415 1415 463 et
1444 409 1602 466 aliter
1634 410 1761 481 quis
1805 411 2053 467 eruditur
2080 416 2126 475 Α
2153 411 2248 482 qui
2271 411 2424 468 missi
2453 422 2612 468 erant
2638 430 2671 467 a
2702 412 2815 469 Deo
2839 428 3014 485 usque
3045 414 3112 470 ad
3142 412 3468 472 Zachariam
3497 433 3512 471 :
3545 413 3723 474 Domi-

482 514 516 554 a
547 500 831 571 magistro,
873 500 1030 556 aliter
1067 516 1100 555 a
1143 500 1434 571 semetipso
1468 521 1481 558 :
1516 503 1861 573 perveniebat
1901 503 2060 561 facile

483 592 618 664 legis
644 592 967 647 naturaliter
999 593 1216 663 scripta
1251 595 1630 663 transgressio,
1658 607 1713 651 et
1750 611 1815 651 ex
1855 612 2063 667 prasva-

480 683 743 755 ricatione
781 684 1159 740 mandatorum
1198 699 1428 754 regnum
1473 701 1623 740 mors
1655 687 1708 740 in
1744 686 2059 744 hominibus

478 776 777 843 obtinebat;
811 776 1188 847 hujuscemodi
1212 788 1297 833 est
1331 778 1479 833 enim
1525 794 1700 845 genus
1744 780 2053 845 hominum,

478 868 623 934 quod
658 868 808 939 virga
843 868 1018 924 ferrea
1054 870 1166 939 regi
1205 870 1443 941 indigeat
1485 886 1515 923 a
1556 869 1687 925 Deo.
1735 869 2055 927 Exsultahat

474 974 605 1029 ergo
630 973 800 1024 mors,
831 968 885 1015 et
922 975 1046 1014 cum
1075 960 1225 1015 omni
1257 969 1524 1032 potestate
1573 962 1835 1032 regnabat
1879 978 2053 1033 usque

471 1049 539 1104 ad
567 1048 810 1121 Moysen,
841 1050 1003 1105 etiam
1035 1051 1088 1106 in
1123 1066 1219 1107 eos
1246 1052 1339 1123 qui
1369 1068 1476 1107 non
1507 1063 1904 1122 peccaverant,
1947 1056 2051 1111 hoc

472 1141 635 1195 modo
664 1156 777 1210 quo
801 1141 1061 1207 diximus;
1090 1157 1253 1212 super
1268 1152 1579 1212 peccatores
1606 1144 1853 1215 quidem,
1883 1146 2049 1201 veluti

470 1232 723 1301 proprios
746 1232 958 1302 sibique
990 1234 1287 1303 subjectos,
1318 1235 1461 1290 sicut
1490 1234 1589 1290 fuit
1617 1235 1751 1293 Cain
1792 1245 1847 1292 et
1878 1236 2042 1304 Juda;

468 1337 633 1392 super
653 1322 834 1391 justos
874 1339 1005 1378 vero
1029 1332 1247 1394 propter
1282 1326 1409 1389 hoc,
1442 1325 1588 1395 quod
1616 1341 1725 1382 non
1762 1329 2044 1384 consenti-

465 1423 587 1469 rent
609 1415 681 1478 ei,
715 1417 847 1485 quin
878 1417 1057 1485 potius
1096 1418 1440 1485 resisterent,
1493 1418 1874 1477 abscindentes
1907 1437 1939 1476 a
1984 1436 2044 1477 se

464 1506 750 1561 libidinum
799 1508 925 1562 vitia
957 1517 1013 1563 et
1053 1510 1554 1580 concupiscentias,
1600 1512 1765 1567 veluti
1817 1512 1909 1579 hi,
1944 1513 2039 1583 qui

464 1596 678 1652 fuerant
699 1598 768 1652 ab
793 1598 951 1667 Abel,
977 1608 1032 1655 et
1058 1616 1233 1672 usque
1255 1600 1322 1656 ad
1356 1600 1679 1660 Zachariam
1729 1605 1773 1636 “
1794 1645 1809 1671 ,
1859 1614 2039 1660 trans-

461 1686 643 1742 ferens
688 1704 904 1760 semper
950 1706 1123 1760 usque
1153 1693 1221 1747 ad
1262 1702 1473 1765 tempus
1519 1695 1572 1749 in
1620 1695 1826 1751 similes
1868 1696 2033 1752 illius.

2163 520 2268 561 nus
2298 513 2478 560 autem
2502 521 2658 561 meus
2676 504 2859 570 Iesus,
2888 507 3156 577 justitiam
3181 506 3353 580 Moysi
3378 509 3515 579 legis
3546 520 3721 567 custo-

2158 595 2337 662 diens,
2370 596 2680 666 indignatus
2712 598 2972 655 adversus
2998 609 3225 656 mortem
3271 616 3372 670 pro
3402 602 3722 671 praevarica-

2154 686 2304 742 tione
2322 687 2468 757 pacti
2505 687 2640 759 (52),
2665 696 2722 743 et
2754 689 2919 745 totius
2954 691 3099 746 illius
3127 692 3440 756 ministerii,
3464 694 3719 751 advenire

2155 783 2411 854 dignatus
2439 792 2523 838 est
2554 783 2608 836 in
2643 780 2882 837 hominis
2913 798 3161 853 corpore,
3193 783 3583 841 vindicaturus
3618 802 3719 841 non

2153 870 2526 939 semetipsum,
2551 868 2643 924 sed
2678 867 2919 940 Moysen,
2947 880 2999 924 et
3017 885 3112 926 eos
3145 872 3242 941 qui
3264 887 3333 927 ex
3374 873 3573 929 ordine
3607 885 3721 946 post

2154 956 2331 1027 ipsum
2365 956 2581 1012 fuerant
2612 958 2868 1013 violentia
2916 960 3109 1015 mortis
3140 962 3410 1032 Oppressi.
3449 962 3718 1034 Malignus

2147 1064 2278 1104 vero
2304 1049 2563 1119 ignorans
2586 1049 2959 1119 hujuscemodi
2984 1051 3466 1121 dispensationem,
3512 1053 3720 1125 ingres-

2145 1155 2240 1196 sus
2265 1151 2347 1196 est
2369 1139 2563 1196 Judam
2597 1151 2655 1197 ut
2684 1156 2778 1211 per
2806 1141 2984 1212 ipsum
3012 1143 3337 1199 interficeret
3362 1159 3491 1200 eum
3513 1187 3531 1211 ,
3578 1146 3716 1201 sicut

2146 1242 2307 1288 antea
2330 1234 2466 1290 Abel
2499 1233 2845 1290 interfecerat
2864 1234 3098 1304 justum.
3149 1235 3253 1290 Sed
3281 1251 3407 1291 cum
3457 1238 3716 1294 intrasset

2148 1322 2203 1377 in
2236 1321 2456 1389 Judam,
2493 1326 2807 1395 paenitentia
2841 1326 3073 1393 ductus,
3118 1343 3178 1383 se
3220 1328 3336 1397 ipse
3380 1331 3711 1400 suspendit:

2143 1426 2360 1485 propter
2387 1416 2532 1486 quod
2559 1416 2636 1470 ait
2666 1431 2843 1471 sermo
2870 1412 3088 1472 divinus
3119 1435 3133 1472 :
3173 1437 3191 1470 ι
3238 1417 3343 1473 Ubi
3375 1430 3494 1484 est,
3542 1438 3712 1491 mors,

2138 1502 2364 1559 victoria
2393 1503 2532 1560 tua?
2563 1505 2656 1560 ubi
2686 1512 2803 1567 est,
2835 1518 3011 1571 mors,
3060 1506 3282 1563 aculeus
3326 1510 3494 1565 tuus?
3534 1531 3555 1564 ι
3591 1510 3660 1567 Et
3694 1530 3712 1568 :

2142 1612 2163 1645 ι
2192 1594 2459 1666 Absorpta
2488 1604 2574 1651 est
2615 1612 2764 1651 mors
2798 1597 2851 1651 in
2881 1597 3107 1653 victoria
3146 1599 3212 1654 ⁶².
3249 1620 3267 1652 ι
3314 1599 3430 1657 Hac
3473 1618 3605 1675 ergo
3648 1619 3714 1661 ex

2139 1701 2307 1742 causa
2351 1688 2704 1742 ministerium
2741 1690 2926 1744 mortis
2970 1690 3238 1760 appellata
3278 1702 3362 1748 est
3414 1695 3535 1761 lex,
3585 1697 3711 1766 quia

459 1776 598 1833 Cum
634 1793 764 1833 vero
793 1779 1062 1835 adfuisset
1090 1780 1330 1854 Moyses,
1356 1794 1409 1839 et
1434 1785 1604 1856 leg-em
1640 1786 1877 1842 dedisset
1907 1787 2013 1841 filii:

2134 1766 2419 1849 peccantes
2451 1783 2866 1852 praavaricantes
2891 1784 3052 1839 morti
3088 1786 3368 1855 tradebat;
3417 1800 3709 1847 servantes

462 1870 651 1938 lsrael,
686 1880 739 1927 et
762 1882 1070 1930 revocasset
1091 1877 1174 1932 eis
1203 1878 1255 1932 in
1280 1880 1598 1933 memoriam
1643 1894 1834 1935 omnes
1872 1879 2037 1951 justi-
2136 1880 2315 1926 autem
2347 1887 2438 1937 εει
2474 1870 2795 1928 delenda)!l
2837 1888 2868 1928 ³
2909 1883 3117 1939 mone.
3159 1884 3215 1931 ει
3252 1879 3622 1937 constituebat
3659 1884 3709 1939 in

459 1966 741 2021 ficatioucs
758 1967 1266 2040 legis,quaecunque
1282 1971 1573 2026 observare
1587 1972 1867 2043 oportebat
1884 1983 1936 2027 et
1953 1972 2038 2026 fa-
2134 1964 2326 2034 gloria.
2353 1980 2460 2055 Ope.
2490 1974 2655 2036 atque
2690 1965 2895 2020 αυΧὶΙὶὉ
2924 1963 3140 2023 Ι)οωὶοἱ
3169 1969 3344 2023 nostri
3377 1967 3510 2027 Iesu
3547 1972 3706 2030 Chri-

455 2072 600 2123 ccre,
617 2071 712 2113 eos
729 2072 857 2113 vero
871 2058 1020 2113 solos
1034 2060 1130 2128 qui
1156 2060 1643 2132 praevaricarentur
1654 2073 1844 2132 legem,
1869 2058 2035 2116 morti

455 2152 708 2214 traderet;
730 2148 984 2204 intercisa
999 2157 1085 2205 est
1097 2166 1264 2215 mors,
1283 2165 1351 2205 ne
1367 2164 1529 2221 super
1540 2163 1730 2205 omnes
1743 2162 1993 2222 regnaret
2015 2170 2029 2207 :

453 2240 718 2312 regnabat
768 2240 912 2295 enim
967 2255 1133 2312 super
1162 2250 1473 2314 peccatores
1502 2241 1670 2310 solos,
1698 2242 1907 2299 dicente
1926 2245 2030 2300 sibi

452 2331 589 2400 lege:
614 2329 692 2386 Ne
713 2330 1009 2401 contigeris
1032 2335 1131 2389 hos
1151 2335 1244 2402 qui
1271 2348 1388 2389 mea
1410 2341 1675 2404 praecepta
1695 2335 2027 2390 custodiunt.

452 2419 628 2489 llujus
649 2435 780 2491 ergo
808 2422 958 2480 verbi
988 2425 1353 2480 ministerium
1382 2423 1596 2496 Moyses
1622 2425 1817 2480 detulit
1846 2427 2026 2494 morti,

451 2513 690 2582 reliquos
726 2527 920 2571 omnes
969 2518 1410 2586 praevaricatores
1449 2515 1583 2587 legis
1624 2515 1868 2571 interitui
1916 2526 2029 2571 tra-

447 2604 582 2657 dens
610 2603 719 2674 (50)
752 2620 769 2657 :
798 2619 909 2661 non
950 2607 1094 2661 enim
1129 2622 1226 2676 pro
1253 2621 1340 2674 eo,
1362 2616 1422 2661 ut
1457 2606 1682 2662 omnino
1712 2622 1861 2663 mors
1883 2607 2025 2662 nulla

447 2711 512 2748 ex
545 2705 699 2765 parte
719 2704 995 2769 regnaret,
1027 2695 1241 2770 Moyses
1264 2697 1505 2761 advenit,
1534 2712 1658 2754 cum
1691 2698 1878 2768 utique
1904 2699 2026 2767 plu-

444 2789 566 2845 rimi
598 2792 763 2847 etiam
790 2801 912 2861 post
941 2791 1160 2863 Moysen
1199 2791 1301 2847 sub
1329 2791 1519 2844 mortis
1542 2790 1747 2845 ditione
1772 2799 2023 2845 teneren-

447 2893 556 2937 tur.
605 2882 685 2939 Ex
728 2885 834 2939 hoc
875 2883 1228 2938 ministerium
1279 2882 1463 2936 mortis
1517 2882 1841 2951 appellatum
1890 2894 2018 2949 est,

446 2977 705 3046 quoniam
739 2976 837 3031 soli
867 2984 1299 3044 transgressores
1325 2974 1461 3043 legis
1494 2974 1856 3042 puniebantur
1885 2975 2019 3047 (51),

444 3083 551 3122 non
586 3068 748 3122 etiam
777 3076 1207 3130 conservatores,
1243 3065 1385 3120 sicut
1408 3064 1541 3119 Abel
1569 3063 1776 3121 faciens
1799 3082 1861 3122 ea
1894 3083 2017 3137 quae

2133 2056 2226 2111 sti.

2202 2144 2392 2200 XXXI.
2426 2145 2564 2201 Audi
2600 2145 2786 2213 etiam,
2815 2155 2870 2201 et
2902 2147 2969 2202 de
3012 2163 3098 2216 eo,
3144 2150 3289 2220 quod
3330 2150 3529 2208 dictum
3563 2163 3653 2210 est
3689 2171 3706 2213 :

2138 2256 2157 2289 ι
2192 2236 2296 2305 Qui
2324 2237 2550 2293 redemit
2572 2253 2673 2293 nos
2693 2239 2760 2294 de
2782 2242 3068 2297 maledicto
3093 2242 3228 2314 legis
3272 2242 3541 2300 Christus
3564 2247 3632 2301 ".
3671 2267 3699 2302 ι

2132 2326 2245 2385 Hoc
2296 2328 2351 2382 in
2408 2328 2530 2384 loco
2572 2329 2869 2399 pervideo,
2923 2332 3271 2402 magnificum
3318 2331 3411 2388 Dei
3437 2333 3702 2393 [annulum

2127 2418 2345 2489 Moysen
2376 2420 2751 2491 imaginariam
2781 2422 2893 2492 (55)
2924 2422 3095 2495 legem
3118 2424 3225 2490 his,
3253 2424 3347 2490 qui
3376 2436 3524 2483 recte
3541 2428 3706 2484 velint

2132 2514 2316 2567 videre
2347 2513 2461 2584 (54)
2485 2514 2789 2582 tradidisse,
2823 2523 2878 2571 et
2915 2516 3085 2587 legem
3113 2531 3321 2573 veram.
3356 2515 3517 2574 Sicut
3555 2522 3701 2577 enim

2130 2606 2272 2671 Deus
2305 2622 2429 2662 cum
2475 2604 2694 2663 fecisset
2735 2608 2998 2662 mundum
3022 2647 3039 2672 ,
3074 2616 3128 2663 et
3163 2610 3346 2664 omnia
3376 2626 3501 2681 qua:
3534 2613 3591 2667 in
3634 2629 3700 2669 eo

2124 2707 2271 2763 sunt,
2296 2697 2350 2751 in
2381 2713 2475 2753 sex
2504 2698 2718 2764 diebus,
2746 2699 3012 2769 requievit
3041 2701 3095 2753 in
3117 2698 3205 2755 die
3231 2701 3462 2771 septima
3488 2704 3561 2758 ab
3583 2720 3699 2758 om‘

2125 2789 2288 2845 nibus
2306 2788 2561 2859 operibus
2585 2790 2724 2857 suis;
2753 2805 2860 2844 non
2891 2790 3034 2856 dico,
3066 2791 3195 2861 quia
3229 2792 3559 2863 requieverit
3584 2796 3697 2868 (55)

2123 2880 2413 2952 fatigatus,
2464 2881 2557 2936 sed
2607 2881 2865 2951 quoniam
2928 2882 2995 2936 ad
3039 2882 3335 2952 perfectum
3393 2885 3699 2943 adduxerat

2121 2988 2337 3027 omnem
2367 2988 2529 3044 quam
2562 2971 2742 3028 facere
2761 2975 3124 3044 disposuerat,
3150 2984 3461 3032 creaturam
3496 2995 3514 3033 :
3542 2978 3699 3034 deni—

2122 3080 2228 3135 que
2256 3066 2333 3119 ait
2357 3084 2372 3119 :
2410 3084 2429 3116 ι
2459 3063 2619 3119 Pater
2645 3080 2799 3121 meus
2829 3079 3001 3134 usque
3025 3067 3189 3123 modo
3209 3077 3489 3137 operatur,
3517 3081 3576 3125 et
3593 3087 3695 3143 ego

442 3160 576 3229 legis
607 3167 736 3214 sunt
768 3169 821 3213 ct
849 3158 1165 3213 custodiens
1188 3196 1204 3223 ,
1246 3172 1409 3226 quem
1456 3157 1590 3212 Cain
1610 3198 1627 3224 ,
1658 3172 1752 3213 vas
1791 3130 2012 3229 maligni
2039 3130 2086 3189 α
2120 3130 2310 3225 operor
2341 3155 2407 3211 .“.
2456 3175 2476 3207 ι
2501 3154 2885 3226 Numquidnam
2911 3130 3132 3213 ecelumv
3152 3130 3320 3224 facit,
3361 3130 3695 3229 aut'solet‘n,

439 3252 696 3315 eliectus,
732 3249 1027 3305 interemit.
1070 3246 1269 3303 Verum
1302 3248 1463 3303 etiam
1510 3259 1632 3320 post
1679 3251 1795 3306 haec
1836 3253 2012 3307 voluit

440 3357 589 3397 mors
620 3350 836 3411 pactum
868 3340 1014 3411 quod
1047 3341 1223 3397 fuerat
1251 3358 1347 3413 per
1375 3341 1596 3415 Moysen
1624 3344 1885 3413 positum,
1920 3359 2001 3400 re-

437 3433 707 3497 scindere,
730 3441 784 3487 et
814 3446 1043 3502 regnare
1067 3434 1246 3488 denuo
1286 3448 1450 3503 super
1487 3433 1664 3504 justos
1713 3452 1727 3489 :
1763 3444 1816 3489 et
1851 3435 2009 3490 irruit

436 3524 655 3593 quidem
699 3522 754 3578 in
801 3522 1129 3595 prophetas,
1173 3523 1504 3579 interliciens
1537 3532 1591 3579 et
1637 3523 1882 3594 lapidans
1911 3541 2007 3582 eos

2117 3257 2211 3302 aut
2237 3247 2533 3313 hominem,
2554 3256 2648 3302 aut
2678 3248 2934 3303 animalia
2954 3290 2969 3313 ,
3009 3259 3102 3305 aut
3128 3249 3395 3324 virgulta,
3450 3264 3550 3307 aut
3586 3254 3694 3309 tale

2120 3337 2365 3408 aliquid?
2395 3336 2498 3393 Sed
2526 3338 2613 3393 his
2645 3337 2863 3408 quidem
2890 3339 3201 3396 visibilibus
3230 3340 3507 3411 perfectis,
3537 3358 3570 3397 a
3594 3343 3691 3397 tali

2107 3444 2269 3500 opere
2292 3430 2641 3500 conquievit;
2687 3430 2981 3487 invisibilia
3016 3441 3236 3499 autem,
3260 3441 3316 3487 et
3360 3433 3696 3491 intrinsecus

2107 3519 2222 3593 (56)
2250 3536 2425 3592 usque
2468 3522 2629 3577 modo
2667 3536 2901 3592 operans
2924 3562 2943 3590 ,
2986 3522 3180 3579 salvat.
3238 3523 3318 3580 Ita
3355 3539 3488 3596 ergo
3522 3527 3691 3582 etiam

503 3661 546 3694 ⁸³
604 3656 787 3718 Matth.
823 3678 982 3727 χχιιι,
1009 3662 1100 3717 55.
1175 3663 1219 3695 ⁸³
1248 3661 1269 3716 Ι
1300 3662 1427 3718 Cor.
1456 3679 1544 3728 xv,
1572 3662 1660 3718 54.
1740 3662 1785 3694 ⁸⁸
1806 3661 1982 3718 Galat.

2124 3663 2210 3717 15.
2288 3660 2333 3693 ⁸⁸
2376 3659 2534 3717 Joan.
2564 3676 2618 3733 v,
2646 3662 2731 3718 17.

501 3832 615 3903 (49)
644 3833 723 3888 ita
767 3833 1077 3890 necessario
1115 3833 1451 3889 emendanda
1484 3833 1605 3889 visa
1649 3841 1734 3888 est
1768 3834 2011 3904 ejusdem

427 3905 634 3961 codicis
665 3905 844 3967 lectio,
875 3905 929 3987 in
956 3921 1066 3987 quo
1099 3904 1374 3987 scribitur,
1396 3922 1465 3987 ‘tu
1488 3920 1611 3985 cum
1651 3919 1746 3959 eas
1795 3906 2013 3961 inimica

428 3990 643 4043 semper
672 3975 947 4029 memoria:
973 3974 1202 4030 ineresis
1232 3975 1325 4030 sed
1360 3974 1579 4028 oblivio.
1620 3993 1638 4024 ι

500 4042 616 4116 (50)
649 4046 705 4098 in
730 4044 1013 4116 casinensi
1047 4045 1253 4108 codice,
1307 4062 1326 4096 ι
1369 4045 1552 4100 interit
1589 4052 1652 4098 ut
1693 4042 1934 4112 tradens,
1975 4063 1995 4097 ι

426 4115 751 4170 manifestus
782 4115 987 4168 librarii
1015 4130 1189 4170 error.

496 4186 609 4253 (51)
641 4185 786 4239 Scite
816 4186 1077 4240 adversus
1100 4182 1447 4245 Manichmos,
1476 4191 1536 4236 ut
1564 4182 1799 4246 videtur,
1829 4181 1987 4240 Joan.

425 4247 853 4327 Cli'i'ys'ostomus
886 4255 938 4308 in
976 4255 1120 4310 hunc
1152 4255 1222 4327 li.
1247 4255 1395 4327 l‘auli
1422 4255 1624 4327 locum,
1652 4253 1943 4327 humilia]
1976 4272 1991 4309 :

430 4344 451 4376 ‹
503 4323 603 4379 Per
638 4326 828 4379 mortis
862 4334 1042 4378 autem
1097 4325 1455 4378 ministerium
1506 4324 1674 4391 legem
1723 4323 1993 4393 intelligit.

2119 3832 2280 3889 modo
2322 3831 2412 3888 hic
2457 3847 2676 3902 quoque
2700 3848 2808 3887 non
2838 3831 2926 3888 lex
2954 3840 3092 3898 erat,
3120 3846 3242 3903 qua:
3283 3845 3470 3887 necem
3499 3831 3689 3887 θῆαι-ε-

2117 3905 2229 3971 bat;
2258 3903 2350 3958 sed
2381 3912 2663 3972 peccatum
2696 3904 2874 3974 ipsum
2911 3903 3223 3974 erat,3quod
3247 3912 3303 3957 et
3332 3902 3685 3958 interimebat

2064 4025 2068 4028 ι
2114 3983 2171 4030 et
2205 3974 2618 4029 condemnabat.
2662 3992 2681 4025 ι

2178 4043 2291 4117 (52)
2326 4043 2383 4097 1η
2411 4044 2597 4117 codice
2624 4041 2906 4117 Casinensi
2928 4050 3032 4117 est,
3065 4058 3087 4117 ς
3121 4040 3252 4109 acti,
3292 4059 3312 4094 ι
3343 4042 3492 4113 quod
3517 4044 3683 4100 etiam

2103 4111 2396 4169 manifeSIa
2423 4120 2507 4168 est
2532 4113 2741 4167 librarii
2779 4111 3148 4166 hallucinatio.

2177 4183 2290 4254 (55)
2317 4182 2725 4253 Imaginariam,
2755 4183 3053 4238 Archelaus
3077 4189 3235 4236 vocat
3257 4180 3431 4254 legem
3453 4222 3470 4248 ,
3492 4180 3686 4254 AVetus

2103 4251 2558 4324 Testamentum)
2597 4255 2768 4324 quod_
2786 4261 2944 4324 typus
2979 4261 3241 4324 essetet
3266 4251 3449 4324 imago
3484 4251 3686 4308 futura:

2102 4339 2255 4378 novae
2281 4322 2445 4394 legis.
2506 4320 2597 4378 Sic
2615 4320 2695 4378 'et
2739 4320 2957 4394 Petrum
2988 4323 3054 4376 ile
3093 4320 3274 4394 Vincis
3328 4320 3401 4375 in'
3431 4324 3685 4392 epistolis
3708 4358 3723 4371 .

423 4394 600 4469 Atque
628 4396 843 4450 interim
870 4396 1216 4469 vide,__quai_n
1255 4395 1444 4469 sedulo
1483 4394 1535 4447 in
1565 4390 1678 4447 ista
1707 4390 1996 4469 conipara-
2026 4409 2074 4469 ο
2100 4394 2217 4448 suis
2243 4390 2358 4469 non
2376 4394 2561 4469 semel,
2592 4411 2612 4444 ι
2652 4392 3095 4469 imaginarium-»
3129 4390 3683 4469 hominemmvocasse

423 4468 570 4519 tione
604 4475 818 4531 caveat,
866 4480 933 4533 ne
977 4465 1140 4519 ullam
1174 4465 1442 4519 haereticis
1488 4478 1680 4533 ansam
1728 4466 1989 4533 praebeat.

418 4533 538 4590 Non
570 4536 713 4590 enim
739 4530 1017 4600 disit,Le.\‘
1042 4547 1268 4590 mortem
1286 4533 1463 4595 eliicit,
1485 4533 1607 4596 sed,
1630 4530 1994 4589 Mortismini-

422 4606 614 4660 stratio
642 4614 746 4660 est.
778 4606 1001 4661 Mortem
1026 4606 1170 4659 enim
1220 4603 1565 4659 ministrabat
1591 4643 1607 4669 ,
1655 4619 1763 4656 non
1808 4614 1988 4657 autem

421 4675 687 4745 pariebat.
723 4676 853 4731 Nam
891 4684 1171 4745 peccatum
1200 4675 1251 4728 id
1280 4682 1416 4738 erat,
1446 4674 1591 4745 quod
1618 4683 1843 4728 mortem
1870 4672 1985 4726 elii~

420 4744 617 4801 ciebat.
646 4745 752 4800 Lex
784 4744 962 4801 autem
992 4755 1217 4800 mortem
1246 4744 1563 4808 invehebat,
1606 4759 1671 4798 ac
1708 4752 1988 4812 peccatum

422 4815 719 4881 indicabat;
745 4832 851 4870 non
881 4825 1059 4870 autem
1087 4814 1334 4870 faciebat.
1360 4813 1557 4868 Malum
1580 4814 1724 4868 enim
1750 4814 1989 4882 apertius

420 4886 722 4956 detegebat
746 4902 811 4941 ac
855 4887 1142 4956 plectcbat,
1179 4900 1284 4939 non
1318 4894 1498 4939 autem
1529 4885 1594 4936 ad
1639 4883 1841 4937 malum
1886 4883 1990 4956 ini-

420 4952 675 5026 pellebat.
706 4952 890 5026 Neque
919 4956 986 5009 ad
1018 4956 1068 5008 id
1100 4955 1463 5018 ministrabat,
1500 4962 1560 5007 ut
1590 4963 1870 5026 peccatum
1895 4952 1991 5026 fie-_-

422 5022 524 5089 ret,
558 5037 652 5081 aut
682 5022 829 5081 mors
857 5027 1158 5091 exsisteret;
1186 5028 1278 5080 sed
1311 5033 1370 5079 ut
1399 5038 1588 5093 pinnas
1616 5024 1769 5077 daret
1792 5024 1859 5086 is,
1889 5022 1984 5091 qui

418 5108 715 5166 peccasset;
744 5112 808 5152 ac
840 5096 1066 5165 proinde
1099 5097 1200 5151 hac
1228 5110 1442 5164 quoque
1470 5094 1987 5166 rationepeecatum

417 5162 650 5242 delebat.
675 5167 809 5222 Nam
835 5162 964 5242 dum
1006 5167 1121 5235 ipsa
1165 5162 1445 5242 peceatum
1497 5163 1631 5242 adeo
1680 5162 1983 5242 formida-n-

417 5238 547 5291 dum
575 5253 697 5294 esse
734 5231 1060 5299 ostenderet,
1090 5231 1277 5303 procul
1305 5234 1470 5289 dubio
1498 5233 1599 5286 hoc
1625 5233 1789 5303 etiam
1820 5231 1987 5303 facie-

420 5307 543 5382 bat,_
563 5316 621 5361 ut
664 5309 843 5382 ipsum
871 5301 1186 5382 fugiendum
1222 5320 1343 5382 esse
1386 5303 1678 5357 videretur.
1711 5301 1983 5382 Quemad-

420 5378 644 5432 modum
680 5374 844 5448 igitur
882 5374 1049 5445 is‘qui
1078 5389 1279 5448 ensem
1324 5374 1377 5427 in
1430 5387 1635 5448 manus
1673 5374 1879 5448 sumit,
1921 5385 1986 5427 ac

419 5448 562 5501 sonti
596 5441 757 5519 caput
782 5441 1044 5519 amputat,
1070 5445 1238 5515 judiei
1265 5441 1639 5519 pronuntianti
1664 5442 1977 5519 ministrum

421 5531 481 5587 se
508 5512 727 5587 praebet.
760 5512 933 5587 neque
964 5512 1086 5586 ipse
1114 5523 1196 5570 est
1231 5512 1631 5587 quiinterimit
1652 5551 1669 5575 ,
1721 5512 1884 5567 etiam
1930 5513 1975 5587 si

420 5581 621 5658 alioqui
650 5591 764 5658 ipse
788 5581 861 5643 sit
883 5581 1166 5658 qui:caput
1206 5581 1475 5641 abscindit
1505 5599 1519 5635 :
1572 5596 1670 5658 nec
1712 5597 1904 5636 rursus
1935 5581 1983 5658 is

418 5658 513 5726 qui
536 5652 853 5714 sententiam
878 5652 1104 5727 profert,
1138 5670 1203 5711 ac
1237 5665 1451 5727 sontem
1479 5653 1833 5727 condemnat;
1875 5652 1981 5727 sed

417 5722 539 5800 ejus
559 5728 625 5785 de
641 5740 751 5799 quo
773 5722 1093 5799 supplicium
1126 5726 1380 5792 sumitur,
1409 5723 1759 5794 improbitas:
1789 5722 1979 5778 eodem

2099 4463 2351 4533 nuntium
2380 4478 2477 4518 seu
2495 4463 2728 4533 legatum
2748 4459 3003 4517 observat
3022 4462 3259 4525 Cangius
3292 4461 3349 4514 iu
3380 4459 3679 4528 Glossario,

2097 4536 2245 4602 quod
2279 4532 2431 4603 illum
2447 4548 2478 4587 a
2506 4532 2615 4603 quo
2643 4534 2845 4603 missus
2863 4533 3069 4603 fuerat,
3092 4540 3537 4603 repraesentet,_et
3559 4535 3681 4603 ejus

2097 4600 2246 4657 velut
2275 4600 2567 4671 imaginem
2606 4602 2827 4658 referat.
2861 4600 3045 4657 Utitur
3063 4611 3117 4656 et
3152 4601 3254 4655 hac
3279 4617 3426 4672 voce
3457 4600 3676 4672 Evagrii

2095 4673 2347 4728 monachi
2391 4669 2545 4726 vetus
2580 4674 2842 4743 interpres
2884 4674 2949 4743 in
2971 4672 3343 4743 Disputatione
3383 4669 3679 4743 Theophili

2093 4743 2334 4812 episc0pi
2381 4739 2736 4797 Alexandrini
2772 4756 2895 4797 cum
2932 4739 3152 4798 Simone
3191 4739 3378 4794 Judaeo
3424 4739 3560 4811 cap:
3584 4744 3675 4808 i3,

2096 4812 2184 4882 gilii
2219 4812 2456 4867 Sabhata
2490 4831 2509 4864 ι
2550 4812 2924 4882 imaginariam
2947 4813 3185 4881 requiem
3209 4830 3228 4861 ι
3248 4814 3675 4882 voeatseptim'a

2094 4878 2239 4937 illius
2263 4883 2391 4945 diei,
2423 4883 2475 4935 in
2508 4898 2620 4951 qua
2653 4878 2841 4946 Deum,
2870 4878 3056 4936 mundi
3093 4878 3671 4951 creationegabs'oluta,

2095 4952 2426 5023 requievisse
2456 4949 2649 5023 pagina
2680 4968 2834 5023 sacra
2868 4961 3119 5007 testatur.
3146 4951 3326 5017 Quare
3352 4949 3666 5008 Archelaus

2094 5020 2549 5090 inii-esponsiOné
2592 5024 2658 5076 ad
2706 5021 3003 5076 Diodorum
3057 5026 3476 5091 presbyterum,
3524 5023 3674 5078 infra

2091 5106 2211 5160 cap.
2245 5093 2335 5157 41,
2366 5101 2511 5161 totus
2538 5102 2622 5161 est
2649 5092 2702 5145 in
2734 5092 3179 5157 demonstrando,
3217 5105 3326 5144 non
3366 5106 3491 5145 esse
3538 5093 3674 5161 reji-

2091 5158 2342 5215 ciendum
2380 5158 2544 5215 Vetus
2587 5160 3017 5226 Testamentum,
3064 5162 3194 5232 quia
3238 5172 3498 5232 tanquam
3535 5158 3669 5230 spe-

2090 5233 2272 5285 culum
2305 5246 2488 5302 geram
2521 5233 2678 5286 nobis
2710 5233 2965 5300 exprimit
2993 5231 3146 5286 novae
3175 5231 3310 5301 legis
3344 5232 3664 5302 imaginem.

2161 5302 2275 5370 (54)
2303 5300 2483 5368 Forte,
2519 5320 2538 5353 ι
2573 5303 2739 5356 velint
2760 5304 2961 5356 vivere.
2996 5319 3016 5352 ι

2160 5367 2271 5440 (55)
2302 5370 2360 5426 in
2391 5367 2677 5426 (Sasinensi
2706 5383 2810 5438 est,
2846 5389 2866 5423 ι
2906 5369 3094 5441 requie
3117 5367 3467 5441 requieverit;
3507 5387 3530 5441 ι
3565 5368 3660 5426 θαι

2089 5438 2344 5495 ea‘lectio
2385 5441 2544 5496 nobis
2569 5441 2683 5496 visa
2715 5450 2796 5495 est
2833 5438 3001 5496 unius
3021 5438 3376 5509 ejusdemque
3404 5440 3558 5495 vocis
3580 5455 3662 5494 re-
3713 5500 3719 5509 ἴ

2091 5511 2297 5588 petitio,
2315 5510 2992 5588 nisipotiusGrzecismus
3014 5512 3175 5588 sit.“
3279 5584 3289 5588 _
3460 5585 3469 5588 Α
3526 5584 3537 5588 _
3576 5577 3589 5588 .
3712 5508 3719 5521 '

2166 5580 2282 5652 (56)
2308 5578 2625 5652 Cgsinensis
2650 5580 2828 5646 habet,
2863 5599 2882 5631 ι
2919 5578 3178 5635 invisibili
3201 5584 3383 5652 autem
3422 5585 3479 5632 et
3520 5578 3657 5652 Irin:

2087 5645 2273 5706 secus.
2302 5670 2319 5701 ι
2353 5649 2464 5706 Sed
2495 5651 2784 5720 legendum
2811 5645 3044 5717 videtur,
3070 5659 3131 5720 ut
3158 5649 3366 5720 editum
3399 5658 3520 5712 est,
3564 5645 3654 5720 vel

2093 5739 2112 5772 ι
2143 5720 2433 5776 invisibilia
2462 5717 2642 5776 autem
2675 5721 3027 5777 intrinsecus.
3065 5739 3086 5773 ι
3116 5719 3261 5775 Deus
3281 5719 3451 5783 enim,
3482 5728 3545 5772 ut
3562 5717 3654 5772 in-
