3982 6346
293 322 317 377 l
327 319 430 379 ιπ

1375 314 1518 372 CUM
1555 313 1834 368 MANETE
1853 368 1859 374 ,
1875 312 2405 369 ΙΙΑΞΒΕΒΙΑΒΟΗΑ.

3373 318 3508 374 1478

290 445 735 501 unumquemque
764 437 1032 493 nostrum,
1059 425 1200 485 sicut
1235 427 1348 497 ipse
1377 427 1518 482 Deus
1543 436 1658 492 est,
1695 426 1844 480 inde-
1874 437 1918 491 Α
1952 446 1971 478 ‹
2000 427 2170 482 virtus
2201 427 2404 497 peccati
2427 426 2566 482 dicta
2594 427 2664 482 sit
2690 427 2775 482 lex
2802 428 2868 491 ⁶⁹,
2896 445 2916 480 ι
2951 441 3051 500 pro
3072 426 3282 484 viribus
3305 435 3510 486 nestris

288 532 529 578 smenter
557 523 684 576 huic
715 521 863 591 operi
900 521 1172 592 legislator
1209 519 1324 574 vult
1367 533 1486 574 esse
1518 517 1847 583 devinctum;

1951 519 2186 573 breviter
2216 533 2569 586 exponemus.
2619 519 2890 590 Scriptum
2925 530 3006 575 est
3057 521 3241 575 enim:
3295 541 3314 574 ι
3370 524 3509 588 Quia

289 632 320 670 a
340 607 689 671 saecularibus
711 616 865 684 jubet
894 615 1144 684 protinus
1167 613 1572 682 conquiescere,
1601 621 1653 665 et
1675 610 1852 664 omni-
1945 609 2095 676 justo
2123 607 2212 662 lex
2249 623 2355 661 non
2388 619 2472 662 est
2501 610 2698 678 posita,
2730 611 2824 665 sed
2855 610 3094 680 injustis,
3126 620 3180 666 et
3213 629 3321 666 non
3372 614 3498 667 sub«

292 721 362 759 no
380 707 586 760 nullum
612 721 749 774 opus
776 720 959 775 gerere
981 705 1399 770 mundanum;et
1426 702 1528 757 hoc
1551 702 1850 771 appellatur

291 795 606 850 Sahhatum.
635 797 853 850 Addidit
884 797 1044 850 etiam
1077 797 1179 850 hoc
1206 796 1259 849 in
1301 795 1436 864 lege,
1469 793 1604 846 nihil
1655 793 1849 846 absur-

289 886 416 940 dum
446 885 560 939 fieri
592 885 807 949 debere;
839 885 933 938 sed
966 885 1252 939 observare
1273 899 1392 946 nos,
1431 891 1483 937 et
1511 882 1744 949 dirigere
1767 882 1846 934 vi-

290 987 400 1032 tam
429 986 670 1031 nostram
697 991 760 1029 ex
794 991 950 1045 aquo
985 984 1039 1030 et
1064 976 1234 1044 justo.
1269 975 1334 1028 Et
1381 974 1698 1033 imminebat
1733 980 1846 1033 haec

288 1069 394 1133 lex,
423 1069 681 1122 acerrime
704 1067 1044 1121 maledictum
1074 1066 1310 1142 inferens
1335 1067 1418 1120 his
1444 1068 1535 1136 qui
1561 1085 1678 1122 eam
1712 1069 1845 1124 fuis-

288 1170 408 1216 sent
433 1164 788 1230 transgressi;
817 1160 909 1215 sed
937 1159 1191 1229 quoniam
1217 1160 1463 1215 homines
1490 1170 1642 1216 erant
1673 1163 1841 1231 etilli,

286 1261 341 1307 et
367 1252 508 1307 sicut
537 1252 696 1305 etiam
724 1251 880 1305 nobis
914 1250 1220 1320 frequenter
1257 1251 1487 1316 accidit,
1533 1262 1845 1308 controver-

287 1345 381 1398 sia:
409 1344 741 1410 oriebantur,
769 1352 822 1397 et
845 1343 1221 1412 irrogabantnr
1261 1343 1506 1412 injuriis;
1541 1354 1596 1399 et
1617 1345 1699 1399 lex
1731 1356 1842 1400 sta-

288 1435 385 1488 tim
415 1435 870 1489 districtissimam
893 1434 1151 1489 ultionem
1188 1450 1348 1502 quam
1384 1434 1618 1502 fecerat,
1668 1447 1841 1490 retor-

284 1526 486 1595 quebat
528 1525 670 1596 (57);
709 1525 782 1580 ita
825 1534 884 1581 ut
927 1526 974 1580 si
1008 1527 1132 1595 quis
1161 1542 1455 1596 pauperum
1483 1529 1741 1611 voluisset
1787 1530 1840 1582 in

285 1617 524 1672 Sabbato
555 1617 753 1672 fascem
789 1618 918 1688 ligni
945 1619 1216 1687 colligere,
1250 1619 1352 1673 sub
1390 1619 1676 1675 maledicto
1705 1621 1839 1691 legis

280 1710 525 1772 eﬂectus,
560 1710 718 1764 morti
760 1709 1017 1764 continuo
1055 1709 1430 1777 subjiceretur.
1477 1709 1837 1766 Arctahantur

1949 696 2096 764 ditis,
2144 698 2326 768 impiis
2355 709 2408 754 et
2445 701 2689 756 scelestis
2720 704 2786 756 ⁷ο.
2826 721 2846 754 ι
2902 703 3018 758 Non
3056 721 3186 774 ergo
3210 715 3324 760 erat
3379 715 3508 762 tunc

1949 790 2032 844 lex
2095 790 2286 844 littera:
2331 792 2508 861 posita
2574 793 3015 863 delinquentibus
3072 805 3195 851 ante
3244 796 3504 869 Moysen,

1949 881 2090 935 unde
2121 890 2174 936 et
2211 880 2425 936 Pharao
2460 883 2720 951 ignorans
2756 885 3004 940 virtutem
3043 887 3249 956 peccati
3279 927 3294 951 ,
3329 888 3504 942 delin-

1947 974 2147 1042 quebat
2177 973 2417 1043 aﬂligens
2449 974 2665 1044 injustis
2697 976 2952 1031 oneribus
2975 978 3115 1034 filios
3144 980 3331 1043 Israel,
3353 977 3504 1033 Divi-

1948 1065 2114 1120 nitate
2145 1066 2386 1136 neglecta
2413 1105 2428 1130 ,
2457 1083 2563 1120 non
2599 1067 2773 1122 solum
2807 1068 2941 1136 ipse,
2973 1070 3066 1124 sed
3094 1079 3148 1124 et
3174 1087 3364 1126 omnes
3407 1071 3506 1141 qui

1945 1171 2075 1210 cum
2113 1171 2178 1210 eo
2207 1165 2381 1210 erant.
2431 1155 2651 1222 Verum,
2704 1174 2771 1213 ne
2801 1168 2922 1213 utar
2955 1159 3195 1230 longiore
3236 1162 3504 1228 circuitu,

1944 1248 2159 1303 brevius
2191 1249 2388 1304 dicam.
2416 1249 2584 1304 Erant
2608 1251 2829 1320 quidam
2871 1250 3250 1322 Egyptiorum
3286 1255 3500 1308 admisti

1943 1355 2066 1394 eum
2108 1342 2302 1410 p0pulo
2337 1341 2529 1412 Moysi,
2554 1358 2676 1396 eum
2699 1343 2766 1397 ab
2794 1358 2858 1397 eo
2893 1353 3165 1414 regeretur
3189 1347 3418 1414 populus
3446 1348 3499 1400 in

1941 1433 2188 1499 deserto;
2225 1442 2278 1486 et
2304 1449 2426 1487 cum
2458 1433 2669 1506 Moyses
2699 1434 2906 1503 positus
2927 1444 3070 1490 esset
3102 1437 3152 1489 in
3180 1447 3380 1502 monte,
3407 1423 3503 1507 pro

1941 1535 2006 1575 eo
2033 1529 2091 1576 ut
2128 1522 2394 1587 acciperet
2434 1523 2626 1592 legem.
2676 1522 2964 1592 impatiens
2991 1526 3242 1594 populus,
3276 1543 3378 1580 non
3416 1529 3504 1581 ille

1941 1612 2033 1681 qui
2067 1627 2192 1667 vere
2237 1621 2353 1666 erat
2404 1612 2643 1668 Israelita
2688 1613 2819 1685 (58),
2848 1615 2940 1669 sed
2976 1617 3066 1684 qui
3117 1632 3182 1670 ex
3234 1615 3504 1688 Egyptiis

1948 1703 2122 1758 fuerat
2149 1705 2436 1771 admistus,
2463 1706 2691 1759 vitulum
2719 1706 2822 1774 sibi
2855 1707 3131 1761 constituit
3161 1706 3324 1761 Deum
3349 1749 3365 1774 ,
3411 1724 3501 1762 se-

281 1813 413 1870 ergo
429 1774 1182 1870 coercitionelegishomines,
1203 1799 1711 1872 quicum'IEgyptiis
1732 1802 1847 1858 fue-
1877 1774 1921 1832 Β
1948 1793 2182 1848 cundum
2209 1794 2494 1862 pristinum
2525 1807 2725 1846 morem
2761 1809 2867 1862 quo
2915 1791 3157 1852 coluerat
3189 1793 3499 1857 simulacra.

284 1901 406 1944 rant
424 1891 633 1945 educati
657 1891 832 1958 “,nec
851 1900 1098 1960 poterant
1120 1907 1307 1961 poenas
1323 1893 1454 1962 legis
1485 1902 1539 1947 et
1560 1895 1841 1950 maledicta

281 1982 532 2035 tolerare.
571 1980 807 2036 Rursum
839 1990 1019 2036 autem
1073 1983 1164 2038 iUe
1195 1983 1286 2052 qui
1333 1999 1543 2053 semper
1593 1984 1842 2041 Salvator

279 2081 384 2135 est,
410 2070 566 2126 Jesus
597 2071 860 2127 Dominus
893 2083 1072 2127 noster
1098 2075 1424 2142 adveniens,
1460 2076 1706 2130 liberavit
1746 2090 1841 2134 eos

279 2180 348 2218 ex
373 2163 748 2234 hujuscemodi
784 2150 1129 2219 cruciatibus.
1148 2166 1283 2236 legis
1308 2175 1470 2236 atque
1517 2169 1838 2235 maledictis,

281 2256 490 2310 donans
514 2256 594 2310 eis
621 2255 868 2323 injurias.
901 2255 1034 2319 Nec,
1069 2255 1211 2310 sicut
1259 2256 1470 2329 Moyses
1494 2299 1508 2324 ,
1557 2258 1842 2313 severitate

284 2363 418 2403 usus
447 2357 530 2402 est
558 2348 712 2417 legis,
746 2349 880 2402 nulli
928 2347 1254 2418 indulgendo
1295 2350 1587 2420 injuriam;
1623 2351 1715 2405 sed
1751 2351 1841 2406 hic

280 2441 437 2504 dixit,
467 2439 512 2495 si
539 2441 662 2508 quis
688 2456 882 2509 passus
904 2441 1066 2496 fuerit
1094 2458 1123 2496 a
1153 2442 1403 2513 proximo
1427 2458 1527 2497 suo
1561 2443 1836 2514 injuriam,

282 2533 556 2603 indulgeat
580 2548 686 2587 non
717 2534 882 2588 semel
921 2543 1163 2601 tantum,
1199 2535 1294 2590 sed
1340 2543 1392 2589 et
1429 2550 1528 2590 nec
1577 2536 1836 2603 secundo,

283 2638 381 2677 nec
407 2622 584 2687 tertio,
618 2637 717 2676 nec
741 2622 916 2677 solum
951 2623 1168 2691 septies,
1220 2623 1312 2677 sed
1359 2627 1720 2694 septuagesies
1755 2639 1840 2680 se-

281 2714 421 2784 pties
453 2714 498 2745 “
526 2732 538 2767 :
564 2713 708 2782 quod
736 2713 782 2768 si
809 2722 927 2782 post
951 2715 1062 2769 haec
1093 2714 1346 2784 injuriam
1380 2717 1736 2785 permanserit
1760 2717 1836 2770 ir-

282 2803 544 2875 rogando,
586 2809 717 2858 tunc
745 2803 961 2858 demum
989 2805 1090 2874 legi
1118 2820 1242 2859 eum
1269 2804 1464 2860 debere
1485 2807 1838 2862 succumbere

282 2895 472 2966 Moysi,
498 2909 597 2948 nec
628 2895 771 2950 ultra
799 2897 1010 2950 veniam
1042 2897 1160 2951 dari
1197 2897 1243 2950 ei
1267 2896 1360 2966 qui
1392 2897 1443 2950 in
1475 2897 1686 2966 injuriis
1717 2914 1838 2967 per-

1942 1885 1996 1938 in
2028 1899 2136 1954 quo
2165 1900 2264 1939 nec
2300 1885 2564 1952 scelerum
2599 1900 2786 1953 pinnas
2818 1884 3112 1954 aliquando
3149 1885 3499 1953 rependeret;

1942 1982 1995 2028 et
2023 1973 2142 2027 ideo
2187 1974 2441 2029 virtutem
2488 1973 2692 2042 peccati
2741 1973 2824 2027 sui
2885 1974 3096 2042 penitus
3131 1974 3498 2042 ignorabant:

1941 2079 2061 2133 quae
2092 2079 2214 2118 cum
2267 2077 2544 2134 regressus
2589 2063 2898 2132 agnovisset
2950 2061 3200 2133 Moyses,
3251 2063 3506 2133 praecepit:

1940 2170 2034 2212 eos
2055 2155 2247 2226 gladiis
2271 2154 2552 2218 trucidari,
2578 2169 2642 2208 ex
2671 2170 2780 2223 quo
2809 2153 3020 2206 initium
3044 2153 3244 2207 factum
3273 2163 3354 2208 est
3376 2169 3502 2208 sen-

1940 2248 2042 2302 tire
2077 2263 2171 2304 eos
2208 2247 2458 2300 virtutem
2492 2246 2694 2317 peccati
2730 2261 2822 2314 per
2848 2246 3016 2313 legem
3046 2243 3238 2315 Moysi,
3272 2255 3326 2300 et
3365 2259 3500 2315 pro-

1938 2348 2122 2410 pterea
2173 2356 2192 2390 ‹
2226 2339 2399 2393 virtus
2429 2337 2633 2407 peccati
2672 2355 2690 2388 ι
2725 2337 2992 2407 appellata
3039 2345 3123 2392 est
3156 2337 3258 2391 lex.

2008 2447 2224 2503 XXXII.
2253 2447 2329 2503 De
2366 2464 2432 2503 eo
2462 2462 2609 2512 vero,
2638 2447 2782 2516 quod
2817 2446 2868 2500 in
2904 2446 3193 2516 Evangelio
3238 2446 3497 2516 scriptum

1937 2547 2055 2594 est:
2092 2558 2111 2590 ι
2149 2536 2258 2592 Vos
2301 2539 2366 2592 de
2394 2548 2546 2607 patre
2590 2537 2806 2591 diabolo
2837 2537 2969 2591 estis
3009 2538 3076 2600 ⁷⁸,
3111 2555 3130 2588 ι
3160 2545 3213 2591 et
3267 2537 3498 2606 reliQna,

1938 2631 2170 2685 breviter
2224 2629 2488 2695 dicimus,
2525 2629 2649 2698 quia
2691 2639 2774 2684 est
2806 2627 3056 2682 diabolus
3105 2627 3396 2696 inoperans
3442 2627 3498 2679 in

1937 2721 2112 2786 nobis,
2142 2721 2234 2790 qui
2264 2723 2346 2774 sui
2377 2721 2587 2774 arbitrii
2626 2728 2888 2789 potestate
2936 2718 3072 2772 tales
3111 2733 3251 2772 'esse
3302 2717 3496 2772 voluit.

1937 2814 2078 2869 Deus
2109 2814 2251 2867 enim
2283 2814 2466 2867 omnia
2491 2828 2610 2881 qua:
2639 2812 2783 2876 fecit,
2821 2812 2963 2866 bona
2989 2811 3138 2864 valde
3165 2809 3308 2876 fecit,
3343 2810 3498 2864 liberi

1937 2905 2148 2959 arbitrii
2181 2919 2400 2958 sensum
2429 2902 2720 2971 unicuique
2745 2903 2911 2967 dedit,
2959 2918 3065 2972 qua
3095 2901 3305 2956 ratione
3333 2902 3497 2956 etiam

280 2997 492 3045 severat
515 3032 531 3056 ,
581 3006 702 3045 cum
759 2990 860 3044 sibi
908 2989 1272 3059 septuagesies
1314 2990 1512 3058 septies
1560 2990 1722 3045 fuerit
1754 2990 1835 3043 in-
1861 2978 1902 3036 C
1935 2997 2105 3068 legem
2124 2995 2313 3065 judicii
2334 2995 2533 3064 posuit.
2559 2993 2791 3050 Peccare
2821 3003 3068 3048 nostrum
3096 3002 3210 3056 est;
3237 3001 3294 3046 ut
3317 3002 3496 3046 autem

279 3085 510 3138 dultum.
543 3083 660 3138 Non
689 3085 861 3140 solum
895 3093 1074 3137 autem
1103 3083 1264 3149 huic,
1301 3083 1393 3136 sed
1440 3082 1603 3136 etiam
1633 3084 1678 3138 si
1712 3083 1836 3153 quis

281 3176 419 3230 Filio
431 3176 666 3232 hominis
682 3177 950 3230 intulisset
965 3173 1454 3244 injuriam,veniam
1467 3173 1695 3229 dedit.Si
1708 3188 1837 3227 vero

282 3268 508 3338 Spiritui
538 3279 747 3332 saneto,
775 3269 987 3323 duobus
1011 3283 1134 3322 eum
1160 3267 1400 3322 subdidit
1423 3267 1743 3330 maledictis,
1784 3265 1838 3319 id

278 3369 364 3414 est
377 3358 545 3428 Moysi
561 3359 710 3430 legis,
735 3369 785 3414 et
802 3374 936 3424 suae;
955 3356 1120 3428 Moysi
1135 3357 1347 3426 quidem
1373 3356 1425 3410 in
1440 3357 1708 3426 praesenti,
1729 3371 1840 3411 suae

279 3467 408 3508 vero
436 3451 489 3505 in
513 3441 699 3522 judicii
723 3461 995 3519 tempore;
1020 3450 1095 3505 ait
1115 3450 1258 3504 enim
1281 3449 1354 3502 ita
1381 3467 1423 3503 ;‹
1453 3447 1635 3518 Neque
1656 3449 1708 3502 in
1738 3450 1840 3503 hoc

279 3543 499 3607 saeculo,
535 3558 707 3613 neque
729 3544 782 3597 in
803 3542 984 3597 futuro
1004 3542 1303 3596 remittetur
1321 3541 1369 3596 ei
1388 3541 1452 3594 ⁸⁷.
1485 3560 1504 3592 ι
1523 3539 1689 3611 Moysi
1711 3555 1839 3608 ergo

281 3637 366 3691 lex
404 3645 486 3692 est
510 3675 525 3700 ,
565 3651 684 3704 qua:
713 3635 764 3688 in
794 3635 1045 3705 praesenti
1077 3635 1278 3690 saeculo
1328 3634 1458 3688 nulli
1493 3635 1703 3688 veniam
1743 3635 1841 3688 tri-

280 3729 432 3794 buit;
471 3727 671 3782 Christi
721 3739 852 3783 vero
902 3736 1017 3794 est,
1065 3743 1186 3797 qua:
1228 3727 1466 3782 vindieat
1515 3727 1571 3781 in
1630 3725 1836 3782 futuro.

281 3817 360 3872 Ex
384 3819 488 3874 hoc
508 3818 714 3874 intuere
735 3818 1190 3888 quemadmodum
1213 3815 1496 3872 confirmat
1512 3816 1706 3886 legem,
1728 3830 1837 3870 non

282 3909 459 3964 solum
485 3925 590 3964 non
619 3911 837 3965 solvens
864 3925 1008 3976 eam,
1039 3910 1132 3965 sed
1159 3910 1408 3979 implens.
1440 3908 1686 3964 Redemit
1711 3925 1838 3980 ergo

280 4014 376 4054 eos
399 3999 574 4078 abeo,
603 4000 747 4069 quod
777 4001 829 4054 in
856 4000 1105 4070 praesenti
1129 4000 1364 4070 positum
1387 4007 1526 4064 erat,
1549 3999 1839 4056 maledicto

280 4091 438 4163 legis,
463 4107 526 4147 ex
549 4109 656 4162 quo
682 4109 702 4142 ι
734 4092 1073 4147 maledictum
1098 4092 1230 4162 legis
1264 4112 1282 4145 ι
1315 4092 1641 4162 appellatum
1667 4101 1752 4146 est
1771 4093 1835 4147 ⁸⁸.

281 4183 409 4241 Haec
447 4187 626 4241 omnis
675 4186 837 4255 hujus
869 4184 1141 4240 sermonis
1188 4193 1273 4239 est
1315 4185 1475 4238 ratio.
1510 4186 1621 4242 Cur
1653 4196 1835 4242 autem

362 4296 407 4328 ⁸⁸
427 4298 587 4354 Νιιιη.
619 4316 706 4362 xv,
739 4299 828 4353 52.
902 4300 947 4330 “
987 4283 1183 4354 Matth.
1235 4316 1365 4354 xvm
1393 4341 1407 4366 ,
1451 4300 1541 4354 2i.

282 4370 328 4400 "
378 4368 396 4421 Ι
431 4369 571 4424 Tim.
600 4386 639 4434 ι,
670 4370 723 4424 9.
830 4371 876 4401 '“
909 4369 1066 4425 Joan.
1101 4387 1218 4434 vin,
1249 4372 1338 4426 44.

1633 4303 1674 4334 ⁸⁷
1704 4303 1893 4357 Matth.
1948 4320 2046 4371 xu,
2080 4283 2191 4358 '52.

1446 4373 1491 4402 ⁷¹
1517 4373 1704 4428 Matth.
1739 4390 1851 4439 χιχ,
1887 4374 1972 4428 17.

1940 3105 2047 3143 non
2077 3103 2381 3158 peccemus,
2408 3087 2501 3142 Dei
2528 3087 2729 3141 donum
2756 3095 2859 3149 est,
2890 3102 2957 3140 ex
2977 3101 3041 3139 eo
3062 3085 3205 3154 quod
3226 3085 3280 3138 in
3311 3093 3496 3139 nostro

1941 3180 2011 3233 sit
2037 3180 2262 3234 arbitrio
2295 3178 2647 3233 constitutum
2693 3193 2914 3248 peccare
2935 3217 2951 3242 ,
2977 3176 3060 3230 vel
3091 3191 3195 3230 non
3240 3191 3496 3244 peccare:

1943 3273 2084 3327 sicut
2114 3273 2276 3326 etiam
2302 3279 2358 3326 tu
2391 3271 2509 3325 sine
2538 3269 2700 3324 dubio
2733 3269 2906 3331 nosti,
2939 3283 2973 3321 ο
3005 3267 3208 3333 Manes,
3233 3267 3279 3322 si
3318 3276 3497 3320 tamen

1945 3362 2360 3434 congregansjn
2390 3377 2558 3416 unum
2583 3360 2878 3430 discipulos
2903 3369 3047 3421 tuos,
3078 3368 3131 3414 et
3151 3375 3244 3413 eos
3266 3374 3502 3413 commo-

1941 3471 2075 3510 nens
2106 3454 2215 3524 (59)
2241 3467 2307 3508 ne
2334 3453 2665 3522 delinquant,
2691 3467 2823 3506 neve
2845 3452 3046 3522 aliquid
3069 3452 3266 3521 injuste
3287 3461 3497 3522 gerant,

1936 3546 2124 3615 judicii
2179 3545 2347 3614 legem
2387 3543 2764 3613 unusquisque
2817 3559 3003 3598 eorum
3050 3544 3219 3613 possit
3246 3544 3496 3599 evadere.

1944 3639 2006 3692 Et
2031 3645 2173 3692 certe
2208 3636 2301 3706 qui
2333 3636 2624 3701 voluerint,
2650 3635 2944 3690 observant
2985 3635 3236 3690 mandata
3282 3636 3361 3702 ἠς
3404 3637 3498 3705 qni

1942 3744 2070 3784 vero
2095 3727 2518 3798 contempserint
2542 3735 2596 3781 et
2625 3726 2678 3779 in
2715 3742 3026 3795 perversum
3077 3727 3495 3786 declinaverint,

1944 3821 2060 3876 sine
2091 3821 2256 3874 dubio
2284 3821 2452 3890 legem
2480 3818 2668 3888 judicii
2716 3818 2906 3872 ferent.
2939 3817 3013 3871 Ex
3070 3818 3171 3873 hoc
3206 3819 3366 3872 etiam
3401 3827 3500 3871 an-‘-

1944 3913 2187 3984 gelorum
2212 3911 2454 3982 quidam,
2487 3912 2737 3964 mandato
2763 3910 2854 3963 Dei
2895 3925 3000 3964 non
3049 3910 3272 3976 subditi,
3303 3911 3499 3964 volun-

1943 4005 2039 4060 tati
2070 4003 2189 4074 ejus
2219 4003 2572 4058 restiterunt:
2613 4012 2667 4057 et
2712 4003 2910 4072 aliquis
2957 4003 3174 4074 quidem
3217 4004 3282 4059 de
3315 4004 3452 4060 caelo
3477 4043 3493 4068 ,

1943 4105 2200 4167 tanquam
2226 4095 2404 4166 fulgur
2431 4094 2569 4166 ignis
2599 4095 2665 4161 ⁷³,
2696 4095 2888 4150 cecidit
2930 4111 3091 4165 super
3137 4105 3366 4161 terram;
3406 4095 3495 4149 alii

1941 4203 2072 4244 vero
2101 4188 2155 4241 in
2183 4185 2437 4242 felicitate
2487 4185 2766 4240 hominum
2797 4186 3009 4240 filiabus
3033 4185 3247 4241 admisti
3279 4186 3390 4259 (60)
3415 4224 3434 4253 ,
3464 4204 3494 4242 a

2302 4305 2346 4336 ⁸⁸
2381 4302 2554 4360 Galat.
2615 4319 2698 4370 ιιι,
2755 4303 2844 4358 15.
2955 4303 3197 4360 "lCor.
3256 4320 3344 4370 xv,
3403 4304 3494 4362 56.

2079 4376 2124 4406 ⁷³
2155 4375 2286 4430 Luc.
2320 4390 2376 4439 x,
2413 4375 2497 4429 18.

321 4512 401 4585 uit
431 4511 497 4567 D.
527 4513 862 4585 Augustinus
888 4515 943 4569 in
974 4514 1114 4570 libro
1140 4514 1214 4569 De
1245 4513 1433 4569 Gratia
1471 4514 1690 4585 Christi,
1713 4530 1830 4585 cap.
1866 4520 1911 4574 D
1938 4525 1992 4570 et
2020 4515 2108 4571 isti
2162 4515 2402 4572 fecerunt
2426 4555 2442 4580 ,
2489 4523 2544 4571 et
2571 4514 2625 4569 in
2653 4527 2819 4568 causa
2851 4513 3104 4585 fuegunt,
3158 4520 3216 4566 ut
3263 4515 3494 4584 populus

275 4583 373 4646 24,
407 4597 512 4654 non
541 4583 655 4654 lege
690 4593 850 4654 atque
879 4585 1122 4640 doctrina
1168 4586 1454 4640 insonante
1495 4583 1834 4653 forinsecus;

282 4655 377 4710 sed
403 4653 612 4707 interna
641 4653 1034 4726 atqueoccnlta
1069 4655 1303 4710 mirabili
1333 4671 1396 4710 ac
1446 4654 1698 4709 ineffabili
1741 4670 1839 4724 po—

281 4732 479 4779 testate
507 4734 763 4791 operatur
807 4725 860 4780 in
893 4727 1147 4781 cordibus
1187 4727 1466 4779 hominum
1501 4739 1607 4778 non
1661 4726 1836 4779 solum

281 4809 440 4849 veras
465 4795 838 4861 revelationes,
873 4797 966 4850 sed
997 4797 1157 4849 etiam
1195 4797 1366 4851 bonas
1395 4796 1718 4850 voluntates.
1750 4793 1838 4848 Si-

283 4864 433 4918 milia
461 4864 838 4936 ineulcatrtum
864 4866 918 4919 in
953 4867 1127 4935 capite
1149 4866 1360 4921 decimo
1384 4867 1542 4920 tertio
1590 4865 1835 4936 ejusdem

282 4936 622 5004 Operis,_tum
651 4935 777 4989 alibi
808 4936 1030 5004 passim.

355 5003 467 5072 (57)
496 5002 552 5057 In
581 5002 863 5060 Casinehsi
897 5007 1101 5068 codice,
1139 5023 1158 5056 ι
1208 5005 1466 5060 ultionem
1515 5003 1714 5059 fecerat
1743 5019 1835 5058 re-

282 5073 590 5142 torquebat.
617 5093 636 5126 ι
671 5074 774 5129 Sed
803 5077 1108 5131 necessaria
1142 5076 1256 5131 visa
1286 5084 1367 5130 est
1385 5077 1589 5130 relativi
1617 5075 1831 5130 articuli

283 5143 604 5214 additio,__ne
627 5160 818 5200 sensus
845 5148 952 5199 ulla
979 5161 1041 5198 ex
1069 5154 1217 5214 parte
1250 5155 1480 5199 nutaret.

358 5211 469 5283 (58)
502 5211 618 5267 Non
653 5230 820 5283 pauca
847 5211 1130 5285 primitivae
1159 5214 1411 5271 Ecclesia:
1435 5215 1618 5271 Patres
1642 5231 1704 5270 ex
1737 5214 1834 5270 Ju-

284 5283 525 5356 darorum
559 5287 821 5339 sententia
849 5283 1230 5356 loquebantur,
1261 5295 1318 5339 ut
1341 5301 1406 5340 ex
1436 5287 1521 5356 his
1545 5287 1634 5356 qui
1665 5287 1716 5340 in
1749 5302 1832 5341 ca-

285 5354 396 5422 pite
424 5357 665 5423 sequenti
697 5366 752 5408 et
784 5357 848 5409 ad
882 5355 1165 5424 Theophili
1208 5354 1828 5424 Alexandrini—disputa-

287 5424 490 5494 tionem
518 5439 640 5478 cum
672 5424 892 5480 Simone
944 5424 1130 5480 Iudaeo
1164 5441 1282 5494 cap.
1315 5425 1381 5478 13
1419 5429 1828 5488 annotavimus,

285 5493 462 5566 lucide
494 5505 740 5566 apparet.
778 5495 951 5565 Hujus
984 5496 1194 5566 generis
1220 5493 1381 5550 etiam
1428 5505 1514 5566 est
1543 5501 1688 5565 quod
1745 5497 1832 5551 hic

284 5565 352 5616 de
395 5561 663 5634 Egyptiis
695 5561 1032 5620 vituli'auréi
1061 5565 1525 5620 constructoribus
1551 5561 1605 5620 et
1634 5567 1829 5619 adora-

285 5633 517 5688 toribus’
542 5635 702 5688 tradit
739 5635 1066 5699 Archelaus;
1102 5651 1224 5690 nam
1264 5636 1318 5688 in
1352 5635 1600 5689 Scemoth
1646 5634 1830 5690 Rabba

287 5717 418 5776 pag.
449 5703 571 5776 {57,
601 5706 706 5759 col.
741 5705 766 5756 1
795 5722 808 5758 :
848 5724 867 5757 ι
898 5706 965 5760 Et
997 5706 1334 5776 isti(nempe
1374 5703 1610 5776 Egyptii
1646 5721 1825 5772 prose-

289 5776 383 5841 lyti
407 5774 429 5844 )
457 5774 702 5831 fecerunt
737 5776 986 5845 vitulum,
1021 5774 1148 5847 quia
1177 5775 1424 5834 colebant
1450 5774 1827 5840 idololatriam,

1937 4597 2201 4657 peccaret.
2234 4585 2364 4640 Vide
2392 4586 2521 4656 quid
2548 4585 2806 4657 scriptum
2826 4585 2901 4657 psit
2933 4582 3120 4657 Exodi
3139 4598 3316 4657 xxxn,
3336 4582 3491 4657 ‘vers.

1935 4653 1988 4710 ι.
2021 4655 2138 4709 Νοιι
2176 4664 2258 4711 est
2293 4653 2550 4724 scriptum
2587 4653 2714 4710 hic:
2746 4655 2836 4709 Isti
2889 4663 3016 4709 sunt
3049 4653 3122 4724 dii
3150 4655 3354 4724 nostri,
3398 4655 3493 4708 sed

1934 4726 2026 4779 isti
2060 4736 2178 4778 sunt
2206 4726 2284 4778 dii
2320 4723 2435 4778 tui:
2483 4726 2628 4794 quod
2675 4725 2925 4796 proselyti
2948 4765 2963 4789 ,
2996 4723 3087 4793 qui
3139 4737 3283 4796 cum_
3310 4723 3494 4794 Moyse

1935 4796 2309 4864 ascenderant,
2336 4797 2434 4864 ipsi
2464 4793 2704 4850 fecerunt
2727 4793 2898 4857 illum,
2923 4804 2974 4848 et
2993 4796 3247 4848 dixerunt
3269 4793 3449 4848 Israeli
3476 4813 3490 4850 :

1937 4863 2041 4918 Isti
2087 4874 2207 4918 sunt
2242 4866 2317 4918 dii
2352 4867 2448 4918 tui.
2508 4866 2711 4919 Idcirco
2744 4864 2887 4919 Deus
2933 4875 3151 4918 sanctus
3179 4865 3494 4919 benedictus

1937 4935 2078 4990 dixit
2104 4935 2271 5003 Moysi
2297 4954 2308 4988 :
2340 4933 2504 5000 Vade,
2530 4935 2813 4996 descende,
2841 4935 2968 5002 quia
2991 4934 3492 5003 corrupitirpOpulns

1941 5019 2088 5060 tuus.
2115 5025 2133 5058 ι
2162 4995 2294 5059 Vide
2311 4995 2652 5059 Salom'onem
2679 4995 2940 5058 Jarehi'in
2968 4995 3214 5056 eumdem
3233 4995 3398 5057 Exodi
3417 5004 3494 5056 lo-

1939 5092 2063 5130 cum
2080 5091 2220 5130 vers.
2251 5075 2313 5139 8;
2331 5075 2480 5128 Aben
2512 5073 2646 5128 Ezra
2666 5074 2796 5127 ibid.
2823 5089 2964 5128 vers.
2987 5072 3078 5138 22,
3095 5081 3148 5126 et
3162 5073 3492 5126 Abarbanel-

1939 5145 2048 5199 lum
2073 5144 2210 5213 ,ibid.
2250 5159 2406 5213 vers.
2430 5144 2514 5198 11.
2546 5146 2616 5197 At
2642 5143 2723 5197 vel
2747 5159 2814 5198 ex
2834 5145 2977 5198 nuda
3009 5142 3149 5197 sacri
3177 5150 3353 5213 textus
3378 5141 3488 5213 lec-

1940 5211 2103 5280 tione,
2134 5224 2187 5269 et
2215 5229 2282 5268 ex
2331 5212 2468 5265 LXX
2505 5215 2853 5282 interpretum
2879 5213 3141 5282 versione
3175 5211 3314 5264 hanc
3346 5211 3492 5263 rabi-

1937 5279 2130 5338 norum
2155 5284 2525 5352 conjecturam
2547 5279 2699 5338 valde
2732 5286 2993 5340 incertam
3027 5279 3342 5349 futilemque
3367 5294 3488 5335 esse

1935 5356 2078 5414 clare
2104 5355 2394 5423 colligitur.

1998 5425 2111 5495 (59)
2148 5418 2639 5495 lta'restituendam
2671 5421 2992 5495 censuimus
3034 5418 3306 5495 depravati
3338 5418 3488 5473 codi-

1928 5489 2351 5549 cis'Casinensis
2383 5493 2690 5557 lectionem,
2728 5493 2781 5545 in
2811 5507 2918 5560 quo
2952 5490 3032 5543 sic
3056 5489 3342 5553 scribitur,
3376 5506 3397 5539 ι
3432 5498 3487 5544 et

1927 5564 2234 5644 communis
2266 5579 2352 5628 ne,
2394 5581 2414 5614 ι
2444 5573 2570 5631 etc.,
2595 5564 2699 5618 nisi
2731 5562 2852 5631 quis
2878 5561 3146 5622 maluerit,
3185 5576 3204 5610 ι
3237 5573 3488 5612 commu-

1969 5649 2100 5687 lellS.
2133 5652 2153 5686 ι

1928 5650 2223 5774 ³¹ῗὲῗήέτι
2271 5703 2406 5757 alter
2430 5701 2681 5774 Archelai
2715 5701 2889 5766 locus,
2917 5715 2983 5755 ex
3016 5713 3125 5774 quo
3159 5698 3212 5774 id
3246 5696 3391 5770 quod
3427 5695 3483 5774 in

1928 5769 2246 5843 praecedenti
2276 5775 2449 5844 capite
2469 5775 2536 5830 de
2577 5772 2922 5830 Hebraeorum
2947 5769 3293 5841 opinionibus
3314 5784 3344 5824 a
3371 5769 3484 5839 pri-
