3982 6346
502 332 527 387 1
538 331 641 389 479

1484 334 1667 392 ACTA
1704 334 2234 393 DISPUTATIONIS
2273 336 2333 393 S.
2372 336 2717 393 ARCIIELAI

3618 341 3753 399 I130

501 453 744 510 dracone
777 454 983 521 amicti,
1018 455 1161 526 ignis
1197 457 1384 511 aeterni
1416 472 1632 527 pinnam
1665 459 1941 529 suscipere
1971 475 2087 513 me—
2115 463 2156 519 Α
2185 475 2375 515 omnes
2401 468 2664 516 creaturae
2702 459 2942 516 visibiles
2978 462 3085 516 sint
3120 475 3344 517 necesse
3365 468 3452 517 est
3473 502 3488 526 ,
3520 463 3748 520 ccelum.

500 557 752 604 ruerunt.
780 547 873 602 Ille
901 549 1065 619 igitur
1087 549 1141 603 in
1166 556 1367 603 terram
1386 549 1641 607 decidens
1667 566 1767 606 nec
1791 551 1930 606 ultra
1952 551 2074 606 ειεΙί

502 641 819 711 regionibus
851 641 1147 705 admissus,
1179 642 1323 696 inter
1357 642 1607 698 homines
1652 643 1947 709 volutatur,
1977 643 2075 698 de-

502 731 710 802 cipiens
761 746 900 797 eos,
940 741 1104 799 atque
1156 732 1493 799 persuadens
1549 731 1652 786 sibi
1708 732 1915 787 similes
1940 730 2076 786 είῊεί

505 833 962 893 transgressores,
999 831 1055 876 et
1083 839 1257 894 usque
1296 824 1350 878 in
1382 823 1704 878 hodiernum
1734 823 2078 878 adversarius

503 926 586 971 est
637 916 909 970 mandatis
963 915 1074 970 Dei.
1115 915 1223 971 Sed
1260 931 1366 971 non
1419 931 1609 971 omnes
1641 917 1850 986 lapsum
1906 916 2079 970 ruinae

505 1007 627 1077 ejus
647 1015 968 1076 sequentur,
993 1021 1093 1077 pro
1116 1022 1182 1061 eo
1209 1008 1355 1077 quod
1380 1008 1672 1079 unicuique
1700 1008 1921 1063 libertas
1937 1006 2081 1063 arbi-

448 1108 451 1111 '
505 1099 592 1153 trii
619 1108 704 1153 est
730 1116 743 1152 :
778 1114 845 1153 ex
878 1098 982 1152 hoc
1005 1099 1149 1153 enim
1193 1108 1246 1153 et
1274 1100 1578 1169 appellatus
1604 1109 1688 1155 εει
1719 1100 1987 1167 diabolus,
2012 1115 2078 1157 eo

501 1191 648 1262 quod
698 1191 986 1247 transitum
1024 1190 1216 1245 fecerit
1244 1190 1311 1246 de
1360 1192 1676 1247 ctelestibus
1708 1232 1720 1257 ,
1752 1194 1968 1262 etquod
2022 1193 2077 1247 in

502 1285 662 1340 terris
689 1283 945 1338 mandato
990 1282 1084 1337 Dei
1109 1283 1439 1338 obtrectator
1470 1284 1776 1338 exsisteret.
1810 1282 1948 1350 Quia
1977 1299 2080 1338 au-

502 1385 613 1431 tem
646 1375 789 1431 Deus
816 1375 887 1432 sit
912 1376 1004 1447 qui
1036 1375 1187 1446 prius
1213 1378 1526 1431 mandatum
1552 1376 1721 1444 dedit,
1753 1392 1872 1448 ipse.
1895 1376 2079 1432 Domi-

501 1485 608 1524 nus
628 1466 789 1525 Jesus
819 1469 896 1523 ait
917 1470 985 1524 ad
1022 1469 1334 1525 diabolum:
1367 1488 1387 1521 ι
1420 1468 1568 1525 Vade
1614 1477 1738 1541 post
1770 1486 1875 1535 me,
1923 1467 2081 1524 Sata-

502 1577 571 1615 na
602 1561 690 1627 7‘;
732 1580 752 1613 ›
791 1570 846 1616 ει
877 1562 995 1617 sine
1024 1561 1192 1617 dubio
1226 1563 1306 1618 ire
1335 1572 1457 1632 post
1483 1566 1674 1627 Deum,
1710 1562 1851 1617 servi
1880 1572 1991 1629 est;
2027 1569 2083 1616 et

503 1650 701 1705 iterum
727 1652 871 1721 quod
926 1654 1002 1706 ait
1030 1652 1095 1707 ad
1128 1669 1253 1708 eum
1282 1671 1294 1707 :
1333 1673 1351 1703 ‹
1387 1652 1677 1708 Dominum
1711 1653 1878 1707 Deum
1926 1632 2077 1707 tuum

501 1744 753 1798 adorabis
782 1754 836 1798 et
866 1744 965 1814 ipsi
995 1745 1097 1799 soli
1136 1745 1341 1801 servies
1366 1746 1435 1801 ⁷⁸.
1471 1765 1489 1797 ι
1519 1743 1788 1811 Quoniam
1820 1759 1950 1814 ergo
1980 1745 2078 1798 ob—

2180 559 2325 603 terra
2350 589 2365 613 ,
2415 565 2567 605 mare
2592 591 2606 615 ,
2638 551 2892 605 homines
2912 589 2927 613 ,
2955 551 3159 618 angeli,
3206 552 3523 623 archangeli
3552 569 3567 605 :
3612 550 3748 608 Deus

2178 656 2330 707 vero,
2362 657 2485 696 cum
2531 658 2559 697 a
2592 643 2742 696 nullo
2790 658 3028 713 unquam
3079 644 3231 698 visus
3276 645 3383 710 sit,
3418 644 3556 714 quid
3582 644 3630 698 ei
3666 658 3749 713 po—

2181 740 2285 787 test
2334 749 2401 788 ex
2449 735 2569 790 istis
2601 735 2868 790 creaturis
2914 749 3035 791 esse
3078 736 3450 794 bomousiou?
3500 737 3658 794 Unde
3696 750 3748 793 et

2179 823 2392 895 singula
2419 841 2647 896 qumque
2676 829 2981 885 secundum
3014 830 3259 885 ordinem
3287 847 3450 889 suum
3475 839 3744 905 propriam

2179 915 2415 971 dicimus
2452 917 2653 973 habere
2685 920 3068 980 substantiam.
3095 923 3175 979 Tu
3200 942 3330 982 vero
3357 944 3423 982 ex
3454 946 3569 984 uno
3596 947 3747 988 omne

2178 1007 2382 1062 animal
2411 1013 2554 1079 quod
2594 1022 2862 1078 movetur,
2900 1014 3103 1070 factum
3132 1018 3288 1085 dicis,
3315 1031 3368 1073 et
3389 1022 3746 1080 substantiam

2180 1112 2211 1151 a
2236 1096 2346 1153 Deo
2367 1101 2640 1171 accepisse
2664 1103 2801 1158 dicis
2821 1104 3076 1174 similem,
3100 1118 3151 1163 et
3175 1125 3335 1179 posse
3356 1127 3478 1165 eam
3503 1128 3746 1186 peccare,

2181 1198 2347 1260 atque
2372 1192 2439 1247 ad
2467 1191 2731 1261 judicium
2756 1194 2978 1261 venire;
3012 1205 3066 1251 et
3100 1213 3223 1253 eum
3254 1217 3361 1256 non
3397 1202 3482 1258 vis
3514 1206 3750 1275 recipere

2181 1294 2488 1335 sermonem
2513 1281 2801 1348 dicentem,
2831 1284 3104 1340 diabolum
3126 1289 3375 1356 angelum
3402 1290 3599 1357 fuisse,
3622 1297 3746 1351 etin

2180 1371 2624 1441 praevaricatione
2654 1374 2953 1445 decidisse,
2977 1388 3032 1434 et
3065 1395 3171 1435 non
3200 1397 3320 1438 esse
3346 1384 3597 1453 ejusdem
3626 1402 3745 1443 cum

2182 1460 2293 1517 Deo
2308 1464 2644 1521 substantiae.
2662 1468 2976 1524 Interimere
2999 1470 3085 1526 del
3102 1487 3162 1528 es
3171 1473 3362 1542 judicii
3386 1478 3602 1532 ratione
3621 1478 3747 1547 (61),

2183 1563 2244 1608 ut
2271 1555 2394 1626 quis
2424 1567 2667 1613 nostrum
2696 1558 2847 1615 fallat
2879 1574 3154 1633 appareat.
3181 1565 3235 1620 Si
3261 1568 3409 1621 enim
3439 1585 3549 1622 non
3579 1580 3751 1640 potest

2185 1650 2335 1718 quia
2369 1650 2478 1707 Deo
2507 1663 2725 1710 creatus
2768 1664 2852 1711 est
2906 1659 3160 1729 angelus,
3219 1661 3273 1715 in
3313 1668 3749 1734 transgressione

2182 1741 2451 1809 decidere,
2486 1745 2759 1813 quomodo
2791 1756 2969 1816 potest
3001 1765 3126 1819 pars
3148 1750 3241 1805 Dei
3270 1752 3453 1807 anima
3484 1758 3748 1823 peccare!

503 1836 877 1905 temperabant
902 1837 1125 1907 quidam
1155 1837 1437 1894 hominum
1476 1837 1851 1891 voluntatibus
1884 1836 2075 1906 ipsius,
2110 1826 2151 1880 Β
2183 1832 2240 1888 Si
2269 1850 2397 1888 vero
2415 1835 2681 1906 judicium
2729 1853 2851 1895 esse
2877 1840 3014 1896 dicis
3038 1844 3376 1911 peccantium
3413 1846 3743 1914 animarum,

501 1928 792 1983 audierunt
816 1944 846 1982 a
872 1928 1155 1984 Salvatore
1181 1947 1194 1983 :
1228 1947 1248 1982 ι
1278 1928 1388 1984 Vos
1413 1945 1476 1984 ex
1508 1940 1656 1999 patre
1681 1928 1896 1983 diabolo
1919 1928 2075 1992 estis,

499 2029 556 2075 et
584 2020 851 2077 desideria
885 2022 1055 2091 patris
1078 2021 1247 2075 vestri
1277 2021 1455 2076 facere
1480 2021 1644 2075 vultis
1667 2021 1733 2073 7°.
1767 2040 1784 2072 ι
1817 2019 2076 2091 Denique,

499 2130 625 2170 cum
666 2113 867 2170 faciant
898 2096 1202 2170 voluntates
1250 2114 1392 2185 ejus,
1424 2114 1691 2168 audiunt:
1734 2132 1754 2164 r
1791 2111 2079 2168 Generatio

500 2207 835 2276 viperarum,
862 2206 986 2276 quis
1015 2206 1167 2261 vobis
1190 2206 1427 2261 ostendit
1472 2205 1657 2276 fugere
1681 2205 1749 2258 ah
1780 2205 1860 2258 ira
1889 2213 2080 2258 ventu-

501 2301 601 2355 ra?
634 2298 819 2354 Facite
861 2314 991 2370 ergo
1037 2298 1276 2355 fructum
1307 2297 1531 2368 dignum
1580 2297 1912 2369 poenitentia:
1940 2295 2006 2351 7".
2050 2315 2070 2349 ι

500 2388 582 2445 Ex
615 2391 719 2446 hoc
760 2407 888 2461 ergo
916 2392 1135 2462 pervide
1166 2399 1373 2463 quanta
1403 2392 1484 2447 vis
1520 2393 1590 2447 sit
1615 2392 1891 2447 hominem
1921 2390 2077 2447 liberi

498 2497 623 2537 esse
648 2483 897 2537 arbitrii:
948 2483 1095 2538 dicat
1125 2493 1305 2538 tamen
1350 2482 1513 2537 etiam
1552 2483 1687 2553 ipse,
1724 2483 1771 2536 si
1804 2492 1888 2538 est
1931 2482 2078 2553 judio

498 2576 645 2631 cium
676 2576 889 2646 piorum
938 2575 1327 2646 etimpiorum.
1363 2574 1544 2629 Manes
1574 2576 1714 2629 dixit
1751 2591 1769 2628 :
1803 2574 1899 2631 Est
1926 2575 2077 2646 judi-

500 2669 673 2724 cium.
724 2667 1014 2723 Archelaus
1052 2669 1229 2722 dixit:
1285 2666 1424 2723 Puto
1463 2683 1584 2740 quae
1608 2683 1639 2722 a
1668 2667 1826 2724 nobis
1857 2667 1970 2739 (61)
2012 2667 2079 2724 de

499 2760 720 2816 diabolo
748 2761 892 2816 dit-ta
924 2770 1075 2826 sunt,
1109 2778 1217 2818 non
1268 2777 1460 2831 parum
1512 2759 1742 2816 rationis
1772 2766 1826 2815 ct
1859 2760 2076 2830 pietatis

500 2855 772 2911 obtinent.
808 2853 980 2911 Habet
1007 2856 1151 2911 enim
1182 2864 1236 2911 et
1271 2870 1610 2926 unaquaeque
1640 2864 1892 2910 creatura
1924 2855 2075 2910 ordi-

498 2963 623 3003 nem
650 2960 852 3002 suum:
908 2956 962 3002 et
994 2948 1134 3002 alius
1179 2947 1398 3016 quidem
1433 2947 1568 3001 ordo
1587 2954 1672 3001 est
1718 2946 1944 3001 humani
1985 2962 2077 3018 ge-

499 3041 670 3106 neris,
715 3050 768 3095 et
789 3040 930 3095 alius
967 3039 1287 3093 animalium
1321 3047 1402 3092 est
1427 3078 1441 3103 ,
1494 3046 1657 3108 atque
1686 3036 1825 3093 alius
1850 3037 2073 3108 angelo-

2180 1934 2230 1979 et
2258 1926 2420 1981 unius
2447 1942 2540 1982 eas
2569 1944 2692 1983 cum
2742 1929 2849 1986 Deo
2878 1932 3015 1987 dicis
3040 1948 3161 1989 esse
3191 1935 3537 2004 substantiae,
3583 1947 3638 1994 et
3667 1949 3746 1994 ta-

2180 2031 2303 2071 men
2331 2032 2454 2073 cum
2479 2019 2546 2075 de
2564 2021 2742 2077 divina
2756 2038 2849 2078 eas
2872 2038 3088 2081 asseras
3115 2041 3236 2082 esse
3262 2037 3482 2097 natura,
3501 2031 3642 2087 dieis
3667 2032 3747 2086 ni-

2180 2111 2475 2168 hilominus
2501 2112 2594 2169 Dei
2624 2131 2732 2170 non
2764 2130 2980 2172 servare
3004 2118 3257 2174 mandata
3291 2120 3400 2191 (65)
3425 2140 3440 2187 ;
3472 2123 3641 2177 etiam
3670 2126 3749 2181 sic

2178 2201 2474 2271 plurimum
2512 2220 2666 2259 meus
2708 2221 2886 2261 sermo
2915 2209 3153 2276 procedit
3181 2208 3314 2280 (66),
3354 2211 3536 2266 dicens
3567 2217 3748 2281 primo

2179 2295 2481 2363 diabolum,
2509 2312 2575 2353 eo
2600 2290 2745 2368 quod
2773 2301 3082 2355 mandatum
3107 2318 3216 2357 non
3247 2308 3560 2373 servaverit,
3589 2310 3745 2363 deci-

2176 2387 2361 2455 disse;
2418 2403 2527 2444 non
2573 2391 2718 2445 enim
2762 2402 2879 2447 erat
2908 2409 2971 2447 ex
3029 2393 3125 2449 Dei
3173 2396 3475 2453 substantia
3504 2418 3519 2453 :
3548 2402 3749 2457 decidit

2179 2495 2286 2535 non
2314 2488 2421 2535 tam
2453 2491 2514 2536 ut
2538 2481 2753 2538 laederet
2778 2483 3075 2540 humanum
3107 2502 3277 2557 genus
3299 2529 3315 2553 ,
3348 2491 3445 2544 sed
3479 2500 3541 2545 ut
3585 2493 3656 2548 ab
3683 2510 3747 2548 eo

2178 2572 2360 2640 potius
2382 2572 2698 2627 illudcretur
2726 2563 2755 2626 τ’
2770 2575 2916 2629 dedit
2940 2577 3084 2630 enim
3111 2577 3272 2633 nobis
3293 2589 3621 2649 potestatem
3647 2587 3748 2639 cal-

2178 2662 2337 2718 candi
2371 2679 2535 2734 super
2565 2675 2843 2736 serpentes
2868 2676 2922 2722 et
2940 2670 3276 2739 scorpiones,
3312 2681 3365 2728 et
3395 2688 3617 2730 omnem
3647 2679 3748 2731 vir-

2180 2763 2347 2811 tutem
2383 2758 2590 2813 inimici
2621 2758 2688 2813 ".

2244 2846 2486 2903 XXXIII.
2517 2847 2731 2905 Iudices
2754 2850 3034 2907 dixerunt:
3066 2854 3407 2912 Suﬂlcienter
3426 2860 3665 2914 ostendit
3683 2861 3748 2916 de

2177 2943 2387 3015 origine
2419 2943 2642 2998 diaboli.
2673 2942 2811 2999 Cum
2843 2945 2986 2999 enim
3022 2954 3249 3017 utraque
3289 2964 3417 3014 pars
3456 2952 3746 3006 confitetur

2176 3032 2421 3089 futurum
2478 3049 2601 3089 esse
2627 3034 2894 3104 judicium
2920 3077 2935 3102 ,
2968 3039 3278 3093 necessario
3325 3039 3485 3095 liberi
3537 3042 3748 3098 arbitrii

503 3149 662 3188 rum:
699 3147 807 3186 una
857 3146 985 3185 vero
1026 3139 1081 3184 et
1120 3130 1234 3185 sola
1281 3128 1711 3185 inconvertibilis
1762 3135 1845 3185 est
1892 3128 2072 3185 divina
2102 3163 2144 3220 α
2179 3124 2559 3195 unusquisque
2600 3133 2968 3193 monstratur;
3018 3141 3127 3197 quo
3158 3128 3437 3184 evidenter
3482 3141 3742 3197 ostenso,

501 3223 807 3280 substantia
827 3262 841 3286 ,
868 3231 1067 3276 aeterna
1105 3229 1160 3276 et
1204 3221 1523 3288 invisibilis,
1566 3221 1710 3277 sicut
1737 3228 1792 3275 et
1821 3221 2076 3277 omnibus
2109 3215 2144 3220 ’
2175 3217 2307 3272 nulli
2338 3215 2565 3271 dubium
2587 3225 2688 3284 est,
2710 3216 2853 3287 quod
2882 3220 3255 3290 unusquisque
3276 3222 3330 3276 in
3355 3237 3746 3297 quamcunque

500 3322 692 3367 notum
734 3321 854 3380 est,
902 3311 1203 3367 secundum
1250 3311 1385 3367 illud
1434 3311 1578 3382 quod
1635 3311 1898 3382 scriptum
1952 3319 2074 3366 est:

507 3423 527 3459 t
552 3405 838 3459 Dominum
866 3403 976 3476 (62)
1000 3420 1161 3460 nemo
1186 3404 1317 3459 vidit
1345 3419 1607 3474 unquam,
1633 3404 1739 3458 nisi
1768 3402 2080 3474 unigenitus

499 3494 674 3552 Filius
712 3497 806 3567 qui
835 3506 919 3552 est
947 3496 1001 3550 in
1034 3496 1156 3551 sinu
1178 3494 1357 3552 Patris
1379 3495 1441 3548 ⁷⁸.
1476 3516 1494 3548 ι
1526 3494 1769 3566 Reliquae
1806 3510 1935 3567 ergo
1964 3493 2078 3566 (65)

569 3651 617 3684 ⁷⁸
644 3650 834 3709 Matth.
860 3668 934 3721 Iv,
970 3653 1057 3708 10.
1147 3653 1193 3686 ⁷⁸
1226 3652 1361 3709 Ibid.

498 3817 704 3893 mitivae
732 3816 988 3874 Ecclesia:
1013 3817 1264 3893 Patribus
1296 3819 1564 3893 interdum
1598 3823 1956 3893 propugnatis
1976 3821 2031 3877 di
2049 3850 2064 3863 -

497 3891 684 3963 ximus
705 3928 720 3953 ,
771 3901 954 3963 aperte
980 3892 1354 3948 conﬁrmatur.
1400 3890 1555 3963 Quod
1588 3890 1731 3948 enim
1764 3890 1831 3948 de
1860 3892 2067 3963 angelis

499 3976 625 4016 cum
660 3958 878 4031 feminis
902 3963 1390 4031 concumbentihus
1424 3962 1583 4016 tradit
1611 3958 2065 4031 Archelausfjam

499 4045 676 4102 usque
704 4046 737 4083 a
769 4029 1013 4085 Philonis
1042 4030 1250 4086 Hebraei
1278 4039 1332 4086 et
1361 4030 1581 4102 Josephi
1612 4029 2065 4102 temporibus—Ju-

499 4101 740 4173 dieorum
765 4102 950 4173 opinio
977 4112 1078 4166 est,
1096 4118 1277 4173 quam
1326 4101 1498 4156 etiam
1519 4101 1823 4173 sequuntur
1854 4103 2068 4158 Tertul-

500 4172 684 4226 lianus
705 4211 721 4237 ,
756 4170 1003 4225 Justinus
1033 4213 1047 4238 ,
1079 4172 1330 4227 Clemens
1356 4170 1756 4230 Alexandrinus
1784 4214 1800 4240 ,
1829 4174 2068 4228 Athena-

500 4256 682 4311 goras,
712 4240 1047 4313 biuihodius,
1077 4243 1414 4313 gyprianus,
1452 4242 1769 4299 Lactantius
1794 4283 1810 4309 ,
1864 4255 1925 4298 ut
1962 4245 2068 4299 late

499 4310 691 4382 primat
711 4310 983 4366 Pamelius
1010 4313 1061 4366 in
1085 4310 1403 4367 Tertulliani
1432 4315 1708 4382 paradoxo
1737 4330 1754 4367 ι
1785 4323 1839 4368 ει
1864 4314 2069 4369 Feuar-

500 4383 718 4454 dentius
740 4383 793 4454 in
823 4383 963 4437 nouis
989 4386 1054 4437 ad
1089 4383 1346 4454 Irenaeum
1383 4386 1628 4454 ejusdem
1678 4385 1952 4454 opinionis
1981 4401 2070 4440 as-

501 4452 702 4508 seclam
733 4452 826 4505 lib.
859 4469 932 4517 tv,
961 4469 1080 4522 cap.
1108 4452 1193 4506 70.
1229 4452 1429 4507 lloruui
1468 4464 1647 4508 tamen
1682 4452 1904 4509 Patrum
1937 4472 2072 4509 non-

1452 3654 1500 3686 "
1524 3653 1809 3720 Joan.vm,
1836 3654 1924 3708 44.
2002 3654 2046 3685 ⁷⁷
2070 3651 2261 3708 Matth.
2290 3666 2371 3712 nt.
2414 3649 2465 3703 7.

2174 3312 2395 3383 elegerit
2427 3321 2635 3382 partem
2661 3353 2677 3379 ,
2715 3312 2936 3382 propria
2968 3329 3104 3372 usus
3146 3313 3310 3370 fuerit
3341 3319 3561 3374 arbitrii
3596 3330 3745 3390 pote-

2178 3411 2316 3457 state
2345 3402 2476 3474 (67),
2511 3401 2691 3456 Manes
2720 3403 2899 3457 dixit:
2928 3402 2980 3459 Si
3009 3419 3039 3459 a
3067 3403 3178 3459 Deo
3203 3406 3403 3473 bonus,
3432 3419 3493 3463 ut
3524 3413 3741 3478 asseris,

2181 3494 2496 3550 mendacem
2526 3508 2647 3549 esse
2678 3494 2863 3550 dixisti
2882 3492 3067 3550 Jesum
3091 3496 3223 3570 (68).
3255 3499 3551 3556 Archelaus
3573 3504 3744 3557 dixit:

2574 3650 2619 3681 ⁷⁸
2646 3648 2804 3705 Joan.
2831 3666 2871 3716 t,
2907 3650 2995 3704 I8.
3100 3651 3147 3682 ⁷⁹
3177 3650 3309 3707 Luc.
3340 3669 3394 3718 x,
3431 3654 3522 3710 19.

2173 3820 2386 3876 tissime
2425 3818 2671 3875 omnium
2722 3818 2945 3873 Patrum
2992 3835 3056 3874 ea
3104 3819 3172 3873 de
3217 3835 3276 3875 re
3319 3825 3627 3881 sententias
3650 3842 3739 3882 ex-

2210 3890 2376 3945 endit.

2172 3906 2591 4031 orteﬂt
2622 3959 2911 4031 rationem,
2951 3975 2969 4009 ι
3008 3967 3069 4013 ιιι
3092 3975 3288 4016 sensus
3313 3962 3384 4016 sit
3405 3979 3515 4018 non
3550 3967 3738 4023 debere

2173 4029 2437 4104 Manetem
2466 4029 2730 4104 judicium
2762 4031 3081 4104 admittere,»
3101 4045 3226 4084 cum
3253 4033 3372 4100 ejus
3392 4035 3648 4104 dogmata
3676 4040 3737 4092 de

2173 4101 2396 4155 homine
2435 4098 2486 4153 et
2515 4098 2720 4170 angelis
2763 4100 2971 4169 judicio
3020 4098 3390 4156 adverswtur.
3454 4098 3512 4159 Iit
3557 4107 3738 4163 Cra-eo

2173 4172 2319 4226 enim
2350 4179 2499 4225 textu
2556 4170 2721 4239 hujus
2751 4170 3163 4243 disputationis,
3195 4176 3461 4243 ἀναιρεῖν,
3510 4175 3738 4235 fortasse

2175 4244 2437 4312 scriptum
2460 4248 2607 4303 erat;
2626 4241 2777 4312 quod
2797 4242 3190 4312 cumoccidere
3216 4241 3417 4311 pariter
3441 4261 3507 4298 ac
3527 4248 3739 4304 auferte

2174 4320 2230 4366 et
2259 4310 2326 4367 de
2357 4312 2535 4366 medio
2567 4311 2752 4365 tollere
2802 4310 3086 4381 signiticet.
3119 4310 3353 4381 prierem
3391 4330 3617 4373 sensum
3652 4335 3736 4374 se-

2175 4390 2337 4458 cutus
2362 4391 2446 4458 est
2480 4396 2585 4436 non
2618 4384 2753 4437 satis
2774 4392 3082 4446 accuratus,
3115 4398 3213 4437 nec
3230 4386 3379 4440 satis
3406 4387 3630 4458 elegans
3650 4406 3739 4444 ate

2176 4453 2358 4522 tiquns
2386 4452 2672 4522 interpres.

501 4523 636 4575 nulli
661 4524 834 4577 bonos
867 4541 897 4576 a
920 4521 1076 4577 malis
1101 4524 1306 4594 angelis
1327 4526 1598 4593 deceptos,
1625 4525 1867 4578 nonnulli
1894 4526 2068 4581 malos
2101 4534 2145 4589 ι)
2237 4521 2356 4593 (65)
2391 4521 2571 4594 Series
2603 4530 2658 4576 et
2684 4521 3089 4594 consequentia
3102 4524 3375 4580 sermonis
3398 4529 3631 4584 omnino
3659 4531 3737 4585 vi-

504 4594 728 4662 augelos
770 4609 893 4647 cuni
939 4593 1218 4647 hominum
1264 4593 1478 4648 tiliabus
1526 4595 1844 4650 commistos
1895 4595 2070 4652 fuisse

501 4664 814 4735 credidere;
850 4664 943 4718 sed
973 4674 1258 4735 utramque
1287 4666 1596 4735 opinionem
1646 4667 1924 4720 communi
1958 4668 2071 4720 cal-

501 4733 627 4802 culo
649 4733 899 4800 rejieiunt
921 4735 1010 4787 alii
1028 4733 1235 4802 Patres,
1258 4743 1312 4788 et
1326 4733 1663 4791 recentiores
1683 4751 1877 4791 omnes
1897 4752 2069 4791 suum

506 4799 802 4871 Scriptura:
855 4805 1173 4873 interpretes
1199 4799 1473 4875 ,quorum
1512 4807 1817 4875 cataIOgum
1867 4817 2066 4875 texere,

499 4887 625 4945 cum
646 4888 747 4945 res
770 4875 1141 4944 vulgatissitua
1164 4877 1254 4939 sit,
1280 4878 1762 4945 praetermittimus.

573 4943 685 5014 (61)
711 4943 767 4996 In
798 4944 1083 4999 Casinensi
1108 4943 1299 5015 legitur
1330 4950 1602 5002 contrario
1628 4962 1793 5001 sensu
1816 4987 1830 5011 ,
1862 4964 1880 4997 ι
1912 4963 1942 5000 a
1975 4962 2070 5002 vo-

500 5013 619 5085 bis,
646 5013 673 5085 i
698 5016 840 5082 quod
878 5024 1055 5068 tamen
1085 5016 1139 5068 in
1163 5013 1312 5071 hunc
1346 5019 1523 5072 locum
1552 5032 1658 5071 non
1687 5017 1937 5085 quadrat.

573 5084 686 5151 (62)
722 5085 877 5139 Hunc
919 5085 1097 5139 locum
1153 5087 1343 5142 iisdem
1374 5087 1557 5141 verbis
1600 5084 1790 5140 laudat
1828 5085 2068 5142 Irenaeus

497 5160 631 5214 Adv.
654 5161 865 5220 luem"
893 5154 990 5215 lib.
1010 5171 1092 5222 tit,
1109 5173 1160 5213 c.
1188 5158 1275 5226 11,
1298 5158 1423 5213 licet
1448 5156 1576 5211 alibi
1600 5155 1841 5227 Vulgatae
1863 5158 2069 5213 versio-

502 5241 625 5281 nem
662 5237 941 5294 sequatur.
1486 5262 1497 5267 -

575 5296 688 5367 (65)
720 5298 1019 5353 Archelaus
1049 5297 1137 5351 hic
1162 5304 1402 5351 veterum
1455 5295 1814 5364 quorumdam
1844 5295 2067 5350 Patrum

502 5376 827 5422 sententiain
857 5369 1201 5437 amplectitur
1223 5407 1237 5432 ,
1269 5368 1364 5436 qui
1392 5369 1566 5422 solum
1598 5367 1769 5421 Deum
1818 5368 2069 5436 incorpo-

503 5451 681 5500 reum,
718 5440 926 5506 reliqua
951 5452 1077 5491 vero
1104 5449 1283 5491 creata
1307 5440 1489 5491 omnia
1529 5452 1788 5507 corporea
1818 5452 1939 5492 esse
1971 5454 2067 5507 pu-

504 5515 683 5562 terunt
721 5550 736 5572 ,
769 5508 916 5577 quod
954 5523 1142 5576 nempe
1170 5510 1288 5563 loco
1326 5509 1757 5578 circumscripta,
1785 5508 1839 5562 in
1868 5508 2063 5577 seipsis

503 5578 889 5649 subsisterent;
917 5579 1042 5632 licet
1092 5578 1264 5632 n'ostri
1297 5588 1539 5647 respectu
1569 5618 1584 5639 ,
1635 5579 1729 5649 qui
1782 5592 1967 5633 crassa
2015 5587 2069 5633 et

502 5647 678 5719 densa
701 5663 928 5718 corpora
963 5650 1244 5714 habemus,
1276 5650 1621 5719 incorporeus
1655 5647 1761 5703 dici
1790 5655 2063 5719 putarent.

507 5715 640 5790 Vide
662 5715 976 5790 Dionysium
1010 5719 1286 5774 Petaviuiu
1311 5715 1457 5774 torno
1479 5721 1638 5774 tertio
1660 5715 2068 5789 theologicam":

501 5787 827 5859 dagmatum',
863 5790 957 5843 lib.
999 5806 1036 5856 t,
1073 5805 1191 5860 cap.
1221 5790 1277 5856 2,
1339 5798 1391 5846 et
1435 5790 1809 5860 sequentibus,
1834 5787 1952 5845 “ubi
1983 5790 2064 5843 Ia-

2173 4591 2633 4661 detur'pnstulare
2659 4602 2719 4646 ut
2749 4592 2978 4660 legatur,
3013 4611 3031 4643 ι
3062 4591 3156 4646 Dei
3185 4609 3290 4647 non
3321 4611 3546 4653 servare
3589 4616 3738 4654 mau-

2172 4665 2324 4740 data,
2357 4686 2376 4714 ι
2414 4664 2538 4740 licet
2568 4662 2622 4740 in
2645 4662 2933 4740 Casiuensi
2961 4663 3148 4740 codice
3175 4666 3321 4719 desit
3345 4673 3593 4740 negativa
3620 4687 3738 4740 par.

2172 4736 2368 4799 tieula;
2407 4736 2508 4788 nisi
2530 4736 2653 4803 quis
2686 4733 2864 4802 potius
2911 4734 3192 4802 legendum
3224 4747 3393 4804 putet,
3420 4733 3449 4787 ἶ
3502 4737 3599 4794 Dei
3620 4733 3737 4794 ser-

2172 4820 2319 4866 vare,
2349 4805 2429 4857 vel
2458 4819 2564 4857 non
2596 4818 2812 4859 servare
2838 4807 3092 4856 mandata
3113 4844 3129 4868 ,
3167 4823 3186 4854 ι
3221 4820 3321 4874 pro
3349 4808 3561 4863 arbitrii
3590 4813 3735 4866 scili-

2171 4884 2256 4929 cet
2287 4876 2554 4928 libertate.

2242 4948 2354 5016 (66)
2383 4944 2439 5016 In
2474 4943 2781 5016 Casinensi,
2808 4943 3131 5016 t‘priecedit.
3165 4963 3185 4995 ι

2243 5011 2354 5085 (67)
2404 5014 2463 5067 In
2511 5015 2699 5085 eodem
2730 5014 2919 5068 codice
2959 5013 3198 5083 legitur:
3257 5032 3276 5066 ι
3313 5011 3435 5081 Quo
3486 5018 3737 5074 videntur

2169 5083 2390 5141 ostenSO
2420 5083 2552 5138 nulli
2585 5084 2806 5138 dubium
2835 5092 2922 5137 est
2948 5086 3319 5156 unusquisque
3350 5104 3403 5140 in
3433 5104 3735 5156 quamcun-

2172 5171 2277 5227 que
2298 5156 2520 5225 elegerit
2547 5163 2753 5227 partem
2779 5155 2994 5223 propria
3019 5169 3150 5209 usus
3173 5158 3381 5210 arbitrii
3407 5155 3728 5227 potestate.»

2169 5223 2279 5281 Nos
2308 5223 2559 5280 an'recle
2575 5226 2752 5279 locum
2788 5226 2937 5279 hunc
2978 5223 3450 5284 emendaverimus
3471 5268 3487 5295 ,
3520 5232 3735 5285 videant

2170 5297 2391 5351 eruditi.
2874 5296 2885 5307 “

2241 5368 2351 5438 (68)
2374 5365 2555 5421 Codex
2594 5363 2908 5438 Casinensis
2937 5363 3027 5418 hic
3055 5364 3129 5419 ita
3161 5381 3222 5422 se
3256 5366 3418 5422 habet
3448 5387 3463 5422 :
3508 5388 3530 5420 ι
3567 5369 3658 5425 Sic
3701 5385 3729 5424 a

2174 5436 2282 5491 Deo
2325 5441 2500 5491 bonus
2548 5444 2606 5490 ut
2646 5451 2706 5489 as
2752 5436 3067 5490 mendacem
3095 5451 3219 5492 esse
3263 5438 3447 5493 dixisti
3489 5438 3668 5495 Jesus.
3705 5456 3726 5493 ι

2171 5508 2507 5561 Abutebatur
2539 5514 2721 5561 autem
2763 5504 2947 5560 Manes
2970 5548 2986 5570 ,
3043 5515 3102 5561 ut
3147 5523 3306 5562 suum
3340 5509 3409 5563 de
3450 5512 3598 5565 malo
3625 5510 3733 5567 Deo

2170 5580 2366 5650 dogma
2387 5574 2913 5650 statueret,_.lo_anuis
2935 5574 3214 5647 Evangelii
3238 5579 3363 5633 loco
3380 5579 3437 5650 in
3463 5595 3583 5650 cap.
3615 5597 3729 5650 vin,

2170 5649 2205 5703 5
2233 5645 2287 5702 et
2305 5646 2393 5709 44.
2420 5647 2485 5719 ίιι
2505 5661 2615 5719 quo
2641 5647 2721 5702 sic
2743 5645 3048 5719 Pharisaeos
3068 5645 3345 5719 redarguit
3368 5645 3568 5705 .Iesus':
3597 5645 3729 5706 .vot

2170 5733 2237 5789 ex
2262 5716 2650 5789 patrediabolo
2677 5719 2896 5789 estis,et
2912 5717 3177 5773 desideria
3196 5716 3366 5789 patris
3391 5722 3556 5774 vestri
3572 5720 3732 5774 vultis

2170 5788 2384 5855 facere;
2416 5788 2505 5843 ille
2548 5788 2820 5843 homicida
2858 5796 2975 5842 erat
3022 5788 3092 5843 ab
3126 5788 3307 5859 initio,
3343 5798 3397 5844 et
3424 5791 3481 5844 in
3514 5791 3678 5846 verita
