1977 3554
137 187 203 215 1481

676 186 747 216 CUM
767 186 905 215 MANETE
925 186 1193 215 HERESIARCHA.

1680 190 1748 217 “83

133 247 270 274 Conlltere
293 246 382 282 primo
394 267 402 280 ,
421 246 483 281 quia
499 253 561 274 vera
586 246 622 273 sit
647 245 715 274 ratio
732 254 826 274 eorum
854 254 914 282 quae
929 250 950 278 Λ
965 247 1012 281 qui
1030 254 1091 273 eum
1108 247 1135 273 in
1150 250 1227 273 utero
1240 245 1364 280 concepit
1377 249 1403 272 et
1415 245 1506 281 genuit
1521 251 1601 281 atque
1617 246 1644 273 in
1657 246 1746 274 lucem

135 300 208 320 nunc
220 292 393 325 adduximus,
407 297 433 319 et
448 297 512 320 tunc
519 292 657 320 ostendam
670 293 717 319 tibi
731 297 834 327 patrem
845 293 914 327 ejus.

135 338 228 366 Hane:
241 338 329 366 dixit:
350 339 379 365 Si
395 337 460 365 mihi
478 338 629 365 ostenderis
645 342 748 372 patrem
763 339 821 373 ejus
838 346 916 366 men-

133 384 239 416 dacem,
255 388 282 411 et
298 383 353 411 Deo
366 384 462 411 horum
480 384 548 411 nihil
559 384 728 419 ascripseris,
744 389 809 411 tunc
823 384 869 411 tibi
884 385 917 411 de

133 429 262 457 omnibus
286 429 536 457 accommodabitur
558 430 633 457 fides.
661 430 803 457 Archelaus
824 430 892 457 dixit
907 439 916 457 :

132 474 214 502 Omni
225 476 330 503 ratione
343 476 376 503 de
394 475 502 503 diabolo
511 475 653 511 diligenter
668 476 801 511 exposita,
818 481 844 504 et
861 477 917 504 dis-

133 521 292 555 pensatione
308 521 410 556 prolata
424 541 433 554 ,
451 521 522 549 sicut
543 521 683 549 hominum
706 523 776 557 viget
803 530 915 555 sensus,

132 565 214 593 etiam
236 567 307 600 apud
320 567 439 601 seipsum
452 571 539 602 potest
550 567 689 603 diligenter
701 568 916 603 advertere,quis

134 611 186 639 iste
199 612 245 644 sit,
262 612 308 647 qui
320 612 420 640 diaboli
430 613 579 648 appellatus
592 618 632 641 est
643 617 729 649 pater.
743 613 794 641 Sed
812 621 873 641 cum
891 617 916 640 te

132 660 161 684 tu
174 655 342 685 Paraeletum
355 665 414 685 esse
426 658 500 685 dicas
510 679 517 691 ,
530 659 676 693 plurimum
703 658 750 686 tibi
774 658 855 686 etiam
882 658 916 685 ab

132 702 252 730 humana
262 704 337 731 deest
348 703 499 739 prudentia.
527 703 660 737 Quoniam
686 713 750 740 ergo
774 705 916 740 prodidisti

131 748 313 784 ignorantiam
331 754 417 782 tuam,
433 750 521 777 dicam
542 757 591 786 ego
608 750 672 786 quid
687 750 731 778 ille
745 751 780 779 sit
794 751 849 786 (69)
866 760 914 787 pa-

131 798 173 821 ter
182 794 292 821 diaboli.
305 794 395 822 Manes
406 795 474 822 dixit
486 804 495 823 :
507 816 513 823 .
527 815 534 823 .
545 815 552 823 .
565 816 572 823 .
588 796 665 828 dico;
678 801 704 823 et
718 797 834 832 adjecit:
847 798 912 825 0m-

130 838 175 866 nis
191 839 238 874 qui
255 840 377 867 conditor
393 845 444 872 est,
458 841 500 868 vel
520 845 628 869 creator
640 842 792 877 aliquorum
805 863 812 875 ,
840 848 915 878 pater

129 891 225 911 eorum
241 903 248 910 .
262 904 268 910 .
280 904 287 912 .
300 904 307 911 .
319 904 326 911 .
343 885 492 913 condiderit
508 886 658 921 appellatur
679 886 746 922 (70).
769 888 913 916 Archelaus

969 292 1052 320 edidit
1066 300 1193 327 serpens;
1211 292 1345 320 secundus
1359 299 1422 319 vero
1435 292 1512 324 Cain,
1526 292 1572 327 qui
1586 300 1633 327 per
1647 291 1749 327 iniqui-

967 344 1036 366 tates
1055 343 1217 373 conceptas,
1242 338 1349 365 dolores
1366 343 1392 365 et
1422 338 1597 372 parricidium
1627 339 1746 373 peperit;

968 384 1118 413 interfectio
1133 385 1232 412 etenim
1260 385 1452 419 iniquitatem,
1479 384 1638 418 injustitiam
1666 389 1748 420 atque

967 431 1132 466 impietatem
1157 431 1259 466 pariter
1285 430 1457 465 perpetravit.
1475 430 1526 457 Sed
1551 435 1577 458 et
1593 431 1748 466 quicunque

967 485 1028 504 eum
1044 477 1216 511 suscipiunt,
1240 481 1266 503 et
1283 476 1386 503 faciunt
1404 477 1463 510 ejus
1481 476 1625 509 desideria,
1650 476 1747 504 fratres

967 523 1025 558 ejus
1042 522 1203 550 efficiuntur.
1222 521 1301 549 Pater
1323 521 1383 556 ejus
1397 521 1532 556 perfectus
1558 527 1599 549 est
1621 521 1746 555 Pharao;

966 572 1042 603 pater
1057 568 1116 603 ejus
1129 568 1280 596 efficiuntur
1296 567 1482 602 unusquisque
1495 567 1655 602 impiorum;
1672 573 1748 603 pater

966 614 1024 649 ejus
1039 613 1150 641 effectus
1161 618 1202 641 est
1218 613 1312 646 ludas,
1330 613 1395 647 quia
1412 614 1535 648 concepit
1550 614 1658 648 quidem
1672 622 1745 647 eum.

966 659 1012 687 sed
1029 659 1139 686 abortus
1150 663 1189 686 est
1201 667 1208 691 ;
1220 667 1272 686 non
1285 659 1357 686 enim
1373 659 1520 693 perfectum
1535 659 1618 687 edidit
1629 664 1746 693 partum,

965 705 1028 740 quia
1043 705 1172 740 majorem
1186 713 1328 740 personam
1348 713 1493 741 aggressus
1508 710 1550 733 est
1563 713 1609 740 ροι-
1632 706 1727 733 ludam
1738 726 1746 738 ,

964 755 991 778 et
1007 750 1067 778 ideo
1083 751 1208 778 abortum
1226 751 1325 778 factum
1341 759 1401 779 esse
1414 751 1491 784 dico;
1505 751 1567 786 quia
1579 756 1708 786 tanquam
1723 752 1746 780 si

965 799 1063 826 mulier
1085 807 1176 827 semen
1195 800 1245 826 viri
1262 799 1406 834 concipiat.
1424 803 1506 834 atque
1528 800 1554 826 in
1579 807 1639 827 sese
1653 800 1744 834 quoti-

965 844 1060 871 dianos
1074 844 1189 878 accipiat
1204 844 1350 878 profectus,
1365 844 1401 870 ila
1414 848 1440 870 et
1453 843 1536 871 Judas
1550 844 1670 879 quotidie
1685 852 1748 879 pro-

965 890 1072 917 ficiebat
1087 890 1114 917 in
1131 890 1208 925 pejus
1224 890 1293 926 (73),
1310 890 1500 918 occasionibus
1517 890 1568 918 sibi
1582 898 1597 917 a
1615 890 1745 926 maligno,

129 930 219 956 dixit:
234 929 316 957 Miror
330 932 465 966 quomodo
481 933 575 960 saltem
593 933 645 960 hoc
660 938 732 961 recta
746 934 852 962 ratione
870 943 912 962 re-
928 936 948 962 Β
962 936 1040 971 quasi
1057 935 1216 967 seminibus,
1233 935 1313 962 datis.
1328 935 1361 962 Et
1375 935 1492 970 primum
1510 935 1620 970 quidem
1645 936 1696 963 fuit
1720 937 1745 963 ei

130 976 286 1011 sponderis,
300 984 350 1005 nec
365 977 495 1005 celaveris
512 980 646 1007 sermonis
659 980 740 1015 hujus
760 980 912 1017 intelligen-

130 1021 196 1048 tiam
211 1022 252 1049 vel
268 1026 402 1050 naturam.
418 1023 487 1050 Audi
506 1024 560 1058 jam
576 1032 609 1051 ex
632 1025 684 1052 hoc
710 1026 772 1060 quis
789 1027 824 1054 sit
838 1032 913 1062 pater

129 1067 199 1102 ejus.
215 1066 283 1094 Cum
298 1075 331 1095 ex
345 1068 473 1096 caelorum
489 1077 572 1104 regno
584 1071 737 1105 cecidisset,
763 1076 820 1099 erat
832 1080 913 1107 super

130 1116 228 1144 terras,
242 1112 384 1140 intendens
394 1117 421 1141 et
434 1114 574 1149 inquirens
588 1115 631 1142 cui
657 1123 686 1143 se
709 1122 800 1151 posset
815 1118 912 1152 adjun-

130 1166 204 1194 gere,
223 1166 302 1193 quem
317 1167 350 1186 ex
364 1161 501 1187 consortio
513 1161 554 1187 sui
570 1161 728 1196 participem
741 1170 849 1197 quoque
866 1171 913 1191 ne-

129 1204 223 1240 quitia:
235 1212 291 1232 suae
303 1205 404 1232 valeret
417 1205 531 1234 efficere.
548 1206 581 1233 Et
605 1207 712 1241 quidem
730 1208 816 1236 donec
831 1209 912 1237 homo

130 1258 185 1279 non
202 1255 271 1286 erat,
286 1258 374 1286 neque
388 1251 432 1279 ille
455 1252 640 1286 appellabatur
654 1253 788 1281 homicida
801 1274 809 1286 ,
825 1262 912 1289 neque

128 1305 192 1325 cum
204 1302 277 1333 patre
288 1297 418 1330 mendax;
432 1302 492 1333 post
508 1298 564 1325 hare
575 1306 650 1332 vero,
664 1306 725 1326 cum
742 1299 828 1327 factus
840 1306 911 1328 esset

129 1344 222 1377 homo,
237 1351 269 1372 ac
282 1344 424 1371 mendacio
439 1343 498 1379 ejus
514 1343 610 1372 fuisset
636 1349 663 1372 et
682 1345 912 1375 eireumventione

129 1390 267 1425 deceptus,
284 1397 346 1417 cum
361 1397 420 1417 sese
432 1390 590 1418 inseruisset
600 1391 705 1426 corpori
722 1392 854 1426 serpentis
868 1401 912 1421 sa-

129 1436 269 1471 pientioris
287 1434 409 1464 omnium
429 1436 596 1468 bestiarum,
612 1440 677 1464 tunc
703 1437 852 1472 appellatus
871 1444 912 1467 est

129 1483 255 1514 mendax,
274 1490 327 1510 una
349 1490 410 1509 cum
429 1486 505 1517 patre
532 1490 591 1514 suo,
606 1487 633 1509 et
656 1482 712 1518 (7f)
733 1483 856 1511 effectum
871 1490 913 1513 est

128 1535 183 1555 non
196 1527 284 1555 solum
300 1534 382 1562 super
398 1526 487 1561 ipsum
511 1527 645 1554 mendacii
665 1527 848 1561 maledictum,
864 1529 911 1557 sed

128 1577 156 1601 et
181 1581 261 1608 super
276 1578 377 1608 patrem
394 1573 462 1607 ejus.
478 1573 546 1600 Cum
560 1580 624 1608 ergo
639 1580 751 1609 serpens
765 1575 911 1609 recepisset

964 990 1054 1010 semen
1068 981 1188 1016 pecunia:
1198 981 1340 1016 cupiditas,
1353 981 1548 1009 incrementum
1559 989 1622 1009 vero
1633 981 1747 1015 furtum,

964 1026 1107 1054 furabatur
1119 1025 1191 1053 enim
1206 1033 1237 1053 ea
1249 1033 1309 1060 quae
1322 1025 1497 1053 mittebantur
1508 1025 1534 1052 in
1548 1025 1666 1053 loculum
1678 1033 1685 1058 ;
1698 1026 1747 1053 do-

962 1073 1034 1100 lores
1050 1079 1113 1099 vero
1126 1076 1219 1107 partus
1234 1071 1353 1105 fuerunt,
1369 1076 1396 1099 et
1409 1072 1554 1099 collucutio
1568 1079 1630 1099 cum
1649 1071 1746 1099 Phari-

962 1118 1033 1150 saeis,
1045 1122 1072 1145 et
1084 1117 1162 1153 pretii
1176 1117 1304 1145 scelerata
1314 1117 1473 1150 conventio;
1493 1117 1603 1145 abortus
1617 1122 1658 1145 est
1671 1125 1746 1150 vero,

963 1172 1016 1192 non
1033 1169 1136 1200 partus,
1161 1164 1275 1199 laqueus
1295 1165 1390 1191 mortis
1404 1163 1539 1190 informis.
1558 1162 1610 1190 Sed
1627 1168 1653 1190 et
1667 1167 1705 1195 tu,
1722 1164 1745 1190 si

964 1211 1112 1246 malignum
1126 1218 1159 1238 ex
1172 1215 1199 1238 te
1222 1210 1376 1245 protuleris,
1391 1214 1418 1237 et
1432 1209 1517 1237 facias
1532 1209 1591 1244 ejus
1614 1210 1744 1244 concupi.

960 1257 1097 1289 scentias,
1112 1256 1228 1291 genuisti
1242 1263 1303 1283 eum
1314 1276 1321 1286 ,
1334 1260 1361 1282 et
1379 1259 1455 1290 pater
1474 1254 1533 1290 ejus
1551 1262 1611 1282 esse
1627 1255 1743 1287 diceris;

962 1302 986 1330 si
1002 1309 1066 1329 vero
1081 1301 1265 1336 pcenitentiam
1290 1300 1406 1335 gesseris
1430 1303 1457 1327 et
1473 1300 1604 1335 ahjeceris
1619 1299 1724 1335 pondus
1736 1321 1744 1333 ,

962 1348 1034 1374 velut
1047 1346 1191 1381 parturies.
1210 1344 1244 1373 Ut
1268 1345 1341 1372 enim
1366 1345 1392 1372 in
1409 1345 1480 1373 ludis
1504 1346 1675 1373 scholaribus
1688 1366 1696 1378 ,
1721 1346 1743 1372 si

961 1392 1094 1427 acceperit
1119 1391 1180 1426 quis
1210 1398 1226 1418 a
1264 1388 1399 1426 magistro
1421 1391 1560 1418 materiam
1581 1411 1589 1424 ,
1611 1391 1743 1427 reliquum

962 1445 1061 1473 corpus
1077 1437 1206 1465 orationis
1222 1444 1253 1463 ex
1278 1437 1422 1472 semetipso
1443 1441 1551 1472 generet
1562 1445 1594 1465 ac
1610 1442 1743 1473 procreet,

962 1492 1057 1513 eorum
1072 1492 1133 1519 qua
1149 1484 1271 1520 genuerit
1295 1483 1419 1511 conditor
1445 1484 1501 1518 ipse
1513 1484 1625 1517 dicitur;
1638 1485 1674 1512 ita
1698 1485 1744 1520 qui

962 1539 995 1558 ex
1020 1538 1127 1559 summa
1165 1530 1267 1557 malitia
1293 1537 1388 1564 parum
1417 1530 1481 1564 quid
1511 1528 1637 1557 fermenti
1665 1539 1744 1558 acce-

965 1575 1050 1610 perit.
1078 1580 1153 1610 pater
1168 1581 1193 1602 et
1224 1574 1329 1609 genitor
1355 1573 1460 1600 dicatur
1476 1581 1586 1601 necesse
1602 1580 1643 1602 est
1660 1575 1745 1607 illius.

127 1626 190 1646 eum
206 1619 233 1645 in
247 1626 317 1652 sese,
328 1623 354 1646 et
365 1618 508 1653 recepisset
521 1618 689 1651 universum,
703 1623 829 1654 tanquam
841 1628 908 1654 prae-
923 1616 943 1644 C
961 1619 1006 1654 qui
1021 1620 1055 1646 ab
1071 1620 1149 1646 initio
1160 1619 1260 1646 restitit
1272 1619 1388 1646 veritati.
1406 1618 1483 1652 Quod
1498 1619 1579 1646 simili
1593 1620 1672 1647 modo
1685 1628 1745 1655 pro-

127 1672 215 1700 gnans
225 1664 339 1693 eflectus
353 1669 403 1698 est,
415 1665 531 1700 ingentis
544 1665 652 1692 malitia:
666 1664 767 1692 fascem
782 1670 906 1700 portans;

127 1716 155 1739 et
170 1716 229 1739 erat
245 1712 315 1739 sicut
332 1719 462 1746 puerpera
477 1719 537 1746 quae
561 1716 639 1746 partu
660 1715 769 1746 urgetur
781 1731 788 1743 ,
814 1712 907 1740 volens

127 1764 253 1785 evomere
281 1757 406 1792 malignae
435 1758 618 1793 suggestionis
635 1758 694 1792 ejus
713 1759 812 1794 agitata
838 1759 904 1795 (72).

126 1802 209 1830 Primi
233 1803 305 1830 enim
332 1803 448 1830 hominis
472 1803 584 1838 gloriam
609 1804 725 1839 graviter
741 1804 830 1832 ferens
850 1812 907 1832 ser-

127 1857 210 1883 pens,
231 1850 369 1885 ingressus
392 1850 560 1884 paradisum,
577 1854 603 1877 et
620 1851 756 1885 conceptis
771 1850 797 1877 in
814 1858 843 1878 se
857 1851 906 1878 do-

127 1894 241 1926 loribus,
255 1895 398 1922 mendaces
408 1895 490 1929 coepit
500 1902 628 1929 generare
641 1902 789 1928 sermones,
801 1900 828 1923 et
838 1904 908 1923 mor-

127 1945 181 1967 tem
197 1947 292 1974 parere
308 1939 465 1967 hominibus
476 1960 484 1972 ,
499 1939 572 1975 quia
589 1940 643 1966 Deo
658 1939 758 1966 fuerint
782 1940 887 1975 ﬁgurati
898 1961 906 1974 ,

127 1991 154 2014 et
165 1990 324 2021 acceperant
349 1987 442 2014 vitam.
466 1985 566 2014 Verum
594 1993 647 2013 non
665 1987 751 2023 potuit
778 1991 863 2013 totum
879 1994 907 2014 se

129 2031 301 2059 manifestum
316 2031 405 2060 facere
427 2040 475 2067 per
494 2037 666 2067 serpentem;
691 2033 738 2060 sed
761 2034 907 2060 reservavit

128 2077 318 2112 perfectionem
333 2085 421 2110 suam,
445 2085 525 2112 quam
542 2077 738 2106 demonstraret
750 2078 776 2105 in
788 2078 865 2110 Cain,
891 2086 906 2105 a

127 2132 181 2159 quo
197 2129 339 2160 generatus
351 2129 393 2152 est
410 2129 491 2152 totus.
508 2124 541 2151 Et
561 2132 608 2159 per
622 2130 774 2159 serpentem
798 2125 905 2160 quidem

127 2171 285 2208 hypocrises
297 2176 324 2199 et
339 2170 460 2199 fallacias
484 2171 517 2198 ad
535 2170 617 2197 Evam
632 2171 841 2204 demonstravit;
859 2178 907 2205 per

126 2217 191 2244 Cain
211 2224 276 2244 vero
293 2217 429 2244 homicidii
456 2216 596 2243 exordium
613 2216 707 2248 dedit,
732 2216 854 2244 inserens
877 2224 906 2244 se

128 2262 153 2289 in
166 2262 300 2297 primitias
318 2261 426 2296 frugum
439 2282 446 2294 ,
471 2269 540 2297 quas
555 2261 598 2288 ille
611 2261 681 2288 male
697 2261 843 2288 distribuit.
867 2261 906 2288 Ex

960 1665 1053 1693 venire
1069 1668 1157 1699 potest
1179 1664 1261 1691 etiam
1282 1664 1326 1691 his
1354 1664 1399 1698 qui
1422 1664 1513 1690 virtuti
1532 1665 1657 1697 student;
1681 1673 1744 1692 nam

960 1711 1050 1739 audivi
1070 1710 1233 1738 fortissimos
1249 1710 1324 1737 viros
1345 1710 1434 1737 dicere
1449 1710 1481 1737 ad
1499 1709 1583 1737 Deum
1603 1722 1608 1738 :
1631 1710 1744 1746 Propter

960 1759 1084 1786 timorem
1099 1762 1174 1784 tuum
1189 1756 1332 1784 Dominum
1346 1755 1400 1790 (74)
1416 1756 1441 1782 in
1458 1760 1535 1783 utero
1550 1756 1741 1790 concepimus:

959 1809 987 1831 et
1001 1804 1154 1835 doluimus,
1170 1808 1196 1829 et
1210 1802 1362 1837 peperimus
1379 1801 1503 1836 spiritum
1518 1801 1631 1834 salutis;
1661 1802 1697 1829 ita
1717 1808 1744 1829 et

960 1850 1115 1884 quicunque
1131 1848 1163 1875 de
1176 1848 1271 1874 timore
1285 1846 1394 1880 maligni
1410 1846 1576 1880 concipiunt.
1592 1851 1618 1873 et
1633 1847 1742 1881 pariunt

960 1894 1085 1930 spiritum
1102 1892 1269 1927 iniquitatis,
1294 1892 1345 1926 ipsi
1363 1895 1452 1926 patres
1476 1892 1535 1926 ejus
1554 1892 1677 1919 dicantur
1693 1901 1741 1919 ne-

960 1947 1037 1968 cesse
1049 1943 1105 1973 est;
1118 1938 1165 1966 filii
1179 1938 1250 1965 enim
1263 1937 1399 1969 dicuntur,
1413 1937 1476 1963 dum
1491 1937 1579 1964 adhuc
1592 1937 1742 1964 ministerio

960 1987 1020 2021 ejus
1033 1989 1144 2021 parent;
1158 1989 1249 2019 patres
1261 1990 1336 2016 vero,
1349 1984 1395 2018 qui
1410 1983 1443 2010 ad
1456 1983 1645 2018 perfectionem
1663 1984 1742 2010 mali-

959 2032 1004 2058 tia:
1018 2034 1207 2066 pervenerunt.
1226 2030 1265 2057 lta
1279 2037 1397 2064 namque
1409 2033 1437 2056 et
1450 2028 1582 2056 Dominus
1598 2033 1690 2056 noster
1704 2029 1742 2055 ait

960 2077 993 2105 ad
1007 2077 1156 2105 Pharisaaos
1168 2085 1175 2103 :
1192 2085 1202 2102 ι
1215 2075 1271 2103 Vos
1283 2076 1316 2103 de
1329 2080 1404 2110 patre
1414 2074 1520 2102 diabolo
1530 2075 1595 2102 estis
1606 2074 1639 2106 '“,
1651 2083 1660 2100 ι
1672 2074 1741 2101 filios

958 2131 1006 2152 eos
1021 2124 1123 2152 faciens
1139 2123 1222 2157 illius,
1239 2123 1324 2150 donec
1344 2122 1432 2149 adhuc
1444 2121 1599 2149 conturbari
1613 2120 1742 2148 videban-

959 2174 1015 2203 tur,
1036 2175 1063 2198 et
1081 2170 1234 2206 cogitabant
1248 2171 1275 2197 in
1293 2169 1420 2197 cordibus
1434 2168 1491 2196 suis
1509 2168 1579 2195 mala
1594 2175 1642 2202 pro
1661 2166 1739 2194 bonis

960 2217 1103 2244 adversum
1125 2216 1223 2250 iustos.
1246 2215 1317 2251 Ergo
1330 2214 1400 2250 apud
1423 2221 1452 2242 se
1470 2213 1534 2241 talia
1548 2213 1738 2248 cogitantibus,

960 2260 1098 2288 translatis
1115 2260 1142 2287 in
1159 2268 1188 2287 se
1201 2260 1325 2295 malignis
1339 2267 1432 2288 eorum
1448 2258 1671 2294 cogitationibus,
1688 2257 1739 2285 ,ιυ-

126 2296 178 2335 hoc
193 2307 329 2335 homicida
342 2296 490 2342 appellatus
503 2312 545 2335 est
557 2307 591 2334 ab
607 2307 700 2339 initio;
716 2306 830 2333 mendax
843 2314 908 2334 vero
923 2296 944 2323 ι)
959 2307 1007 2335 das
1018 2306 1153 2334 malorum
1168 2310 1257 2340 caput,
1272 2310 1299 2333 et
1313 2306 1346 2333 ad
1361 2304 1509 2340 perfectum
1523 2303 1672 2339 perducens
1688 2303 1740 2330 ini-

125 2354 255 2388 quoniam
271 2353 374 2385 fefellit,
389 2354 500 2380 dicens:
516 2362 526 2378 ι
543 2352 623 2379 Eritis
641 2357 768 2386 tanquam
786 2352 823 2379 dii
834 2352 873 2385 ⁸⁰;
895 2361 905 2378 ι

126 2399 204 2434 ejecti
218 2404 282 2427 sunt
297 2400 370 2427 enim
388 2405 480 2434 postea
494 2399 527 2426 de
544 2399 670 2434 paradiso
696 2399 733 2425 illi
755 2406 824 2433 quos
844 2398 909 2425 deos

127 2446 234 2474 futuros
251 2454 312 2474 esse
322 2445 439 2473 fallebat.
457 2445 578 2473 Ellicitur
589 2452 654 2480 ergo
669 2444 743 2479 prior
752 2448 827 2478 pater
838 2444 908 2479 ejus,

178 2494 201 2510 “
214 2493 283 2521 Gen.
301 2501 340 2526 ιιι,
353 2493 380 2520 5.
434 2492 455 2508 ⁸⁸
472 2492 548 2519 Joan.
563 2500 620 2524 vui,
636 2491 680 2518 44.

127 2548 181 2568 non
189 2541 278 2571 stetit,
294 2539 357 2574 quia
372 2546 425 2566 non
437 2543 478 2566 est
492 2539 593 2566 veritas
607 2539 634 2565 in
647 2545 696 2571 eo;
712 2545 773 2565 cum
786 2537 906 2574 loquitur

127 2572 358 2607 mendacium,“
374 2575 490 2609 propriis
502 2574 630 2608 loquitur,
645 2574 708 2607 quia
723 2572 839 2609 mendas
855 2576 906 2604 est,

127 2615 153 2637 et
166 2614 241 2645 pater
254 2609 322 2644 ejus.
346 2618 355 2635 ι
374 2607 464 2645 Quare
487 2607 544 2645 hoc
561 2613 718 2645 argumento
743 2607 905 2645 Archelaum

88 2662 91 2663 ν
127 2642 175 2672 hic
185 2649 260 2679 urget
269 2642 369 2671 'Manes
381 2643 467 2671 z—Si
479 2652 494 2671 a
508 2642 563 2671 Deo
574 2642 630 2679 sola
645 2646 807 2677 promanant
824 2642 905 2679 bona,

126 2676 238 2713 ipseque
253 2687 358 2707 summe
370 2680 456 2706 bonus
467 2685 517 2710 est,
531 2676 686 2706 mendacem
704 2682 809 2712 oportet
823 2676 907 2703 fuisse

142 2712 230 2746 esum,
241 2714 285 2749 qui
298 2715 324 2740 in
335 2714 447 2741 Joannis
460 2714 613 2749 Evangelii),
626 2712 838 2749 diabolipatrem
851 2718 905 2738 non

125 2749 209 2776 modo
220 2747 374 2776 mendacem
390 2756 459 2781 esse,
469 2749 514 2776 sed
530 2747 556 2776 et
569 2747 705 2775 mendacis
716 2747 815 2774 diaboli
826 2754 903 2773 erea-

125 2788 213 2811 torem
221 2785 357 2811 exstitisse
366 2783 547 2811 dicit.—Hinc
554 2787 642 2810 autem
656 2786 728 2817 patet
736 2790 789 2809 non
804 2782 905 2816 impro-

124 2818 242 2846 bandam
255 2827 315 2846 esse
327 2818 541 2845 emendationem
557 2823 677 2845 nostram
699 2825 751 2852 qua
768 2817 882 2852 legimus
896 2825 903 2842 :

124 2862 139 2915 ἓ
156 2853 183 2880 Si
200 2862 215 2881 a
230 2854 283 2880 Deo
297 2854 394 2886 bonus,
404 2858 432 2880 ut
445 2854 555 2886 asscris,
571 2851 726 2880 mendacem
741 2859 801 2879 esse
812 2851 904 2878 dixisti

141 2896 228 2915 esum.
250 2898 260 2914 ι

141 2896 228 2915 esum.
250 2898 260 2914 ι

263 2934 399 2964 ΡΑτιιοι..
421 2934 479 2964 Gn.
501 2935 540 2965 Χ.

463 3199 487 3207 uc
696 3186 712 3204 --"
750 3193 772 3196 ‘
822 3181 835 3193 Ι
904 3188 940 3200 L-
1183 3206 1186 3208 ,
1245 3202 1451 3208 εννγηντνλκ
1483 3206 1488 3207 ,

512 3195 710 3260 si
848 3212 946 3262 Fuﬁ—ml,
1294 3205 1330 3221 ’Ὗ
1343 3209 1352 3215 .
1375 3209 1391 3220 η.
1450 3210 1459 3216 η

684 3332 692 3366 Ι,
974 3364 998 3372 ,-.

696 3424 704 3456 i.
979 3434 1000 3481 211'
1096 3426 1100 3428 -
1108 3430 1220 3484 ""-.._____m
1228 3482 1236 3484 _

706 3484 716 3528 ιΙΙ
784 3512 796 3528 Γ
976 3484 1008 3544 ῗι
1236 3494 1272 3504 ___

957 2359 1010 2387 qua
1024 2351 1148 2382 consilia.
1162 2351 1273 2378 effectus
1288 2356 1329 2377 est
1341 2350 1450 2377 sceleris
1461 2354 1546 2384 pater,
1562 2349 1739 2376 immanitatis

958 2405 1014 2425 suae
1032 2397 1143 2432 praemio
1167 2397 1201 2424 ab
1226 2396 1266 2423 eis
1288 2396 1398 2430 triginta
1421 2396 1554 2429 argenteis
1570 2395 1737 2427 honoralus;

958 2448 1032 2471 totus
1040 2444 1112 2471 enim
1130 2452 1139 2469 ι
1153 2443 1179 2470 in
1193 2450 1256 2470 eum
1271 2446 1332 2477 post
1342 2442 1490 2469 buceellam
1505 2442 1583 2476 panis
1601 2442 1739 2477 ingressus

993 2536 1048 2572 (69)
1067 2536 1157 2572 Forte.
1176 2545 1185 2561 I
1205 2536 1266 2570 quis
1280 2535 1385 2572 ille_sit.
1407 2544 1416 2560 ι

994 2568 1050 2633 (701)
1067 2571 1184 2599 Lacuna!
1197 2568 1255 2598 istae
1277 2570 1355 2597 facile
1370 2569 1475 2604 impleri
1491 2577 1578 2630 (posse
1594 2568 1738 2602 videntur,

972 2607 1027 2633 iita
1046 2615 1178 2633 etzamus:
1194 2616 1203 2631 ι
1218 2605 1307 2632 Manes
1321 2605 1388 2632 dixit
1400 2614 1408 2632 :
1418 2603 1477 2632 1am
1511 2605 1568 2633 ico;
1582 2608 1609 2630 et
1622 2604 1735 2633 adjecit:

957 2607 980 2634 si
991 2603 1027 2634 ita
1037 2603 1159 2642 legamus
1171 2615 1178 2632 :
1194 2616 1203 2631 ι
1218 2605 1307 2632 Manes
1321 2605 1388 2632 dixit
1400 2603 1477 2632 {Iam
1491 2603 1609 2642 di_c_o;_et
1622 2604 1734 2642 adjecit:

958 2638 1144 2675 0mnis,‘etc.,
1162 2646 1239 2676 pater
1254 2648 1348 2668 eorum
1365 2648 1425 2675 qua:
1444 2638 1603 2671 condiderit,
1620 2640 1733 2673 appella-

957 2682 1047 2747 ιυξῆί)
1062 2712 1090 2747 13
1106 2710 1199 2738 codice
1211 2709 1363 2747 casiiiensi,
1383 2718 1392 2736 ι
1409 2712 1449 2737 ιιι.
1467 2718 1478 2735 ι

995 2745 1049 2783 (72)
1066 2746 1182 2783 ff‘orte,_t
1195 2745 1321 2783 cogitata.
1339 2755 1363 2783 ιΔ
1534 2778 1546 2783 η
1566 2778 1572 2783 ,
1590 2777 1598 2783 .
1629 2782 1632 2783 ,
1652 2777 1659 2783 .

996 2777 1052 2817 (75)
1074 2782 1101 2808 ιιι
1119 2781 1211 2808 codice
1222 2777 1364 2808 Casinensi
1380 2783 1438 2811 est,
1453 2788 1463 2806 ε
1479 2777 1637 2814 proficiebat
1652 2777 1739 2814 impo-

960 2822 1051 2887 msiili)
1071 2851 1160 2884 Forte,
1179 2861 1187 2877 ι
1203 2850 1325 2878 Domine.
1347 2859 1356 2875 ι

1518 2926 1556 2955 1ιῖ
