3982 6346
467 361 603 416 H85

1455 360 1639 417 ACTA
1677 360 2204 419 DlSPUTATlONlS
2242 361 2301 416 S.
2336 361 2679 424 ARCHELAI

3550 364 3691 423 1484

460 490 547 537 est
572 481 819 537 diabolus
844 482 910 536 ”.
947 502 966 534 1
1003 481 1129 548 Sed,
1153 490 1211 536 ut
1239 481 1496 548 diximus,
1523 493 1811 554 postquam
1843 494 2029 540 uterus
2056 489 2103 548 Α
2129 493 2307 554 portet
2356 500 2548 539 nomen
2599 499 2778 539 meum
2831 484 2885 538 in
2937 496 3227 554 conspectu
3260 501 3451 556 regum
3478 495 3534 541 et
3559 504 3688 557 gen-

464 574 742 639 intumuit,
772 584 826 628 et
857 574 1102 629 dolorum
1133 584 1345 643 tempus
1373 574 1626 642 advenit,
1673 577 1919 631 abortum
1948 576 2028 631 fa-

462 679 609 721 scem
641 658 839 735 iniqua:
876 667 1247 736 conceptionis
1280 669 1488 735 eﬂ‘udit,
1536 676 1590 722 et
1625 668 1745 723 ideo
1783 683 1883 722 nec
1914 683 2031 736 per-

461 756 600 813 feCte
637 766 786 827 pater
818 760 1222 827 appellabatur,
1269 762 1377 816 nisi
1418 776 1483 816 eo
1530 769 1737 815 tantum
1788 770 2028 829 tempore

459 864 572 917 quo
615 858 906 918 conceptus
946 850 1232 921 gerebatur
1288 852 1341 906 in
1409 860 1601 916 utero;
1660 860 1846 921 postea
1899 865 2029 905 vero

461 956 627 1008 quam
659 941 902 1010 confugit
934 941 1002 995 ad
1036 941 1287 1012 laqueum
1308 983 1323 1007 ,
1373 958 1480 997 non
1518 944 1782 1015 integrum
1816 943 2028 998 videtur

460 1032 697 1088 edidisse
728 1041 973 1102 partum,
1004 1034 1131 1102 quia
1161 1035 1475 1103 poenitentia
1504 1036 1791 1090 subsecuta
1816 1044 1919 1091 est.

532 1122 770 1177 XXXIV.
810 1122 1061 1194 lguorare
1123 1140 1217 1181 vos
1273 1142 1380 1180 non
1438 1127 1707 1190 arbitror,
1772 1126 2026 1197 quoniam

457 1222 611 1281 pater
662 1228 827 1266 unum
881 1213 1095 1281 quidem
1144 1215 1213 1269 sit
1259 1232 1498 1285 nomen,
1557 1220 1799 1275 diversos
1846 1230 2027 1275 tamen

462 1302 623 1357 habet
658 1301 961 1355 intellectus
994 1319 1007 1353 :
1050 1302 1189 1359 alius
1218 1305 1360 1359 enim
1396 1318 1549 1377 pater
1576 1309 1774 1363 dicitur
1816 1325 2025 1375 eorum,

459 1411 600 1465 quos
639 1396 955 1450 naturaliter
991 1397 1234 1468 genuerit
1272 1397 1540 1466 filiorum;
1584 1399 1722 1455 alius
1768 1416 1896 1455 vero
1935 1415 2029 1455 eo-

462 1503 608 1552 rum,
644 1503 782 1557 quos
824 1489 1200 1544 tantummodo
1249 1489 1565 1556 enutrierit;
1607 1492 1855 1546 nonnulli
1897 1508 2027 1549 vero

460 1577 720 1645 temporis
748 1585 911 1648 atque
949 1579 1120 1634 aetatis
1159 1577 1438 1649 privilegio
1472 1598 1486 1635 :
1519 1582 1662 1635 unde
1686 1592 1737 1637 et
1764 1581 2025 1639 Dominus

462 1678 649 1723 noster
676 1667 835 1725 Jcsus
870 1671 1133 1740 plurimos
1164 1678 1347 1739 patres
1375 1671 1574 1727 habere
1616 1673 1850 1740 dicitur;
1898 1691 2025 1730 nam

461 1768 514 1814 et
546 1759 710 1814 David
741 1771 890 1832 pater
917 1762 1035 1832 ejus
1063 1763 1361 1832 appellatus
1392 1772 1506 1829 est,
1541 1773 1596 1820 et
1637 1763 1833 1836 Joseph
1874 1776 2026 1836 pater

2131 578 2264 630 tium
2289 577 2356 631 ⁸⁸.
2396 596 2415 628 ›
2452 576 2569 646 ipse
2599 590 2818 645 quoque
2867 575 2920 629 in
2974 575 3147 647 prima
3180 574 3422 647 Epistola
3465 592 3566 631 sua
3596 593 3691 647 po-

2128 664 2278 727 suit,
2331 664 2559 719 dicens:
2598 682 2617 715 1
2654 663 2959 718 Secundum
3009 666 3238 735 gratiam
3290 683 3414 736 qua:
3455 668 3578 721 data
3610 678 3691 724 est

2127 756 2259 811 mihi
2287 771 2317 808 a
2353 756 2457 810 Deo
2481 796 2496 820 ,
2546 764 2603 808 ut
2641 755 2743 809 sim
2793 754 3041 810 minister
3065 755 3265 811 Christi
3304 758 3359 812 in
3394 759 3646 830 gentibus
3672 799 3687 824 ε

2128 862 2451 901 consecratis
2483 845 2830 917 Evangelium
2864 845 2969 910 Dei,
2997 847 3063 900 ⁸⁸.
3119 844 3410 903 Veritatem
3453 850 3579 905 dico
3636 852 3687 905 in

2126 937 2364 1001 Christo,
2399 952 2505 990 non
2531 940 2784 1003 mentior,
2813 939 3181 993 testimonium
3211 941 3341 994 mibi
3376 941 3693 1010 perbibente

2127 1026 2456 1082 conscientia
2504 1043 2620 1082 mea
2664 1028 2717 1082 in
2750 1027 2953 1099 Spiritu
2982 1040 3172 1084 sancto
3204 1029 3269 1085 ιτ.
3308 1050 3328 1082 1
3360 1030 3426 1084 Et
3471 1047 3691 1087 rursum

2126 1119 2203 1173 ait
2230 1138 2243 1173 :
2277 1137 2294 1171 1
2325 1118 2441 1174 Non
2467 1120 2608 1175 enim
2641 1121 2813 1175 audeo
2839 1121 3132 1192 quidquam
3160 1122 3305 1191 loqui
3332 1139 3548 1186 eorum,
3578 1139 3694 1193 qua:

2126 1226 2220 1279 per
2249 1228 2334 1266 me
2365 1227 2474 1267 non
2507 1211 2681 1267 eﬂecit
2708 1211 2958 1268 Christus
2996 1214 3160 1267 verbo
3197 1223 3251 1267 et
3279 1213 3439 1270 factis
3470 1215 3540 1271 ⁸⁸.
3583 1214 3692 1286 Ego

2125 1303 2269 1357 enim
2314 1318 2433 1357 sum
2482 1303 2808 1359 novissimus
2843 1303 2954 1375 (77)
2982 1303 3222 1357 omnium
3276 1305 3646 1373 apostolorum
3673 1344 3690 1370 ,

2125 1393 2214 1462 qui
2252 1407 2358 1446 nou
2388 1408 2506 1447 sum
2543 1393 2736 1464 dignus
2763 1395 2942 1448 vocari
2970 1395 3267 1464 apostolus.
3294 1392 3479 1448 Gratia
3510 1403 3690 1448 autem

2125 1482 2218 1538 Dei
2246 1499 2365 1539 sum
2390 1484 2442 1538 id
2470 1484 2614 1553 quod
2645 1500 2762 1539 sum
2784 1484 2848 1537 ⁸³.
2871 1502 2889 1535 1
2918 1481 2983 1537 Et
3013 1499 3108 1538 eos
3136 1484 3227 1554 qui
3258 1485 3691 1553 experimentum

2125 1576 2439 1645 quaerebant
2461 1575 2601 1645 ejus,
2637 1576 2727 1645 qui
2760 1576 2813 1630 in
2854 1591 2918 1630 eo
2944 1576 3263 1646 loquebatur
3282 1576 3556 1639 Christus,
3583 1578 3694 1631 vult

2124 1677 2402 1737 propterea
2447 1667 2679 1732 habere,
2730 1667 2857 1737 quia
2886 1680 3028 1723 esset
3068 1668 3123 1722 in
3161 1667 3279 1738 ipso
3330 1668 3690 1732 Paracletus.

2126 1758 2283 1828 cuius
2334 1759 2577 1813 muneris
2625 1759 2851 1830 gratiam
2887 1770 3249 1825 consecutus,
3300 1769 3355 1815 et
3404 1761 3691 1830 magnifico

460 1853 579 1922 ejus
606 1827 824 1923 putalus
857 1827 961 1918 est,
995 1827 1329 1911 cuni—nullus
1357 1827 1550 1912 horum
1586 1866 1739 1927 pater
1763 1827 2027 1928 ejus-fue-
2059 1827 2096 1880 Β
2128 1851 2331 1905 honore
2359 1850 2469 1922 (78)
2512 1827 2716 1907 dilalus
2760 1852 2835 1905 ait
2863 1870 2876 1906 ε
2913 1871 2932 1903 ί
2964 1850 3068 1907 Ριό
3119 1868 3227 1923 quo
3275 1860 3357 1908 let
3398 1827 3692 1909 Dominum

460 1945 532 1998 rit
562 1946 784 2001 veritate
830 1955 1059 2003 naturae.
1104 1948 1239 2003 Nam
1278 1948 1447 2005 David
1476 1959 1629 2020 pater
1665 1951 1782 2021 ejus
1825 1952 2025 2007 dicitur

458 2036 633 2090 aetatis
664 2051 727 2091 ac
757 2037 1015 2105 temporis
1046 2038 1357 2109 privilegio,
1388 2037 1601 2110 lJoseph
1630 2055 1758 2095 vero
1779 2041 1894 2111 lege
1923 2057 2025 2096 nu-

457 2127 688 2194 triendi;
738 2130 888 2185 solus
940 2140 1119 2184 autem
1166 2129 1307 2185 Deus
1344 2131 1505 2186 Pater
1538 2133 1656 2202 ejus
1687 2144 1878 2189 natura
1906 2146 2021 2203 est,

459 2220 552 2289 qui
581 2221 763 2275 omnia
795 2236 890 2290 per
927 2221 1158 2276 Verbum
1187 2239 1347 2277 suum
1378 2224 1637 2278 velociter
1663 2225 1820 2281 nobis
1846 2228 2022 2280 maui-

456 2310 655 2367 festare
679 2313 929 2382 dignatus
960 2324 1062 2369 est.
1111 2314 1220 2371 Nec
1253 2317 1305 2370 in
1355 2317 1538 2386 aliquo
1583 2327 1884 2374 remoratus
1913 2319 2022 2375 Do-

457 2402 642 2457 minus
680 2412 865 2458 noster
885 2402 1070 2469 Jesus,
1098 2406 1240 2460 intra
1270 2407 1380 2478 (75)
1417 2408 1578 2464 unius
1617 2411 1742 2463 anni
1789 2412 2020 2480 spatium

453 2491 827 2563 languentium
854 2497 1224 2552 multitudines
1253 2499 1483 2553 reddidit
1509 2499 1746 2566 sanitati,
1778 2512 2022 2560 mortuos

454 2583 596 2652 luci;
623 2586 714 2655 qui
755 2587 904 2641 verbi
927 2589 1009 2643 sui
1037 2597 1302 2658 potestate
1330 2591 1580 2648 universa
1610 2593 1888 2663 amplexus
1917 2603 2019 2660 est,

453 2674 514 2730 in
539 2691 649 2746 quo
680 2677 894 2732 tandem
922 2687 1225 2733 remoratus
1262 2687 1365 2745 est,
1402 2689 1461 2734 ut
1495 2680 1550 2734 in
1591 2679 1867 2736 Paracleto
1893 2683 2020 2738 mit-

448 2769 619 2820 tendo
647 2766 832 2820 tandiu
862 2783 985 2821 eum
1028 2776 1359 2821 remoratum
1397 2767 1702 2824 credamus.
1744 2769 1882 2836 Quin
1924 2785 2020 2839 po-

454 2856 585 2920 tius,
617 2867 677 2912 ut
698 2858 945 2927 superius
968 2857 1170 2912 dictum
1194 2867 1297 2923 est,
1328 2859 1502 2913 adfuit
1525 2860 1704 2914 statim
1728 2860 2020 2931 plurimum

452 2951 686 3006 dlll'usus
716 2952 770 3005 in
806 2950 1071 3016 Paulum,
1113 2952 1270 3020 cujus
1298 2951 1461 3005 etiam
1496 2953 1806 3007 testimonio
1846 2952 2022 3008 credi-

453 3046 634 3102 dimus
678 3046 923 3101 dicenti:
962 3065 981 3097 1
1018 3044 1145 3099 Mihi
1188 3056 1366 3101 autem
1412 3047 1513 3103 soli
1556 3048 1682 3103 data
1721 3058 1804 3104 est
1848 3050 2019 3120 gratia

454 3139 570 3194 haec
599 3139 663 3191 ⁸³.
701 3157 720 3190 1
758 3137 860 3204 Qui
892 3139 1041 3207 prius
1072 3140 1287 3208 quidem
1325 3139 1428 3193 fuit
1477 3149 1792 3210 persecutor
1832 3140 2016 3196 Eccle-
2043 3154 2086 3217 ο

454 3230 549 3284 site
580 3227 693 3291 Dei,
722 3229 815 3284 sed
846 3244 1064 3284 rursum
1094 3230 1468 3287 manifestatus
1492 3239 1576 3287 est.
1596 3231 1867 3299 omnibus,
1890 3232 2018 3302 quia

453 3328 599 3374 esset
636 3319 807 3374 fidelis
838 3319 1103 3376 Paracleti
1136 3323 1410 3389 minister;
1439 3338 1533 3393 per
1558 3339 1719 3393 quem
1752 3323 2018 3379 universis

453 3412 691 3469 innotuit
728 3413 1020 3484 singularis
1067 3413 1186 3484 ejus
1215 3414 1531 3479 clementia,
1577 3416 1721 3485 quod
1756 3425 1815 3470 ct
1850 3430 2020 3485 usque

450 3501 520 3557 ad
547 3516 648 3556 nos
699 3503 790 3571 qui
840 3500 1128 3572 aliquando
1176 3506 1293 3559 sine
1337 3519 1432 3575 spe
1476 3519 1711 3569 eramus,
1748 3504 2017 3558 donorum

449 3589 571 3659 ejus
615 3589 829 3661 largitio
877 3593 1140 3661 pervenit.
1172 3592 1304 3660 Quis
1337 3594 1480 3648 enim
1524 3604 1769 3648 nostrum
1803 3608 2019 3662 sperare

449 3691 663 3753 poterat
708 3694 1106 3753 persecutorem
1158 3684 1385 3741 Paulum
1416 3694 1470 3741 et
1499 3686 1779 3741 inimicum
1828 3685 2016 3741 Eccle—

416 3763 423 3773 ’
451 3775 567 3839 size,
601 3773 945 3832 defensorem
974 3778 1093 3846 ejus
1131 3792 1197 3834 ac
1226 3786 1457 3833 tutorem
1488 3776 1771 3833 futurum?
1804 3776 1870 3832 Et
1907 3792 2014 3831 non

450 3866 626 3921 solum
655 3867 778 3934 hoc,
802 3883 988 3923 verum
1013 3869 1174 3924 etiam
1205 3879 1258 3924 et
1286 3870 1625 3940 magistrum,
1655 3868 2014 3924 Ecclesiarum

447 3961 780 4017 conditorem
834 3971 888 4017 et
934 3961 1375 4018 architectonem.
1422 3961 1553 4017 Post
1599 3962 1743 4017 hunc
1771 3976 1930 4027 ergo,
1963 3969 2017 4014 et

446 4064 569 4122 post
594 4068 689 4109 eos
720 4055 813 4123 qui
848 4058 969 4109 cum
1004 4055 1123 4124 ipso
1151 4053 1385 4118 fuerant,
1417 4054 1472 4109 id
1506 4062 1588 4108 est
1634 4061 1757 4122 post
1779 4051 2016 4121 discipu-

446 4143 553 4210 los,
587 4144 793 4215 nullum
818 4144 982 4198 alium
1014 4144 1196 4199 venire
1221 4144 1518 4199 secundum
1548 4142 1860 4211 Scripturas
1890 4155 2012 4209 spe-

443 4235 673 4290 randum
707 4243 822 4301 est;
853 4236 929 4288 ait
956 4234 1099 4288 enim
1130 4233 1396 4289 Dominus
1422 4242 1607 4289 noster
1635 4230 1793 4288 Jesus
1820 4231 1887 4286 de
1910 4230 2015 4286 Pa-

444 4328 647 4381 racleto
678 4346 692 4382 :
733 4346 752 4380 1
788 4326 927 4393 Quia
972 4336 1026 4383 et
1061 4329 1127 4383 de
1169 4343 1291 4382 meo
1337 4327 1565 4395 accipiet
1590 4325 1655 4380 ⁸⁸.
1692 4344 1711 4377 1
1745 4322 1854 4379 Vas
1883 4338 2013 4393 ergo

443 4419 724 4487 probabile
769 4420 928 4489 elegit
965 4420 1110 4475 hunc
1155 4421 1365 4485 virum,
1414 4434 1574 4489 quem
1609 4418 1756 4472 misit
1799 4417 1865 4472 ad
1914 4432 2012 4471 nos

2125 1942 2331 2013 rogavi,
2368 1951 2429 1996 ut
2459 1942 2809 1998 discedereta
2850 1959 2970 2010 me;
3010 1953 3065 1998 et
3099 1944 3235 1999 dixit
3279 1945 3411 1999 mihi
3471 1957 3489 1996 :
3569 1944 3694 2001 Suf-

2123 2032 2233 2086 ﬁcit
2266 2032 2359 2086 tibi
2388 2031 2554 2102 gratia
2577 2047 2728 2099 mea;
2754 2048 2881 2087 nam
2910 2033 3081 2088 virtus
3110 2034 3163 2088 in
3192 2033 3502 2090 infirmitate
3529 2038 3691 2105 perﬁ-

2123 2120 2263 2176 citur
2288 2121 2356 2176 ⁹⁰.
2393 2140 2411 2173 1
2442 2119 2699 2186 Rursum,
2742 2123 2867 2193 quia
2919 2139 3046 2179 vere
3101 2124 3216 2193 ipse
3259 2126 3329 2180 sit
3376 2124 3692 2182 Paracletu:

2123 2212 2216 2281 qui
2241 2219 2359 2266 erat
2399 2211 2453 2266 in
2482 2211 2671 2279 Paulo,
2703 2213 2778 2267 ait
2808 2212 3067 2269 Dominus
3119 2226 3305 2272 noster
3341 2216 3491 2272 Iesus
3521 2218 3690 2273 Chri-

2122 2312 2239 2357 stus
2262 2302 2315 2356 in
2346 2300 2680 2373 Evangelia:
2719 2320 2739 2354 1
2775 2303 2831 2357 Si
2861 2303 3083 2374 diligitis
3132 2320 3239 2369 me,
3280 2308 3529 2362 mandata
3564 2324 3682 2362 mea

2123 2402 2349 2450 servate.
2404 2392 2468 2447 Et
2511 2409 2610 2461 ego
2661 2394 2862 2463 rogabo
2910 2394 3121 2450 Patrem
3169 2413 3386 2463 meum,
3414 2408 3466 2453 et
3518 2401 3685 2454 alium

2121 2482 2456 2536 Paracletum
2486 2481 2637 2537 dabit
2676 2483 2831 2538 vobis
2856 2484 2921 2537 ".
2958 2503 2976 2536 1
3033 2484 3090 2539 ln
3127 2503 3233 2556 quo
3260 2490 3497 2544 ostendit
3523 2491 3686 2545 etiam

2123 2569 2358 2637 seipsum
2397 2568 2730 2625 Paracletum
2758 2613 2773 2639 ,
2816 2588 2935 2628 cum
2988 2574 3116 2629 dicit
3150 2576 3334 2630 alium.
3386 2578 3686 2636 Uude‘cre-

2122 2658 2319 2713 dentes
2338 2657 2526 2725 Paulo,
2552 2661 2853 2718 audivimus
2868 2679 2989 2718 eum
3016 2664 3278 2741 dicentem
3303 2686 3354 2721 :1
3392 2671 3503 2723 Aut
3529 2688 3688 2740 expe-

2121 2748 2409 2804 rimentum
2457 2751 2697 2821 quaeritis
2735 2753 2873 2822 ejus,
2904 2755 2996 2824 qui
3036 2755 3089 2810 in
3130 2773 3216 2812 me
3252 2759 3495 2829 loquitur
3530 2761 3689 2817 Chri-

2122 2850 2235 2897 stus
2261 2840 2336 2908 ”;
2367 2860 2387 2893 1
2429 2851 2482 2897 et
2525 2844 2716 2898 horum
2748 2845 2969 2910 similia,
3011 2847 3077 2902 de
3100 2849 3301 2917 quibus
3327 2855 3583 2922 superius
3612 2856 3690 2909 di-

2119 2931 2336 2998 ximus;
2394 2931 2538 2987 unde
2590 2942 2643 2988 et
2673 2942 2929 3004 tanquam
2970 2936 3217 2993 fidelibus
3252 2940 3411 2996 nobis
3457 2942 3688 2997 haeredi-

2119 3022 2222 3078 bus
2250 3023 2363 3078 suis
2394 3024 2676 3095 consignat
2716 3034 3118 3090 testamentum,
3146 3043 3242 3084 sua
3270 3032 3336 3086 ad
3370 3031 3688 3092 Corinthios

2119 3114 2379 3187 Epistola,
2405 3116 2554 3170 velut
2593 3126 2746 3186 pater
2770 3118 2996 3175 dicens:
3037 3139 3056 3172 1
3088 3121 3306 3177 Tradidi
3341 3126 3488 3180 enim
3530 3128 3689 3185 vobis

2119 3205 2176 3260 in
2212 3206 2422 3276 primis,
2453 3208 2597 3276 quod
2629 3215 2682 3261 et
2739 3210 2954 3278 accepi,
2994 3210 3120 3279 quia
3152 3211 3403 3269 Christus
3439 3228 3688 3274 mortuus

2117 3305 2202 3354 est
2246 3312 2344 3368 pro
2400 3298 2635 3363 peccatis
2682 3301 2883 3356 nostris
2917 3304 3211 3359 secundum
3253 3304 3602 3378 Seripturas;
3632 3322 3685 3366 et

2117 3388 2242 3461 quia
2275 3391 2515 3460 sepultus
2557 3399 2658 3458 est,
2701 3400 2754 3446 et
2779 3392 2904 3462 quia
2946 3397 3241 3450 resurrexit
3277 3400 3436 3453 tertia
3472 3401 3562 3455 die
3599 3416 3685 3455 se—

2117 3506 2353 3562 cundum
2379 3504 2714 3574 Scripturas;
2740 3513 2794 3561 et
2823 3505 2947 3578 quia
2973 3511 3219 3578 apparuit
3246 3509 3463 3582 Cephaz,
3493 3514 3686 3570 deinde

2117 3599 2364 3654 undecim
2395 3601 2674 3668 apostolis,
2704 3610 2891 3671 postea
2926 3602 3157 3670 amplius
3180 3619 3341 3674 quam
3369 3606 3683 3675 quingentis

2116 3690 2372 3747 fratribus
2417 3691 2485 3746 de
2530 3692 2694 3748 semel
2739 3692 2890 3760 ('79),
2919 3708 2984 3748 ex
3021 3695 3217 3764 quibus
3244 3696 3465 3765 plurimi
3502 3697 3681 3754 adhuc

2118 3790 2343 3836 manent
2388 3797 2562 3853 usque
2625 3798 2807 3850 nunc;
2856 3784 3077 3855 quidam
3126 3796 3304 3841 autem
3349 3797 3405 3841 et
3444 3788 3681 3844 domic-

2114 3880 2258 3926 runt.
2302 3871 2495 3927 Postea
2517 3881 2699 3927 autem
2729 3873 2879 3930 visus
2907 3883 2988 3931 est
3014 3873 3253 3944 Iacobo;
3279 3877 3475 3933 deinde
3502 3881 3679 3934 omni-

2115 3962 2216 4016 bus
2269 3963 2561 4031 apostolis;
2596 3963 2892 4020 novissime
2919 3974 3096 4021 autem
3118 3969 3384 4033 omnium.
3421 3978 3675 4041 tanquam

2113 4050 2375 4117 abortivo,
2416 4051 2566 4107 visus
2588 4060 2672 4107 est
2712 4061 2766 4107 et
2798 4053 2930 4107 mihi
2960 4073 2973 4109 :
3006 4069 3106 4126 ego
3130 4055 3272 4111 enim
3304 4072 3425 4111 sum
3453 4060 3680 4114 novissi-

2111 4157 2236 4197 mus
2281 4142 2521 4197 omnium
2562 4144 2930 4213 apostolorum
2968 4144 3034 4201 ’³.
3087 4147 3213 4202 Sive
3242 4162 3371 4217 ergo
3409 4164 3532 4219 ego,
3564 4150 3678 4205 sive

2113 4234 2212 4300 illi,
2240 4235 2311 4288 ita
2337 4235 2781 4291 annuntiavimus
2809 4235 2874 4290 “.
2912 4255 2931 4288 1
2966 4236 3030 4291 Et
3057 4252 3274 4292 rursum
3312 4239 3533 4296 tradens
3570 4241 3679 4298 hae-

2112 4326 2333 4381 redibus
2373 4341 2493 4380 eam
2539 4342 2699 4396 quam
2756 4327 2871 4396 ipse
2922 4328 3281 4385 haereditatem
3334 4334 3679 4403 promeruit,

2112 4414 2244 4468 dicit
2280 4433 2293 4469 :
2345 4434 2363 4466 1
2404 4414 2590 4471 Timeo
2635 4424 2817 4471 autem
2849 4433 2917 4472 11c
2956 4416 3125 4485 forte,
3159 4420 3303 4475 sicut
3331 4437 3558 4493 serpens
3595 4441 3682 4481 se-

444 4509 671 4566 Paulum
705 4512 757 4567 in
796 4512 1030 4581 Spiritus
1061 4512 1273 4566 influxit
1314 4512 1547 4581 Spiritus
1582 4511 1692 4581 (76)
1724 4551 1739 4576 ,
1772 4518 1826 4565 et
1870 4510 2011 4564 sicut
2042 4491 2085 4545 θ
2112 4507 2268 4563 duxit
2309 4506 2473 4561 Evam
2520 4507 2716 4563 astutia
2745 4524 2874 4574 sua,
2918 4509 2992 4564 ita
3031 4491 3450 4582 corrumpantur
3482 4531 3678 4574 sensus

444 4617 555 4656 non
587 4618 749 4673 super
777 4620 969 4661 omnes
1000 4605 1249 4659 homines
1286 4604 1520 4674 Spiritus
1570 4603 1815 4657 habitare
1858 4610 2009 4671 pote-

440 4702 547 4759 rat,
577 4694 681 4748 nisi
712 4710 874 4765 super
896 4713 1019 4753 eum
1056 4697 1148 4767 qui
1178 4697 1242 4751 de
1265 4696 1433 4751 Maria
1453 4696 1543 4750 Dei
1567 4696 1827 4767 genitriee
1852 4703 2011 4748 natus

440 4794 545 4847 est,
590 4786 663 4839 ita
697 4797 751 4841 et
786 4789 839 4842 in
871 4790 1078 4844 nullum
1108 4789 1274 4843 alium
1304 4788 1540 4859 Spiritus
1568 4787 1882 4843 Paracletus
1916 4800 2011 4840 ve-

441 4876 559 4930 nire
589 4887 827 4945 poterat,
874 4879 976 4935 nisi
1003 4897 1165 4950 super
1193 4882 1494 4950 apostolos,
1522 4890 1576 4936 et
1606 4896 1767 4951 super
1797 4880 2013 4934 beatum

438 4965 687 5023 Paulum.
731 4989 748 5020 1
790 4970 897 5038 Vas
922 4973 1065 5027 enim
1096 4975 1396 5042 electionis,
1425 4974 1620 5044 inquit,
1652 4972 1787 5027 mihi
1819 4979 1919 5035 est,
1956 4978 2017 5024 ut

2107 4599 2311 4663 vestri,
2350 4609 2403 4654 et
2433 4600 2682 4655 excidant
2714 4615 2744 4655 a
2776 4601 3120 4672 simplicitate
3164 4604 3276 4676 (80)
3315 4616 3368 4661 et
3406 4609 3674 4671 castitate,

2106 4705 2229 4760 qua:
2258 4690 2313 4744 in
2342 4689 2557 4745 Christo
2599 4697 2697 4745 est.
2750 4690 2804 4745 Si
2846 4693 2990 4746 enim
3039 4693 3084 4748 is
3134 4695 3226 4764 qui
3279 4697 3467 4761 venit,
3507 4700 3675 4753 alium

2107 4781 2386 4837 Christum
2436 4782 2690 4851 praedicat
2725 4798 2885 4852 quem
2932 4800 3038 4839 non
3085 4785 3539 4855 praedicavimus;
3585 4798 3679 4843 aut

2112 4873 2372 4945 Spiritum
2420 4873 2582 4927 alium
2618 4875 2934 4944 acceperitis
2981 4891 3141 4946 quem
3186 4892 3295 4932 11011
3344 4883 3674 4950 accepistis;

2107 4975 2202 5021 aut
2232 4965 2378 5021 aliud
2407 4964 2753 5035 Evangelium
2776 5006 2790 5031 ,
2837 4968 2982 5036 quod
3015 4984 3122 5023 non
3155 4971 3478 5041 accepistis;
3540 4973 3675 5029 bene

508 5104 735 5180 ff‘Joan.
762 5123 882 5180 x111.
919 5107 1042 5180 27._
1084 5110 1128 5180 Ἷ³
1160 5109 1353 5180 Ephes.
1379 5109 1530 5175 111,8.
1583 5106 1834 5180 _°'f_.ioan.
1863 5121 1973 5180 xv_1,
2002 5101 2086 5180 Lf.
2119 5170 2132 5180 _
2158 5097 2547 5180 "Act.1x,_ln5.
2601 5097 2857 5180 fliam.
2884 5117 2974 5165 xv,
3009 5102 3197 5180 [5,161
3227 5174 3242 5180 _
3274 5106 3320 5180 ’ξ
3347 5105 3478 5161 Ibid.
3520 5124 3599 5169 1x.
3624 5111 3671 5166 Ι.

432 5174 483 5247 ‘9
510 5175 643 5247 ibid.
676 5192 763 5242 xv,
796 5178 880 5231 ‘18.
956 5177 1043 5231 “1
1075 5169 1219 5234 Cor.‘
1240 5195 1329 5247 xv,
1353 5180 1406 5234 9.
1446 5169 1526 5212 ’νο
1556 5176 1600 5232 ιι
1628 5178 1754 5231 Cor.
1791 5191 1886 5237 xu,
1916 5176 1969 5228 9.
2041 5174 2083 5205 ⁹¹
2108 5170 2265 5225 Joan.
2294 5184 2406 5232 xw,
2440 5169 2527 5222 16.
2601 5170 2647 5201 ⁹²
2678 5169 2718 5223 ll
2744 5171 2995 5237 Cor.x111,
3026 5173 3077 5228 5.

436 5246 483 5278 ”
506 5244 638 5300 Ibid.
677 5248 761 5301 11.

3153 5176 3200 5207 ³³
3226 5174 3247 5227 1
3281 5175 3408 5232 Cor.
3435 5194 3523 5243 xv,
3558 5180 3669 5234 3-9.

505 5359 616 5431 (75)
656 5360 714 5412 In
746 5361 932 5414 codice
961 5371 1071 5425 est,
1117 5382 1135 5412 1
1174 5362 1331 5417 inter.
1385 5382 1404 5415 1
1446 5363 1548 5418 Sed
1583 5380 1748 5418 unum
1796 5378 2001 5417 annum

505 5430 637 5480 Iristi
672 5431 1060 5480 nrmdiealioni.
1089 5448 1152 5480 ac
1180 5432 1454 5480 miraculis
1488 5435 1696 5480 videtur
1731 5435 2002 5480 ascribere

2121 5358 2197 5413 μλά
2239 5374 2403 5422 ιστος.

2174 5376 2286 5480 (ξὸὶ
2326 5429 2384 5480 In

431 5429 637 5484 Christi
672 5431 1060 5499 praedicationi,
1089 5448 1152 5486 ac
1180 5432 1454 5488 miraculis
1488 5435 1696 5488 videtur
1731 5435 2002 5490 ascribere

433 5501 733 5575 Archelaus
763 5515 884 5575 cum
915 5502 1034 5555 aliis
1055 5503 1310 5575 _:_1utiquis
1351 5503 1602 5559 Patribus
1652 5521 1665 5557 :
1719 5521 1885 5575 quare
1924 5504 2001 5557 leo

428 5570 702 5643 genduth
736 5588 754 5620 1
798 5571 960 5625 intra.
999 5591 1016 5621 1
1055 5570 1187 5626 Vide
1210 5570 1363 5643 infra
1392 5590 1511 5643 cap.
1544 5575 1633 5628 49.

507 5641 631 5713 (ἴω
656 5640 831 5713 Locus
860 5650 1166 5710 corruptus.
1208 5640 1387 5707 Forte,
1430 5640 1533 5698 (in
1567 5643 1791 5713 Spiritu.
1836 5643 1999 5698 Inﬂu-

436 5709 797 5781 ιῖιὲῆπίθυεν
832 5729 851 5760 ι
880 5719 988 5781 ωε.

505 5777 616 5849 (77)
653 5778 841 5835 Melius
875 5780 1126 5850 Vulgata,
1161 5801 1179 5833 1
1221 5783 1513 5853 minimus,
1550 5803 1569 5836 1
1602 5783 1786 5841 Graece
1814 5785 1957 5840 enim
1981 5824 1994 5850 ,

2174 5427 2286 5499 (78)
2326 5427 2635 5502 ln‘codice
2669 5428 2953 5502 Casinensi
2990 5437 3103 5502 est,
3161 5451 3181 5484 1
3234 5434 3525 5502 magniﬁco
3566 5436 3670 5492 hoc

2101 5498 2223 5558 ore:
2274 5517 2293 5548 1
2328 5498 2419 5553 sed
2451 5498 2732 5568 legendum
2767 5500 2951 5553 censui
2983 5524 3001 5550 ι
3041 5500 3261 5556 honore.
3294 5522 3313 5554 1

2173 5568 2284 5640 (79)
2325 5568 2521 5640 Forte,
2558 5587 2577 5619 1
2622 5569 2861 5640 insimul.
2901 5589 2919 5621 1
2956 5570 3200 5640 Vulgata,
3238 5591 3257 5623 1
3293 5571 3478 5627 simul.
3517 5592 3537 5625 1

2173 5568 2261 5635 (79
2325 5568 2503 5631 Forte,
2558 5587 2577 5619 1
2622 5569 2861 5623 insimul.
2901 5589 2919 5621 1
2956 5570 3200 5640 Vulgata,
3238 5591 3257 5623 1
3293 5571 3478 5627 simul.
3517 5592 3537 5625 1

2171 5568 2284 5710 (80;
2321 5641 2378 5710 In
2403 5638 2705 5710 Casiuensi,
2734 5658 2755 5691 1
2779 5651 3195 5710 corrumpantur
3222 5658 3416 5697 sensus
3448 5644 3609 5698 vestri
3632 5657 3667 5699 a

2101 5709 2465 5778 simplicitate.
2510 5728 2528 5761 1
2569 5709 2670 5765 Sed
2706 5727 2806 5766 nos
2830 5726 2894 5764 ex
2932 5709 3154 5782 Vulgata
3183 5713 3569 5783 supplevimus.
