3982 6346
371 338 507 395 uss
698 321 712 350 ‘

1469 344 1611 402 CUM
1644 343 1920 400 ΜᾹΝΕΤΕ
1958 344 2484 405 ΗΕΒΕΞΙΑΒΟΗΛ.

3447 351 3470 404 1
3481 349 3583 406 486

367 461 708 534 pateremini.
741 451 879 517 Pluto
907 463 1050 518 enim
1090 465 1216 535 quia
1249 464 1384 520 nihil
1414 467 1594 524 minus
1635 468 1734 523 feci
1777 469 1926 525 vobis
1957 472 1997 528 A
2027 478 2177 536 stus;
2225 478 2279 524 et
2321 470 2522 525 multos
2569 440 2846 524 seducent.
2896 466 3054 536 Quod
3089 468 3135 525 si
3176 468 3340 524 etiam
3386 466 3588 540 aliquis

357 569 390 609 ι
425 555 633 610 caeteris
659 555 919 622 apostolis
952 557 1018 609 ".
1049 575 1068 608 ι

426 644 640 700 XXXV.
683 645 804 702 Haec
845 657 1023 702 autem
1069 648 1226 716 dixit,
1257 653 1548 708 ostendens
1573 668 1765 708 omnes
1803 655 1922 708 reli-

357 753 497 809 quos
535 738 626 808 qui
661 738 940 803 venerint,
978 739 1140 794 falsos
1185 744 1492 811 apostolos,
1538 744 1756 799 dolosos
1795 759 1920 813 ope-

360 830 536 883 rarios
555 870 570 894 ,
606 829 1052 901 transfigurantes
1079 846 1135 886 se
1168 833 1221 886 in
1249 835 1521 902 apostolos
1549 833 1749 889 Christi
1780 853 1791 886 :
1816 853 1834 885 ι
1858 834 1921 889 Et

356 935 463 974 non
492 920 724 985 mirum;
769 923 883 990 ipse
916 923 1059 975 enim
1093 921 1321 979 Satanas
1353 925 1698 994 transfigurat
1725 941 1804 989 se,
1837 941 1922 980 ve-

356 999 437 1065 lut
483 1013 733 1082 angelum
766 1013 904 1068 lucis
931 1013 1065 1083 (8i).
1113 1013 1252 1080 Quid
1289 999 1422 1086 ergo
1453 1032 1740 1087 magnum,
1784 1016 1830 1071 si
1869 1027 1922 1072 et

356 1105 592 1158 ministri
629 1105 747 1173 ejus
789 1106 1237 1175 transfigurentur
1262 1109 1314 1162 in
1350 1109 1625 1164 ministros
1646 1109 1868 1178 justitiae
1903 1128 1916 1165 :

355 1208 589 1263 quorum
628 1195 750 1249 linis
779 1196 880 1250 erit
919 1198 1212 1251 secundum
1245 1214 1404 1266 opera
1434 1214 1618 1253 eorum
1645 1200 1730 1251 ἐἷ’
1762 1217 1780 1251 ι
1829 1200 1919 1254 ln-

354 1286 502 1340 dicat
525 1296 703 1341 autem
753 1289 940 1357 quales
969 1299 1174 1355 essent,
1219 1300 1273 1344 et
1313 1307 1342 1345 a
1372 1292 1570 1360 quibus
1617 1292 1920 1346 circumve-

354 1379 661 1434 niebantur.
707 1379 1022 1436 Volentibus
1061 1391 1238 1437 autem
1285 1383 1486 1438 Calatis
1524 1385 1592 1438 ab
1631 1383 1921 1453 Evangelio

357 1470 663 1536 transferri,
696 1472 771 1525 ait
807 1490 820 1526 :
861 1491 879 1524 ι
913 1472 1078 1528 Miror
1109 1475 1252 1545 quod
1273 1475 1351 1530 sic
1379 1485 1488 1529 tam
1510 1476 1618 1530 cito
1641 1476 1921 1531 transieri-

355 1563 489 1616 mini
519 1564 586 1618 ab
611 1579 675 1618 eo
701 1566 793 1635 qui
821 1567 1030 1621 vocavit
1065 1584 1196 1635 vos,
1243 1569 1296 1622 in
1343 1569 1487 1624 aliud
1523 1569 1866 1638 Evangelium
1901 1583 1917 1622 :

355 1656 500 1724 quod
542 1671 649 1710 non
679 1666 763 1712 est
801 1659 943 1713 aliud
968 1678 981 1720 ;
1011 1661 1114 1714 nisi
1147 1671 1273 1714 sunt
1319 1661 1409 1730 qui
1446 1675 1542 1714 vos
1571 1660 1917 1725 conturbant,

354 1754 410 1798 et
449 1746 636 1800 volunt
674 1757 912 1804 avertere
951 1766 1045 1806 vos
1093 1751 1160 1805 ab
1199 1749 1489 1820 Evangelio
1527 1749 1728 1804 Christi
1782 1751 1916 1818 (82).

2025 560 2178 615 vobis
2204 561 2400 614 dixerit
2430 579 2442 614 :
2481 560 2614 614 Ecce
2648 561 2736 615 hic
2759 568 2841 615 est
2871 559 3139 625 Christus,
3171 571 3265 615 aut
3309 577 3434 616 ecce
3467 562 3538 616 ibi
3565 602 3586 629 ,

2025 651 2190 705 nolite
2219 651 2458 705 credere.
2488 649 2792 722 Exsurgent
2813 652 2956 705 enim
2987 643 3105 706 falsi
3140 653 3351 716 christi,
3381 662 3434 708 et
3462 635 3620 710 falsi,

2025 741 2252 810 apostoli
2296 741 2446 813 (87),
2483 752 2535 795 et
2565 741 2684 796 falsi
2735 743 3027 812 prophetat,
3079 751 3133 797 et
3179 744 3386 798 dabunt
3431 744 3586 814 signa

2027 849 2240 904 magna,
2279 843 2334 887 et
2360 833 2624 903 prodigia,
2659 833 2730 886 ita
2764 843 2822 887 ut
2851 836 2903 888 in
2949 850 3187 889 errorem
3226 835 3505 899 inducant,
3540 834 3586 888 si

2024 935 2198 994 potest
2219 925 2355 988 fieri,
2376 927 2537 979 etiam
2570 926 2786 981 electos.
2821 922 2955 980 Ecce
2982 926 3201 996 prtedixi
3225 926 3392 980 vobis.
3425 924 3479 978 Si
3504 925 3588 980 di-

2025 1017 2201 1070 xerint
2224 1018 2374 1072 vobis
2405 1036 2418 1071 :
2447 1016 2584 1071 Ecce
2611 1017 2662 1070 in
2687 1017 2898 1072 deserto
2920 1028 3020 1081 est,
3050 1017 3213 1072 nolite
3240 1019 3407 1072 exire.
3434 1015 3490 1070 Si
3509 1016 3589 1070 di-

2025 1107 2363 1163 xerintvobis
2391 1127 2402 1161 :
2429 1107 2566 1162 Ecce
2585 1108 2636 1162 in
2655 1109 3039 1178 penetralibus,
3071 1109 3235 1163 nolite
3259 1109 3475 1163 credere
3495 1107 3537 1164 ³.
3559 1123 3585 1161 ι

2025 1197 2090 1252 Ει
2121 1207 2240 1268 post
2285 1199 2386 1252 ista
2419 1202 2597 1252 omnia
2637 1199 2908 1265 mandata,
2942 1201 3041 1254 iste
3084 1215 3181 1254 nec
3219 1201 3428 1268 signum
3458 1199 3586 1269 qui-

2024 1289 2143 1344 dem
2173 1288 2390 1358 aliquod
2419 1297 2512 1342 aut
2543 1289 2842 1358 prodigium
2878 1289 3046 1342 ullum
3076 1290 3383 1356 ostendens,
3411 1304 3587 1358 neque

2024 1380 2332 1434 affinitatem
2367 1380 2600 1450 aliquam
2639 1380 2871 1446 habens;
2900 1381 2991 1436 sed
3024 1396 3089 1434 ne
3130 1381 3182 1434 in
3216 1396 3441 1435 numero
3462 1381 3584 1450 qui-

2023 1470 2144 1524 dem
2175 1471 2562 1539 discipulorum
2607 1471 2836 1539 positus,
2889 1486 3062 1540 neque
3108 1471 3361 1526 defuncto
3394 1480 3584 1525 nostro

2023 1562 2336 1626 obsecutus,
2365 1561 2521 1630 cujus
2556 1562 2862 1616 haereditate
2900 1563 3224 1631 gaudemus;
3256 1578 3377 1617 cum
3411 1578 3586 1633 neque

2023 1657 2072 1708 ei
2123 1655 2396 1724 languenti
2432 1654 2698 1716 astiterit,
2754 1669 2861 1708 non
2902 1655 3054 1709 testis
3103 1656 3367 1709 exstiterit
3416 1665 3584 1710 testa-

2024 1746 2209 1809 menti,
2244 1746 2354 1798 imo
2396 1745 2576 1814 potius
2601 1760 2724 1798 cum
2759 1761 2825 1799 ne
2859 1745 2912 1798 in
2955 1747 3201 1800 notitiam
3244 1747 3459 1816 quidem
3491 1761 3585 1800 ve-

356 1835 464 1890 Sed
488 1836 648 1891 etiam
691 1837 734 1891 si
777 1852 874 1892 nos
907 1839 1030 1907 ipsi,
1077 1849 1170 1894 aut
1207 1841 1429 1909 angelus
1470 1840 1538 1894 de
1582 1841 1721 1895 caelo
1767 1841 1917 1895 vobis

2027 1835 2161 1887 nerit
2181 1850 2395 1900 eorum,
2426 1835 2519 1904 qui
2545 1834 2784 1889 obsecuti
2812 1844 2938 1889 sunt
2964 1837 3242 1906 aegrotanti
3273 1854 3284 1888 :
3312 1847 3585 1906 postremo

354 1929 770 1995 annuntiaverit,
794 1940 1147 2000 praeterquam
1179 1932 1320 2000 quod
1346 1931 1599 1985 traditum
1629 1939 1712 1986 est
1744 1931 1918 1999 vobis,

357 2020 642 2076 anathema
686 2023 757 2076 sit
797 2024 864 2077 9’.
908 2043 926 2074 ι
963 2022 1028 2077 Ει
1076 2041 1290 2079 rursum
1334 2025 1456 2078 ait:
1500 2042 1520 2075 α
1561 2023 1688 2078 Mihi
1736 2025 1920 2079 infimo

354 2118 595 2171 omnium
637 2119 1001 2187 apostolorum
1051 2117 1161 2187 (85)
1203 2119 1325 2173 data
1367 2128 1451 2173 est
1481 2119 1650 2189 gratia
1695 2118 1809 2172 haec
1850 2119 1917 2170 ".

355 2206 486 2273 Quae
512 2209 654 2263 enim
690 2210 913 2264 deerant
958 2210 1368 2264 tribulationum
1413 2209 1637 2270 Christi,
1673 2208 1725 2261 in
1759 2225 1922 2265 carne

354 2315 476 2353 mea
524 2301 792 2370 adimpleo
836 2304 901 2356 θ’.
939 2320 958 2352 ι
998 2300 1062 2355 Et
1093 2302 1144 2355 in
1179 2302 1285 2354 alio
1311 2314 1526 2354 rursum
1554 2301 1672 2354 loco
1701 2299 1920 2370 proﬁte-

351 2401 476 2456 tur,
508 2393 631 2461 quia
659 2411 677 2443 ι
711 2409 871 2463 super
895 2403 1115 2448 cieteros
1146 2392 1345 2446 Christi
1373 2392 1619 2447 minister
1649 2393 1662 2424 ¹
1687 2433 1701 2458 ,
1741 2410 1761 2444 ι
1796 2401 1919 2446 tan-

353 2497 517 2551 quam
550 2483 594 2536 si
619 2492 801 2552 postea
831 2485 1052 2538 omnino
1079 2501 1184 2538 non
1216 2484 1286 2539 sit
1313 2484 1452 2539 alius
1486 2484 1916 2553 exspectandus;

350 2573 504 2642 jubet
526 2576 668 2627 enim
702 2591 874 2643 neque
900 2575 1146 2645 angelum
1179 2576 1244 2630 de
1278 2576 1414 2630 cmlo
1438 2579 1659 2646 suscipi.
1699 2576 1764 2630 Et
1792 2591 1923 2645 quo-

356 2666 517 2720 modo
549 2666 614 2719 de
657 2664 876 2720 Perside
902 2667 1205 2721 venientem
1237 2665 1447 2722 ll'fanem
1488 2668 1621 2739 (84),
1658 2676 1714 2722 et
1737 2669 1926 2722 dicen-

357 2765 463 2813 tem
507 2772 565 2812 se
601 2773 720 2812 esse
763 2756 1097 2813 Paracletum
1122 2797 1136 2822 ,
1188 2774 1287 2813 nos
1328 2775 1450 2814 esse
1491 2759 1801 2814 credimus?
1843 2759 1918 2813 Ita

355 2850 499 2905 enim
536 2863 772 2918 agnosco
801 2863 864 2902 ex
897 2848 1032 2913 hoc,
1065 2848 1210 2918 quod
1239 2863 1380 2903 unus
1431 2849 1535 2903 iste
1588 2850 1658 2904 sit
1703 2865 1770 2903 ex
1813 2851 1920 2907 illis

354 2944 448 3010 qui
488 2939 960 3006 transformamur,
988 2940 1054 2994 de
1095 2941 1291 3009 quibus
1335 2940 1617 2995 manifeste
1649 2941 1802 2996 vobis
1835 2943 1918 2996 in-

353 3035 554 3090 dicavit
607 3049 702 3088 vas
751 3032 1031 3088 electionis
1087 3033 1364 3102 apostolus
1424 3031 1625 3088 Paulus
1680 3032 1914 3089 dicens:

359 3147 380 3181 ς
422 3127 560 3194 Quia
590 3127 644 3180 in
682 3124 989 3179 novissimis
1041 3124 1371 3193 temporibus
1417 3123 1664 3178 recedent
1696 3125 1915 3194 quidam

2020 1940 2143 1980 cum
2179 1926 2380 1980 nullius
2411 1942 2634 1995 prorsus
2663 1926 2892 1995 accipiat
2918 1927 3308 1993 testimonium,
3335 1926 3587 1982 Paracle-

2021 2027 2134 2070 tum
2166 2031 2223 2071 se
2257 2033 2377 2072 esse
2407 2016 2518 2072 vult
2547 2019 2721 2080 credi;
2753 2034 2874 2072 cum
2905 2019 3064 2072 etiam
3101 2019 3143 2073 si
3172 2021 3324 2090 signa
3368 2030 3422 2074 et
3456 2036 3583 2089 pro-

2019 2103 2161 2176 digia
2189 2105 2413 2172 faceres,
2443 2106 2636 2162 falsum
2661 2107 2934 2163 Christum
2966 2119 3017 2163 et
3043 2107 3235 2163 falsum
3265 2107 3582 2178 prophetam

2021 2206 2071 2251 te
2099 2200 2333 2268 reputari
2363 2209 2632 2268 oporteret
2667 2201 2962 2255 secundum
2995 2200 3322 2270 Scripturas.
3364 2201 3428 2254 Et
3461 2202 3581 2254 ideo

2019 2293 2271 2346 convenit
2313 2307 2411 2346 nos
2443 2293 2652 2348 cautius
2687 2309 2865 2364 agere,
2897 2294 3189 2348 secundum
3219 2294 3360 2364 quod
3391 2295 3581 2348 beatus

2018 2382 2310 2454 Apostolus
2338 2393 2541 2449 mouet,
2572 2384 2756 2438 dicens
2787 2385 2838 2437 in
2871 2383 3107 2454 Epistola
3137 2401 3298 2455 quam
3334 2385 3444 2455 (88)
3472 2383 3582 2439 Co-

2019 2473 2353 2529 lossensibns
2384 2475 2600 2543 scripsit
2635 2493 2648 2528 :
2692 2492 2712 2525 ‹
2763 2473 3080 2529 Permanete
3127 2477 3180 2531 in
3230 2477 3332 2530 ﬁde
3371 2477 3582 2532 fundati

2018 2575 2072 2619 et
2103 2567 2350 2629 radicati,
2373 2574 2428 2620 et
2453 2565 2757 2620 immobiles
2786 2565 2854 2618 ab
2878 2581 2970 2634 spe
2998 2565 3268 2636 Evangelii
3308 2570 3451 2637 quod
3485 2585 3583 2623 au-

2018 2657 2251 2713 divimus
2282 2657 2426 2729 (89),
2462 2656 2605 2727 quod
2639 2656 2984 2726 praedicatum
3033 2666 3116 2711 est
3145 2659 3198 2710 in
3241 2660 3388 2712 omni
3428 2675 3580 2714 crea-

2019 2759 2140 2804 tura
2166 2764 2286 2819 quze
2309 2749 2410 2802 sub
2440 2749 2577 2803 caalo
2598 2755 2680 2803 est
2710 2751 2750 2801 ⁵.
2789 2766 2808 2800 ι
2844 2747 2906 2801 Et
2928 2763 3142 2804 rursum
3172 2768 3186 2804 :
3226 2769 3242 2801 ι
3281 2751 3430 2805 Sicut
3454 2768 3583 2822 ergo

2019 2838 2300 2907 accepistis
2325 2837 2600 2891 Christum
2647 2835 3149 2892 Iesum-Dominum
3173 2878 3187 2902 ,
3224 2839 3278 2892 in
3326 2840 3442 2908 ipso
3469 2841 3582 2909 (90)

2019 2927 2309 2992 ambulate,
2340 2927 2563 2980 radicati
2611 2934 2664 2980 et
2696 2925 2902 2980 fundati
2943 2941 3107 2996 super
3148 2927 3348 2995 ipsum,
3387 2928 3583 2982 confir-

2019 3018 2149 3072 mati
2195 3017 2319 3080 fide,
2367 3018 2525 3072 sicuti
2568 3017 2710 3072 docti
2742 3019 2894 3084 estis,
2938 3019 3274 3074 abundantes
3300 3021 3351 3073 in
3385 3020 3585 3089 gratia-

2019 3124 2141 3161 rum
2177 3108 2408 3163 actione.
2459 3106 2645 3162 Videte
2692 3123 2758 3163 ne
2798 3109 2920 3178 quis
2949 3126 3040 3164 vos
3066 3111 3325 3180 exspolict
3347 3127 3442 3181 per
3472 3112 3584 3181 (91)

355 3237 384 3275 a
411 3221 534 3282 fide,
570 3217 905 3272 attendentes
953 3215 1230 3284 spiritibus
1281 3215 1695 3279 seiluctoribus,
1729 3225 1781 3269 et
1822 3216 1917 3269 do-
1944 3199 1986 3223 ν
2019 3200 2417 3270 Philosophiam
2469 3206 2524 3253 ει
2569 3199 2780 3253 manem
2835 3201 3202 3255 δθάυυίίοηθιη
3231 3241 3245 3265 ν
3285 3205 3582 3257 secundum

355 3312 545 3366 ctrinis
589 3308 1016 3370 daemoniorum,
1063 3305 1117 3359 in
1177 3305 1449 3376 hypocrisi
1502 3304 1783 3359 mendacia
1838 3305 1918 3358 lo-

355 3411 583 3471 quentes
606 3440 620 3465 ,
668 3397 1018 3453 canteriatain
1055 3395 1310 3448 habentes
1339 3395 1724 3449 conscientiam
1746 3433 1761 3460 ,
1795 3410 1920 3464 pro-

356 3494 656 3548 hibentium
683 3491 792 3559 (85)
818 3490 1040 3551 nubere,
1073 3488 1343 3543 abstinere
1393 3503 1450 3542 se
1495 3502 1526 3540 a
1575 3487 1746 3553 cibis,
1784 3502 1923 3556 quos

357 3584 500 3638 Deus
527 3586 727 3638 creavit
770 3581 838 3635 ad
882 3580 1284 3651 percipiendum
1324 3577 1436 3649 (86)
1465 3594 1588 3634 cum
1617 3578 1916 3649 gratiarum

357 3677 572 3731 actione
602 3674 866 3737 fidelibus,
901 3682 953 3726 et
989 3673 1071 3726 his
1096 3673 1185 3742 qni
1211 3681 1579 3741 cognoverunt
1609 3672 1914 3738 veritatem;

356 3767 612 3837 quoniam
637 3765 814 3818 omnis
851 3771 1096 3816 creatura
1134 3761 1226 3816 Dei
1261 3763 1399 3815 bona
1431 3770 1534 3824 est,
1565 3768 1620 3814 et
1652 3761 1786 3814 nihil
1819 3762 1916 3815 ab-

353 3857 647 3926 jicicndum
695 3854 838 3922 quod
893 3868 1015 3906 cum
1087 3853 1379 3921 gratiarum
1429 3851 1640 3904 actione
1688 3850 1919 3919 percipi-

357 3956 446 4002 tur
473 3949 514 4001 ³.
545 3965 564 3998 ι
615 3945 716 3999 Sed
750 3954 804 3999 et
848 3943 1080 4014 Spiritus
1122 3943 1442 4012 evangelista
1472 3941 1753 3996 Matthaeus
1797 3942 1920 3996 dili-

357 4046 543 4108 genter
571 4036 836 4106 significat
870 4034 1082 4089 Domini
1111 4034 1281 4088 nostri
1314 4031 1442 4087 Jesu
1478 4032 1678 4086 Christi
1713 4047 1920 4087 sermo-

356 4145 481 4184 nem
518 4147 532 4183 :
564 4147 582 4180 α
623 4127 808 4182 Videte
842 4141 910 4180 ne
959 4125 1084 4196 quis
1119 4140 1216 4178 vos
1271 4124 1525 4190 seducat;
1575 4124 1728 4177 multi
1774 4125 1916 4178 enim

355 4223 570 4277 venient
601 4222 654 4276 in
701 4219 919 4275 nomine
970 4233 1113 4282 meo,
1145 4217 1385 4271 dicentes
1425 4237 1436 4270 :
1474 4217 1585 4286 Ego
1613 4231 1733 4270 sum
1762 4213 1920 4269 Chri-

429 4362 474 4393 ”
509 4359 546 4413 Il
575 4360 698 4412 Cor.
730 4373 804 4420 χι,
835 4357 950 4411 5-5.
1063 4355 1109 4387 ⁸⁸
1140 4354 1179 4406 ll
1211 4354 1335 4408 Cor.
1372 4372 1442 4420 xi,
1481 4356 1561 4418 14,
1594 4355 1678 4409 15.
1753 4354 1797 4385 ’⁷
1824 4353 1918 4408 Gal

356 4448 412 4485 Il
435 4473 449 4496 ,
482 4432 570 4484 2E.
645 4432 664 4462 ’
693 4431 713 4483 ι
751 4428 890 4480 Tim.
922 4444 996 4492 tv,
1026 4427 1141 4480 1-4.

357 4519 431 4566 tv,
468 4503 519 4568 7,
550 4502 602 4556 8.

1929 4395 1943 4408 .
1977 4369 2025 4416 ι,
2053 4351 2166 4406 6-8.
2243 4353 2288 4384 ’⁸
2315 4352 2512 4422 Ephes.
2549 4369 2632 4418 ιιι,
2660 4352 2713 4407 8.
2789 4354 2834 4386 "
2862 4351 3072 4408 Coloss.
3106 4370 3144 4417 ι,
3169 4355 3260 4409 24.

1247 4425 1269 4454 ³
1303 4424 1488 4479 Matth.
1533 4441 1681 4487 xxiv,
1719 4431 1774 4487 4,
1809 4424 1862 4489 5,
1908 4425 2096 4477 23—26.
2171 4422 2192 4454 δ
2219 4421 2431 4479 ColoSs.
2469 4440 2507 4488 ι,
2535 4424 2624 4478 25.

2016 3293 2278 3346 elementa
2323 3291 2531 3356 mundi,
2566 3301 2620 3346 et
2651 3306 2760 3345 non
2805 3293 3102 3346 secundum
3132 3294 3428 3358 Christum,
3459 3297 3585 3365 quia

2017 3386 2072 3438 in
2105 3384 2222 3454 ipso
2252 3383 2457 3436 habitat
2479 3382 2656 3436 omnis
2688 3383 2964 3451 plenitudo
2991 3385 3213 3440 deitatis
3242 3385 3283 3438 ⁸.
3322 3405 3339 3437 ι
3379 3386 3588 3454 Quibus

2018 3476 2271 3531 omnibus
2305 3475 2378 3527 ita
2419 3474 2700 3544 diligenter
2729 3476 3008 3544 expositis,
3041 3477 3232 3531 beatus
3271 3477 3584 3546 Apostolus,

2019 3567 2166 3621 velut
2207 3574 2357 3636 pater
2385 3565 2531 3628 filiis,
2564 3565 2713 3618 addit
2749 3573 3005 3635 tanquam
3035 3567 3370 3636 signaculum
3414 3573 3588 3640 quod-

2022 3659 2145 3713 dam
2185 3657 2489 3712 testamenti
2532 3657 2767 3711 dicens:
2817 3674 2836 3707 ‹
2883 3656 3167 3712 Certamen
3223 3659 3424 3714 bonum
3469 3676 3586 3716 cer-

2025 3750 2154 3814 tavi,
2186 3749 2392 3804 circum
2424 3749 2663 3813 cucurri,
2699 3747 2856 3802 fidem
2891 3749 3120 3804 servavi.
3175 3749 3248 3804 De
3273 3762 3468 3807 caetero
3501 3769 3586 3807 re.

2023 3843 2194 3910 posita
2223 3848 2304 3894 est
2333 3840 2464 3893 mihi
2502 3839 2728 3908 justitia‘.
2756 3854 2988 3904 corona,
3035 3856 3197 3910 quam
3234 3843 3419 3898 reddet
3452 3845 3588 3898 mihi

2024 3931 2283 3986 Dominus
2333 3932 2387 3985 in
2433 3931 2521 3985 illa
2565 3932 2650 3985 die
2689 3931 2868 4001 justus
2902 3932 3100 4001 judex;
3143 3948 3248 3987 non
3281 3934 3453 3989 solum
3491 3951 3587 3990 au-

2027 4036 2130 4081 tem
2162 4025 2314 4091 mihi,
2359 4024 2454 4080 sed
2499 4030 2553 4078 et
2599 4024 2850 4078 omnibus
2892 4025 2985 4094 qui
3030 4025 3259 4096 diligunt
3296 4027 3583 4083 adventum

2023 4119 2142 4189 ejus
2171 4119 2223 4173 ⁸.·
2249 4137 2268 4170 ι

2095 4207 2332 4263 XXXVI.
2375 4205 2590 4262 Nullum
2620 4221 2688 4262 ex
2710 4206 2884 4271 vobis,
2915 4221 2950 4261 ο
2981 4207 3187 4274 Manes,
3221 4209 3462 4264 Galatam
3507 4209 3586 4264 fa-

3338 4357 3353 4386 ¹
3391 4353 3433 4407 ll
3455 4355 3583 4407 Cor.

2719 4424 2740 4455 ⁵
2775 4423 2984 4478 Coloss.
3020 4439 3081 4489 ιι,
3107 4425 3225 4479 6-9.
3329 4424 3350 4454 ⁸
3375 4425 3418 4478 ιι
3443 4423 3584 4478 Τιιιι.

2754 4518 2776 4544 Ο

430 4619 538 4687 (8i)
580 4615 652 4670 lta
684 4612 1065 4687 egCyprianus
1101 4607 1466 4687 haudnprocul
1507 4609 1574 4662 ab
1610 4607 1765 4661 initio
1794 4607 1917 4687 libri
1952 4617 1995 4672 ι)
2021 4607 2160 4687 apud
2187 4606 2578 4687 Tertullianum
2621 4607 2800 4664 versio
2849 4608 3134 4678 improbat,
3185 4623 3307 4677 quae
3348 4607 3590 4679 Vulgata:

357 4677 447 4743 De‘
476 4677 674 4741 unitate
713 4677 993 4746 Ecc'fésiw,
1031 4696 1095 4734 ac
1141 4682 1186 4733 si
1240 4677 1425 4732 Graeco
1463 4687 1606 4732 textu
1648 4689 1790 4732 esset
1819 4677 1914 4741 ὡς.

359 4759 464 4814 Sed
498 4757 716 4826 Vulgata
758 4764 811 4807 et
859 4752 1221 4826 Tertullianus
1257 4749 1501 4817 pluribus
1549 4751 1604 4802 in
1659 4749 1794 4803 locis
1840 4749 1916 4802 le-

358 4823 931 4899 gunt,¢_[nange_lum
958 4823 1114 4875 lucis.
1155 4839 1175 4870 ι
1227 4893 1238 4899 _
1319 4891 1332 4899 _
1435 4891 1467 4899 η
1606 4887 1643 4899 Π
1750 4888 1760 4898 ο

429 4887 538 4967 ('82)
580 4887 783 4967 Melius"
815 4892 1038 4962 Vulgata
1062 4931 1078 4956 ,
1141 4891 1556 4967 astipulantibus
1603 4887 1873 4958 Cypriano
1898 4926 1914 4946 ,

358 4962 674 5031 Ambrosio,
711 4965 1034 5032 Hieronymo
1071 4971 1124 5015 et
1165 4962 1487 5031 Augustino,
1541 4976 1560 5008 ι
1603 4967 1918 5032 convertere

361 5027 706 5106 Emug«.liuin
741 5027 974 5096 Christi;
999 5051 1035 5108 __i
1068 5032 1187 5085 licet
1220 5027 1582 5085 'l'ertullianus
1603 5028 1726 5108 cdo.
1767 5027 1914 5108 Mar-

358 5099 558 5161 ciceris
600 5110 692 5160 lib.
725 5121 800 5167 iv,
849 5118 967 5172 cap.
995 5102 1048 5162 ὃ,
1078 5119 1094 5152 ι
1148 5111 1480 5171 pervertere,
1533 5123 1551 5154 ι
1602 5099 1793 5165 legisse
1835 5099 1916 5150 vi-

358 5180 568 5231 deatur.
1859 5209 1868 5215 .

431 5249 541 5316 (85)
577 5245 760 5302 Graece
797 5251 901 5309 est,
946 5239 1134 5308 ἁγίων,
1172 5258 1190 5290 ι
1237 5247 1572 5298 sanctorum.
1620 5257 1638 5289 ι
1675 5246 1735 5292 ut
1760 5237 1918 5292 habet

359 5316 608 5372 Vulgata.

432 5359 636 5458 (ἶῖ).Ἶῆ
667 5383 949 5458 Οὐξιεῑιιβιιεὶ
979 5392 1262 5450 corruptus
1294 5391 1374 5436 est
1415 5380 1502 5434 hic
1534 5378 1917 5458 locus_,.hab«-t

357 5449 500 5509 enim
526 5449 556 5506 ἰ
591 5460 655 5508 ile
699 5449 913 5508 Persida
957 5449 1252 5505 venientem
1286 5462 1500 5517 monet;
1550 5469 1568 5501 ι
1605 5449 1698 5503 sed
1738 5449 1919 5517 lcgcn~

356 5528 506 5586 dum.
542 5546 559 5577 ι
603 5526 834 5585 Manent,
865 5523 946 5575 vel
976 5524 1156 5582 modo,
1187 5531 1289 5575 etc.
1327 5541 1345 5572 ι

429 5599 541 5667 (55)
583 5597 639 5651 ln
672 5593 1074 5667 Vulgatajuxta
1122 5591 1365 5667 Οιξιςίςιιιιι
1406 5598 1788 5667 textum-estut
1816 5586 1919 5667 Olo-

356 5657 660 5737 quentium,
695 5657 1036 5737 habentium,
1067 5662 1485 5737 prohibentium.
1535 5679 1553 5710 ι
1602 5664 1711 5737 aut
1760 5657 1922 5737 igitur

360 5731 448 5791 hic
498 5731 683 5792 eodem
748 5738 908 5807 modo
959 5734 1238 5807 legendum
1270 5772 1317 5807 ,_
1347 5741 1439 5784 aut
1496 5731 1872 5807 corrigendum
1904 5767 1919 5790 ,

367 5825 385 5857 ι
419 5809 780 5878 prohibentes.
821 5822 839 5857 ι
869 5805 972 5860 Sed
1018 5805 1156 5858 hanc
1199 5801 1481 5857 lectionem
1510 5803 1728 5870 antiqua
1758 5801 1920 5852 etiam

2020 4677 2123 4731 hac
2151 4679 2201 4731 in
2231 4689 2380 4746 parte
2416 4680 2610 4732 similis
2639 4687 2739 4732 est.

2091 4747 2203 4817 (86)
2235 4747 2301 4800 «ln
2335 4748 2616 4801 Casinensi
2662 4757 2775 4813 est,
2817 4767 2835 4799 ‹
2873 4748 2940 4802 ad
2972 4747 3380 4816 perficiendum.
3421 4767 3439 4799 ι
3479 4748 3585 4803 Sed

2021 4815 2262 4873 Vulcane
2295 4818 2576 4870 lectionem
2612 4819 2938 4873 substituere
2969 4815 3140 4872 Satius
3169 4819 3346 4872 visum
3377 4829 3480 4873 est.

2093 4885 2204 4957 (87)
2247 4885 2419 4957 Vcrha
2452 4888 2561 4951 illa,
2601 4905 2618 4937 ‹
2673 4897 2727 4940 et
2776 4890 2896 4942 falsi
2944 4889 3205 4956 apostoli,
3254 4905 3274 4939 ι
3325 4888 3393 4942 ab
3423 4889 3590 4941 inter-

2019 4956 2192 5024 prete
2235 4956 2483 5010 Archelai
2547 4957 2795 5011 videntur
2862 4958 3158 5027 adjuncta,
3211 4958 3588 5025 explicationis

2020 5042 2216 5088 causa;
2271 5041 2394 5078 nam
2449 5041 2546 5078 nec
2594 5028 2647 5079 in
2699 5027 2920 5091 Grzcco,
2966 5043 3063 5081 nec
3105 5028 3159 5081 in
3191 5028 3449 5095 Vulgata,
3489 5042 3589 5079 nec

2021 5099 2162 5164 apud
2194 5097 2518 5166 Cyprianum
2547 5097 2789 5166 aliosque
2815 5097 3001 5151 Patres
3036 5098 3304 5166 leguntur.

2093 5168 2204 5237 (88)
2244 5164 2483 5237 Vocema
2511 5184 2529 5216 ‹
2565 5164 2748 5236 quani,
2788 5185 2805 5219 ι
2840 5183 2938 5222 nos
2964 5164 3290 5228 addidimus,
3321 5164 3394 5216 ita
3424 5177 3588 5217 sensu

2019 5234 2294 5304 poscente.
2325 5236 2432 5307 aut
2464 5234 2620 5299 forte,
2661 5255 2679 5286 ‹
2717 5239 2940 5304 scripta,
2979 5255 2997 5286 ι
3034 5238 3336 5307 legendum.

2092 5309 2205 5376 (89)
2243 5307 2302 5358 ln
2339 5305 2584 5376 Vulgata,
2621 5325 2639 5357 ι
2673 5308 2922 5360 audistis.
2963 5325 2980 5357 ι

2091 5373 2200 5447 (90)
2241 5374 2600 5447 Ιιίιγνιιιξςειιιη
2633 5377 2684 5430 in
2713 5378 2897 5432 codice
2929 5385 3106 5429 autem
3149 5373 3432 5428 Casinensi
3468 5373 3592 5443 legi-

2021 5446 2127 5510 tur,
2173 5468 2190 5498 ι
2233 5448 2288 5500 ἱιι
2319 5446 2514 5515 ipsum.
2558 5465 2575 5496 ι

2093 5519 2204 5585 (91)
2243 5511 2556 5569 Casinensis
2579 5515 2765 5574 codex,
2794 5533 2813 5564 ‹
2842 5514 3124 5583 exspoliet,
3149 5523 3200 5568 et
3225 5529 3340 5584 per.
3371 5531 3390 5564 ι
3422 5511 3585 5583 Cypr.

2025 5588 2176 5640 initio
2206 5587 2324 5639 libri
2363 5588 2433 5639 De
2462 5588 2593 5639 bona
2621 5586 2920 5654 patientiw,
2961 5587 3152 5648 habet,
3193 5605 3210 5635 ι
3255 5586 3590 5654 ἀρρτξιξόθιυιξ

2025 5673 2120 5725 per
2151 5657 2567 5725 philosophiam.
2614 5653 2631 5706 ι
2667 5655 2853 5708 Greece
2895 5665 2976 5708 est
3023 5653 3390 5725 agkuywyt'bv,
3443 5653 3587 5722 quod

2024 5722 2245 5781 verb—um
2279 5722 2524 5796 Vulgata,
2557 5744 2576 5775 ι
2615 5725 2880 5792 decipiat,
2919 5742 2938 5774 ι
2976 5733 3031 5796 et
3057 5722 3314 5788 Tertull.,
3346 5724 3423 5780 De
3453 5739 3589 5794 prta-

2025 5798 2210 5866 scri‘pt.
2230 5838 2244 5864 ,
2269 5812 2318 5852 c.
2355 5795 2408 5864 7,
2442 5815 2460 5848 ι
2497 5796 2901 5863 circumveniet,
2932 5814 2951 5846 ι
2983 5795 3424 5868 interpretantur.
