3982 6346
474 314 610 368 1487

1469 313 1646 368 ACTA
1687 310 2210 369 DlSPUTATlONlS
2251 311 2307 368 S.
2349 311 2689 368 ARCHELAI

3343 271 3358 298 Ο

3508 321 3526 375 l
3540 325 3624 380 488

471 429 605 496 cies,
661 445 756 482 nec
780 429 850 484 ita
903 445 997 485 nos
1057 429 1346 484 transferes
1399 428 1507 500 (92)
1565 447 1594 484 a
1641 430 1742 485 ﬁde
1796 429 2030 496 Christi;
2063 427 2326 489 ANonne
2375 438 2589 501 oportet
2639 439 2691 484 te
2747 429 3088 499 multiplicari
3135 439 3375 502 tanquam
3425 435 3625 506 zizania,

471 519 686 575 etiamsi
733 519 884 590 signa
917 527 970 573 et
1014 519 1257 590 prodigia
1304 517 1508 584 facias,
1553 517 1760 573 etiamsi
1793 526 2036 571 mortuos

478 613 731 678 suscites,
771 611 982 666 etiamsi
1012 611 1301 682 imaginem
1347 611 1500 664 nobis
1530 609 1681 663 Pauli
1709 609 1880 679 ipsius
1909 607 2037 663 aﬂ‘e-

470 719 585 770 ras,
609 703 892 758 anathema
911 718 990 769 es,
1016 701 1215 756 Satana
1237 700 1345 772 (95)
1366 719 1380 768 ;
1399 701 1766 772 praescriptum
1789 708 1872 755 est
1891 699 2032 754 enim

457 798 539 852 de
567 804 646 864 te;
675 795 977 866 praemoniti
1000 803 1053 849 et
1075 793 1376 865 praestructi
1407 808 1592 848 sumus
1615 807 1645 846 a
1670 792 1872 847 sanctis
1895 790 2036 845 Scri-

470 889 660 959 pturis.
699 886 806 943 Vas
829 903 888 943 es
915 886 1253 950 Antichristi,
1277 893 1332 940 et
1359 900 1532 954 neque
1559 884 1759 938 bonum
1791 899 1908 948 vas,
1940 882 2034 938 sed

469 978 744 1034 sordidum
773 986 826 1033 et
853 977 1156 1049 indignum,
1197 977 1342 1047 quod
1371 977 1460 1030 ille
1494 975 1633 1031 sicut
1670 974 1865 1045 aliquis
1903 974 2032 1028 bar-

467 1071 634 1125 barus
657 1070 738 1124 vel
769 1078 1049 1141 tyrannus,
1083 1064 1220 1123 cum'
1240 1069 1292 1122 in
1321 1083 1418 1123 eos
1441 1067 1532 1138 qui
1577 1066 1678 1122 sub
1711 1067 1886 1137 legum
1920 1065 2031 1138 (94)

461 1166 674 1237 justitia
717 1166 955 1236 degunt,
1003 1177 1229 1220 conatur
1272 1166 1520 1232 irruere,
1573 1165 1832 1234 praemisit
1878 1165 2030 1234 prius

463 1268 724 1328 tanquam
757 1257 916 1312 morti
937 1257 1286 1322 destinatum,
1319 1259 1382 1311 ad
1409 1256 1795 1327 explorandum
1828 1266 2030 1326 quanta

461 1361 516 1408 et
544 1349 722 1420 qualis
761 1350 828 1404 sit
857 1349 1082 1419 legitimi
1126 1349 1268 1420 regis
1318 1349 1491 1403 virtus
1535 1364 1598 1404 ac
1650 1348 1834 1418 populi
1868 1367 1880 1402 :
1915 1348 2030 1418 ipse

462 1437 606 1494 enim
643 1437 955 1506 inopinatus
987 1437 1190 1492 irruere
1211 1437 1506 1508 pertimuit,
1537 1438 1627 1493 sed
1657 1453 1827 1507 neque
1861 1439 2027 1493 alium

459 1543 525 1582 ex
576 1528 895 1584 necessariis
937 1527 1069 1582 viris
1109 1527 1322 1583 mittere
1367 1529 1534 1582 ullum
1583 1545 1750 1584 ausus
1792 1538 1910 1594 est,
1959 1544 2028 1584 ne

459 1619 586 1689 quid
655 1629 928 1690 pateretur
984 1619 1215 1675 adversi.
1289 1619 1472 1676 Talem
1540 1629 1593 1676 te
1665 1622 1862 1687 nobis,
1925 1620 2027 1676 sub

457 1711 602 1766 bono
647 1722 701 1766 et
737 1720 925 1766 sancto
969 1727 1093 1782 rege
1130 1712 1358 1782 positis,
1395 1712 1540 1767 velut
1586 1713 1746 1767 morti
1787 1712 2026 1768 destina-

2137 536 2413 591 usquequo
2467 522 2555 576 ille
2600 523 2714 591 ipse
2763 537 2991 591 magnus
3037 529 3184 591 pater
3229 532 3346 579 tuus
3391 527 3628 596 adveniat,

2137 612 2405 666 suscitans
2437 621 2698 680 mortuos,
2734 627 2872 682 pene
2925 627 3095 682 usque
3132 613 3196 667 ad
3229 615 3498 683 gehennam
3533 636 3629 675 om-

2136 719 2231 758 nes
2275 719 2603 774 persequens
2648 705 2744 776 qui
2797 705 2901 760 sibi
2963 705 3323 775 obtemperare
3371 709 3629 779 noluerint,

2133 795 2396 864 plurimos
2430 797 2707 852 deterrens
2755 796 3078 866 arrogantia:
3124 805 3265 852 metu
3303 813 3403 868 quo
3430 809 3501 855 est
3540 802 3631 872 ipse

2132 887 2519 955 circumdatus,
2555 889 2675 944 aliis
2703 888 2967 944 adhibens
2994 889 3187 952 minas,
3219 889 3387 945 vultus
3417 891 3489 945 sui
3522 908 3628 948 con-

2131 979 2381 1034 versione
2427 987 2480 1034 et
2524 979 2988 1035 circumductione
3030 980 3309 1035 ludiﬁcans
3347 999 3358 1035 :
3399 982 3480 1036 sed
3517 983 3631 1037 ultra

2131 1085 2238 1125 non
2269 1069 2573 1139 proﬁciet’;
2606 1070 2915 1141 insipientia
2947 1072 3091 1125 enim
3123 1073 3238 1141 ejus
3277 1073 3504 1128 omnibus
3534 1089 3632 1143 per-

2132 1162 2345 1232 vulgata
2377 1163 2500 1228 erit,
2541 1164 2679 1218 sicut
2711 1162 2930 1218 Jamnes
2957 1174 3008 1218 et
3043 1163 3324 1219 Mambres.
3354 1163 3540 1218 Iudices
3561 1166 3631 1219 di-

2127 1264 2316 1307 xerunt
2343 1270 2360 1307 :
2399 1252 2550 1310 Sicut
2575 1270 2639 1309 ex
2669 1263 2721 1310 te
2747 1256 3132 1324 comperimus,
3165 1265 3404 1324 tanquam
3429 1257 3631 1326 apostolo

2127 1345 2296 1400 Paulo
2339 1347 2581 1409 dicente,
2615 1347 2852 1417 [insuper
2895 1345 3058 1400 etiam
3106 1345 3175 1399 ab
3223 1343 3482 1414 Evangelio
3521 1361 3632 1413 pra:-

2129 1438 2400 1492 scrihente
2431 1438 2566 1493 nulli
2596 1437 2689 1492 alii
2720 1452 2872 1507 reque
2904 1437 2958 1491 in
2985 1446 3257 1506 posterum
3281 1436 3384 1505 (99)
3412 1438 3632 1506 praebetur

2127 1529 2403 1600 ingressus
2437 1531 2503 1584 ad
2545 1530 2969 1599 praedicandum,
2999 1529 3082 1583 vel
3129 1529 3438 1593 docendum,
3472 1527 3540 1581 vel
3576 1527 3630 1581 ad

2125 1621 2623 1692 evangelizandum,
2647 1622 2731 1675 vel
2760 1621 3193 1692 prOphetandum
3221 1620 3270 1673 in
3295 1620 3387 1673 hac
3408 1620 3502 1673 vita
3522 1618 3630 1673 dun-

2126 1722 2298 1780 taxat,
2334 1713 2437 1768 nisi
2469 1712 2609 1766 forte
2641 1711 2813 1768 falsus
2841 1713 3106 1783 prepheta
3139 1711 3408 1774 habeatur,
3433 1717 3513 1762 aut
3546 1708 3627 1762 fal-

457 1809 597 1868 tum,
647 1817 738 1856 rex
775 1812 899 1858 tuus
931 1776 1191 1872 prze'misit
1224 1802 1606 1858 Antichristus.
1648 1801 1714 1856 Et
1759 1803 1872 1858 haec
1907 1803 2023 1872 qui-
2057 1776 2100 1830 Β
2126 1819 2221 1860 sus
2255 1776 2524 1858 Christus.
2575 1800 2728 1857 Unde
2779 1776 2901 1856 cum
2942 1776 3153 1856 dixeris
3206 1800 3260 1853 in
3311 1796 3460 1852 Paulo
3494 1795 3630 1853 fuisse

457 1893 579 1948 dem
621 1908 728 1948 non
774 1894 1110 1964 inexplorata
1152 1895 1484 1965 proloquor;
1543 1895 1636 1950 sed
1679 1910 1745 1950 ex
1782 1910 1848 1950 eo
1878 1895 2022 1966 quod

456 1985 658 2040 nullam
708 1995 760 2040 te
809 1985 966 2040 video
1015 1985 1192 2041 facere
1232 1985 1508 2053 virtutem,
1544 1985 1616 2040 ita
1642 1986 1708 2040 de
1736 1994 1788 2040 te
1823 1986 2016 2040 sentio.

453 2074 608 2132 Illum
659 2076 804 2132 enim
849 2085 904 2131 et
951 2077 1004 2130 in
1057 2077 1304 2148 angelum
1333 2077 1471 2132 lucis
1503 2076 2018 2144 transformandum,

453 2181 511 2229 et
540 2173 821 2229 ministros
851 2173 968 2242 ejus
1004 2173 1138 2228 tales
1165 2173 1491 2228 adventuros
1525 2173 1934 2243 praenoscimus,
1966 2183 2019 2228 et

448 2266 609 2337 signa
648 2275 697 2320 et
733 2265 973 2337 prodigia
1017 2265 1288 2328 facturos.
1344 2266 1415 2320 ita
1452 2274 1528 2330 ut,
1563 2266 1606 2321 si
1635 2266 1889 2335 possibile
1926 2266 2018 2333 sit,

450 2359 617 2415 etiam
657 2357 810 2413 electi
862 2358 1188 2413 scducantur
1229 2357 1273 2410 ⁷.
1329 2357 1462 2424 Quis
1509 2373 1639 2428 ergo
1679 2373 1739 2412 es
1785 2365 1880 2423 tu,
1924 2358 2015 2427 qui

455 2466 630 2522 neque
654 2451 1020 2506 necessarium
1049 2450 1282 2520 aliquem
1313 2451 1490 2505 locum
1528 2451 1758 2506 sortitus
1783 2466 1842 2506 es
1871 2465 1898 2503 a
1923 2466 2017 2520 pa-

451 2549 537 2597 tre
592 2550 686 2597 tuo
730 2541 964 2595 Salaria?
1013 2541 1147 2596 Nam
1205 2557 1365 2612 quem
1423 2551 1697 2596 mortuum
1750 2542 2020 2597 suscitas?

453 2634 598 2704 quod
645 2632 966 2703 proﬂuvium
1014 2633 1294 2704 sanguinis
1339 2633 1518 2688 sistis?
1559 2632 1706 2700 Quos
1753 2635 1865 2688 luto
1904 2633 2016 2705 (95)

451 2724 577 2780 caeci
609 2723 797 2778 oculos
826 2723 1050 2778 illinitos
1077 2723 1260 2778 videre
1290 2721 1465 2777 facis?
1500 2721 1728 2787 Quando
1769 2724 2017 2778 esurien-

449 2820 557 2865 tem
585 2811 796 2864 turbam
821 2811 1006 2881 paucis
1036 2811 1266 2880 panibus
1296 2811 1510 2866 reﬁcis?
1541 2809 1639 2865 Ubi
1668 2828 1828 2882 super
1849 2827 2016 2882 aquas

449 2899 675 2967 incedis,
707 2910 802 2954 aut
829 2901 952 2971 quis
998 2909 1050 2955 te
1097 2901 1228 2954 vidit
1270 2916 1335 2956 ex
1383 2901 1465 2955 his
1496 2901 1588 2971 qui
1623 2901 1676 2954 in
1713 2901 2014 2957 Jerusalem

449 2991 733 3045 habitant?
774 2989 939 3045 Persa
979 2989 1241 3052 barbare,
1286 3005 1393 3044 non
1443 2989 1752 3046 Graecorum
1795 2992 2014 3062 linguai,

449 3098 557 3136 non
587 3081 986 3154 Egyptiorum,
1018 3095 1127 3134 non
1173 3081 1564 3148 Romanorum,
1596 3099 1704 3138 non
1744 3084 1906 3140 ullius
1935 3085 2014 3139 al-
2038 3114 2081 3171 ρ

448 3173 617 3227 terius
644 3174 842 3243 lingua:
875 3170 1156 3225 scientiam
1192 3171 1388 3228 habere
1427 3173 1682 3243 potuisti;
1715 3176 1809 3230 sed
1845 3175 2010 3240 Chal-

445 3263 684 3318 deorum
717 3262 826 3333 (96)
861 3260 1059 3326 solum,
1104 3276 1226 3331 qua:
1269 3277 1337 3316 ne
1376 3261 1430 3317 in
1461 3279 1746 3319 numerum
1790 3268 2010 3337 quidem

446 3353 678 3418 aliquem
714 3353 961 3416 ducitur;
1012 3354 1218 3408 nullum
1267 3354 1431 3408 alium
1469 3355 1773 3424 loquentem
1821 3361 2010 3417 audire

447 3452 621 3515 potes.
652 3443 768 3498 Non
805 3445 879 3499 ita
914 3443 1144 3514 Spiritus
1177 3456 1416 3512 sanctus,
1457 3447 1596 3502 absit
1631 3450 1733 3504 hoc
1768 3452 2003 3506 malum!

443 3534 537 3589 sed
577 3534 829 3589 omnibus
874 3534 1092 3600 dividit,
1143 3543 1197 3588 et
1248 3536 1429 3589 omnia
1475 3535 1778 3606 linguarum
1811 3554 2005 3608 genera

443 3622 613 3689 novit,
647 3633 698 3677 et
729 3624 972 3693 agnoscit.
1004 3626 1274 3690 universa,
1310 3635 1364 3680 et
1397 3627 1651 3681 omnibus
1682 3628 1864 3682 omnia
1894 3627 2007 3683 eﬂi-

443 3718 609 3780 citur,
637 3716 710 3770 ita
739 3726 795 3772 ut
823 3732 946 3772 eum
977 3718 1139 3772 etiam
1174 3717 1354 3772 cordis
1379 3717 1613 3788 cogitata
1645 3734 1753 3773 nou
1781 3720 1998 3774 lateant.

440 3806 582 3875 Quid
611 3808 753 3862 enim
784 3809 913 3865 dicit
955 3807 1270 3880 Scriptura?
1297 3809 1424 3879 quia
1460 3811 1828 3881 unusquisque
1874 3829 2002 3882 pro-

444 3898 559 3968 pria
599 3913 695 3953 sua
735 3897 917 3969 lingua
958 3898 1212 3952 audiebat
1244 3912 1338 3967 per
1371 3896 1708 3952 Paracletum
1744 3897 2001 3968 Spiritum

443 3992 725 4059 loquentes
776 3991 1047 4060 apostolos
1085 3990 1124 4044 ³.
1177 3989 1281 4044 Sed
1327 3989 1456 4059 quid
1507 3989 1738 4059 amplius
1778 3990 2004 4049 dicabo?

441 4080 614 4136 Barba
643 4080 754 4153 (97)
787 4082 1038 4137 sacerdos
1071 4081 1300 4146 Mithrae,
1327 4091 1380 4137 et
1402 4081 1654 4149 collusor,
1688 4083 1855 4137 solem
1883 4092 2005 4138 tau-

438 4183 552 4227 tum
588 4174 734 4229 coles
772 4173 1022 4227 Mithram
1055 4174 1300 4229 locorum
1335 4174 1687 4244 mysticorum
1727 4173 2001 4228 illumina-

439 4271 610 4316 torem
641 4261 773 4336 (98),
812 4272 870 4317 ut
905 4263 1169 4332 Opinaris,
1201 4271 1255 4316 et
1288 4262 1592 4328 conscium,
1617 4262 1720 4316 hoc
1750 4271 1832 4316 est
1856 4263 1998 4330 quod

434 4356 574 4424 apud
605 4370 700 4410 eos
726 4355 900 4417 ludes,
935 4365 990 4409 et
1030 4364 1288 4424 tanquam
1320 4355 1539 4423 elegans
1568 4353 1748 4407 minus
1777 4368 2000 4423 perages

2119 1895 2484 1961 Paracletum,
2541 1904 2595 1950 et
2643 1896 2815 1965 ipsum
2871 1895 3052 1948 omnia
3107 1892 3461 1962 consignasse,
3493 1904 3630 1959 quare

2118 1989 2253 2044 dixit
2278 2006 2290 2042 :
2324 2007 2342 2040 ι
2373 1987 2451 2042 Ex
2485 1995 2638 2058 parte
2663 1984 2887 2052 scim'us,
2916 1995 2968 2041 et
2993 2000 3057 2040 ex
3083 1995 3240 2054 parte
3262 1982 3627 2053 prophetamus;

2117 2095 2240 2135 cum
2275 2089 2457 2134 autem
2496 2077 2706 2133 venerit
2740 2077 2882 2148 quod
2929 2076 3234 2147 perfectum
3278 2085 3391 2141 est,
3431 2075 3472 2129 id
3510 2073 3626 2144 quod

2119 2186 2186 2226 ex
2219 2179 2373 2241 parte
2402 2178 2486 2226 est
2525 2170 2835 2224 destruetur
2879 2168 2923 2199 “
2955 2187 2968 2223 :
3002 2186 3022 2220 ι
3071 2182 3241 2238 quem
3283 2167 3433 2221 alium
3471 2180 3628 2234 exspe-

2116 2270 2290 2327 ctans,
2325 2261 2430 2316 hoc
2461 2260 2632 2316 dixit?
2658 2259 2813 2326 Quod
2846 2260 2892 2315 si
2917 2259 3032 2330 ipse
3055 2259 3346 2314 conﬁtetur
3370 2266 3624 2327 exspectare

2117 2368 2176 2409 se
2211 2353 2447 2421 aliquem
2471 2351 2805 2422 perfectum;
2837 2359 2891 2405 et
2918 2351 2965 2405 si
2995 2350 3186 2404 venire
3211 2349 3432 2420 aliquem
3454 2358 3628 2402 necesse

2115 2452 2228 2508 est,
2261 2443 2486 2498 ostende
2515 2443 2671 2498 nobis
2699 2441 2765 2496 de
2792 2455 2901 2511 quo
2930 2440 3116 2496 dicat?
3158 2455 3229 2495 ne
3271 2440 3402 2494 forte
3437 2439 3485 2492 in
3515 2437 3630 2490 hunc

2114 2534 2362 2589 videatur
2386 2535 2488 2589 iste
2518 2547 2699 2590 sermo
2727 2547 3028 2598 recurrere,
3053 2540 3154 2587 aut
3179 2532 3232 2586 in
3259 2547 3376 2587 eum
3406 2527 3485 2600 qui
3514 2525 3632 2582 misit

2114 2627 2288 2692 illum,
2321 2623 2597 2691 Satanam,
2624 2625 2768 2682 sicut
2815 2633 2870 2680 tu
2917 2625 3075 2680 dicis.
3127 2623 3186 2680 Si
3236 2624 3375 2680 enim
3407 2619 3631 2677 conﬁteris

2115 2725 2399 2771 venturum
2428 2730 2547 2770 esse
2571 2715 2717 2786 quod
2749 2715 3045 2784 perfectum
3078 2723 3189 2782 est,
3215 2729 3321 2769 non
3351 2721 3508 2784 potest
3534 2725 3631 2766 esse

2117 2807 2381 2873 Satanas;
2415 2807 2460 2863 si
2501 2817 2680 2863 autem
2726 2805 2983 2862 Satanam
3027 2816 3336 2878 exspectas,
3365 2821 3462 2860 non
3492 2809 3632 2874 potest

2118 2915 2239 2956 esse
2275 2899 2598 2970 perfectum.

2183 2989 2446 3045 XXXVII.
2482 2990 2769 3046 Archelaus
2791 2990 2928 3045 dixit
2954 3007 2972 3046 :
2999 2989 3274 3058 Quoniam
3303 3007 3404 3047 non
3428 2990 3530 3045 sine
3546 2987 3634 3041 Deo

2114 3081 2256 3136 dicta
2291 3089 2418 3136 sunt
2444 3095 2563 3150 qure
2595 3096 2625 3134 a
2661 3080 2816 3136 beato
2850 3080 3018 3136 Paulo
3045 3081 3260 3150 prolata
3289 3091 3426 3144 sunt,
3463 3087 3632 3135 certum

2112 3181 2214 3238 est,
2244 3173 2386 3242 quod
2419 3170 2705 3226 Dominum
2742 3181 2989 3228 nostrum
3022 3169 3212 3226 Jesum
3235 3172 3494 3228 Christum
3510 3169 3633 3221 dixe-

2110 3263 2182 3316 rit
2203 3262 2624 3331 exspectandum
2655 3277 2777 3316 esse
2800 3262 3120 3332 perfectum,
3157 3262 3252 3332 qui
3281 3261 3422 3316 solus
3449 3258 3632 3313 Patrem

2110 3353 2288 3416 novit,
2316 3361 2370 3406 et
2413 3352 2499 3407 cui
2541 3351 2773 3407 voluerit
2798 3351 3039 3406 revelare
3068 3353 3136 3420 “,
3182 3353 3321 3407 sicut
3346 3365 3546 3421 possum
3581 3361 3632 3400 ex

2109 3443 2288 3498 verbis
2320 3443 2492 3514 ipsius
2524 3443 2920 3499 demonstrare.
2957 3442 3060 3497 Sed
3095 3443 3250 3514 quia,
3296 3457 3414 3497 cum
3461 3436 3632 3494 venerit

2107 3533 2255 3604 quod
2284 3533 2583 3613 perfectum
2615 3543 2719 3600 est,
2753 3535 3060 3589 destruetur
3113 3535 3169 3589 id
3223 3534 3363 3604 quod
3409 3549 3467 3587 ex
3511 3541 3634 3601 parte

2107 3634 2220 3693 cst;
2259 3626 2359 3681 iste
2387 3643 2516 3682 vero
2548 3642 2666 3682 sese
2703 3635 2978 3682 asseverat
3001 3641 3124 3681 esse
3161 3625 3485 3695 perfectum;
3525 3620 3631 3691 quid

2105 3718 2371 3773 destruxit
2413 3721 2663 3775 ostendat
2702 3737 2714 3774 :
2753 3719 2897 3788 quod
2950 3719 3094 3773 enim
3144 3718 3466 3785 destruetur,
3510 3716 3634 3786 igneo

2108 3809 2284 3864 rantia
2315 3820 2398 3866 est
2434 3827 2554 3880 quae
2589 3812 2642 3865 in
2678 3811 2834 3865 nobis
2859 3819 2959 3866 est.
2993 3809 3149 3865 Dicat
3177 3811 3360 3882 igitur,
3403 3808 3520 3882 quid
3559 3806 3632 3862 deo

2104 3901 2323 3966 struxit,
2373 3902 2503 3971 quid
2547 3902 2602 3957 in
2637 3903 2884 3960 notitiam
2929 3902 3198 3975 protulit?
3231 3902 3285 3960 Si
3329 3905 3449 3975 quid
3488 3902 3634 3956 facere

2101 4000 2296 4063 potest,
2331 3991 2510 4059 faciat,
2539 4004 2598 4050 ut
2634 3997 2785 4052 credi
2815 3997 2864 4052 ei
2894 3997 3105 4067 possit?
3135 3996 3330 4052 Sermo
3375 4008 3495 4048 vero
3531 3992 3630 4053 iste,

2101 4093 2362 4153 quantam
2393 4085 2589 4140 habeat
2619 4086 2893 4150 virtutem,
2943 4087 2986 4140 si
3015 4087 3257 4157 potuerit
3285 4085 3548 4156 diligenter
3568 4079 3634 4132 in-

2102 4175 2292 4246 telligi,
2324 4175 2397 4230 ita
2427 4176 2644 4231 demum
2675 4178 2819 4233 credi
2848 4167 3044 4249 poterit
3086 4179 3173 4234 his
3203 4193 3324 4249 quae
3358 4193 3388 4231 a
3420 4189 3498 4229 me
3534 4172 3630 4226 fue-

2105 4266 2219 4322 rint
2245 4277 2474 4323 asserta.
2505 4266 2670 4338 Igitur
2703 4269 2757 4322 in
2789 4269 2961 4339 prima
2991 4269 3057 4324 ad
3086 4269 3403 4324 Corinthios
3424 4261 3630 4336 Epistola

2105 4358 2220 4413 haec
2268 4357 2401 4413 dicit
2443 4357 2646 4414 Paulus
2684 4359 2750 4414 de
2782 4358 3052 4429 perfecto,
3085 4361 3183 4430 qui
3236 4367 3485 4414 venturus
3525 4360 3628 4406 est:

437 4446 714 4517 mysteria.
750 4444 950 4502 Verum
973 4446 1102 4517 quid
1133 4461 1233 4516 ego
1258 4446 1375 4500 haec
1399 4445 1744 4514 indignanter
1763 4445 2002 4514 accipio?
2033 4445 2076 4499 D
2112 4467 2131 4501 ι
2163 4449 2287 4504 Sive
2328 4451 2624 4520 prophetiae
2666 4451 3031 4516 destruentur,
3080 4451 3196 4506 sive
3240 4451 3435 4521 linguae
3476 4456 3631 4502 cessa-

507 4581 529 4614 ⁷
556 4577 746 4636 Matth.
784 4599 930 4650 xxtv,
962 4584 1050 4638 94.
1129 4584 1149 4615 ⁸
1188 4585 1305 4638 Act.
1338 4601 1400 4648 ιι,
1430 4583 1482 4640 6.
1559 4586 1578 4617 °
1619 4581 1661 4636 ll
1690 4582 1829 4638 Tim.
1864 4601 1946 4650 ιιι,
1976 4586 2009 4641 8

2112 4634 2113 4639 η
2193 4588 2236 4618 ³ο
2272 4585 2293 4639 1
2324 4585 2447 4643 Cor.
2496 4604 2614 4652 xm,
2649 4588 2702 4654 9,
2735 4587 2821 4656 10,
2897 4589 2937 4620 ⁸⁸
2975 4586 3163 4642 Matth.
3207 4604 3296 4657 ιι,
3330 4586 3415 4641 27.

502 4699 616 4770 (92)
649 4699 712 4771 lu
733 4700 929 4771 eodem
960 4701 1146 4756 codice
1169 4701 1574 4771 corruptissime
1591 4701 1805 4771 legitur,
1843 4720 1861 4752 ι
1892 4701 1997 4758 Ga-

430 4743 616 4836 lat‘am’
643 4768 806 4824 facies
838 4772 1005 4835 vicit,
1059 4787 1092 4824 o
1123 4743 1528 4827 nostrasrferas.
1578 4790 1596 4824 ι
1644 4743 1756 4826 l‘los
1783 4743 1992 4827 modica

432 4839 729 4896 mutatione
751 4839 925 4893 locum
957 4841 1100 4896 hunc
1123 4842 1408 4896 restituere
1435 4843 1613 4896 conati
1641 4856 1849 4896 sumus.

504 4910 616 4977 (95)
658 4908 721 4980 Et
763 4909 850 4962 hic
891 4912 1025 4964 mire
1051 4911 1375 4980 depravatus
1403 4922 1486 4966 est
1531 4911 1671 4965 idem
1708 4913 1897 4979 codex,
1937 4912 1992 4966 in

431 4996 538 5050 quo
572 4979 784 5048 legitur,
831 4997 850 5030 ί
897 4979 1180 5034 anathema
1208 4995 1328 5036 esse
1370 4997 1492 5034 ana.
1535 4999 1553 5032 ι
1594 4981 1859 5050 Αιιγιεθοιε
1894 4996 1994 5036 nos

430 5049 898 5105 enitendaverimus
918 5049 1199 5120 doctorum
1221 5050 1635 5120 estojudicium.
1672 5049 1797 5104 Vide
1828 5051 1991 5105 etiam

427 5137 498 5174 an
530 5120 904 5184 corrigendum
935 5119 1024 5184 sit,
1062 5138 1080 5170 ι
1118 5119 1403 5175 anathema
1442 5137 1500 5174 es
1533 5131 1585 5173 et
1606 5122 1941 5174 marauatha.
1971 5139 1989 5172 ι

504 5190 615 5257 (94)
658 5190 786 5245 Vide
815 5205 904 5255 an,
942 5207 959 5240 ι
999 5205 1205 5259 regum.
1243 5209 1261 5241 ι

503 5261 617 5328 (95)
653 5259 710 5314 In
745 5259 1050 5325 Casinensi,
1084 5280 1100 5310 ι
1134 5260 1276 5328 quod
1307 5259 1444 5313 luto.
1480 5277 1497 5309 ι

509 5327 620 5397 (96)
658 5330 1034 5384 Chaldaeorum
1065 5327 1328 5398 siquidem
1353 5330 1588 5399 linguam
1617 5327 1850 5399 Syriaca:
1878 5328 1994 5381 dia-

433 5398 628 5452 lectum
666 5415 787 5455 esse
826 5401 986 5454 tradit
1024 5399 1402 5468 Abulfaragius
1449 5402 1501 5452 in
1536 5398 1778 5452 Historia
1824 5399 1992 5467 dyna-

433 5470 677 5540 πίω-μην,
708 5486 828 5540 pag.
863 5470 947 5524 Η.

506 5539 617 5608 (97)
648 5538 722 5594 ita
746 5538 801 5594 iri
821 5540 1005 5596 codice
1028 5539 1335 5602 Casinensi,
1367 5538 1509 5608 quod
1534 5547 1712 5594 tamen
1744 5541 1987 5594 nonnulli

433 5609 666 5666 fortasse
711 5611 1100 5680 emendandum
1153 5620 1402 5680 putarent
1443 5609 1546 5662 hoc
1589 5621 1768 5678 pacto,
1812 5629 1830 5661 ι
1859 5611 1988 5679 quid

434 5680 666 5750 amplius
694 5680 900 5734 dicam?
921 5679 1175 5735 Barbare.
1204 5700 1223 5733 ι
1255 5679 1357 5734 Sed
1385 5681 1497 5734 fieri
1523 5689 1718 5748 potest,
1746 5689 1805 5733 ut
1825 5681 1989 5734 Verbo

437 5769 458 5806 ι
488 5751 669 5808 dicare
699 5768 717 5825 ρ
760 5765 891 5806 usus
920 5751 991 5807 sit
1027 5751 1180 5807 rudis
1217 5751 1479 5820 interpres
1512 5765 1609 5821 pro
1641 5750 1986 5821 contendere,

2104 4702 2280 4758 dicam
2315 4704 2552 4772 trahere,
2587 4704 2670 4759 vel
2701 4704 2937 4758 dicacem
2972 4718 3112 4759 esse.

2169 4773 2281 4845 (98)
2321 4772 2451 4840 Quae
2476 4764 2796 4844 sequuntur,
2829 4775 3028 4845 nostris
3053 4771 3378 4845 coniecturis
3404 4764 3628 4823 emenda-

2097 4844 2306 4910 vimus;
2344 4859 2467 4898 nam
2499 4845 2552 4897 in
2585 4845 2872 4899 Casinensi
2909 4844 3093 4899 codice
3123 4844 3212 4896 hic
3243 4844 3376 4895 mire
3400 4846 3627 4905 corrupto

2097 4916 2371 4978 scribitur,
2408 4931 2425 4964 ι
2456 4914 2693 4968 locorum
2735 4915 3115 4984 mysteriorum
3161 4912 3578 4984 illuminatorem.
3606 4921 3622 4952 ι

2095 4984 2240 5049 Mox,
2272 5002 2290 5034 ι
2327 4984 2468 5052 apud
2501 4999 2595 5038 eos
2643 4978 2809 5037 ludis:
2838 4981 2950 5039 ι,Ει
2998 4981 3157 5047 infra,
3188 5001 3206 5032 ι
3236 4978 3506 5034 adveniat?
3543 4989 3625 5029 su-

2097 5054 2298 5109 scitans
2335 5053 2616 5108 mortuos?
2645 5068 2782 5122 pene
2832 5069 3002 5122 usque
3039 5054 3104 5106 ad
3138 5052 3430 5122 gehennam
3460 5057 3625 5122 omnes

2098 5137 2449 5193 persequens,
2483 5125 2576 5192 qui
2608 5117 2659 5177 si
2701 5132 2760 5176 ut
2791 5117 3163 5193 obtemperare
3194 5120 3439 5193 noluerit,
3474 5117 3621 5192 pluri-

2100 5190 2218 5248 inos
2249 5190 2523 5248 deterrens
2555 5195 2876 5262 arrogantiae
2909 5190 3074 5246 metu.
3102 5191 3254 5256 Quod
3281 5199 3362 5243 est
3401 5190 3506 5256 ipse
3534 5190 3622 5236 cir-

2099 5263 2403 5328 cumdatus,
2447 5264 2564 5318 aliis
2597 5261 2811 5317 adhibet
2857 5264 3031 5316 minas
3077 5264 3254 5314 vultus
3293 5261 3373 5313 sui
3419 5267 3621 5309 conver-

2098 5335 2250 5387 sione
2278 5333 2628 5387 circumdatio
2652 5333 2908 5388 ludiﬁcat.
2937 5331 3060 5394 Sed,
3093 5350 3110 5381 ι
3138 5341 3240 5384 etc.
3267 5329 3444 5382 Manes
3463 5332 3620 5377 autem

2098 5412 2354 5471 tanquam
2384 5403 2592 5458 Mithrae
2637 5404 2890 5458 sacerdos
2937 5400 3423 5471 traducitur,_quia
3472 5394 3618 5449 solem

2095 5469 2491 5527 venérabantur
2519 5473 2822 5536 Manichaei,
2855 5484 2912 5526 ut
2941 5473 3067 5526 alibi
3100 5469 3342 5524 ostendo.

2165 5541 2276 5612 (99)
2315 5541 2371 5596 in
2420 5543 2703 5597 Casinensi
2750 5552 2852 5608 est,
2889 5561 2908 5592 ι
2943 5543 3074 5594 nulli
3112 5541 3217 5593 alio
3259 5547 3418 5612 atque
3459 5537 3616 5612 poste-

2093 5602 2306 5693 τυιιιζ)
2356 5629 2516 5684 quem
2564 5613 2776 5682 locum,
2827 5602 2903 5668 uti
2956 5613 3156 5668 editum
3199 5619 3283 5665 est
3330 5602 3616 5676 'tegeudum

2093 5697 2298 5738 (ιθιιειιι.
