3982 6346
379 358 516 414 H89

1461 363 1605 420 CUM
1645 362 1924 431 ΜΑΝΕΤΕ
1962 362 2493 424 ΗΕΒΕΞΙΑΒΟΒΛ.

3468 375 3607 432 H90

376 471 533 538 bunt,
568 472 684 527 sive
720 472 947 530 scientia
980 473 1319 544 destruetur;
1351 492 1417 532 ex
1458 487 1612 548 parte
1647 478 1792 534 enim
1838 479 1947 535 sci-
1976 482 2024 540 A
2118 479 2406 540 XXXVIII.
2448 482 2517 538 Et
2561 498 2659 555 ego
2703 485 2919 557 quidem
2952 488 3200 547 beatiﬂco
3251 487 3635 558 Marcionem;

378 576 521 625 mus,
546 571 600 617 et
631 577 694 617 ex
727 573 878 633 parte
918 567 1324 637 prophetamus.
1355 566 1491 623 Cum
1526 577 1706 623 autem
1737 570 1943 624 venerit

374 655 517 724 quod
545 653 841 724 perfectum
881 666 993 725 est,
1028 658 1080 714 id
1110 659 1255 730 quod
1280 674 1346 715 ex
1369 669 1520 730 parte
1549 670 1650 726 est,
1695 662 1941 715 destrue-

374 753 465 800 tur
487 746 553 803 ".
584 766 603 799 ι
634 745 767 803 Vide
791 764 920 821 ergo
942 763 1201 821 quamam
1232 752 1287 806 in
1318 767 1439 807 sese
1469 751 1662 807 habeat
1690 751 1941 807 virtutem

374 836 520 906 quod
548 836 847 908 perfectum
894 849 1011 909 est,
1047 851 1101 897 et
1131 843 1290 912 cujus
1337 843 1407 899 sit
1436 842 1643 899 ordinis
1677 844 1778 899 ista
1821 859 1943 914 per-

373 922 555 980 fectio.
593 925 746 984 Dicat
791 930 967 985 autem
1004 931 1108 987 iste
1136 948 1299 1003 quam
1342 933 1668 989 destruxerit
1708 933 1942 1005 prophe-

373 1015 503 1069 tiam
532 1014 840 1075 Judzeorum
869 1037 933 1077 ac
955 1020 1329 1090 Hebraeorum,
1357 1040 1453 1081 seu
1481 1024 1556 1097 (I)
1584 1025 1796 1097 linguas
1826 1040 1942 1081 ces-

372 1121 495 1163 sare
525 1106 649 1165 fecit
678 1109 1011 1178 Graecorum,
1041 1123 1135 1170 aut
1166 1131 1354 1171 eorum
1396 1117 1489 1186 qui
1533 1117 1675 1172 idola
1724 1117 1937 1185 colunt,

372 1201 455 1255 vel
498 1217 622 1272 quae
660 1204 764 1260 alia
803 1205 1054 1277 dogmata
1098 1208 1388 1274 destruxit,
1433 1208 1817 1279 Valentiniani,
1848 1221 1943 1266 aut

370 1288 684 1361 Marcionis,
725 1304 819 1351 aut
858 1296 1104 1362 Tatiani.
1133 1308 1227 1355 aut
1252 1299 1471 1355 Sabellii
1516 1310 1942 1371 cmterorumque

370 1381 466 1453 qui
497 1388 772 1455 propriam
803 1388 1159 1461 sibimetipsis
1182 1391 1465 1447 scientiam
1493 1402 1936 1464 composuerunt.

370 1472 542 1538 Quem
579 1476 775 1530 horum
810 1478 1095 1548 destruxit,
1125 1480 1288 1545 dicat,
1316 1491 1410 1537 aut
1433 1483 1657 1553 quando
1679 1484 1937 1549 destruet,

369 1564 526 1634 quasi
558 1565 866 1635 perfectus?
898 1568 1151 1627 Inducias
1182 1571 1429 1630 fortassis
1463 1575 1672 1645 aliquas
1712 1577 1941 1645 quierit?

367 1654 485 1711 Non
512 1658 695 1727 plane,
729 1674 836 1715 non
867 1670 977 1716 tam
1013 1661 1089 1735 (2)
1119 1665 1353 1721 obscure
1394 1676 1449 1721 et
1494 1666 1803 1737 ignobiliter
1841 1669 1938 1722 ad-

368 1749 547 1804 veniet
573 1751 677 1819 ille,
713 1753 806 1823 qui
842 1754 1112 1825 perfectus
1135 1766 1220 1815 est
1242 1801 1257 1826 ,
1288 1760 1341 1815 id
1373 1770 1457 1815 est
1495 1758 1653 1817 .lesus
1689 1760 1939 1816 Christus

2044 586 2097 626 et
2129 570 2562 630 Valentinianum
2587 576 2687 649 (5),
2728 593 2792 633 ac
2832 578 3121 637 Basilidem
3159 582 3402 654 aliosque
3434 583 3605 639 hau-e-

2046 664 2207 728 ticos,
2248 666 2330 721 sic
2364 675 2423 720 ut
2445 666 2603 722 istius
2644 671 3044 740 comparatione
3078 671 3175 743 (6),
3210 673 3305 744 qui.
3338 673 3484 729 velut
3521 674 3605 729 in-

2043 756 2256 813 tellectu
2288 759 2473 829 aliquo
2515 759 2600 815 usi
2633 769 2779 827 sunt,
2826 763 2918 832 qui
2951 764 3200 818 videntur
3240 764 3344 820 sibi
3387 780 3604 820 omnem

2045 844 2379 916 Scripturam
2429 862 2591 917 posse
2644 849 2971 922 intelligere,
3020 862 3075 906 et
3123 853 3197 907 ita
3250 868 3309 908 se
3354 853 3608 909 ductores

2042 944 2348 993 statuerunt
2378 937 2446 993 iis
2476 937 2569 1008 qui
2619 938 2696 1008 (7)
2732 954 2791 995 se
2827 940 3014 995 audire
3051 942 3380 1008 voluissent;
3422 942 3604 997 nullus

2042 1038 2222 1084 tamen
2252 1030 2491 1099 ipsorum
2523 1046 2691 1086 ausus
2726 1041 2810 1086 est
2851 1031 3019 1087 Deum
3065 1050 3123 1088 se
3164 1034 3477 1104 praedicare,
3523 1035 3604 1088 vel

2041 1118 2342 1187 Christum,
2372 1124 2456 1176 vel
2484 1122 2845 1189 Paracletum,
2875 1124 3015 1179 sicut
3048 1125 3170 1191 iste,
3197 1126 3290 1197 qui
3314 1126 3605 1197 aliquando

2041 1211 2256 1281 quidem
2314 1212 2382 1267 de
2426 1213 2638 1268 saeculis
2690 1212 2949 1283 disputat,
3001 1215 3294 1285 aliquando
3341 1216 3407 1272 de
3464 1217 3599 1283 sole,

2041 1303 2319 1372 quomodo
2341 1301 2479 1358 facta
2513 1303 2641 1369 sint,
2661 1312 2916 1373 tanquam
2941 1305 3114 1375 major
3140 1305 3253 1376 ipse
3281 1307 3352 1361 sit
3374 1321 3561 1362 eorum
3586 1324 3601 1372 ;

2042 1394 2221 1448 omnis
2248 1394 2391 1449 enim
2429 1395 2522 1465 qui
2563 1393 2629 1450 de
2665 1396 2847 1465 aliquo
2868 1396 3089 1466 exponit
3118 1398 3390 1466 quomodo
3431 1396 3605 1453 factus

2041 1484 2130 1549 sit,
2163 1484 2423 1554 majorem
2455 1500 2513 1540 se
2545 1494 2600 1539 et
2628 1486 2987 1554 antiquiorem
3012 1487 3245 1543 ostendit
3277 1502 3419 1551 esse,
3443 1503 3604 1558 quam

2039 1582 2124 1628 est
2162 1573 2250 1629 ille
2289 1574 2357 1629 de
2396 1588 2505 1644 quo
2545 1574 2695 1628 dicit.
2737 1574 2869 1641 Quis
2903 1585 3080 1630 autem
3119 1583 3172 1631 et
3210 1576 3275 1631 de
3305 1575 3606 1631 substantia

2040 1662 2137 1719 Dei
2163 1664 2343 1720 dicere
2374 1665 2588 1732 audeat,
2621 1665 2724 1720 nisi
2753 1665 2895 1721 forte
2929 1668 3078 1723 solus
3121 1666 3382 1722 Dominus
3424 1676 3608 1722 noster

2039 1756 2199 1812 Jesus
2227 1756 2513 1813 Christus?
2549 1756 2681 1823 Qua:
2713 1758 2932 1827 quidem
2960 1775 3060 1830 ego
3088 1773 3195 1814 non
3228 1774 3295 1813 ex
3325 1760 3459 1813 meis
3480 1774 3604 1813 ver-

371 1838 637 1897 Dominus
665 1853 869 1900 noster.
907 1845 1013 1903 Sed
1040 1848 1181 1904 sicut
1204 1865 1297 1905 rex
1326 1851 1620 1907 adveniens
1646 1852 1713 1905 ad
1745 1851 1929 1906 urbem
1968 1838 2004 1891 Β
2033 1848 2118 1903 bis
2144 1854 2351 1914 astruo,
2380 1848 2473 1903 sed
2504 1847 2795 1916 Scriptura:
2820 1864 2941 1918 quae
2959 1848 3072 1919 Inos
3104 1849 3343 1913 edocuit,
3368 1849 3606 1903 auctori-

369 1946 547 1998 suam,
578 1935 858 2005 praemittit
890 1939 1066 2008 primo
1100 1951 1432 2011 protectores
1463 1958 1594 1999 suos
1633 1943 1734 2013 (5),
1759 1942 1932 2012 signa,

369 2022 657 2094 dracones,
705 2027 941 2097 labaros,
984 2031 1172 2100 duces,
1216 2034 1506 2105 principes,
1539 2034 1840 2105 przefectos,
1883 2044 1938 2093 et

368 2117 624 2173 universa
675 2120 933 2178 continuo
981 2135 1421 2192 commoventur,
1462 2127 1584 2183 aliis
1629 2143 1759 2183 vero
1823 2144 1940 2185 me—

366 2212 664 2278 tuentibus,
697 2214 820 2269 aliis
848 2231 978 2271 vero
1020 2216 1378 2289 gaudentibus
1398 2234 1498 2289 pro
1531 2222 1937 2292 exspectatione

364 2303 510 2373 regis
537 2321 551 2358 :
583 2304 657 2358 ita
678 2314 732 2360 et
758 2305 1020 2362 Dominus
1053 2324 1207 2382 meus
1235 2307 1394 2365 Jesus
1429 2309 1521 2380 qui
1548 2320 1629 2366 est
1666 2327 1790 2367 vere
1810 2328 1937 2382 per-

373 2391 573 2461 fectus,
602 2395 895 2454 adveniens
924 2399 1201 2468 prtemittit
1227 2400 1280 2454 in
1306 2401 1482 2471 primo
1505 2402 1728 2472 gloriam
1759 2419 1935 2468 suam,

370 2488 785 2544 incontaminati
829 2498 992 2561 atque
1019 2491 1352 2548 immaculati
1381 2495 1533 2565 regni
1562 2497 1939 2565 praedicatores

367 2588 650 2647 sacratos;
679 2589 732 2635 et
761 2590 893 2637 tunc
924 2582 1179 2639 universa
1212 2591 1463 2639 creatura
1489 2585 1937 2651 commovebitur,

365 2676 420 2723 et
441 2670 873 2736 conturbabitur,
897 2672 1209 2742 supplicans
1225 2681 1388 2742 atque
1408 2673 1723 2742 obsecrans,
1742 2689 1940 2745 usque-

364 2773 473 2830 quo
494 2775 611 2816 eam
639 2762 895 2819 servitute
916 2763 1121 2818 liberet.
1150 2762 1455 2819 Ilumanum
1479 2780 1606 2821 vero
1629 2781 1800 2837 genus
1827 2781 1942 2821 me—

366 2859 482 2906 tuat
502 2867 721 2909 necesse
744 2864 847 2920 est,
887 2862 941 2909 et
962 2855 1423 2925 quamplurimum
1472 2857 1938 2930 conturbetur(4),

363 2955 464 3011 pro
486 2956 551 2996 eo
582 2943 726 3012 quod
760 2943 926 2998 multa
946 2944 1139 2999 delicta
1157 2945 1516 3014 commiserit;
1542 2946 1642 3002 soli
1667 2964 1794 3004 vero
1809 2947 1941 3019 justi

364 3027 710 3101 laetabuntur,
747 3043 1123 3106 exspectantes
1171 3051 1292 3105 quae
1339 3037 1442 3091 sibi
1480 3038 1749 3108 promissa
1783 3047 1940 3106 sunt;

368 3135 471 3177 nec
503 3123 644 3179 ultra
676 3126 1074 3181 mundanarum
1109 3143 1293 3183 rerum
1324 3129 1626 3185 substantia
1655 3145 1937 3200 permane-
1961 3168 2006 3227 α

367 3217 470 3286 bit,
505 3219 688 3275 omnia
726 3219 1094 3286 destruentur,
1125 3221 1241 3277 sive
1266 3224 1563 3293 prophetiae
1593 3223 1708 3279 sive
1738 3224 1934 3278 horum
1967 3217 1977 3239 τ

364 3311 510 3380 libri,
544 3314 658 3369 sive
687 3314 884 3386 linguae
913 3317 1078 3371 totius
1105 3315 1320 3387 generis
1348 3317 1661 3385 cessabunt,
1695 3332 1761 3373 eo
1791 3317 1936 3387 quod

363 3398 506 3454 ultra
534 3415 643 3455 non
667 3411 859 3473 egeant
888 3401 1107 3458 solliciti
1148 3416 1271 3458 esse
1303 3402 1572 3470 homines,
1605 3412 1658 3458 et
1699 3402 1937 3473 cogitare

363 3488 432 3544 de
465 3487 551 3543 his
581 3505 703 3558 qua:
734 3489 804 3545 ad
835 3490 1001 3546 vitam
1031 3491 1338 3547 necessaria
1376 3500 1523 3559 sunt,
1565 3493 1680 3548 sive
1711 3492 1937 3548 scientia

362 3593 819 3650 quorumcunque
869 3582 1153 3638 doctorum
1204 3583 1367 3638 etiam
1412 3582 1530 3653 ipsa
1577 3583 1934 3640 destruetur:

364 3668 503 3723 nihil
535 3668 681 3724 enim
714 3670 910 3725 horum
942 3671 1169 3728 sufferre
1203 3672 1404 3743 poterit
1448 3674 1631 3744 magni
1677 3674 1824 3730 illius
1850 3691 1938 3730 re-

367 3762 452 3834 gis
485 3764 796 3817 adventum.
833 3762 984 3819 Sicut
1010 3764 1154 3820 enim
1186 3781 1352 3836 parva
1389 3765 1621 3821 scintilla
1651 3766 1719 3821 ad
1757 3766 1938 3835 splen-

363 3853 553 3908 dorem
587 3853 719 3909 solis
758 3854 975 3910 admota
1007 3858 1324 3924 assumitur,
1355 3857 1500 3913 illico
1534 3874 1645 3913 non
1675 3867 1932 3929 apparet;

363 3947 442 4003 ita
491 3947 745 4002 universa
808 3955 1090 4015 creatura,
1151 3950 1330 4004 omnis
1381 3950 1682 4020 prophetia,
1740 3958 1936 4006 cuncta

366 4037 612 4103 scientia,
663 4038 931 4093 universae
962 4037 1180 4109 linguae,
1216 4038 1358 4095 sicut
1385 4041 1637 4111 superius
1668 4040 1932 4106 diximus,

272 4124 277 4129 ’
363 4131 733 4187 destruentur.
791 4128 897 4186 Sed
949 4129 1077 4201 quia
1129 4130 1366 4187 caelestis
1412 4132 1558 4203 regis
1588 4132 1933 4202 praesentiam

362 4221 554 4292 paucis
592 4222 791 4288 verbis,
820 4230 874 4277 et
912 4221 1191 4295 fragilibus
1221 4232 1275 4278 et
1316 4223 1469 4279 valde
1511 4223 1742 4279 infirmis
1770 4238 1935 4292 expo-

364 4324 495 4365 nere
521 4326 627 4366 non
657 4311 799 4367 valet
828 4312 1064 4366 humana
1093 4320 1288 4366 natura
1306 4353 1321 4378 ,
1367 4320 1427 4366 ut
1459 4310 1692 4367 fortasse
1719 4320 1936 4367 sancto-

364 4416 488 4456 rum
517 4402 714 4458 debeat
744 4417 871 4459 esse
899 4413 955 4458 et
979 4403 1133 4459 valde
1161 4403 1448 4473 dignorum
1475 4402 1541 4459 de
1574 4403 1694 4475 ipso
1732 4403 1934 4474 aliquid

364 4507 654 4560 enarrare;
686 4502 866 4548 tamen
900 4494 1240 4550 necessitatis
1269 4509 1457 4560 causa,
1490 4494 1595 4549 ista
1622 4510 1709 4550 me
1735 4494 1931 4551 sufﬁcit
1961 4523 2004 4579 ο

364 4587 677 4657 protulisse,
701 4588 863 4658 hujus
878 4587 1287 4658 importunitate
1304 4589 1665 4660 compulsum,
1682 4598 1743 4647 ut
1762 4590 1926 4647 istum

365 4679 520 4735 vobis
550 4680 728 4750 qualis
752 4687 895 4736 esset
917 4682 1282 4737 ostenderem.

433 4837 483 4874 ¹⁹
519 4838 696 4896 lCor.
737 4857 860 4907 xm,
901 4840 1058 4897 8—10.
1135 4842 1180 4876 ⁸⁸
1214 4842 1447 4915 Philipp.
1485 4859 1544 4910 ll,
1580 4843 1666 4899 I5.
1745 4845 1789 4877 "
1825 4844 1958 4902 Ibid.

434 5027 513 5171 (1)
550 5028 607 5084 1η
641 5027 923 5087 Casinensi
953 5041 1058 5093 est.
1088 5050 1108 5084 ι
1137 5033 1253 5100 sed,
1289 5052 1311 5085 ι
1345 5047 1506 5102 prava
1534 5032 1715 5091 lectio.

456 5101 491 5154 2
552 5100 734 5156 Codex
777 5101 1111 5167 Casinensis,
1147 5121 1165 5154 ι
1195 5119 1303 5157 non
1353 5104 1510 5171 plane
1559 5113 1709 5158 nota.

456 5100 513 5173 2)
552 5100 734 5156 Codex
777 5101 1111 5167 Casinensis,
1147 5121 1165 5154 ι
1195 5119 1303 5157 non
1346 5100 1510 5173 plane
1559 5113 1709 5158 nota.
1754 5123 1774 5156 ι
1806 5102 1929 5159 lSed

363 5171 599 5245 omissas
632 5173 700 5227 ab
732 5173 999 5245 oscitante
1033 5174 1256 5228 librario
1303 5171 1531 5245 lineolas
1570 5174 1777 5236 censui,
1810 5190 1931 5245 qua:

364 5241 643 5313 vocalibus
673 5244 1025 5313 superpositae
1056 5254 1418 5313 consonantes
1443 5244 1807 5313 designarent.

369 5310 756 5435 agiagi-his—
797 5310 902 5370 late
934 5324 1057 5383 post
1095 5312 1487 5369 Gothofredum
1532 5310 1842 5386 Ducangius
1875 5313 1930 5367 in

390 5409 825 5524 "asulhucodice
844 5450 1128 5508 Casinensi
1149 5490 1166 5517 ,
1196 5470 1217 5505 ι
1250 5461 1306 5509 et
1334 5468 1459 5509 cum
1488 5454 1779 5524 plurimum
1803 5469 1933 5510 con-

367 5522 632 5578 turbetur.
670 5540 690 5574 ι
1488 5522 1506 5524 “

439 5592 517 5661 (5)
558 5590 994 5648 Valentinianum
1022 5598 1209 5655 vocat,
1244 5607 1407 5662 quem
1445 5594 1537 5650 alii
1585 5593 1932 5651 Valentinum

368 5662 672 5786 nornCiEant,
703 5664 968 5720 celebrem
994 5664 1411 5735 apostolicorum
1437 5672 1741 5736 temporum
1767 5667 1932 5723 haere-

370 5747 481 5789 star
552 5749 659 5789 am.

438 5801 516 5873 l6)
557 5804 614 5857 In
662 5802 848 5860 codice
888 5804 1170 5863 Casinensi
1202 5812 1315 5879 est,
1342 5824 1363 5860 ς
1394 5805 1536 5865 sicut
1581 5807 1743 5865 istius
1774 5823 1935 5880 para-

2037 1947 2148 1995 tate
2172 1939 2463 2007 confirmo;
2498 1943 2756 2011 quoniam
2802 1941 3018 2009 quidem
3056 1952 3109 1997 et
3152 1941 3444 2011 Apostolus
3474 1941 3603 1997 dicit

2037 2031 2104 2086 ad
2130 2046 2230 2087 nos
2256 2050 2269 2087 :
2300 2050 2319 2083 ‹
2354 2029 2425 2087 Ut
2452 2031 2573 2087 sitis
2617 2032 2759 2088 sicut
2792 2032 3082 2087 luminaria
3124 2035 3179 2086 in
3233 2031 3340 2088 hoc
3377 2033 3602 2099 mundo,

2038 2120 2260 2175 verbum
2287 2121 2409 2175 vitae
2436 2121 2776 2177 continentes
2805 2121 2872 2177 ad
2911 2121 3135 2192 gloriam
3165 2136 3341 2175 meam
3378 2122 3431 2175 in
3460 2122 3602 2177 diem

2037 2212 2262 2277 Christi,
2304 2211 2561 2281 quoniam
2605 2228 2714 2268 non
2765 2213 2819 2267 in
2860 2227 3091 2269 vacuum
3132 2213 3369 2280 cucurri,
3406 2227 3507 2269 nec
3548 2214 3605 2269 in

2038 2318 2268 2358 vacuum
2298 2302 2538 2357 laboravi
2565 2303 2630 2357 ¹³.
2675 2321 2694 2354 ι
2740 2303 3044 2374 Intelligere
3089 2303 3352 2359 debemus
3382 2319 3502 2375 qua:
3536 2304 3608 2361 sit

2038 2395 2121 2448 vis
2163 2402 2217 2448 et
2259 2392 2399 2447 ratio
2444 2394 2714 2448 sermonis
2761 2393 2956 2461 hujus;
2993 2394 3216 2449 verbum
3260 2395 3404 2449 enim
3449 2394 3605 2449 ducis

2038 2483 2243 2539 obtinet
2276 2483 2479 2548 locum,
2508 2498 2670 2552 opera
2697 2499 2828 2539 vero
2858 2485 3001 2555 regis
3034 2483 3131 2555 (8).
3166 2483 3320 2539 Sicut
3344 2492 3471 2554 ergo
3502 2486 3606 2540 ali-

2039 2575 2163 2645 quis
2192 2574 2303 2645 regi
2333 2589 2434 2630 suo
2464 2575 2792 2643 adventanti,
2828 2591 3018 2630 omnes
3050 2576 3145 2646 qui
3193 2576 3296 2632 sub
3337 2591 3467 2631 cura
3505 2592 3605 2632 sua

2041 2673 2190 2733 sunt,
2217 2665 2397 2721 studet
2430 2663 2762 2732 obedientes,
2796 2675 3009 2736 paratos
3047 2674 3102 2721 et
3139 2667 3607 2724 cltaros'hilares-

2041 2772 2146 2828 que
2179 2758 2463 2814 ostendere
2486 2774 2551 2813 ac
2575 2759 2817 2824 devotos,
2847 2760 2941 2814 sed
2978 2760 3140 2815 etiam
3187 2760 3501 2816 innocentes
3539 2775 3606 2817 ac

2040 2848 2200 2903 bonis
2224 2849 2479 2905 omnibus
2503 2850 2864 2916 abundantes,
2904 2861 2964 2906 ut
3004 2852 3120 2922 ipse
3162 2852 3374 2907 laudem
3406 2866 3605 2908 conse-

2042 2946 2242 3008 quatur
2269 2953 2301 2992 a
2330 2954 2474 3008 rege,
2504 2948 2558 2995 et
2588 2940 2794 3012 majore
2821 2942 2888 2997 ab
2933 2938 2999 2998 eo
3044 2942 3248 2998 honore
3275 2944 3470 3015 dignus
3504 2944 3604 2998 ha-

2042 3029 2253 3098 beatur,
2288 3041 2545 3102 tanquam
2575 3032 2712 3088 bene
2736 3033 3030 3103 gubernata
3064 3049 3185 3104 quae
3213 3035 3312 3089 sibi
3345 3044 3429 3091 est
3455 3050 3605 3090 com-

2043 3122 2207 3177 missa
2244 3123 2526 3192 provincia
2553 3142 2565 3177 :
2593 3122 2666 3178 ita
2695 3132 2748 3178 et
2775 3123 2966 3181 beatus
2984 3122 3186 3180 Paulus
3206 3125 3339 3181 dicit
3365 3125 3433 3181 ad
3460 3141 3560 3182 nos
3586 3145 3603 3182 :

2044 3230 2063 3263 σ
2093 3210 2162 3267 Ut
2195 3212 2315 3267 sitis
2355 3213 2503 3268 velut
2548 3213 2839 3269 luminaria
2886 3215 2939 3270 in
2984 3216 3088 3271 hoc
3120 3218 3344 3284 mundo,
3376 3218 3605 3273 verbum

2036 3304 2159 3359 vitae
2186 3304 2524 3362 continentes
2571 3305 2638 3360 ad
2679 3306 2908 3376 gloriam
2958 3323 3135 3363 meam
3179 3310 3234 3364 in
3280 3309 3423 3366 diem
3445 3308 3606 3364 Chri-

2037 3395 2105 3451 sti
2129 3396 2190 3449 “.
2221 3414 2240 3449 ›
2273 3396 2494 3452 Scilicet
2514 3396 2659 3467 quod
2682 3395 2951 3454 Dominus
2974 3408 3159 3455 noster
3178 3400 3336 3457 Jesus
3354 3401 3606 3458 Christus

2035 3487 2282 3554 veniens,
2310 3486 2811 3559 videatprofecisse
2836 3488 3137 3546 doctrinam
3174 3491 3293 3561 ejus
3326 3493 3380 3547 in
3412 3493 3602 3562 nobis;

2035 3588 2088 3635 et
2113 3579 2241 3650 quia
2265 3596 2374 3635 non
2403 3581 2458 3635 in
2490 3596 2721 3636 vacuum
2754 3582 3017 3647 cucurrit,
3049 3597 3149 3638 nec
3176 3583 3231 3637 in
3262 3598 3494 3639 vacuum
3521 3586 3604 3640 la-

2035 3668 2268 3737 boravit,
2293 3669 2558 3725 retribuat
2600 3670 2650 3725 ei
2692 3670 2931 3726 debitam
2977 3685 3260 3727 coronam.
3303 3670 3369 3727 Et
3409 3688 3603 3730 rursus

2034 3775 2253 3832 quoque
2290 3761 2346 3815 in
2393 3761 2583 3817 eadem
2627 3762 2857 3833 epistola
2890 3770 3202 3818 commonet
3232 3777 3354 3827 nos,
3394 3779 3462 3820 ne
3490 3774 3603 3820 ter--

2035 3866 2165 3905 rena
2203 3850 2502 3921 sapiamus,
2521 3851 2615 3907 sed
2646 3852 3113 3907 conversationem
3141 3861 3380 3907 nostram
3407 3853 3603 3910 debere

2032 3955 2154 3999 esse
2183 3940 2237 3995 in
2274 3940 2428 3996 caelis
2451 3940 2518 4009 ¹⁵;
2554 3941 2697 3997 unde
2744 3950 2800 3997 et
2845 3941 3178 3997 Salvatorem
3221 3954 3601 4014 exspectamus

2033 4032 2323 4087 Dominum
2368 4040 2619 4088 nostrum
2665 4031 2848 4089 Jesum
2887 4033 3189 4089 Christum.
3242 4034 3311 4090 Et
3342 4037 3598 4107 quoniam

2034 4123 2190 4180 nobis
2224 4139 2331 4178 non
2361 4132 2446 4180 est
2478 4133 2652 4180 tutum
2697 4124 2847 4185 scire,
2871 4125 3117 4181 ultimam
3147 4126 3312 4195 diem,
3347 4127 3597 4197 designa-

2031 4214 2111 4270 vit
2131 4215 2199 4285 ,in
2227 4211 2467 4284 Epistola
2505 4232 2667 4287 quam
2708 4217 2898 4275 scribit
2936 4217 3005 4273 ad
3043 4216 3603 4277 Thessalonicenses.

2039 4326 2059 4360 ι
2089 4305 2165 4363 De
2195 4307 2527 4378 temporibus
2556 4318 2734 4364 autem
2774 4318 2829 4363 et
2867 4309 3179 4376 momentis,
3223 4310 3440 4378 fratres,
3485 4324 3609 4364 non.

2034 4398 2244 4454 habetis
2274 4412 2434 4468 opus,
2474 4407 2535 4453 ut
2573 4398 2777 4470 aliquid
2821 4398 2975 4453 vobis
3017 4399 3279 4466 scribam;
3313 4400 3418 4470 ipsi
3448 4401 3592 4455 enim

2033 4489 2317 4561 diligenter
2367 4488 2556 4555 scitis,
2605 4490 2731 4561 quia
2776 4488 2892 4544 dies
2941 4490 3176 4557 Domini,
3223 4492 3369 4548 sicut
3415 4491 3499 4547 fur
3539 4492 3595 4546 in

2032 4586 2210 4650 nocte,
2236 4586 2308 4640 ita
2344 4584 2523 4638 veniet
2548 4584 2635 4639 η’.
2669 4604 2688 4637 ι
2719 4582 2785 4638 Et
2819 4584 3093 4656 quomodo
3125 4600 3270 4641 nunc
3310 4594 3450 4641 astat
3494 4584 3597 4638 iste

2031 4679 2381 4755 persuadens,
2416 4686 2473 4732 et
2512 4693 2711 4750 rogans
2755 4694 3197 4750 unumquemque
3237 4680 3594 4735 manichreum

2050 4844 2095 4877 “
2135 4839 2362 4909 Philipp.
2399 4854 2492 4905 ιιι,
2546 4838 2634 4893 I9.
2712 4840 2777 4872 υ·
2818 4840 2836 4895 l
2871 4839 3114 4897 Thessal.
3141 4858 3195 4906 v,
3230 4842 3279 4906 I,
3313 4841 3368 4897 2.

2028 5033 2196 5088 tione.
2216 5048 2245 5100 ν»
2279 5027 2385 5100 Sed
2426 5026 2735 5100 legendum,
2764 5045 2784 5080 ι
2826 5028 3003 5100 sic_ut
3047 5029 3205 5100 istius
3236 5030 3595 5100 comparatio-

2030 5117 2115 5157 ne.
2148 5120 2168 5153 ι
2199 5097 2499 5155 Archelaus
2519 5097 2663 5152 enim
2695 5099 2880 5154 beatos
2909 5098 3037 5156 facit
3065 5097 3387 5154 Marcionem
3431 5100 3594 5155 alios-

2039 5187 2145 5243 que
2170 5169 2502 5243 hzereticosL
2536 5183 2651 5243 non
2688 5169 2857 5243 quod;
2880 5170 2954 5225 ita
2993 5171 3060 5225 de
3099 5170 3207 5225 illis
3251 5169 3593 5243 sentiendum

2032 5236 2131 5308 sit;
2162 5242 2255 5296 sed
2283 5240 2429 5309 quod
2457 5236 2655 5293 Maneti
2686 5236 3034 5298 insanissima
3055 5240 3375 5309 comparati,
3410 5240 3593 5297 minus

2033 5324 2214 5367 errare
2243 5310 2735 5379 deprehendantur.

2129 5381 2181 5445 7)
2220 5379 2524 5446 Casinensi,
2558 5396 2577 5430 ς
2619 5380 2692 5433 ita
2723 5379 3034 5434 seductores
3064 5386 3388 5445 statuerunt,
3422 5379 3535 5448 qui.
3567 5396 3587 5431 ι

2130 5385 2181 5445 7)
2220 5385 2524 5446 Casinensi,
2558 5396 2577 5430 ς
2619 5385 2692 5433 ita
2723 5385 3034 5434 seductores
3064 5386 3388 5445 statuerunt,
3422 5385 3535 5448 qui.
3567 5396 3587 5431 ι

2104 5385 2181 5521 (8)
2215 5450 2326 5521 Cur
2352 5450 2466 5505 haec
2497 5463 2623 5504 cum
2655 5449 3077 5521 praecedentibus
3107 5462 3214 5521 non
3261 5449 3588 5521 cohaereant,

2031 5515 2552 5591 vide'praefationem
2580 5515 2902 5591 nostramjn
2941 5517 3217 5591 Archelao.
3257 5515 3593 5591 Sensusau—

2032 5602 2140 5667 tem
2171 5586 2302 5667 esse
2333 5591 2566 5655 videtur,
2614 5590 2784 5645 solius
2824 5586 3017 5659 Regis,
3069 5588 3289 5667 perfecti
3345 5586 3607 5667 videlicet.

2032 5665 2180 5720 illius
2212 5662 2306 5733 qui
2350 5668 2883 5733 exspectatur,_opus
2932 5674 3072 5733 esse,
3105 5659 3395 5733 hominum
3442 5659 3601 5733 igtur-

2035 5728 2286 5796 rantiam,
2322 5740 2381 5804 ut
2426 5728 2580 5804 antea
2623 5728 2795 5795 dixit,
2827 5730 3040 5799 penitus
3090 5728 3403 5800 destruere,
3449 5732 3601 5804 quod

2032 5820 2141 5860 non
2169 5802 2494 5874 praestiterat
2517 5799 2717 5855 Manes.
