3982 6346
431 363 563 420 ΗΜ

1410 356 1595 414 ACTA
1633 354 2160 414 DlSPUTATIONlS
2196 355 2250 409 S.
2293 351 2632 408 ARCHELAI

3516 349 3655 406 H99.

430 486 591 552 edici,
614 494 668 540 et
691 481 1069 546 circumvenit,
1098 490 1152 536 et
1177 480 1476 551 ingreditur
1506 481 1718 544 domos,
1747 479 1994 548 decipere
2027 487 2066 540 Α
2097 477 2285 530 cbelao
2318 475 2547 530 traditur
2595 489 2624 526 a
2674 469 2943 528 Marcello.
2970 467 3147 538 'quem
3192 482 3314 521 cum
3364 466 3655 522 diaconum

433 592 683 647 quaerens
705 575 912 629 animas
945 581 1199 628 oneratas
1234 574 1469 642 peccatis
1487 573 1574 627 “1
1625 572 1727 626 Sed
1761 588 1859 626 nos
1888 586 1995 625 non

434 671 510 725 ita
542 668 848 731 sentimus;
881 667 1015 736 quin
1047 666 1230 735 potius
1269 681 1355 721 res
1392 667 1537 735 ipsas
1557 664 1901 736 proferamus
1941 663 1994 716 in

434 761 693 826 medium,
723 770 777 814 et
821 759 1203 825 conferamus,
1256 759 1301 813 si
1353 759 1547 828 placet,
1595 759 1661 812 ad
1705 757 1993 827 perfectum

436 852 796 908 Paracletum.
821 851 1026 906 Videtis
1057 851 1200 905 enim
1229 851 1357 920 quia
1387 851 1655 904 interdum
1684 850 1994 919 interrogat,

436 959 830 1012 nonnunquam
857 943 1196 1012 deprecatur.
1228 940 1333 996 Sed
1353 942 1611 1009 scriptum
1634 950 1717 994 est
1745 941 1798 993 in
1825 939 1998 992 Evan-

435 1033 573 1102 gelio
607 1033 902 1088 Salvatoris
952 1033 1148 1096 nostri,
1186 1033 1312 1104 quia
1354 1040 1408 1086 et
1448 1031 1523 1092 illi
1565 1032 1717 1100 quia
1760 1030 1997 1085 sinistris

435 1125 578 1194 regis
613 1125 898 1190 assistunt,
929 1125 1148 1180 dicent:
1187 1141 1206 1174 ι
1240 1122 1485 1189 Domine,
1519 1123 1736 1192 quando
1775 1131 1826 1176 te
1863 1122 1994 1177 vidi.

434 1232 560 1270 mus
591 1220 949 1279 esurientem,
995 1225 1087 1269 aut
1133 1215 1429 1279 sitientem,
1476 1224 1570 1268 aut
1614 1214 1854 1278 nudum,
1906 1225 1999 1268 aut

435 1307 782 1378 peregrinum
809 1351 822 1372 ,
857 1317 951 1362 aut
987 1309 1039 1361 in
1076 1322 1292 1362 carcere
1315 1305 1414 1376 (9),
1440 1315 1495 1360 et
1520 1322 1624 1360 non
1667 1307 1998 1361 ministravi-

436 1417 560 1456 mus
609 1402 705 1454 tibi
735 1401 816 1454 ‘7?
863 1420 881 1452 ›
932 1410 1185 1470 rogantes
1239 1410 1298 1454 ut
1355 1399 1456 1453 sibi
1511 1398 1845 1469 indulgeret;
1903 1401 1996 1454 sed

434 1489 566 1556 quid
599 1489 706 1544 illis
740 1491 1020 1560 respondit
1043 1489 1408 1560 justusjudex
1441 1487 1588 1543 Rex?
1614 1508 1632 1540 ε
1666 1489 1931 1546 Discedite
1968 1506 1997 1543 a

435 1596 523 1634 me
555 1581 609 1634 in
640 1581 817 1652 ignem
857 1591 1142 1646 aeternum,
1169 1579 1399 1650 operarii
1433 1579 1733 1648 iniquitatis
1755 1581 1816 1636 ¹⁸.
1849 1600 1866 1631 ι
1891 1581 1999 1635 Ab-

431 1672 560 1744 jecit
585 1687 680 1728 eos
711 1674 764 1727 in
797 1684 1055 1727 :eternum
1102 1672 1299 1741 ignem,
1349 1685 1472 1724 cum
1525 1671 1600 1724 illi
1657 1686 1847 1740 rogare
1889 1687 1996 1726 non

435 1772 668 1820 cessent.
699 1761 952 1825 Videsne,
986 1762 1112 1832 quid
1149 1763 1219 1816 sit
1249 1762 1468 1831 perfecti
1499 1761 1660 1832 Regis
1699 1763 1997 1820 adventus?

2099 569 2396 622 Archelaus
2431 567 2725 628 ordinaret,
2759 563 2812 616 iu
2859 560 3092 615 Marcelli
3137 559 3493 614 contubernio
3537 575 3657 628 per-

2099 662 2384 715 severavit.
2404 659 2588 714 Manes
2611 668 2788 712 autem
2815 657 3024 726 fugiens
3045 655 3256 710 advenit
3276 655 3344 710 ad
3366 654 3657 724 quemdam

2096 753 2277 806 vicum
2328 752 2484 819 longe
2531 749 2599 802 ab
2646 749 2781 802 urbe
2829 747 3098 816 positum,
3144 746 3237 815 qui
3285 746 3662 814 appellabatur

2096 842 2336 896 Diodori.
2395 841 2522 894 Erat
2562 848 2739 894 autem
2786 839 3064 909 presbyter
3106 837 3210 890 loci
3253 837 3398 891 illius
3441 838 3664 891 nomine

2079 946 2149 990 ‘et
2174 936 2287 1004 ipse
2324 933 2589 988 Diodorus
2621 933 2751 1002 (l2),
2778 932 2995 1006 quietus
3021 939 3074 982 et
3112 929 3277 994 mitis,
3316 928 3437 982 fidei
3476 945 3541 984 ac
3575 929 3664 983 fa-

2099 1043 2199 1081 mze
2226 1027 2382 1081 bona:
2419 1025 2607 1078 valde:
2638 1033 2689 1078 et
2734 1039 2855 1078 cum
2890 1021 3123 1091 quadam
3168 1021 3254 1074 die
3298 1019 3505 1085 Manes,
3533 1038 3665 1075 eon-

2099 1124 2316 1187 gregata
2344 1114 2522 1179 turba,
2549 1113 2959 1167 concionaretur
2977 1108 3107 1180 (15),
3128 1126 3192 1165 ac
3216 1112 3498 1178 peregrina
3519 1126 3667 1178 qua:-

2099 1211 2221 1263 dam
2245 1215 2299 1261 et
2330 1207 2505 1260 aliena
2539 1221 2570 1258 a
2597 1213 2815 1274 paterna
2852 1202 3140 1257 traditione
3171 1200 3366 1271 populo
3391 1202 3485 1270 qui
3515 1211 3664 1256 asta-

2100 1299 2192 1352 bat
2237 1305 2536 1360 assereret,
2577 1296 2782 1350 nullutn
2832 1293 3056 1346 omnino
3103 1309 3169 1347 ex
3226 1293 3311 1345 his
3361 1292 3666 1348 formidans

2099 1386 2245 1456 quod
2268 1387 2370 1456 sibi
2396 1395 2580 1455 posset
2601 1384 2882 1448 obsistere,
2908 1383 3174 1436 Diodorus
3193 1381 3380 1436 videns
3402 1383 3666 1452 proﬁcere

2100 1455 2219 1548 ejus
2254 1455 2571 1550 nequitiam,
2603 1479 2862 1534 deliberat
2887 1477 3157 1532 Archelao
3186 1476 3417 1546 mittere
3461 1479 3670 1547 episto-

2102 1569 2231 1633 lam,
2261 1572 2626 1624 continentem
2661 1570 2794 1623 haec.

2310 1677 2582 1716 xacnsuo
2611 1675 2860 1716 smscoro
2884 1675 3146 1715 ntoooaus
3174 1676 3222 1716 s.
3254 1677 3307 1714 ι).
3339 1661 3481 1730 (ιρι).

2174 1751 2287 1807 XL.
2331 1752 2481 1808 Scire
2511 1763 2560 1810 te
2581 1754 2723 1818 volo,
2752 1751 3158 1822 religiosissime
3190 1751 3370 1817 Pater,
3405 1753 3664 1822 quoniam

435 1872 542 1912 non
573 1857 755 1921 talem,
789 1857 1004 1926 qualem
1050 1863 1104 1909 tu
1155 1855 1358 1912 asseris
1397 1855 1803 1926 perfectionem.
1844 1854 1998 1920 Quod
2030 1834 2072 1888 Β
2101 1847 2317 1902 advenit
2346 1847 2565 1916 quidam
2601 1847 2654 1902 in
2686 1845 2876 1900 diebus
2919 1845 3054 1910 istis,
3101 1845 3321 1898 nomine
3353 1844 3564 1911 Manes,
3597 1848 3662 1899 ad

435 1947 480 2000 si
513 1958 634 2016 post
663 1948 840 2016 ipsum
871 1947 1268 2016 exspectandus
1297 1959 1377 2004 est
1402 1947 1836 2018 magnusjudicii
1861 1947 1997 2008 dies.

436 2041 609 2094 multo
645 2041 830 2110 utique
865 2041 952 2096 hic
985 2042 1078 2098 illo
1115 2042 1338 2098 inferior
1361 2053 1462 2096 est.
1499 2039 1653 2106 Quod
1690 2039 1736 2094 si
1775 2038 2000 2092 inferior

432 2133 558 2195 erit,
591 2134 992 2204 perfectus‘non
1037 2137 1160 2190 erit.
1197 2133 1253 2189 Si
1294 2133 1565 2205 perfectus
1595 2148 1703 2186 non
1737 2131 1858 2197 erit,
1891 2149 1999 2185 non

433 2226 500 2278 de
530 2224 648 2293 ipso
675 2226 803 2279 dicit
833 2227 1143 2294 Apostolus.
1179 2225 1331 2292 Quod
1365 2225 1409 2284 si
1447 2240 1554 2278 non
1595 2224 1663 2278 de
1707 2225 1824 2293 ipso
1869 2224 2000 2277 dicit

435 2315 750 2384 Apostolus,
787 2315 888 2370 iste
919 2324 1097 2368 autem
1131 2315 1196 2370 de
1227 2332 1285 2370 se
1315 2315 1518 2369 dictum
1562 2329 1683 2368 esse
1718 2313 1996 2379 mentitur,

433 2407 923 2476 pseudo-propheta
950 2406 1133 2476 utique
1149 2407 1474 2476 judicandus
1496 2415 1597 2460 est.
1631 2403 1732 2459 Sed
1755 2414 1807 2461 et
1830 2405 1998 2459 multa

433 2499 538 2559 alia
571 2498 766 2551 horum
799 2499 998 2554 similia
1021 2499 1125 2553 diei
1160 2509 1419 2569 possunt;
1450 2512 1571 2566 qua:
1596 2497 1640 2551 si
1663 2496 1844 2550 omnia
1877 2512 1998 2566 per-

433 2588 586 2658 sequi
621 2588 871 2656 velimus,
906 2591 1110 2644 nullum
1148 2591 1305 2646 nobis
1342 2599 1553 2661 tempus
1589 2589 1657 2644 ad
1683 2589 1867 2644 omnia
1895 2603 1997 2642 ex-

430 2680 622 2756 plenda
657 2681 903 2736 sufficiet.
942 2680 1088 2738 Unde
1117 2682 1393 2736 abundare
1419 2681 1724 2736 existimavi
1761 2680 1827 2734 de
1859 2680 1998 2733 mul-

430 2773 500 2827 tis
545 2789 713 2845 pauca
754 2775 976 2841 dixisse,
1025 2776 1265 2844 reliquas
1313 2784 1492 2844 partes
1537 2781 1798 2828 tractatus
1835 2772 1996 2841 hujus

427 2867 650 2936 exsequi
689 2867 993 2921 volentibus
1025 2867 1426 2936 derelinquens.

497 2953 740 3008 xxxrx.
783 2954 877 3009 llis
925 2955 1124 3008 auditis
1169 2956 1431 3012 dederunt
1477 2937 1700 3023 gloriam
1748 2954 1856 3008 Deo
1889 2953 1993 3008 im-

431 3062 698 3112 mensam,
723 3055 776 3099 et
811 3046 928 3113 ipso
969 3045 1219 3115 dignam;
1267 3045 1589 3098 Archelaum
1640 3060 1768 3098 vero
1809 3045 1994 3099 multis

431 3139 733 3192 honoribus
768 3137 1082 3194 affecerunt.
1112 3135 1264 3192 Tunc
1291 3135 1574 3191 Marcellus
1602 3152 1915 3208 assurgens,
1942 3148 1994 3192 et

428 3229 596 3284 stolas
642 3228 752 3298 (10)
800 3243 1038 3290 exuens,
1085 3228 1384 3282 circumdat
1427 3228 1782 3293 Archelaum,
1833 3239 1995 3296 atque

427 3315 631 3377 osculis
669 3329 792 3368 eum
829 3315 1038 3370 defixus
1084 3317 1444 3385 amplectitur,
1471 3326 1524 3371 et
1562 3319 1802 3373 inhaeret.
1841 3319 1994 3376 Tunc

427 3422 555 3464 vero
590 3405 845 3472 infantes,
879 3408 970 3476 qui
1003 3406 1140 3462 forte
1171 3421 1554 3474 convenerant,
1601 3412 1758 3479 primi
1793 3412 1845 3465 in
1879 3412 1992 3468 Ma-

425 3512 550 3550 nem
595 3497 792 3565 pellere
825 3513 889 3550 ac
937 3497 1122 3565 fugere
1154 3500 1264 3570 (ll)
1312 3509 1619 3566 cmperunt,
1657 3516 1796 3570 quos
1835 3504 1991 3558 turba

426 3585 632 3654 reliqua
667 3585 933 3652 insecuta,
967 3587 1257 3642 concitaxit
1285 3603 1342 3644 se
1383 3589 1450 3643 ad
1481 3590 1843 3658 effugiendum
1878 3591 1991 3645 Ma-

425 3691 572 3728 netn.
609 3674 762 3741 Quod
808 3691 930 3730 eum
968 3678 1288 3746 pervidisset
1336 3680 1654 3746 Archelaus,
1692 3682 1892 3736 elevata
1935 3684 1988 3737 in

424 3768 644 3822 modum
679 3769 820 3823 tubre
849 3785 977 3823 voce
1003 3784 1122 3842 sua,
1152 3771 1551 3826 multitudinem
1585 3773 1810 3842 cupiens
1839 3773 1989 3828 cohi-

424 3863 573 3929 bere,
599 3863 674 3916 ait
701 3880 716 3930 :_
747 3861 986 3929 Cessate,
1023 3862 1216 3918 fratres
1247 3864 1448 3927 dilecti,
1478 3880 1543 3918 ne
1577 3864 1713 3919 forte
1751 3867 1824 3920 rei
1864 3883 1991 3928 sane

423 3955 605 4030 guinis
637 3955 974 4012 inveniamur
1004 3955 1056 4009 in
1084 3956 1409 4025 diejudicii;
1447 3958 1706 4027 scriptum
1739 3969 1819 4014 est
1843 3959 1989 4013 enim

423 4047 492 4101 de
524 4049 742 4121 talibus,
772 4049 899 4119 quia
936 4067 954 4099 ι
983 4059 1196 4119 oportet
1224 4058 1276 4115 et
1300 4051 1531 4107 haereses
1559 4066 1680 4107 esse
1712 4053 1849 4114 inter
1869 4069 1988 4118 vos,

423 4149 484 4194 ut
504 4141 594 4210 qui
618 4141 992 4211 probatisunt.
1019 4140 1288 4200 manifesti
1320 4142 1450 4195 fiant
1492 4143 1630 4198 inter
1661 4160 1753 4200 vos
1775 4144 1837 4199 ‘9.
1886 4165 1905 4198 ›
1926 4146 1991 4202 Ει

423 4232 514 4297 bis
541 4233 719 4300 dictis,
751 4233 950 4288 sedatae
975 4241 1102 4288 sunt
1131 4233 1316 4296 turbae.
1350 4232 1616 4300 Quoniam
1641 4252 1767 4291 vero
1790 4239 1991 4306 placuit

420 4322 678 4380 Marcello
707 4323 1132 4394 disputationem
1166 4325 1305 4379 hanc
1335 4326 1508 4394 excipi
1538 4338 1698 4395 atque
1731 4329 1986 4396 describi,

421 4417 795 4478 contradicere
825 4433 932 4471 non
969 4417 1142 4488 potui,
1175 4419 1418 4473 confisus
1451 4419 1518 4473 de
1547 4419 1878 4488 benignitate
1908 4421 1986 4475 le-

2100 1938 2217 1992 loca
2253 1949 2461 2000 nostra,
2495 1936 2586 2006 qui
2615 1933 2752 1989 Novi
2786 1933 3120 1988 Testamenti
3149 1934 3450 1990 doctrinam
3483 1952 3542 1990 se
3563 1937 3664 1989 ad-

2099 2029 2322 2099 implere
2354 2029 2636 2099 promittit.
2675 2027 2739 2082 Et
2771 2029 2987 2098 quidem
3022 2035 3178 2083 erant
3204 2029 3442 2097 quaedam
3474 2028 3529 2080 in
3574 2027 3665 2082 bis

2098 2136 2219 2188 quae
2249 2121 2318 2173 ab
2351 2136 2418 2174 eo
2443 2119 2782 2187 dicebantur,
2814 2129 3012 2174 nostra:
3046 2121 3167 2174 fidei
3194 2138 3209 2185 ;
3249 2119 3483 2188 quaedam
3523 2133 3663 2173 vero

2097 2212 2372 2266 asserebat
2398 2211 2556 2282 longe
2578 2211 2790 2266 diversa
2814 2211 2882 2264 ab
2915 2210 2979 2264 iis
3006 2226 3125 2280 quae.
3157 2226 3186 2263 a
3220 2220 3401 2264 nostra
3430 2219 3656 2278 paterna

2099 2304 2385 2357 traditione
2429 2303 2764 2358 descendunt
2807 2304 2939 2373 (15).
2999 2302 3456 2374 interpretabatur
3511 2302 3656 2362 enim

2097 2395 2342 2464 quaedam
2375 2395 2573 2460 aliene,
2613 2394 2810 2464 quibus
2850 2396 3012 2450 etiam
3055 2411 3119 2449 ex
3147 2396 3381 2464 propriis
3410 2394 3658 2459 addebat,

2097 2502 2219 2556 quae
2258 2486 2391 2540 mihi
2431 2487 2585 2541 valde
2615 2487 2894 2556 peregrina
2930 2488 3042 2542 visa
3073 2497 3198 2541 sunt
3229 2496 3282 2540 et
3326 2486 3508 2540 infida.
3556 2484 3664 2538 Pro

2097 2579 2297 2648 quibus
2338 2581 2497 2632 etiam
2549 2588 2825 2648 permotus
2871 2595 2989 2633 sum
3039 2579 3274 2633 scribere
3332 2577 3448 2631 haec
3479 2577 3545 2631 ad
3588 2586 3662 2643 te,

2099 2673 2277 2726 sciens
2309 2672 2569 2726 doctrinae
2592 2681 2696 2727 tuae
2726 2673 3022 2742 perfectum
3055 2684 3107 2728 ct
3133 2674 3505 2744 plenissimum
3538 2689 3662 2727 sen-

2097 2779 2240 2825 sum,
2269 2765 2522 2834 quoniam
2547 2765 2712 2819 latere
2744 2777 2794 2820 te
2820 2767 3012 2819 borum
3049 2765 3182 2818 nihil
3215 2775 3426 2835 potest;
3455 2773 3509 2818 et
3543 2765 3663 2819 ideo

2096 2855 2334 2910 conlisus
2367 2872 2487 2910 sum
2534 2857 2599 2910 ad
2645 2858 2983 2927 explananda
3024 2858 3180 2911 nobis
3225 2858 3340 2913 haec
3379 2856 3581 2910 invidia
3613 2866 3662 2910 te

2096 2963 2204 3002 non
2235 2963 2394 3017 posse
2437 2948 2730 3018 prohiberi.
2779 2948 3039 3014 Quamvis
3071 2964 3171 3002 nec
3197 2964 3296 3017 ego
3343 2948 3565 3018 quidem
3607 2949 3661 3002 in

2097 3041 2324 3094 alterum
2358 3041 2591 3112 aliquem
2628 3041 2876 3096 inclinari
2908 3041 3175 3110 potuerim
3206 3057 3450 3106 sensum,
3481 3051 3659 3105 tamen

2098 3142 2316 3202 propter
2356 3134 2627 3204 simplices
2671 3150 2946 3204 quosque,
2984 3141 3089 3187 tum
3131 3133 3470 3188 auctoritatis
3513 3149 3664 3187 com-

2099 3226 2287 3294 pulsus
2319 3241 2437 3279 sum
2466 3209 2760 3295 implorare
2787 3240 3117 3279 sermonem.
3151 3221 3355 3278 Revera
3392 3226 3538 3278 enim
3579 3225 3660 3278 vir

2094 3315 2249 3369 valde
2294 3315 2584 3370 vehemens
2627 3325 2734 3370 tam
2777 3333 3028 3374 sermone
3067 3335 3229 3389 quam
3265 3332 3448 3385 opere,
3486 3317 3580 3370 sed
3607 3326 3660 3368 et

2095 3414 2316 3474 aspectu
2358 3405 2474 3474 ipso
2518 3415 2678 3475 atque
2730 3407 2914 3461 babitu
2961 3419 3202 3478 apparet.
3243 3407 3348 3461 Sed
3389 3415 3442 3461 et
3488 3420 3656 3476 pauca

2092 3497 2362 3566 quaidam,
2415 3514 2534 3568 qua:
2573 3500 2802 3554 retinere
2843 3516 3066 3569 possum
3115 3515 3181 3554 ex
3212 3499 3280 3555 iis
3324 3515 3448 3568 qua:
3491 3499 3562 3552 ab
3594 3514 3659 3553 eo

2091 3585 2236 3640 dicta
2277 3596 2423 3653 sunt,
2461 3589 2639 3642 scribo
2676 3589 2790 3652 tibi,
2821 3592 2999 3653 sciens
3031 3590 3160 3660 quia
3183 3590 3344 3645 exiis
3372 3591 3534 3643 etiam
3570 3605 3656 3643 re-

2093 3676 2242 3746 liqua
2277 3679 2560 3749 intelliges.
2593 3678 2745 3735 Nosti
2779 3682 2906 3749 quia
2936 3698 3140 3736 morem
3172 3681 3318 3736 hunc
3342 3682 3545 3735 habent
3565 3681 3658 3751 qui

2091 3768 2286 3838 dogma
2317 3769 2534 3843 aliquod
2580 3787 2822 3826 asserere
2865 3775 3070 3840 volunt,
3103 3784 3160 3827 ut
3191 3789 3533 3843 quaecunque
3567 3789 3658 3826 vo-

2091 3857 2297 3913 luerint
2325 3861 2390 3916 de
2417 3861 2713 3934 Seripturis
2750 3878 3050 3931 assumere,
3079 3864 3193 3918 hth
3218 3865 3544 3933 propensius
3569 3864 3652 3918 sui

2092 3949 2442 4021 intelligentia
2474 3954 2786 4032 depravent.
2816 3953 2922 4009 Sed
2950 3958 3052 4010 hoc
3078 3955 3411 4026 praeveniens
3440 3966 3654 4026 aposto-

2092 4046 2230 4099 licus
2259 4049 2479 4100 denotat
2507 4063 2707 4114 sermo,
2733 4049 2919 4103 dicens
2947 4068 2958 4101 ε
2991 4067 3008 4098 ι
3038 4047 3094 4102 Si
3129 4049 3252 4118 quis
3275 4049 3432 4103 vobis
3446 4065 3654 4102 annun-

2091 4140 2304 4192 tiaverit
2343 4149 2535 4208 praeter
2577 4141 2718 4208 quod
2769 4139 3074 4211 accepistis,
3122 4141 3409 4202 anathema
3442 4141 3513 4194 sit
3533 4140 3598 4192 “.
3625 4158 3645 4189 ι

2092 4232 2277 4302 Itaque
2297 4242 2417 4301 post
2439 4232 2552 4286 hazc
2574 4249 2694 4302 quae
2723 4235 2888 4288 semel
2913 4235 2980 4288 ab
3002 4233 3260 4303 apostolis
3282 4234 3484 4296 tradita
3505 4244 3649 4300 sunt,

2091 4324 2234 4379 ultra
2274 4338 2380 4376 non
2423 4333 2634 4391 oportet
2669 4325 2962 4394 quidquam
2993 4325 3138 4390 aliud
3173 4325 3453 4394 suscipere
3486 4324 3651 4379 disci-

2090 4416 2277 4485 pulum
2320 4414 2544 4469 Christi.
2577 4415 2775 4472 Verum
2815 4433 2881 4470 ne
2929 4433 3234 4474 sermonem
3273 4419 3491 4487 longius
3529 4433 3650 4487 pro-

421 4510 684 4587 gentium,
715 4512 858 4580 quod
894 4511 1104 4564 veniam
1133 4510 1369 4573 dabunt,
1413 4511 1459 4566 si
1502 4511 1630 4580 quid
1677 4511 1983 4580 imperitum
2018 4541 2060 4595 ο
2094 4507 2328 4573 traham,
2357 4507 2422 4560 ad
2448 4507 2974 4576 propositumredeo.
3008 4505 3199 4576 Legem
3232 4506 3422 4578 Moysi,
3445 4519 3502 4562 ut
3535 4509 3650 4561 bre-

420 4609 516 4654 aut
543 4603 806 4655 rusticum
841 4602 1055 4656 sonabit
1083 4601 1294 4666 oratio;
1340 4601 1444 4656 hoc
1477 4603 1619 4665 enim
1657 4612 1866 4657 tantum
1903 4613 1986 4667 est

419 4693 566 4762 quod
601 4694 906 4759 studemus,
955 4705 1016 4750 ut
1063 4695 1139 4749 rei
1191 4703 1353 4763 gestae
1405 4695 1640 4766 cognitio
1682 4696 1983 4750 studiosum

419 4799 693 4854 quemque
720 4800 828 4846 non
860 4787 1041 4849 lateat.
1073 4787 1225 4840 Tunc
1255 4801 1404 4855 ergo,
1427 4802 1549 4840 cum
1578 4786 1858 4856 effugisset
1884 4785 1987 4840 Ma-

418 4891 540 4940 nes,
569 4889 841 4944 nusquam
867 4879 1190 4945 comparuit.
1228 4877 1412 4932 Turbo
1444 4891 1572 4931 vero
1612 4878 1858 4932 minister
1885 4876 1986 4930 Ar-

490 5019 535 5052 “
571 5016 618 5072 ll
647 5017 789 5072 Tim.
826 5034 906 5086 ιιι,
934 5019 986 5072 6.
1064 5019 1106 5050 ⁸⁷
1143 5019 1332 5086 Matth.
1357 5037 1483 5087 xxv,
1513 5021 1602 5075 44.

490 5135 682 5212 (9)_lta
713 5134 1115 5212 Vulgata‘juxta
1143 5137 1384 5212 Graecum
1419 5150 1646 5212 textum,
1682 5140 1983 5212 Cyprianus

418 5205 514 5262 lib.
548 5205 807 5280 Deopere
829 5205 884 5260 'et
910 5205 1266 5275 eleemosynis,
1292 5210 1508 5280 aliique.
1557 5205 1868 5268 Casiuéitsis
1904 5223 1985 5267 ta-

416 5291 539 5330 men
571 5277 750 5341 liabet,
783 5296 801 5329 ι
842 5280 894 5330 iu
927 5293 1222 5331 carcerem.
1252 5297 1270 5329 ι

487 5344 601 5415 (10)
641 5345 824 5409 Forte,
860 5367 878 5398 ι
906 5349 1122 5402 stolam.
1158 5368 1175 5399 ι

487 5415 600 5483 (ll)
635 5434 654 5466 ι
688 5415 912 5488 Fugere,
947 5437 965 5469 ι
992 5428 1044 5473 et
1071 5437 1089 5468 ι
1119 5418 1372 5488 effugere,
1405 5438 1424 5470 ›
1457 5435 1553 5488 pro
1581 5421 1784 5488 fugare,
1818 5423 1870 5476 in
1903 5422 1986 5476 fu-

417 5501 539 5563 gam
573 5487 863 5554 conjicere,
897 5504 998 5543 suo
1043 5487 1298 5558 loquendi
1349 5487 1497 5544 more
1542 5487 1675 5546 dicit
1729 5487 1985 5562 antiquus

418 5563 704 5610 νήει-ωορδ.

488 5569 828 5704 ﬁg‘fl‘i’escio
854 5638 1144 5704 quo‘pacto
1192 5629 1483 5704 Diodorum
1517 5629 1664 5704 hunc
1696 5630 1984 5704 Tryphona

415 5701 572 5755 vocet
604 5692 940 5762 Epiphanius
977 5692 1029 5752 in
1069 5701 1170 5754 hac
1199 5699 1615 5754 Manichaeorum
1653 5692 1870 5760 haarf'n.
1896 5704 1981 5758 il.

487 5762 601 5832 (15)
643 5765 702 5830 ιιι
735 5765 1019 5822 Casiucnsi
1052 5771 1259 5836 codice.
1293 5787 1312 5822 ι
1344 5769 1773 5828 continuaretur.
1809 5792 1826 5824 ι

1679 5021 1725 5054 ¹⁸
1758 5021 1890 5077 Luc.
1920 5037 2041 5088 xui,
2071 5022 2161 5081 27.

2089 4601 2226 4654 viter
2254 4599 2454 4664 dicam,
2485 4599 2696 4653 dicebat
2721 4597 2808 4651 hic
2829 4614 2936 4652 non
2963 4614 3082 4652 esse
3104 4598 3194 4658 Dei
3227 4600 3348 4653 boni
3373 4600 3467 4654 sed
3494 4600 3647 4656 mali-

2091 4693 2181 4764 gni
2205 4693 2484 4762 principis,
2513 4708 2610 4748 nec
2631 4692 2828 4745 habere
2851 4705 2968 4743 eam
2992 4692 3282 4760 quidquam
3307 4693 3648 4759 cognatioais

2090 4785 2155 4846 ad
2198 4799 2393 4838 novam
2427 4784 2596 4854 legem
2644 4785 2879 4852 Christi,
2927 4787 3018 4850 sed
3065 4798 3186 4840 esse
3230 4785 3561 4838 contrariam
3595 4793 3647 4838 et

2092 4877 2387 4942 inimicam,
2423 4876 2648 4932 alteram
2677 4879 2830 4933 alteri
2861 4880 3233 4934 obsistentcm.
3267 4877 3378 4948 Ego
3397 4878 3644 4941 audiens.

2240 5022 2282 5054 "
2321 5020 2340 5074 Ι
2371 5020 2497 5076 Cor.
2531 5037 2605 5087 xi,
2640 5021 2725 5075 l9.
2803 5023 2848 5053 “
2875 5021 3046 5077 Galat.
3079 5038 3116 5087 ι,
3147 5021 3200 5075 8.

2161 5141 2272 5212 (14)
2313 5138 2555 5212 Meminit
2585 5140 2745 5212 hujus
2789 5140 3030 5209 epistola:
3071 5139 3402 5207 Epiphanius
3445 5137 3498 5191 in
3544 5137 3642 5191 hac

2086 5210 2277 5266 haeresi
2312 5227 2462 5263 num.
2497 5210 2581 5274 Η,
2616 5211 2842 5278 ejusque
2873 5220 3268 5278 argumentum,
3319 5225 3423 5262 non
3460 5217 3638 5278 autem

2085 5283 2270 5346 verba,
2299 5289 2358 5333 ut
2383 5275 3062 5346 Petaviusintérpretatur,
3108 5279 3337 5332 breviter
3367 5278 3548 5333 refert.
3577 5275 3633 5332 In

2087 5353 2243 5406 titulo
2272 5351 2429 5418 hujus
2463 5350 2702 5418 epistola:
2736 5365 2860 5413 vox,
2895 5371 2913 5400 ι
2945 5351 3191 5408 salutem.
3224 5367 3242 5397 ›
3271 5349 3421 5402 deest
3457 5348 3508 5400 iu
3539 5363 3637 5401 co-

2085 5424 2204 5476 dice
2232 5421 2536 5483 Casinensi,
2569 5421 2659 5473 sed
2686 5421 2914 5473 litteram
2943 5437 2988 5481 s,
3021 5435 3139 5472 eam
3169 5434 3356 5472 vocem
3391 5418 3639 5472 indicau-

2088 5501 2215 5556 tem,
2272 5500 2513 5559 repetere
2559 5489 2790 5556 neglexit
2837 5490 3110 5554 librarius,
3155 5503 3219 5542 eo
3257 5489 3498 5559 quodin
3537 5487 3641 5540 fine

2083 5559 2432 5632 praicedejntis
2458 5561 2604 5614 vocis
2635 5561 2878 5632 exsistat.

2155 5627 2536 5700 (15)7Videant
2567 5631 2803 5683 hazretici
2837 5645 2999 5699 quam
3031 5629 3176 5684 clare
3203 5639 3309 5683 tam
3332 5630 3444 5693 hic,
3475 5641 3636 5695 quam

2086 5699 2544 5755 infra'Diodorus
2593 5700 2843 5768 antiquas
2893 5700 3145 5754 Ecclesia:
3184 5701 3502 5756 traditiones
3547 5711 3636 5750 se-

2085 5771 2328 5842 quendas
2354 5769 2861 5840 amplectendasquc
2885 5785 3004 5827 esse
3034 5770 3286 5826 declaret.
