3982 6346
382 359 521 416 1195

1485 362 1633 420 CUM
1668 362 1947 419 ΜΑΝΕΤΕ
1986 360 2519 418 ΗᾹΞΒΕΒΙΑΒΟΗΛ.

3377 416 3380 419 ν
3475 357 3608 411 MM

378 478 621 534 dicebam
653 478 731 534 eis
755 494 1059 536 sermonem
1088 481 1486 553 evangelicum,
1519 484 1791 553 quomodo
1815 484 1949 539 dixit
1979 499 2020 544 Α
2050 483 2164 551 ipse
2190 456 2352 546 nosti,
2373 485 2425 535 in
2456 479 2695 536 secunda
2725 480 2790 535 ad
2822 479 3135 535 Corinthios
3159 477 3418 550 Epistula.
3448 477 3607 532 Addit

378 568 640 626 Dominus
664 580 848 627 noster
878 571 1037 628 Jesus
1066 571 1320 628 Christus
1348 597 1361 629 :
1396 592 1415 626 ι
1444 573 1562 629 Non
1586 575 1708 630 veni
1737 577 1944 631 solvere

376 660 569 731 legem,
606 662 700 716 sed
732 662 1025 731 adimplere
1050 664 1116 716 ²¹.
1148 682 1167 715 ι
1196 663 1288 718 llle
1324 680 1451 719 vero
1472 666 1567 731 ait,
1601 681 1942 736 nequaquam

376 766 503 806 eum
536 752 677 807 hunc
717 752 919 808 dixisse
960 768 1301 820 sermonem;
1336 771 1458 811 cum
1486 757 1628 810 enim
1655 757 1825 827 ipsam
1861 757 1945 810 in—

323 850 329 855 ‘
376 841 658 896 veniamus
679 857 803 895 eum
832 842 1118 899 resolvisse
1138 845 1332 915 legem,
1358 861 1578 902 necesse
1606 856 1688 901 est
1715 862 1816 902 nos
1840 848 1944 904 hoc

377 934 555 1002 potius
603 934 897 1004 intelligere
943 937 1087 1006 quod
1135 935 1282 992 fecit.
1328 936 1527 993 Deinde
1568 939 1730 1009 coepit
1763 939 1943 996 dicere

377 1027 611 1097 plurima
639 1043 704 1081 ex
733 1027 865 1096 lege,
902 1028 1069 1083 multa
1101 1029 1262 1084 etiam
1291 1030 1357 1085 de
1389 1028 1679 1100 Evangelio
1712 1042 1765 1085 et
1808 1047 1943 1101 apo-

377 1119 518 1173 stolo
544 1117 734 1185 Paulo,
763 1134 881 1188 quae
913 1120 1014 1173 sibi
1046 1120 1295 1175 videntur
1336 1136 1456 1177 esse
1494 1123 1792 1189 contraria,
1821 1137 1943 1192 quae

374 1209 537 1263 etiam
573 1224 696 1263 cum
735 1208 928 1287 fiducia
962 1210 1168 1277 dicens,
1196 1211 1330 1265 nihil
1363 1211 1731 1281 pertimescit;
1778 1213 1940 1267 credo

375 1301 520 1370 quod
570 1299 763 1354 habeat
814 1301 1113 1370 adjutorem
1149 1303 1437 1356 draconem
1470 1302 1621 1355 illum
1656 1302 1749 1370 qui
1786 1303 1942 1359 nobis

377 1405 593 1458 semper
628 1389 883 1445 inimicus
912 1400 1012 1444 est.
1052 1390 1272 1446 Dicebat
1303 1406 1431 1461 ergo
1464 1392 1609 1461 quod
1639 1392 1712 1445 ibi
1745 1392 1943 1446 dixerit

375 1480 518 1536 Deus
550 1498 564 1535 :
593 1481 703 1552 Ego
732 1482 950 1538 divitem
989 1493 1043 1537 et
1083 1498 1374 1552 pauperem
1407 1485 1549 1538 facio
1569 1486 1643 1551 ²²;
1688 1485 1775 1540 hic
1815 1500 1939 1540 vero

374 1571 532 1628 Jesus
548 1574 733 1629 beatos
748 1574 949 1630 diceret
971 1592 1231 1646 pauperes
1244 1577 1289 1608 ⁸⁸
1309 1594 1323 1642 ;
1348 1575 1577 1630 addebat
1592 1578 1776 1641 etiam,
1795 1578 1939 1646 quod

378 1682 539 1722 nemo
582 1668 756 1737 possit
798 1668 915 1737 ejus
957 1684 1078 1722 esse
1121 1669 1440 1738 discipulus,
1470 1669 1578 1724 nisi
1606 1671 1942 1724 renuntiaret

375 1761 628 1816 omnibus
654 1776 774 1830 quae
797 1759 1079 1814 haberet"
1105 1778 1119 1814 :
1145 1760 1217 1814 ibi
1240 1774 1366 1814 vero
1396 1759 1625 1832 Moyses,
1658 1770 1938 1829 argentum

2049 582 2227 626 autem
2250 587 2314 626 ex
2338 572 2510 640 prima
2537 569 2797 639 Epistola,
2825 579 3072 624 terrenos
3098 584 3217 624 esse
3244 568 3427 622 dicens
3446 567 3608 621 disci-

2047 662 2202 730 pulos
2235 661 2433 715 veteris
2460 659 2790 716 Testamenti
2824 672 2876 715 et
2916 660 3196 724 animales,
3238 669 3291 713 ct
3324 659 3444 713 ideo
3487 674 3604 712 car-

2043 766 2166 806 nem
2185 759 2239 805 et
2255 751 2573 820 sanguinem
2597 766 2818 822 regnum
2844 749 2935 804 Dei
2953 748 3227 819 possidere
3244 763 3347 802 non
3364 763 3525 818 posse
3537 747 3600 798 θ’.

2046 842 2229 912 Ipsum
2268 856 2487 912 quoque
2521 841 2743 896 Paulum
2776 858 2842 896 ex
2874 842 3090 912 propria
3119 856 3215 896 sua
3249 856 3482 911 persona
3516 841 3602 896 di-

2043 936 2198 990 cebat
2231 949 2474 990 asserere
2512 934 2565 989 id
2606 934 2751 1003 quod
2798 936 2871 988 ait
2909 951 2923 987 :
2957 952 2976 985 ‹
3012 930 3067 987 Si
3098 949 3305 1002 eaquae
3337 933 3597 995 destruxi,

2044 1027 2240 1081 iterum
2270 1025 2499 1091 aedifico,
2525 1025 2992 1096 praevaricatorem
3019 1041 3103 1081 me
3122 1027 3332 1080 aestimo
3351 1026 3414 1080 ³³.
3448 1044 3467 1079 ι
3497 1025 3601 1081 Sed
3663 1075 3679 1092 ,

2043 1127 2096 1170 et
2121 1115 2251 1170 illud
2286 1116 2533 1170 eumdem
2571 1117 2747 1186 ipsum
2781 1114 3184 1171 evidentissime
3216 1118 3281 1172 de
3310 1118 3487 1173 carnis
3517 1134 3603 1172 re-

2042 1208 2376 1263 surrectione
2400 1208 2625 1273 dixisse,
2654 1222 2760 1262 non
2791 1222 2912 1262 esse
2946 1206 3189 1262 Judaeum
3226 1210 3316 1278 qui
3345 1210 3398 1263 in
3430 1210 3602 1263 mani-

2042 1299 2182 1356 festo
2212 1308 2315 1367 est,
2346 1315 2522 1370 neque
2551 1315 2671 1370 quae
2700 1300 2753 1359 in
2785 1298 3097 1365 manifesto,
3129 1301 3182 1354 in
3213 1316 3374 1355 carne
3395 1310 3475 1356 est.
3494 1301 3602 1356 cir—

2040 1392 2324 1458 cumcisio,
2377 1406 2554 1461 neque
2596 1392 2894 1447 secundum
2946 1392 3203 1457 litteram,
3247 1393 3411 1463 legem
3442 1393 3601 1461 quid-

2040 1499 2204 1554 quam
2228 1483 2478 1537 utilitatis
2502 1484 2733 1537 retinere
2755 1482 2819 1535 ⁸⁴.
2846 1482 2909 1536 Et
2930 1499 3146 1537 rursum
3170 1484 3311 1552 quod
3328 1483 3599 1537 Abraham

2040 1573 2202 1627 habet
2227 1572 2477 1644 gloriam,
2500 1571 2594 1628 sed
2624 1587 2729 1625 non
2752 1572 2891 1640 apud
2917 1571 3083 1625 Deum
3106 1572 3170 1625 ³³.
3204 1571 3599 1626 Tantummodo

2041 1664 2373 1733 agnitionem
2419 1663 2627 1733 peccati
2670 1679 2764 1733 per
2804 1664 2973 1735 legem
3020 1664 3225 1719 fieri“.
3273 1664 3377 1719 Sed
3411 1674 3464 1719 et
3493 1665 3597 1720 alia

2042 1753 2230 1818 multa,
2261 1753 2362 1823 legi
2390 1754 2718 1819 obtrectans,
2753 1753 3042 1819 inserebat,
3079 1769 3144 1809 eo
3175 1755 3319 1824 quod
3360 1755 3444 1809 lex
3483 1756 3597 1826 ipsa

375 1859 640 1904 etaurum
666 1850 734 1903 ab
759 1848 1025 1920 Egyptiis
1056 1864 1300 1913 sumens,
1327 1864 1451 1904 cum
1482 1849 1683 1918 populo
1712 1849 1937 1920 fugisset
1969 1831 2010 1887 Β
2039 1853 2317 1912 peet'atum
2362 1844 2452 1909 sit,
2487 1844 2541 1897 in
2576 1844 2775 1913 quibus
2810 1844 3082 1913 simplices
3121 1846 3343 1915 quique,
3386 1846 3598 1900 dicente

374 1955 440 1995 ex
468 1939 700 2011 Egypto
723 1940 798 2006 ²⁸;
826 1938 985 1994 Jesus
1012 1949 1189 1993 autem
1212 1939 1347 1992 nihil
1373 1939 1602 2008 proximi
1624 1938 1937 1995 desideran-

374 2030 502 2085 dum
552 2046 672 2086 esse
716 2033 987 2102 praecepit.
1043 2031 1245 2086 Deinde
1293 2029 1437 2099 quod
1478 2032 1566 2085 ille
1587 2032 1804 2086 oculum
1838 2047 1936 2102 pro

374 2123 554 2186 oculo,
589 2122 798 2175 dentem
828 2136 927 2191 pro
954 2122 1112 2176 dente
1138 2121 1190 2174 in
1218 2120 1331 2188 lege
1351 2120 1582 2175 cavisset
1604 2120 1832 2191 expendi
1857 2121 1933 2185 ¹⁶;

371 2221 561 2266 noster
594 2227 721 2266 vero
752 2212 1014 2267 Dominus
1060 2212 1381 2282 percutienti
1433 2226 1596 2265 unam
1638 2212 1932 2277 maxillam,

368 2304 584 2376 juberet
611 2303 770 2357 etiam
798 2304 1018 2358 alteram
1051 2303 1337 2373 praeparari
1355 2303 1423 2356 ³⁷.
1451 2301 1605 2369 Quod
1631 2303 1703 2357 ibi
1724 2300 1935 2373 Moyses

371 2410 496 2449 eum
522 2394 612 2462 qui
637 2391 873 2447 Sabbato
898 2409 1035 2462 opus
1068 2392 1302 2461 fecisset,
1333 2401 1385 2449 et
1409 2409 1515 2448 non
1546 2393 1936 2463 permansisset

370 2484 426 2538 in
450 2483 703 2538 omnibus
724 2500 845 2553 quae
870 2483 1068 2551 scripta
1099 2492 1230 2538 sunt
1258 2484 1311 2538 in
1340 2484 1475 2554 lege,
1518 2484 1699 2554 puniri
1731 2483 1935 2554 lapida-

369 2575 525 2644 rique
570 2575 908 2644 praecepit”,
965 2577 1107 2629 sicut
1152 2573 1354 2631 factum
1409 2585 1490 2632 est
1539 2577 1589 2632 ei
1631 2580 1722 2649 qui
1758 2576 1936 2632 adhuc

370 2665 631 2735 ignorans
667 2666 721 2719 in
759 2665 998 2721 Sabbato
1027 2665 1227 2721 fascem
1257 2666 1389 2738 ligni
1414 2668 1735 2739 collegerat;
1773 2666 1934 2724 Iesus

372 2770 500 2810 vero
536 2757 588 2809 in
626 2756 859 2812 Sabbato
882 2759 1049 2812 etiami
1077 2758 1270 2813 lectum
1303 2768 1518 2830 portare
1547 2760 1797 2830 praecepit
1818 2776 1848 2814 a
1875 2776 1933 2816 se

373 2848 658 2912 curato”;
694 2850 786 2903 scd
829 2861 882 2904 et
913 2851 1208 2921 discipulos
1242 2850 1297 2905 in
1342 2851 1431 2907 die
1476 2848 1694 2907 Sabbati
1738 2851 1933 2907 vellere

372 2942 550 3009 spicas
571 2941 617 2972 ³ο
640 2957 703 2995 ac
730 2942 981 2996 manibus
1015 2941 1315 2999 confricare
1349 2960 1453 3000 non
1488 2944 1754 3015 prohibet,
1788 2944 1932 3014 quod

375 3031 625 3087 Sabbatis
649 3034 833 3102 utique
869 3049 976 3086 non
1006 3034 1201 3088 licebat
1240 3035 1376 3091 fieri.
1410 3036 1475 3090 Et
1505 3037 1634 3107 quid
1669 3038 1816 3107 plura
1851 3037 1904 3091 di

372 3125 529 3179 eam?
582 3125 769 3179 multis
818 3133 873 3179 et
923 3110 1089 3179 variis
1130 3126 1524 3182 assertionibus
1557 3128 1930 3198 hujuscemodi
1960 3165 2003 3225 C

372 3220 620 3288 dogmata
662 3218 731 3271 ab
768 3231 833 3271 eo
873 3231 1086 3272 summo
1127 3216 1248 3271 nisu
1292 3226 1453 3285 atque
1498 3233 1710 3273 summo
1753 3218 1933 3272 studio

372 3312 799 3366 aﬂi-rmabantur.
824 3308 958 3364 Nam
987 3325 1052 3364 ex
1082 3309 1405 3364 auctoritate
1454 3309 1717 3379 Apostoli,
1759 3309 1931 3382 Moysi

373 3402 570 3472 legem,
596 3401 765 3470 legem
797 3416 918 3455 esse
952 3401 1141 3454 mortis
1170 3400 1468 3454 conabatur
1495 3416 1770 3469 asserere;
1803 3399 1931 3457 Jesu

375 3510 502 3548 vero
529 3493 720 3563 legem,
755 3492 923 3563 legem
954 3508 1075 3548 esse
1107 3493 1247 3559 vitae,
1284 3507 1379 3562 per
1412 3491 1466 3547 id
1488 3492 1630 3562 quod
1661 3493 1736 3547 ait
1766 3510 1780 3547 :
1814 3511 1832 3544 ι
1874 3491 1931 3548 1η

373 3599 484 3653 quo
513 3593 566 3637 et
597 3582 824 3638 idoneos
854 3598 955 3639 nos
988 3583 1150 3639 faciat
1180 3583 1320 3639 Deus
1353 3583 1464 3654 (16)
1494 3585 1775 3641 ministros
1807 3586 1932 3639 novi

370 3676 702 3732 Testamenti
733 3690 841 3728 non
886 3674 1083 3738 littera,
1113 3676 1206 3729 sed
1258 3674 1485 3744 Spiritu.
1540 3675 1741 3731 Littera
1788 3676 1931 3731 enim

370 3767 609 3831 occidit,
652 3766 893 3838 Spiritus
926 3778 1103 3823 autem
1133 3770 1389 3825 vivificat.
1423 3768 1576 3837 Quod
1606 3768 1652 3824 si
1684 3768 1932 3823 ministe-

375 3858 512 3913 rium
541 3859 755 3925 mortis,
786 3860 842 3913 in
875 3859 1069 3915 litteris
1096 3859 1384 3917 formatum
1422 3862 1478 3916 in
1505 3861 1774 3932 lapidibus
1798 3860 1933 3932 (17),

373 3948 575 4004 factum
613 3957 695 4006 est
731 3950 784 4004 in
820 3950 1011 4018 gloria,
1059 3952 1131 4005 ita
1175 3961 1234 4007 ut
1264 3968 1373 4007 non
1401 3962 1622 4022 possent
1656 3953 1935 4008 intendere

373 4041 466 4095 lilii
501 4038 666 4096 Israel
714 4040 772 4096 in
802 4040 1015 4097 ,faciem
1045 4040 1213 4114 Moysi
1246 4054 1464 4114 propter
1491 4044 1717 4115 gloriam
1753 4045 1934 4100 vultus

368 4135 509 4204 ejus,
546 4151 666 4205 qua!
687 4134 989 4191 destruetur
1016 4134 1128 4207 (18)
1152 4152 1166 4200 ;
1193 4133 1467 4204 quomodo
1496 4152 1602 4191 non
1636 4139 1807 4206 magis
1834 4138 1936 4197 mi-

372 4225 654 4281 nisterium
684 4226 921 4296 Spiritus
947 4225 1049 4281 erit
1082 4225 1137 4279 in
1181 4224 1386 4295 gloria?
1418 4224 1476 4280 Si
1511 4226 1653 4280 enim
1687 4226 1934 4282 ministe-

373 4320 514 4374 rium
538 4318 903 4373 damnationis
938 4317 1109 4388 gloria
1148 4325 1250 4383 est,
1281 4317 1454 4372 multo
1496 4318 1667 4391 magis
1692 4317 1934 4373 abunda-

370 4410 452 4465 bit
483 4411 843 4467 ministerium
893 4411 1116 4481 justitiae
1159 4410 1226 4465 ad
1273 4411 1520 4482 gloriam.
1568 4411 1757 4481 Neque
1786 4413 1931 4466 enim

2035 1949 2119 1998 eo,
2155 1936 2526 2001 movebantur,
2543 1944 2596 1990 et
2625 1951 2795 2005 usque
2822 1936 2888 1989 ad
2910 1934 3170 1990 Joannem
3191 1937 3376 2007 igitur,
3399 1937 3594 2003 aiebat,

2036 2028 2121 2082 lex
2152 2036 2203 2082 et
2229 2027 2590 2098 prephetae".
2642 2028 2833 2081 Aiebat
2863 2036 3040 2081 autem
3071 2026 3331 2083 Joannem
3368 2039 3595 2102 regnum

2036 2120 2296 2173 etelorum
2327 2120 2654 2189 praedicare;
2688 2135 2812 2173 nam
2850 2130 2903 2173 et
2940 2134 3037 2189 per
3068 2119 3457 2175 abscissionem
3484 2122 3594 2193 (19)

2036 2210 2223 2280 capitis
2243 2210 2362 2279 ejus
2388 2212 2489 2265 hoc
2514 2225 2634 2265 esse
2656 2211 2972 2277 indicatum,
3001 2210 3145 2280 quod
3172 2212 3423 2266 omnibus
3448 2213 3596 2283 prio.

2036 2302 2186 2357 ribus
2212 2311 2266 2356 et
2298 2302 2670 2372 superioribus
2698 2301 2816 2371 ejus
2847 2302 3126 2369 abscissis,
3156 2302 3455 2371 posteriora
3478 2304 3594 2358 sola

2035 2393 2295 2451 servanda
2326 2394 2452 2447 sint.
2478 2392 2559 2448 Ad
2582 2393 2696 2447 hate
2722 2394 2887 2463 igitur
2914 2394 3101 2460 nobis,
3129 2407 3162 2446 ο
3191 2394 3596 2466 religiosissime

2033 2483 2318 2548 Archelae,
2345 2483 2535 2553 paucis
2562 2483 2832 2551 rescribe;
2868 2484 3049 2538 audivi
3073 2484 3217 2539 enim
3253 2500 3362 2539 non
3389 2486 3597 2541 medio-

2033 2576 2195 2633 criter
2219 2575 2317 2631 tibi
2337 2590 2457 2631 esse
2485 2577 2541 2629 in
2565 2574 2765 2629 talibus
2797 2577 3033 2633 studium
3057 2594 3071 2630 :
3100 2573 3193 2629 Dei
3216 2576 3361 2630 enim
3389 2577 3593 2631 donum

2033 2674 2135 2736 εδει,
2167 2670 2369 2725 idcirco
2398 2668 2543 2738 quod
2578 2667 2755 2737 dignis
2780 2680 2831 2722 et
2856 2670 3044 2724 amicis
3072 2670 3206 2734 suis,
3238 2670 3449 2740 sibique
3472 2687 3598 2740 prec

2033 2763 2193 2835 positi
2218 2761 2474 2817 societate
2499 2760 2828 2831 conjunctis,
2852 2760 2993 2818 Deus
3018 2764 3183 2819 donat
3208 2763 3321 2818 haec
3346 2780 3593 2821 munera.

2032 2854 2290 2912 Nostrum
2326 2855 2468 2910 enim
2513 2863 2595 2910 est
2626 2856 2963 2927 preposilum
2993 2871 3297 2925 przeparare
3327 2866 3380 2909 et
3408 2858 3594 2926 proxi-

2034 2965 2153 3005 mos
2186 2948 2301 3003 fieri
2331 2948 2573 3018 benignae
2597 2962 2660 3002 ac
2682 2945 2834 3000 diviti
2873 2948 3038 3000 menti
3064 2948 3208 3017 ('30),
3249 2958 3301 3003 et
3334 2949 3595 3003 continuo

2033 3039 2102 3095 ab
2133 3054 2195 3094 ea
2243 3039 2548 3110 largissima
2594 3049 2820 3091 munera
2869 3039 3275 3108 consequimur.
3329 3038 3597 3105 Quoniam

2034 3148 2161 3202 ergo
2189 3132 2243 3186 in
2271 3132 2338 3188 iis
2366 3141 2492 3187 voto
2516 3139 2568 3185 et
2598 3131 2877 3201 proposito
2900 3146 3020 3187 meo
3049 3132 3317 3187 sermonis
3343 3147 3451 3185 non
3482 3130 3598 3185 suf-

2036 3225 2147 3279 ficit
2179 3225 2413 3280 eruditio
2451 3225 2694 3285 (idiotam
2732 3224 2876 3277 enim
2908 3238 2993 3277 me
3032 3238 3152 3278 esse
3195 3224 3497 3290 confiteor),
3529 3224 3596 3276 ad

2033 3325 2084 3371 te
2110 3317 2258 3381 misi,
2283 3316 2426 3370 sicut
2450 3317 2648 3386 saepius
2676 3317 2810 3381 dixi,
2836 3316 3150 3387 quaestionis
3182 3316 3342 3385 hujus
3377 3317 3596 3369 solutio-

2031 3423 2155 3464 nem
2182 3407 2551 3478 plenissimam
2585 3402 2921 3478 recepturus.
2969 3406 3261 3462 lncolumis
3290 3407 3421 3461 mihi
3457 3416 3593 3472 esto,

2032 3498 2192 3555 Pater
2215 3500 2657 3567 incomparabilis
2690 3511 2745 3556 et
2781 3498 3137 3555 honorabilis.

2106 3590 2240 3646 XLI.
2280 3590 2510 3661 Accepta
2551 3591 2651 3647 hac
2691 3590 2937 3661 epistola,
2963 3588 3259 3643 Archelaus
3298 3588 3597 3643 admiratus

2032 3692 2115 3737 est
2136 3682 2375 3737 hominis
2403 3683 2718 3750 audaciam;
2760 3681 2851 3738 sed
2891 3680 3106 3735 interim
3144 3679 3363 3736 Diodori
3398 3679 3597 3753 allega-

2034 3774 2295 3838 tionibus,
2328 3784 2498 3827 utres
2557 3774 2819 3827 suadebat
2856 3773 3034 3826 celere
3074 3770 3205 3825 dare
3241 3786 3594 3840 responsura,

2036 3864 2298 3918 continuo
2328 3863 2545 3933 scripsit
2575 3863 2680 3918 hoc
2714 3864 2892 3918 modo.

2091 3971 2399 4012 ARCKELAUS
2429 3970 2660 4011 DIODORO
2687 3970 3024 4011 PBESBYTERO
3053 3970 3194 4010 PILIO
3223 3969 3542 4012 HONORABILI

2605 4061 2849 4101 διιιιτειι
2881 4047 3014 4119 (21).

2103 4135 2352 4205 Acceptis
2383 4135 2576 4191 litteris
2607 4136 2733 4203 tuis,
2760 4136 2912 4190 valde
2940 4138 3161 4207 gavisus
3186 4152 3330 4202 sum,
3357 4135 3596 4193 dilectis-

2034 4227 2190 4283 sime.
2239 4226 2480 4298 Cognovi
2528 4236 2709 4282 autem
2760 4227 2905 4297 quod
2947 4227 3030 4282 vir
3074 4228 3174 4283 iste
3213 4229 3305 4299 qui
3340 4237 3464 4281 ante
3494 4228 3598 4285 hos

2033 4323 2152 4379 dies
2180 4322 2247 4377 ad
2274 4338 2360 4377 me
2388 4331 2630 4389 venerat,
2665 4330 2718 4377 et
2743 4320 3026 4375 scientiam
3055 4323 3216 4375 aliam
3253 4332 3595 4393 praeteream

2036 4428 2159 4482 qua:
2184 4413 2483 4483 apostolica
2512 4421 2595 4467 est
2619 4420 2671 4467 et
2704 4409 3093 4477 ecclesiastica,
3127 4413 3469 4468 introducere
3502 4430 3600 4467 cu-

369 4502 726 4574 glorificatum
756 4511 858 4570 est,
885 4504 1026 4574 quod
1056 4502 1349 4574 gloriosum
1390 4503 1592 4558 factum
1631 4513 1713 4559 est
1745 4505 1797 4558 in
1832 4504 1935 4559 hac
1965 4499 2010 4558 D
2036 4505 2236 4574 piebat,
2278 4504 2345 4559 ad
2388 4513 2440 4559 te
2481 4519 2698 4574 quoque
2747 4505 2994 4572 venerit;
3036 4520 3196 4574 quem
3239 4505 3455 4574 quidem
3498 4519 3599 4574 ego

370 4603 542 4664 parte,
578 4604 794 4664 propter
824 4610 943 4651 eam
993 4612 1113 4666 qua:
1175 4593 1535 4667 supereminet
1585 4596 1807 4666 gloriam
1838 4613 1852 4648 :
1885 4594 1932 4649 si

368 4686 514 4741 enim
541 4685 685 4756 quod
719 4688 1027 4742 destruetur
1052 4704 1147 4756 per
1173 4688 1399 4756 gloriam
1434 4697 1535 4753 est,
1566 4687 1736 4741 multo
1761 4686 1933 4756 magis

368 4777 515 4847 quod
544 4788 748 4844 manet,
779 4779 831 4832 in
859 4779 1028 4849 gloria
1052 4789 1136 4834 est
1158 4779 1223 4834 ".
1254 4798 1275 4832 ι
1297 4779 1399 4835 Sed
1423 4781 1528 4834 hoc
1547 4779 1764 4849 quidem
1791 4778 1935 4833 sicut

2038 4610 2145 4648 non
2193 4594 2412 4658 admisi,
2454 4594 2507 4647 in
2542 4593 2794 4664 prtesenti
2824 4595 2967 4649 enim
3012 4595 3169 4649 nobis
3199 4593 3601 4663 disputantibus

2034 4685 2346 4743 confutatus
2390 4693 2492 4739 est.
2536 4685 2601 4741 Et
2631 4690 2790 4743 velim
2817 4689 3033 4759 quidem
3077 4686 3259 4740 omnia
3305 4703 3425 4756 qua:
3454 4702 3483 4741 a
3512 4701 3601 4740 me

2033 4778 2177 4832 dicta
2202 4785 2350 4841 sunt,
2380 4778 2617 4834 scribere
2646 4780 2764 4847 tibi,
2798 4790 2855 4834 ut
2882 4795 2950 4834 ex
2976 4779 3060 4833 his
3089 4793 3410 4848 agnosceres
3439 4778 3599 4833 ﬁdem

439 4897 481 4927 “
512 4893 696 4950 Matth.
727 4912 780 4960 v,
815 4895 895 4949 17.
945 4898 988 4928 ³⁸
1012 4896 1167 4952 Prov.
1197 4914 1335 4963 xxtt,
1362 4896 1416 4952 2.
1482 4897 1529 4929 ”
1558 4897 1744 4951 Matth.
1778 4912 1833 4960 ν,
1865 4896 1917 4951 5.

2056 4895 2187 4950 Luc.
2214 4912 2325 4963 xw,
2358 4897 2446 4951 55.
2521 4897 2568 4928 ’⁸
2600 4897 2769 4951 Exod.
2797 4912 2893 4960 xu,
2928 4896 3017 4950 55.
3093 4895 3137 4925 ’⁸⁸
3168 4895 3340 4952 Exod.
3366 4911 3479 4960 xxx,
3503 4895 3594 4956 2,4.

369 4962 414 4997 ’⁷
437 4966 570 5021 Luc.
605 4982 676 5030 vt,
707 4967 798 5022 29.
874 4968 917 4998 ’⁸
954 4966 1114 5022 Num.
1146 4985 1234 5032 xv,
1271 4962 1356 5021 δὲ.
1435 4968 1478 4999 ²⁹
1512 4966 1675 5021 Marc.
1711 4982 1771 5029 ιι,
1809 4967 1899 5022 11.

369 5033 416 5068 ³³
443 5035 560 5093 Gal.
589 5051 650 5096 ιι.
677 5037 764 5090 18.
871 5036 915 5068 ³⁵
940 5035 1099 5092 Rom.
1137 5053 1195 5104 ιι,
1225 5038 1314 5092 28.
1391 5037 1437 5068 ³⁸
1475 5035 1631 5090 Rom.
1666 5053 1737 5104 tv,
1763 5038 1820 5091 ‘2.

443 5156 551 5240 (18)
593 5156 844 5226 Vulgata,
887 5175 907 5209 ι
957 5157 1080 5213 fecit
1108 5156 1273 5227 Deus,
1312 5177 1331 5212 ι
1365 5160 1510 5231 quod
1545 5161 1717 5231 magis
1745 5158 1933 5215 Graeco

371 5236 539 5283 textui
575 5243 870 5284 consonum
899 5239 999 5285 est.

443 5297 553 5369 (17)
594 5296 917 5369 Vulgata“
960 5297 1281 5354 Ministratio
1344 5298 1558 5363 mortis,
1603 5299 1796 5354 litteris
1836 5300 1933 5354 de-

372 5367 604 5421 formata
630 5369 683 5439 in
716 5367 1021 5439 lapidibus;
1057 5370 1203 5439 »_sed
1235 5372 1408 5425 nostri
1443 5370 1751 5439 interpretis
1776 5370 1935 5423 lectio

373 5438 645 5559 magiplad
676 5452 894 5494 sensum
929 5437 1104 5493 Graeci
1148 5453 1256 5508 quo
1286 5455 1432 5496 nunc
1479 5437 1707 5506 utimur,
1755 5449 1935 5497 textus

373 5523 513 5559 accea
540 5524 553 5559 1
585 5547 600 5559 .

373 5516 600 5562 accedit.

444 5577 555 5648 (18)
596 5574 742 5648 [ιιΓι-ει
771 5592 889 5646 cap.
926 5576 996 5630 42
1021 5576 1202 5638 habet,
1245 5596 1263 5629 ι
1293 5577 1559 5637 aboletur.
1602 5597 1621 5632 ι

444 5645 554 5718 (19)
594 5645 653 5701 1ιι
707 5645 1010 5711 Casinensi,
1074 5666 1092 5699 ι
1147 5663 1269 5701 nam
1329 5657 1383 5703 et
1443 5650 1853 5705 abscissionem.
1907 5666 1927 5698 ι

373 5718 601 5782 omissa,
645 5725 703 5788 ut
734 5725 896 5788 patet,
927 5719 1309 5787 praepositione
1343 5737 1361 5769 ι
1403 5734 1517 5788 per.
1549 5739 1567 5773 ι
1610 5718 1714 5775 Sed
1744 5729 1797 5774 et
1829 5718 1932 5788 legi

373 5796 568 5857 potest,
608 5804 626 5838 ι
660 5786 1012 5842 αὺδείεεὶοιιε.
1053 5808 1071 5838 ι

1970 4966 2014 4998 ³⁰
2048 4965 2179 5023 Luc.
2223 4982 2299 5032 vt,
2338 4967 2390 5020 1.

1922 5034 1968 5067 ³⁸
2014 5035 2171 5091 Rom.
2216 5052 2300 5102 ιιι,
2344 5036 2435 5090 20.

2466 4966 2509 4998 ³³
2537 4966 2580 5019 11
2602 4966 2728 5021 Cor.
2775 4984 2856 5029 ιιι,
2888 4967 3037 5019 6-H.
3104 4966 3148 4996 ³³
3182 4965 3213 5024 1,
3231 4967 3357 5021 Cor.
3389 4981 3476 5028 xv,
3506 4964 3595 5019 50.

2538 5038 2581 5068 ³⁷
2610 5036 2767 5092 Joan.
2804 5053 2840 5103 ι,
2861 5037 2952 5092 29.

2108 5155 2219 5228 (20)
2259 5157 2319 5210 In
2361 5155 2662 5228 rCasinensi
2711 5154 3154 5228 codicenlegitur,
3209 5169 3234 5228 ς
3267 5157 3598 5228 praepararet

2036 5218 2316 5299 proximus
2345 5227 2455 5281 fieri
2488 5227 2859 5299 benignaaghac
2892 5218 3042 5299 diviti
3072 5218 3309 5299 menti.)
3432 5218 3595 5299 infra,

2042 5289 2062 5350 ἱ
2100 5298 2321 5352 idiotam
2345 5312 2430 5350 me
2456 5312 2579 5352 esse
2610 5289 2890 5351 conﬁteor.
2931 5314 2949 5347 ι
2980 5292 3082 5348 Sed
3107 5291 3178 5343 ita
3200 5289 3595 5343 emendandum

2035 5383 2178 5450 esse,
2228 5367 2307 5420 uti
2339 5367 2543 5421 editum
2575 5374 2677 5432 est,
2724 5382 2905 5434 nemo,
2958 5374 3017 5420 ut
3060 5360 3332 5424 arbitror,
3384 5358 3596 5415 inﬁcias

2036 5446 2218 5577 meai.)
2241 5507 2391 5563 Hanc
2408 5507 2655 5562 Archelai
2671 5506 2976 5578 epistolam,
2993 5518 3115 5578 cum
3140 5498 3597 5578 subsequentibus

2042 5568 2316 5633 nonnullis
2348 5592 2521 5648 usque
2540 5579 2609 5648 ad
2639 5568 2801 5646 caput
2827 5574 3079 5648 46_hu_jus
3106 5574 3283 5648 operis
3304 5568 3473 5648 edidit
3501 5583 3599 5648 pa-
3689 5615 3704 5635 ,

2043 5650 2174 5702 riter
2217 5662 2280 5701 ex
2309 5639 2494 5703 codice
2534 5639 2786 5703 Bobiensi
2827 5639 3090 5710 Valesius,
3126 5639 3281 5714 cujus
3314 5640 3491 5695 varias
3518 5639 3615 5693 le-L
3684 5680 3701 5695 ρ

2042 5718 2247 5773 ctiones
2275 5718 2617 5775 adnotamus.
