3982 6346
451 289 589 345 N95

1460 287 1641 343 ACTA
1679 285 2200 345 DISPUTATIONIS
2241 287 2299 343 S.
2339 286 2687 344 ARCHELAI

3551 291 3578 346 l
3590 291 3690 348 Δὶ96

446 407 599 478 ejus;
624 406 719 462 sed
743 408 871 478 quia
898 407 965 462 de
987 406 1200 462 vacanti
1226 403 1341 460 fieri
1368 405 1562 477 poterit
1586 407 1697 479 (22)
1721 408 1846 474 hoc,
1874 423 2018 463 nunc
2047 414 2090 469 Α
2120 408 2198 462 Ita
2232 407 2365 461 mihi
2396 406 2801 478 intelligendum
2823 415 2906 462 est
2931 404 3281 477 magniﬁcum
3301 405 3396 461 Dei
3422 404 3688 462 famulum

446 497 595 567 quod
644 496 830 563 instat,
878 497 1067 566 paucis
1120 494 1449 565 respondere
1495 497 1592 551 tibi
1638 497 2012 551 necessarium

447 588 601 651 duxi,
632 587 698 643 ad
729 603 793 643 ea
830 602 951 658 quae
993 585 1127 642 mihi
1172 585 1438 657 scripsisti
1471 585 1617 657 quod
1644 588 1713 641 ab
1747 587 1841 641 illo
1871 586 2015 642 dice-

446 688 657 735 rentur.
690 676 821 732 Erat
848 693 979 748 ergo
1009 678 1060 733 ei
1094 693 1371 733 summum
1400 678 1637 734 studium
1674 677 1810 750 (25),
1840 678 2015 749 legem

445 769 617 843 Moysi
648 770 936 826 ostendere
958 784 1065 825 non
1087 785 1205 826 esse
1232 778 1623 825 consonantem
1648 770 1747 843 legi
1776 769 2014 837 Christi;

444 872 499 918 et
532 863 647 918 haec
687 878 755 917 ex
794 861 997 917 nostris
1044 859 1343 932 Scripturis
1385 876 1699 918 asseverare
1752 863 2015 917 tentabat.

444 953 557 1009 Nos
588 969 719 1009 vero
743 968 809 1009 ex
843 954 1032 1009 eadem
1060 953 1176 1024 ipsa
1201 951 1482 1024 Scriptura
1517 970 1623 1008 non
1665 953 1842 1010 solum
1887 970 2019 1009 cou-

444 1045 784 1102 ﬁrmavimus
813 1045 983 1116 legem
1009 1045 1203 1118 Moysi,
1226 1055 1279 1101 et
1299 1045 1482 1100 omnia
1506 1061 1629 1116 quae
1654 1045 1707 1101 in
1731 1062 1794 1101 ea
1818 1045 2017 1117 scripta

444 1148 605 1205 sunt;
637 1153 826 1193 verum
848 1139 1010 1194 etiam
1028 1154 1190 1194 omne
1208 1147 1366 1194 vetus
1389 1136 1796 1196 Testamentum
1820 1156 2019 1196 conve-

443 1230 563 1285 nire
612 1246 754 1285 novo
802 1229 1150 1286 Testamento
1179 1240 1232 1287 et
1284 1246 1587 1287 consonare
1636 1232 2016 1302 probavimus,

444 1337 724 1391 unumque
738 1338 857 1377 esse
872 1330 1100 1379 textum.
1122 1330 1380 1392 tanquam
1397 1324 1442 1377 si
1466 1337 1571 1378 una
1591 1322 1755 1378 vestis
1770 1321 2019 1377 videatur

441 1427 510 1467 ex
534 1414 873 1484 subtegmine
896 1413 1009 1483 (24)
1034 1423 1194 1485 atque
1209 1415 1441 1470 stamine
1465 1430 1585 1470 esse
1609 1423 1880 1470 contexta.
1906 1413 2021 1471 Hoc

443 1507 650 1573 solum,
676 1507 825 1577 quod
849 1506 1011 1561 veluti
1036 1522 1332 1577 purpuram
1357 1506 1604 1563 videmus
1638 1508 1693 1561 in
1725 1517 1893 1572 veste,
1922 1521 2018 1561 no-

441 1612 570 1653 vum
589 1597 995 1655 Testamentum
1018 1598 1073 1652 in
1095 1607 1308 1654 textura
1324 1598 1436 1670 (25)
1453 1599 1650 1655 veteris
1664 1598 2017 1665 Testamenti;

442 1690 670 1760 gloriam
704 1689 850 1745 enim
901 1689 1118 1745 Domini
1165 1691 1222 1745 in
1273 1690 1463 1746 eodem
1512 1692 1858 1762 speculamur
1883 1690 2015 1761 (26).

2121 498 2339 571 Moysen
2390 499 2662 555 invenisse
2684 497 2797 570 (59)
2833 498 3093 570 populum
3128 498 3387 554 alllictum
3421 498 3494 554 ab
3525 497 3690 571 Egy-

2118 591 2267 662 ptiis,
2316 604 2476 660 quem
2528 600 2870 662 assumptum
2912 590 3188 646 nutriebat
3225 591 3282 646 in
3314 590 3535 647 deserto
3572 600 3691 645 tan-

2118 697 2281 751 quam
2305 690 2476 752 pater,
2506 680 2735 736 docebat
2764 688 2822 735 ut
2852 682 3128 751 magister,
3155 682 3376 752 regebat
3403 690 3465 736 ut
3490 691 3687 738 rector.

2116 771 2472 828 Conservavit
2501 772 2782 843 populum,
2827 787 3112 843 usquequo
3140 774 3350 828 veniret
3385 772 3546 842 cujus
3571 783 3690 840 est;

2114 873 2171 919 et
2199 873 2323 934 post
2346 864 2684 935 aliquantum
2715 873 2929 934 tempus
2957 864 3251 920 adveniens
3277 873 3432 935 pater
3453 880 3586 920 oves
3609 881 3693 921 re-

2117 956 2259 1026 cepit
2284 954 2417 1027 (40).
2446 952 2635 1011 Nonne
2660 970 2757 1026 per
2784 956 2965 1010 omnia
2997 955 3355 1010 honorabitur
3379 955 3602 1025 quidem
3626 956 3692 1013 ab

2117 1062 2183 1103 eo
2212 1048 2305 1118 qui
2339 1048 2558 1103 tradidit
2587 1064 2838 1119 gregem;
2876 1047 3195 1117 gloriabitur
3230 1062 3359 1103 vero
3388 1050 3459 1104 ab
3498 1048 3571 1105 iis
3601 1049 3693 1120 qui

2118 1139 2189 1194 ab
2219 1154 2284 1194 eo
2318 1140 2625 1195 conservati
2661 1139 2822 1194 sunt?
2848 1136 2982 1205 Quis
3009 1138 3173 1210 igitur
3201 1140 3275 1194 ita
3306 1139 3509 1196 mentis
3541 1141 3694 1196 insa—

2119 1245 2203 1285 nae
2232 1239 2338 1297 est,
2367 1246 2401 1285 ο
2424 1230 2775 1285 dilectissime
2806 1228 3062 1295 Diodore,
3090 1239 3147 1285 ut
3168 1230 3377 1287 alienos
3405 1247 3441 1286 a
3459 1247 3521 1287 se
3549 1232 3694 1287 dicat

2118 1336 2212 1375 eos
2237 1323 2332 1389 qui
2362 1320 2501 1374 inter
2535 1334 2594 1375 se
2620 1319 2896 1389 conjuncti
2932 1329 3083 1384 sunt,
3114 1320 3207 1390 qui
3240 1335 3339 1390 pro
3367 1336 3427 1375 se
3457 1321 3693 1378 invicem

2118 1412 2533 1482 prophetarunt,
2569 1410 2661 1481 qui
2692 1411 2923 1481 aequalia
2952 1420 3006 1465 et
3036 1411 3138 1466 sibi
3167 1412 3367 1467 similia
3400 1422 3569 1483 atque
3603 1429 3695 1469 eo-

2120 1501 2269 1572 gnita
2293 1501 2429 1573 (4i),
2478 1501 2591 1557 imo
2624 1502 2805 1571 potius
2838 1516 3097 1571 germana
3135 1502 3291 1571 signa
3336 1518 3401 1558 ac
3448 1504 3692 1575 prodigia

2120 1593 2598 1649 demonstrarunt?
2629 1603 2682 1647 et
2714 1594 2891 1664 primo
2928 1592 3149 1664 quidem
3178 1594 3391 1667 Moyses
3418 1597 3489 1651 ad
3521 1613 3694 1667 popu-

2120 1685 2231 1739 lum
2262 1686 2437 1740 dixit:
2483 1706 2501 1737 ι
2535 1685 2862 1757 PrOphetam
2907 1687 3062 1743 vobis
3107 1688 3389 1744 suscitabit
3427 1688 3692 1748 Dominus

439 1781 561 1836 Non
594 1798 725 1854 ergo
751 1782 1115 1852 abjiciendum
1145 1790 1229 1838 est
1251 1782 1530 1853 speculum
1552 1781 1686 1854 (2⁸7)⁹
1711 1797 1833 1837 cum
1859 1782 2017 1838 nobis
2048 1767 2089 1822 Β
2118 1773 2262 1831 Deus
2286 1785 2474 1832 noster
2505 1778 2646 1833 sicut
2673 1793 2759 1832 me
2777 1778 2843 1832 ⁸⁸.
2880 1776 3040 1833 Jesus
3075 1778 3271 1833 deinde
3297 1780 3375 1835 ait
3401 1800 3415 1835 :
3452 1801 3472 1834 ί
3509 1782 3584 1839 De
3607 1799 3692 1841 me

445 1874 621 1944 ipsam
652 1875 944 1943 imaginem
975 1889 1159 1929 rerum
1195 1874 1429 1930 similem
1473 1888 1763 1945 veramque
1792 1874 2017 1929 demon-

441 1973 577 2019 stret
598 1964 745 2036 (28);
778 1964 910 2034 quin
963 1964 1145 2035 potius
1172 1972 1227 2019 et
1256 1979 1324 2020 eo
1364 1964 1600 2035 amplius
1632 1964 2013 2020 honorandum

440 2062 542 2109 est.
573 2052 678 2109 Sed
710 2062 763 2109 et
793 2070 1024 2125 puerum
1055 2057 1151 2126 qui
1173 2055 1242 2111 ad
1268 2055 1522 2112 doctores
1548 2070 1577 2111 a
1596 2056 1888 2128 paedagogo
1902 2055 2014 2127 (29)

439 2146 781 2216 perducitur,
815 2162 941 2202 cum
976 2147 1155 2204 adhuc
1188 2148 1448 2220 parvulus
1474 2157 1577 2215 est,
1615 2148 1861 2219 nunquid
1890 2163 2013 2204 cum

440 2237 507 2292 ad
537 2246 750 2293 aetatem
780 2240 1106 2309 pervenerit,
1141 2238 1479 2297 debonorare
1511 2240 1625 2313 (50)
1659 2247 1877 2312 oportet
1909 2256 2017 2310 p:e-

439 2328 733 2399 dagogum,
764 2338 1046 2400 propterea
1072 2331 1215 2400 quod
1244 2331 1357 2401 jam
1392 2347 1555 2402 Opera
1585 2332 1705 2402 ejus
1735 2348 1843 2387 non
1876 2330 2019 2385 indi-

441 2420 685 2490 get(31),
711 2432 765 2476 et
792 2431 968 2491 potest
988 2422 1139 2478 solus
1162 2422 1275 2492 jam
1306 2425 1423 2480 sine
1449 2424 1569 2496 ejus
1592 2424 1924 2479 adminiculo
1946 2423 2016 2478 ad

441 2511 659 2567 scholas
696 2527 920 2584 pergere
953 2524 1116 2585 atque
1141 2514 1209 2569 ad
1238 2516 1508 2571 auditoria
1545 2516 1875 2586 properare?
1908 2517 2018 2570 Aut

439 2619 665 2659 rursum
699 2605 814 2676 (52)
859 2592 1123 2677 parvulus
1161 2610 1255 2679 qui
1298 2609 1437 2665 lacte
1485 2610 1722 2665 nutritus
1755 2622 1857 2674 est,
1891 2626 2015 2665 cum

438 2696 731 2764 profecerit
754 2698 822 2753 ad
850 2699 1142 2756 validiores
1162 2701 1334 2767 cibos,
1360 2716 1483 2757 cum
1513 2694 1713 2772 injuria
1738 2701 1897 2758 debet
1921 2702 2019 2756 ab-

434 2787 606 2858 jicere
632 2798 797 2861 atque
830 2792 1221 2849 exhorrescere
1262 2794 1494 2849 nutricis
1537 2792 1848 2848 mamillas?
1884 2793 2018 2862 quin

439 2881 623 2949 potius
644 2892 933 2937 veneratur
954 2884 1181 2952 et'colit,
1206 2893 1260 2939 et
1287 2883 1531 2940 beneﬁcii
1556 2884 1642 2939 sui
1665 2883 1880 2939 debitor
1902 2881 2015 2955 (55)

437 2971 656 3031 fatetur.
708 2974 867 3030 Aliud
916 2976 1104 3043 etiam,
1158 2975 1205 3032 si
1259 2977 1497 3042 videtur,
1539 2975 1864 3032 adhibemus
1903 2976 2016 3047 (54)

2116 1866 2261 1921 enim
2292 1864 2504 1939 Moyses
2548 1868 2763 1924 locutus
2807 1878 2891 1924 est
2911 1869 2976 1923 ³³.
3009 1888 3027 1921 ι
3079 1868 3240 1927 Vides
3274 1870 3391 1944 (42)
3417 1878 3691 1943 quomodo

2116 1955 2366 2011 dexteras
2415 1956 2518 2011 sibi
2569 1956 2796 2013 invicem
2844 1958 3086 2024 tradunt,
3115 1962 3366 2030 quamvis
3394 1964 3507 2035 (45)
3557 1967 3692 2023 alter

2115 2049 2402 2118 propheta,
2441 2049 2580 2104 alter
2610 2065 2735 2105 vero
2767 2049 2939 2107 Filius
2974 2052 3043 2106 sit
3082 2052 3351 2120 dilectus;
3394 2056 3527 2111 alter
3552 2058 3688 2116 ﬁde-

2117 2138 2185 2192 lis
2220 2136 2481 2203 famulus,
2508 2140 2647 2195 alter
2672 2156 2802 2195 vero
2828 2139 3092 2197 Dominus
3119 2155 3464 2214 agnoscatur.
3500 2146 3610 2204 Sed
3633 2160 3693 2207 et

2117 2231 2393 2301 quondam
2435 2232 2623 2289 volens
2669 2234 2792 2305 quis
2834 2234 2953 2290 sine
2994 2235 3288 2309 paedagogo
3319 2239 3393 2294 ire
3428 2241 3492 2294 ad
3522 2243 3693 2298 scho-

2114 2323 2218 2391 las,
2251 2339 2361 2378 non
2409 2324 2709 2396 suscipitur
2738 2341 2769 2380 a
2812 2326 3072 2397 magistro
3121 2329 3370 2385 dicente:
3400 2329 3516 2387 Non
3557 2350 3686 2390 eum

2116 2414 2436 2485 suscipiam,
2470 2416 2579 2471 nisi
2620 2418 2889 2487 acceperit
2917 2416 3290 2489 paedagogum.
3318 2419 3453 2487 Quis
3485 2422 3556 2477 sit
3585 2439 3689 2478 au-

2118 2515 2225 2563 tem
2252 2508 2318 2564 de
2359 2524 2470 2580 quo
2498 2509 2719 2577 dicitur,
2755 2508 2991 2566 breviter
3033 2528 3325 2583 exponam.
3369 2512 3539 2569 Homo
3570 2516 3696 2587 qui-

2116 2601 2243 2657 dam
2272 2612 2391 2657 erat
2415 2602 2567 2659 dives
2593 2602 2661 2671 “,
2684 2603 2957 2675 gentiliter
2991 2605 3199 2673 vivens,
3227 2608 3283 2662 in
3325 2608 3499 2662 multa
3528 2608 3683 2664 luxu-

2117 2692 2199 2747 ria
2233 2693 2475 2763 quotidie
2504 2694 2739 2765 degens;
2768 2695 2911 2750 alius
2943 2712 3073 2751 vero
3102 2713 3306 2769 pauper
3341 2708 3462 2754 erat
3484 2700 3695 2757 vicinus

2116 2782 2259 2854 ejus,
2282 2783 2375 2853 qui
2400 2798 2469 2837 ne
2488 2783 2869 2854 quotidianum
2892 2784 3113 2855 quidem
3137 2787 3320 2842 cibum
3346 2799 3563 2859 poterat
3583 2790 3694 2863 (44)

2118 2875 2384 2932 invenire.
2418 2876 2631 2932 Accidit
2662 2886 2960 2948 utrumque
2992 2878 3104 2933 vita
3130 2880 3412 2937 discedere
3439 2883 3579 2937 etin
3604 2882 3693 2937 in-

2116 2966 2328 3022 fernum
2353 2966 2703 3032 descendere,
2749 2976 2803 3023 et
2824 2982 3114 3037 pauperem
3139 2971 3279 3025 mitti
3303 2970 3355 3025 in
3389 2972 3574 3027 locum
3606 2990 3696 3029 re-

437 3067 769 3135 εχειηριυηι,
798 3065 973 3122 nomo
1005 3068 1226 3137 quidam
1258 3068 1557 3138 prujvcmm
1589 3068 1644 3121 in
1669 3075 1867 3123 terram
1890 3083 2014 3123 cum
2064 3137 2069 3138 γ
2120 3057 2288 3127 quiei,
2317 3066 2371 3112 et
2388 3056 2593 3129 reliqua
2610 3072 2731 3128 quae
2747 3058 2908 3113 nosti.
2930 3056 3316 3115 Verumtamen
3332 3063 3694 3120 erantdivitis

437 3159 666 3216 vidisset
690 3158 979 3223 infantem,
1002 3166 1056 3215 et
1078 3159 1192 3230 jam
1225 3160 1572 3214 vehementer
1593 3158 1875 3224 atllictum,
1903 3160 2019 3215 col-
2044 3137 2088 3196 (ἶ
2124 3148 2319 3206 fratres
2341 3149 2681 3221 (ιιιίηιιιιθνεα
2708 3167 2830 3220 tIme
2853 3158 2906 3205 ει
2930 3150 3047 3220 ipse
3070 3162 3277 3222 θεετθι.
3301 3166 3530 3225 agentes
3556 3159 3693 3227 (45).

435 3249 567 3322 legit
603 3266 729 3307 eum
763 3259 817 3307 et
848 3252 1060 3307 nutrire
1092 3249 1235 3322 apud
1273 3266 1331 3308 se
1361 3252 1527 3323 cmpit
1560 3251 1695 3324 (55),
1727 3268 2016 3325 usquequo

438 3340 508 3396 ad
561 3349 775 3397 aetatem
827 3341 1212 3398 adolescentia:
1261 3343 1591 3413 perveniret,
1655 3344 2019 3415 toleravitque

438 3432 755 3502 omnesxqui
789 3433 1008 3489 evenire
1033 3435 1213 3489 solent
1244 3434 1610 3491 nutritoribus
1634 3434 1849 3492 labores
1879 3435 2014 3507 (56).

435 3524 661 3580 Accedit
687 3541 817 3581 vero
851 3537 976 3598 post
1005 3534 1220 3597 tempus
1255 3528 1301 3583 is
1338 3528 1431 3599 qui
1462 3528 1728 3584 naturalis
1755 3527 1805 3583 ei
1840 3527 2018 3584 fuerat

434 3626 611 3687 pater,
636 3618 915 3688 requirere
948 3633 1197 3686 puerum,
1223 3628 1277 3673 et
1304 3619 1508 3673 invenit
1534 3633 1659 3674 eum
1689 3618 1827 3689 apud
1856 3619 2009 3674 illum

437 3706 531 3776 qui
568 3707 836 3762 nutrierat
860 3707 997 3780 (57).
1035 3706 1176 3775 Quid
1205 3707 1368 3764 faciat
1412 3709 1501 3763 hic
1536 3723 1693 3779 puer,
1731 3718 1885 3779 patre
1916 3724 2012 3765 co-

437 3797 624 3867 gnito?
655 3800 723 3855 de
752 3799 904 3870 justo
928 3801 1075 3856 enim
1110 3817 1281 3872 puero
1313 3798 1447 3856 mihi
1480 3814 1662 3855 sermo
1688 3808 1791 3856 est.
1823 3798 2016 3856 Nonne

436 3887 627 3944 multis
652 3888 815 3945 donis
842 3901 1128 3946 munerato
1154 3907 1220 3947 eo
1243 3892 1336 3962 qui
1362 3906 1421 3948 se
1450 3889 1799 3969 educaverat,
1832 3890 2015 3961 sequi-

437 3990 527 4035 tur
548 3981 851 4036 naturalem
875 3991 1083 4052 patrem
1111 4000 1211 4056 pro
1233 3993 1482 4055 respectu
1509 3985 1622 4055 (58)
1654 3984 2017 4040 hereditatis?

2119 3244 2239 3299 sine
2280 3242 2467 3307 dubio,
2513 3257 2635 3313 quae
2665 3242 2813 3298 domi
2851 3259 2881 3297 a
2917 3244 3010 3298 tali
3047 3244 3308 3314 magistro
3343 3248 3691 3306 didicissent.

2119 3334 2352 3406 Rogavit
2382 3334 2534 3390 dives
2580 3333 2744 3390 simul
2778 3350 2888 3389 uno
2918 3343 3158 3408 tempore
3187 3346 3247 3392 ut
3273 3339 3544 3395 edisceret
3578 3356 3695 3397 ma-

2112 3427 2289 3497 jorem
2319 3426 2661 3494 doctrinam;
2696 3427 2969 3482 Abraham
3015 3444 3144 3484 vero
3187 3430 3388 3497 sciens,
3424 3434 3691 3503 quoniam

2119 3520 2301 3574 adhuc
2329 3518 2574 3589 indigent
2602 3520 2916 3591 paedagogo,
2945 3520 3021 3573 ait
3041 3520 3090 3574 ei
3121 3540 3135 3576 :
3176 3541 3195 3573 ι
3232 3520 3446 3579 Habent
3466 3525 3691 3598 Moysen

2118 3623 2172 3669 et
2201 3613 2511 3683 prophetas.
2554 3631 2574 3665 ι
2626 3611 2683 3666 Si
2729 3613 2875 3667 enim
2926 3612 3047 3667 illos
3078 3629 3184 3667 non
3219 3618 3583 3686 susceperint,
3633 3629 3692 3674 ut

2115 3705 2274 3761 abeo
2318 3704 2465 3759 velut
2510 3704 2805 3776 paedagogo
2851 3707 3240 3777 gubernentur,
3288 3723 3395 3763 non
3429 3721 3691 3779 poterunt

2114 3797 2341 3867 majoris
2376 3795 2627 3867 magistri
2666 3812 2859 3867 capere
2884 3799 3209 3856 doctrinam.

2186 3887 2347 3944 XLII.
2386 3886 2491 3943 Sed
2520 3898 2573 3943 et
2601 3890 2667 3942 de
2694 3887 2817 3944 aliis
2858 3891 3222 3955 sermonibus,
3257 3901 3319 3947 ut
3351 3902 3565 3962 potero,
3596 3908 3691 3946 ex-

2118 3996 2340 4053 pOnam,
2384 3979 2437 4035 id
2471 3986 2577 4047 est,
2609 3980 2755 4051 quod
2790 3995 2899 4036 non
2936 3984 3211 4038 contraria
3254 3982 3425 4056 Moysi
3473 3984 3690 4041 locutus

508 4113 554 4147 ³⁸
586 4112 744 4171 Deut.
776 4131 929 4183 xvnt,
964 4116 1053 4173 18.
1128 4118 1172 4151 ⁸⁸
1206 4117 1363 4174 Joan.
1390 4135 1444 4187 v,
1473 4119 1562 4175 46.
1640 4120 1687 4153 ⁸ο
1720 4120 1853 4179 Luc.
1887 4139 1996 4192 xvr,
2026 4121 2114 4177 I9.

534 4253 626 4381 22)
665 4256 800 4313 Cod.
835 4256 1141 4340 Bobiensis,
1183 4276 1202 4311 ι
1231 4256 1345 4312 tleri
1381 4266 1577 4342 potest.

534 4327 597 4378 25
654 4326 788 4381 Cod.
826 4327 1129 4381 BobienSIs.
1170 4347 1189 4380 ι
1225 4344 1384 4381 suum
1420 4330 1577 4381 studn

530 4326 620 4394 25)
654 4326 788 4384 Cod.
826 4327 1129 4394 Bobiensis,
1170 4347 1189 4380 ι
1225 4326 1397 4383 ειιιιηῐ
1420 4329 1681 4385 studium.
1720 4350 1739 4383 ι

2202 4257 2304 4327 [54)
2344 4255 2643 4322 Bubiensis,
2682 4272 2702 4308 ι
2736 4254 3110 4312 adhibeamus.
3142 4277 3163 4310 ι

2212 4328 2305 4409 55)
2344 4328 2489 4382 Idem
2539 4327 2731 4394 codex,
2792 4344 2810 4377 ι
2846 4328 3054 4398 conigit
3096 4336 3151 4382 et
3180 4329 3388 4386 nutrire
3433 4330 3582 4402 apud
3630 4347 3689 4389 se

528 4386 623 4468 24)
659 4396 728 4471 ln_
744 4397 1028 4471 Casinensi
1056 4386 1161 4471 est.
1188 4418 1209 4471 ι
1241 4415 1308 4453 ex
1334 4399 1657 4471 subtemine,
1680 4411 1732 4457 et
1758 4416 1878 4471 quae
1898 4411 2012 4457 sta-
2044 4464 2079 4471 _
2116 4386 2384 4471 quaerit.)

436 4464 611 4522 mine.
642 4487 662 4519 ι
696 4467 802 4524 Sed
825 4485 925 4525 nos
945 4468 1230 4526 Bobiensis
1258 4470 1380 4525 cod.
1413 4464 1698 4526 lectionem
1730 4464 2010 4527 meliorem
2044 4464 2088 4521 D
2134 4464 2151 4471 ’
2189 4469 2302 4539 (56)
2344 4467 2490 4523 Idem
2524 4467 2718 4533 codex,
2774 4485 2794 4519 ι
2824 4468 2919 4539 qui
2959 4469 3140 4525 venire
3168 4469 3348 4526 solent
3377 4472 3687 4530 nutricibus

438 4552 560 4591 esse
594 4539 930 4595 censuimus.

509 4606 623 4676 (25)
663 4608 835 4664 Codd.
869 4609 1055 4666 Casin.
1088 4618 1143 4665 et
1172 4610 1329 4675 Bob.,
1373 4630 1391 4661 ι
1421 4609 1474 4665 in
1506 4616 1795 4667 texturam.
1834 4631 1853 4665 ι

510 4677 622 4747 (26)
662 4678 1073 4758 Corruptusest
1106 4681 1215 4758 hoc
1250 4681 1305 4734 in
1343 4680 1465 4758 loco
1499 4679 1784 4739 Bobiensis
1811 4683 2005 4752 codex,

436 4763 607 4819 quem
629 4763 739 4819 non
769 4760 913 4806 recte
944 4749 1191 4807 Valesius
1220 4752 1477 4806 correxit.

509 4816 620 4889 (2'7)
647 4818 977 4895 _Casinensis
1007 4835 1117 4895 non
1138 4830 1308 4895 recte,
1348 4841 1367 4874 ι
1406 4822 1689 4895 speculum
1722 4823 1883 4880 nobis
1912 4841 2009 4895 per

437 4889 611 4958 ipsam
646 4889 959 4959 imaginem.
994 4911 1013 4942 ι
1047 4890 1153 4947 Sed
1187 4892 1381 4947 melior
1410 4889 1516 4949 alia
1546 4892 1830 4950 Bobiensis
1852 4889 2006 4951 θοὶίὶ-

442 4960 524 5015 cis
559 4959 741 5024 lectio,
766 4975 929 5029 quam
961 4965 1131 5017 secuti
1165 4978 1378 5018 sumus.

510 5030 601 5098 (28
663 5029 963 5090 Bobiensis.
1001 5051 1019 5082 ι
1051 5034 1459 5091 demonstrarit.
1492 5052 1510 5087 ι

510 5030 622 5171 (29)
662 5099 728 5155 Et
753 5101 840 5155 hic
862 5101 1053 5156 melior
1074 5101 1360 5159 Bobiensis
1391 5106 1510 5160 codi

507 5099 621 5171 (29)
662 5099 728 5172 Et
753 5101 840 5155 hic
862 5101 1053 5156 melior
1074 5101 1360 5159 Bobiensis
1391 5104 1597 5160 codicis
1629 5105 1828 5172 lectio;
1877 5122 2004 5161 nam

436 5169 967 5247 Casjnensishallet,
989 5191 1024 5247 _c
1055 5173 1150 5247 qui
1183 5190 1213 5228 a
1246 5173 1469 5247 doctore
1500 5175 1568 5230 iis
1594 5191 1625 5230 a
1656 5169 2001 5247 paedagogo.»

506 5240 599 5311 (50
661 5240 840 5297 Codex
870 5240 1175 5305 Bobiensi's,
1209 5262 1227 5296 ι
1259 5244 1639 5300 dehonestare.
1656 5240 1699 5297 ἰ

507 5244 621 5383 (Sil
658 5312 844 5368 Codex
869 5313 1204 5378 Casinensis,
1244 5333 1262 5367 ι
1295 5323 1527 5383 oportet,
1556 5324 1608 5370 et
1631 5331 1699 5383 pa

507 5312 619 5383 (51)
658 5312 844 5368 Codex
869 5313 1204 5386 Casinensis,
1244 5333 1268 5386 ι
1295 5323 1527 5386 oportet,
1556 5324 1612 5386 et
1631 5315 2001 5386 paedagogum,

431 5392 654 5452 propter
679 5386 946 5456 quodgore
964 5383 1098 5456 ejus
1123 5399 1231 5439 non
1259 5383 1481 5456 indiget.
1518 5404 1536 5436 ι
1574 5383 1644 5439 Et
1671 5383 1834 5456 paulo
1857 5383 2001 5456 post,

438 5470 457 5503 ι
495 5462 660 5523 atque
683 5454 1010 5523 plauditoria
1043 5469 1353 5523 properare.
1385 5474 1403 5505 ι
1454 5454 1559 5512 Sed
1592 5454 1692 5512 nos
1718 5454 2005 5513 Bobiéusis

429 5524 636 5579 codicis
664 5525 952 5579 lectionem
980 5524 1372 5593 expressimus.

504 5594 618 5664 (52)
652 5593 958 5664 Bobiensis.
1000 5615 1019 5645 ι
1051 5603 1110 5649 ut
1140 5610 1382 5649 rursum.
1422 5614 1440 5646 ι

506 5663 618 5736 (55)
656 5663 1051 5736 (ξιιβὶιιειιεὶιι-ίι
1087 5665 1409 5722 debitorem.
1453 5686 1471 5719 ι
1508 5665 1688 5736 Forte,
1719 5688 1736 5721 ι
1763 5680 1815 5726 et
1838 5670 2005 5727 bene-

432 5731 540 5788 ticii
570 5749 629 5790 se
660 5733 960 5791 debitorem
989 5735 1205 5791 fatetur.
1242 5756 1260 5787 ι

2111 4542 2349 4596 labores.
2386 4557 2405 4591 ι

2182 4610 2295 4690 (57)
2339 4609 2482 4663 Idem
2515 4607 2709 4689 codex,
2743 4626 2763 4660 ι
2786 4608 2996 4690 accidit
3024 4626 3155 4665 vero
3182 4619 3320 4690 post
3347 4621 3598 4690 tempus,
3631 4627 3689 4673 ut

2111 4682 2157 4737 is
2192 4680 2305 4750 qui,
2338 4690 2469 4740 etc..
2503 4680 2803 4748 requireret
2825 4695 3073 4749 puerum,
3105 4690 3159 4736 ct
3181 4680 3449 4737 inveniret
3469 4680 3629 4741 cum.
3660 4705 3680 4739 ι

2181 4752 2294 4823 (58)
2333 4751 2525 4823 Codex
2558 4750 2863 4823 Bobiensis,
2905 4767 2924 4800 ι
2968 4762 3174 4819 patrem
3216 4765 3530 4823 prospectu.
3561 4776 3584 4809 ι
3618 4756 3688 4814 Et

2111 4820 2318 4885 mox}
2346 4821 2482 4891 mihi
2517 4820 2751 4891 intellige
2786 4824 3153 4891 magnificum.
3197 4841 3217 4873 ι

2184 4892 2299 4964 (59)
2332 4890 2476 4964 Male
2496 4890 2832 4964 Casiniensis,
2859 4890 3142 4947 (venisse.
3172 4911 3192 4944 ι

2182 4961 2295 5033 (40)
2331 4961 2617 5016 Bobiensis
2644 4961 2826 5023 habet,
2862 4980 2880 5011 ι
2914 4971 3176 5032 tanquam
3205 4972 3358 5031 pater
3387 4964 3681 5026 educabat.

2112 5031 2199 5104 Ut
2230 5031 2488 5103 magister
2528 5034 2746 5104 regebat
2789 5041 2843 5086 et
2877 5031 3234 5088 conservabat
3263 5036 3547 5104 populum,
3572 5050 3681 5095 etc.

2116 5049 2184 5087 υι
2230 5049 2488 5103 magister
2528 5049 2746 5156 regebat
2789 5049 2843 5086 et
2877 5049 3234 5088 conservabat
3263 5049 3547 5115 populum,
3572 5050 3681 5095 etc.

2107 5103 2175 5158 Et
2223 5119 2347 5186 cum
2393 5109 2518 5174 post
2565 5110 2902 5186 atquantum
2938 5112 3150 5174 tempus
3195 5105 3491 5162 adveniens
3530 5120 3685 5179 pater

2108 5181 2367 5245 proprias
2388 5188 2516 5245 oves
2543 5181 2764 5245 recepit.
2802 5192 2822 5245 ξ

2182 5245 2296 5315 (41)
2341 5243 2522 5320 Codex
2569 5242 2881 5320 Bobiensis.
2924 5261 2945 5294 ι
2981 5243 3075 5314 qui
3109 5243 3337 5320 :equalia
3387 5258 3555 5320 atque
3584 5263 3685 5307 co-

2110 5313 2293 5387 gnata.
2321 5333 2354 5387 )_
2367 5313 2574 5387 Mox“
2614 5315 2680 5387 ad
2709 5313 2965 5387 populum
2988 5313 3366 5387 ;’pr0phetam.
3401 5335 3423 5369 ι

2181 5385 2294 5458 (42)
2336 5383 2475 5458 Male
2502 5383 2819 5458 Casinensis
2856 5383 3052 5452 codex,
3091 5383 3308 5441 (unde.
3346 5405 3370 5440 ι

2180 5455 2293 5526 (45)
2335 5455 2473 5526 Male
2501 5455 2835 5526 Casineusis,
2872 5474 2891 5506 ι
2924 5470 3109 5524 quam.
3141 5474 3162 5507 ι

2180 5464 2272 5526 (45
2335 5464 2473 5509 Male
2501 5464 2835 5520 Castneusts,
2872 5474 2891 5506 ι
2924 5470 3109 5524 quam.
3141 5474 3162 5507 ι

2179 5464 2293 5599 (44)
2326 5525 2507 5599 Codex
2538 5524 2839 5599 liobiensis,
2870 5544 2889 5576 ι
2928 5535 3125 5595 potest,
3157 5544 3175 5579 ι
3205 5526 3345 5583 mala
3379 5529 3562 5586 lectio.

2181 5593 2295 5669 (45)
2328 5596 2512 5671 Codgx
2532 5593 2857 5671 ABobiensis,
2894 5593 3006 5650 (et
3042 5612 3107 5651 ea
3130 5614 3250 5671 qua:
3282 5601 3398 5668 ipse
3434 5608 3680 5671 gesserat

2110 5664 2349 5744 agentes.
2384 5685 2402 5719 ι
2439 5664 2506 5744 Et
2531 5665 2743 5744 infra,_c
2776 5664 3387 5744 uno‘tempore'discere
3411 5664 3675 5744 majorem

2110 5736 2411 5795 doctrinam
2448 5738 2516 5793 ab
2543 5736 2840 5794 Abraham.
2872 5736 3145 5794 Abraham
3177 5754 3328 5795 vero.
3364 5760 3384 5794 ι
