3982 6346
309 299 440 354 Η9¹1

1404 289 1548 349 CUM
1585 290 1866 346 MANETE
1907 290 2434 350 HERESIARCHA.

3401 290 3535 347 1198

307 429 384 473 est
411 416 571 474 Jesus
597 426 687 471 aut
716 414 842 470 fecit
872 413 1005 486 (16).
1036 410 1278 466 Primum
1303 411 1444 482 quod
1475 413 1569 477 ait,
1596 431 1615 465 ‹
1642 411 1872 468 Oculum
1901 417 1947 472 Α
1975 413 2098 483 quis
2125 431 2138 468 ε
2173 411 2290 469 Non
2325 422 2408 470 est
2439 428 2567 484 ergo
2595 413 2797 468 bonum
2830 413 3141 468 renuntiare
3175 410 3397 466 divitiis.
3426 411 3534 466 Bo-

307 522 402 575 pro
418 507 598 572 oculo,
616 507 828 562 dentem
853 519 949 576 pro
965 505 1122 560 dente
1142 503 1210 571 ⁸¹,
1233 524 1251 556 ι
1274 504 1376 560 hoc
1399 504 1511 577 (47)
1526 504 1730 573 justum
1754 514 1866 569 est;

307 597 450 666 quod
509 607 684 651 autem
743 612 944 652 caesum
1013 605 1267 666 prmstare
1319 596 1473 666 jubet
1530 604 1584 650 et
1643 597 1869 652 alteram

309 689 600 755 maxillam,
631 689 735 743 hoc
774 689 993 744 bonitas
1035 696 1141 744 est.
1169 688 1420 758 Nunquid
1457 689 1664 759 justitia
1712 689 1871 744 boni-

309 780 400 835 tati
431 781 700 835 contraria
739 782 860 836 est?
887 780 1039 836 Absit
1081 780 1227 851 (48)!
1260 781 1533 852 profectus
1574 791 1754 836 autem
1786 789 1869 836 est

305 872 370 926 de
397 873 605 943 jnstitia
635 874 699 927 ad
732 873 1046 928 bonitatem.
1097 873 1161 928 Et
1190 889 1382 928 rursus
1427 891 1440 928 :
1479 892 1498 925 ι
1539 873 1744 944 Dignus
1786 882 1870 930 est

306 964 587 1031 operarius
616 964 862 1020 mercede
897 979 994 1019 sua
1027 963 1092 1018 ⁸³.
1134 983 1152 1015 ι
1201 963 1353 1029 Quod
1391 963 1436 1019 si
1478 965 1710 1018 voluerit
1745 965 1868 1034 quis

305 1054 548 1110 fraudem
594 1057 788 1122 facere,
819 1056 961 1127 exigi
997 1057 1066 1110 ab
1099 1071 1164 1110 eo
1205 1056 1293 1110 illa
1335 1072 1455 1126 quae
1493 1073 1588 1128 per
1620 1057 1865 1112 fraudem

303 1146 658 1218 interceperat
705 1149 838 1220 (A9),
889 1148 1254 1217 justissimnm
1303 1159 1406 1212 est,
1462 1150 1693 1203 maxime
1743 1164 1867 1204 cum

305 1241 471 1295 multa
499 1242 569 1296 sit
599 1258 824 1297 merces.
861 1240 974 1296 Hoc
1003 1251 1182 1295 autem
1210 1241 1354 1305 dico,
1381 1241 1598 1311 quando
1625 1240 1864 1312 Egyptii

303 1332 607 1401 adﬂigebant
636 1334 772 1388 tilios
806 1333 969 1389 Israel
1010 1348 1108 1404 per
1151 1349 1376 1403 cperunt
1411 1335 1780 1404 compulsores
1811 1335 1864 1388 in

303 1423 563 1494 ﬁngendis
613 1425 913 1494 lateribus,
956 1426 1100 1496 quod
1150 1441 1274 1479 cum
1324 1424 1604 1494 suppliciis
1650 1423 1864 1497 Moyses

301 1521 471 1568 totum
498 1515 697 1584 pariter
729 1517 870 1569 intra
905 1532 1072 1570 unum
1103 1525 1434 1570 momentum
1469 1519 1728 1586 temporis
1749 1533 1865 1572 exe-

301 1606 394 1677 git.
419 1605 671 1677 Nunquid
710 1609 811 1662 hoc
841 1608 1099 1678 iniquitas
1123 1607 1235 1680 (50)
1264 1609 1579 1679 appellanda
1614 1611 1736 1665 est?
1758 1610 1866 1665 Ab-

301 1698 410 1752 sit!
449 1696 543 1752 llla
575 1714 708 1754 sane
758 1699 1022 1755 bonitatis
1051 1710 1131 1755 est
1178 1700 1504 1756 abstinentia
1553 1700 1689 1772 (51),
1736 1718 1860 1757 cum

1971 519 2124 563 num.
2166 504 2409 573 inquam,
2442 504 2526 560 bis
2559 505 2652 575 qui
2679 516 2934 576 possunt;
2963 505 3055 558 sed
3082 503 3227 558 abuti
3261 502 3371 574 (61)
3399 503 3535 556 divi-

1971 595 2060 650 tiis
2088 595 2154 649 ad
2179 609 2314 665 Opus
2334 594 2559 665 iustitiae
2588 605 2746 664 atque
2780 593 3168 649 misericordite
3197 608 3379 662 parem
3410 607 3535 662 gra-

1969 688 2098 742 tiam
2131 687 2321 742 tribuit
2349 701 2414 741 ac
2448 687 2492 742 si
2524 686 2790 741 universis
2816 687 3018 756 pariter
3061 683 3418 740 renuntietur.
3461 682 3534 737 De

1967 795 2033 835 eo
2079 789 2257 835 autem
2290 780 2436 850 quod
2468 779 2618 843 dicit,
2660 779 2994 833 destructum
3043 793 3162 833 esse
3205 776 3525 839 Sabhatum,

1967 889 2074 928 non
2103 873 2259 943 plane
2284 873 2582 939 destruxit;
2613 873 2726 942 ipse
2772 873 2915 925 enim
2964 870 3225 925 Dominus
3269 869 3380 940 (6‘2)
3415 875 3533 922 erat

1971 962 2192 1019 Sabbati
2218 964 2294 1032 ⁸⁹;
2341 975 2597 1035 tanquam
2627 963 2671 1018 si
2715 963 2898 1033 sponsi
2932 963 3055 1032 quis
3089 961 3401 1017 custodiens
3447 967 3533 1013 to-

1967 1072 2087 1109 rum
2115 1055 2398 1128 diligenter
2419 1065 2752 1110 exstructum
2783 1054 2914 1126 (65),
2932 1070 2961 1108 a
2983 1055 3130 1108 nullo
3153 1055 3258 1108 alio
3275 1062 3530 1108 extraneo

1967 1150 2152 1202 vexari
2206 1150 2290 1204 vel
2327 1149 2566 1220 contingi
2618 1148 2854 1219 patiatur
2904 1147 3040 1216 (61),
3085 1160 3369 1217 usquequo
3417 1147 3532 1215 ipse

1967 1253 2202 1308 Sponsus
2253 1239 2536 1306 adveniat;
2589 1248 2643 1294 et
2691 1255 2816 1295 eum
2864 1237 3172 1303 advenerit,
3218 1247 3389 1293 strato
3429 1252 3531 1293 suo

1968 1333 2108 1388 sicut
2137 1334 2358 1389 libuerit
2387 1344 2592 1400 utatur,
2621 1335 2706 1389 vel
2737 1335 2791 1389 bi
2827 1351 2963 1405 quos
2995 1333 3112 1405 ipse
3138 1351 3320 1390 secum
3353 1335 3532 1404 jusse-

1967 1426 2037 1481 rit
2067 1426 2308 1481 introire.
2342 1425 2733 1481 Testimonium
2761 1428 2924 1482 etiam
2965 1426 3110 1482 dedit
3137 1427 3221 1480 bis
3253 1442 3372 1495 quae
3396 1425 3532 1480 dici-

1967 1535 2109 1583 mus,
2153 1520 2360 1575 cmlesti
2414 1535 2546 1575 voce
2595 1519 2710 1589 ipse
2755 1518 3017 1574 Dominus
3073 1517 3232 1574 Jesus
3280 1517 3530 1573 Christus

1965 1612 2150 1669 dicens
2197 1629 2210 1664 :
2263 1631 2280 1664 ι
2318 1611 2570 1682 Nunquid
2619 1613 2848 1681 potestis
2894 1611 3032 1666 ﬁlios
3069 1611 3256 1682 sponsi
3303 1609 3411 1681 (65)
3444 1609 3528 1664 fa-

1965 1719 2086 1759 cere
2119 1704 2388 1774 jejunare,
2427 1703 2603 1758 donec
2644 1719 2768 1759 cum
2815 1704 2946 1768 ipsis
2992 1711 3076 1758 est
3122 1717 3357 1772 sponsus
3383 1702 3467 1757 ὀἳ
3502 1721 3522 1754 ι

301 1790 472 1844 utitur
497 1792 621 1860 quis
653 1791 950 1862 frugaliter,
981 1793 1303 1847 renuntians
1340 1794 1596 1849 omnibus
1618 1811 1738 1864 qua:
1766 1812 1861 1851 su-
1899 1774 1937 1829 Β
1969 1795 2071 1851 Sed
2103 1794 2573 1851 circumcisionem
2617 1811 2725 1850 non
2771 1795 2989 1866 abiecit,
3029 1794 3160 1864 quin
3203 1796 3381 1865 potius
3415 1795 3532 1866 ipse

298 1883 499 1952 pertlua
534 1894 680 1940 sunt.
711 1884 866 1951 Quod
895 1901 1024 1941 vero
1065 1887 1177 1958 (52)
1207 1887 1260 1940 in
1306 1885 1483 1942 Veteri
1519 1885 1866 1945 Testamento

297 1977 498 2031 dictum
527 1985 651 2046 est;
686 1978 825 2050 «Ego
843 1977 1062 2032 divitem
1095 1977 1234 2033 facio
1254 1988 1308 2033 et
1332 1995 1620 2049 pauperem
1644 1981 1690 2012 ⁸³
1711 2001 1756 2048 ;›
1774 1982 1864 2037 .Ie-

298 2083 395 2123 sus
418 2085 545 2124 vero
591 2069 860 2124 bcatiﬁcat
887 2086 1154 2140 pauperes
1188 2070 1256 2138 ⁸⁸,
1289 2088 1397 2126 ιιοιι
1424 2073 1560 2128 dixit
1587 2076 1866 2130 saecularis

297 2161 614 2215 substantia:
631 2162 740 2230 (55)
757 2177 1038 2232 pauperes,
1062 2163 1152 2218 sed
1173 2179 1436 2234 pauperes
1454 2166 1667 2234 spiritu,
1693 2168 1864 2233 idest,

297 2254 387 2322 qui
421 2249 529 2307 non
569 2255 821 2324 superbia
846 2255 1250 2310 inﬂammantur
1279 2256 1410 2329 (54),
1440 2262 1530 2312 sed
1560 2259 1868 2316 humilitate

297 2361 352 2400 se
372 2346 742 2416 Ittitigatil(55)
761 2357 811 2400 et
828 2346 1109 2415 inclinant,
1140 2363 1244 2402 non
1273 2347 1676 2420 plussapientes
1697 2368 1862 2422 quam

296 2446 508 2505 oportet
541 2452 733 2506 sapere
776 2437 843 2492 ⁸⁵.
879 2437 1053 2504 Quam
1091 2439 1311 2510 quidem
1345 2442 1692 2498 adversarius
1719 2461 1867 2514 quae-

295 2532 524 2586 stionem
571 2548 678 2587 non
727 2542 1094 2602 competenter
1119 2536 1344 2606 aptavit.
1393 2535 1490 2592 llic
1532 2537 1676 2592 enim
1706 2538 1866 2592 video

295 2620 556 2677 etJesum
611 2623 844 2679 libenter
886 2625 1183 2681 intuentem
1233 2629 1462 2683 divitum
1511 2645 1738 2685 munera
1780 2629 1864 2697 ⁸⁶;

295 2730 418 2769 eum
473 2716 527 2769 in
582 2717 970 2788 gazophylacio
1021 2718 1360 2787 otieruntur;
1409 2730 1461 2776 et
1518 2737 1710 2791 parum
1763 2722 1867 2776 hoc

294 2815 379 2859 est
402 2805 536 2875 (56),
567 2807 614 2860 si
648 2822 678 2860 a
707 2807 836 2861 solis
859 2806 1118 2861 divitibus
1140 2809 1193 2863 in
1225 2810 1610 2881 gazophylacio
1640 2827 1866 2866 munera

295 2896 597 2951 oﬂ'eruntur
628 2897 772 2968 (57);
812 2899 922 2952 imo
967 2915 1092 2954 vero
1129 2902 1292 2954 etiam
1341 2901 1450 2956 duo
1490 2902 1701 2957 minuta
1733 2919 1866 2972 pau-

293 2988 528 3058 percula:
552 2989 728 3044 viduae
750 2990 981 3043 libenter
1006 2990 1402 3060 suscipiuntur,
1422 2992 1476 3045 in
1500 3008 1609 3062 quo
1630 2994 1864 3064 amplius

296 3081 520 3150 aliquid,
565 3098 720 3152 quam
765 3083 908 3152 quod
949 3081 1162 3154 Moyses
1209 3093 1539 3154 praeceperat
1584 3085 1651 3140 de
1684 3086 1858 3141 susci—

295 3171 491 3244 pienda
526 3172 754 3242 pecunia
784 3172 1210 3228 demonstratur.
1239 3171 1330 3227 ille
1359 3173 1504 3227 enim
1553 3173 1622 3227 ab
1657 3173 1742 3229 his
1770 3176 1863 3244 qui

295 3264 567 3318 habebant
613 3262 913 3332 accipiebat
957 3262 1110 3335 (58);
1150 3263 1237 3318 hie
1267 3273 1445 3318 autem
1479 3265 1675 3334 accipit
1702 3267 1866 3320 etiam

293 3355 470 3412 abhis
503 3357 594 3426 qui
625 3371 732 3410 non
768 3355 984 3411 habent.
1015 3357 1141 3424 Sed,
1161 3357 1255 3425 ait,
1277 3357 1538 3427 scriptum
1562 3366 1647 3414 est
1672 3377 1684 3412 :
1709 3379 1727 3410 ι
1751 3357 1867 3414 Nisi

294 3447 420 3516 quis
455 3448 845 3502 renuntiaverit
875 3449 1131 3505 omnibus
1170 3465 1292 3518 quae
1327 3449 1590 3518 possidet,
1623 3465 1729 3504 non
1769 3466 1865 3520 po-

294 3547 401 3593 test
445 3555 598 3594 meus
635 3555 756 3595 esse
786 3540 1086 3610 discipulus
1117 3541 1183 3595 ⁸⁷.
1224 3561 1242 3593 ι
1271 3542 1508 3596 Rursum
1543 3542 1700 3597 video
1732 3557 1864 3597 cen-

293 3634 589 3695 turionem,
625 3633 782 3686 valde
815 3634 1034 3688 divitem
1068 3641 1122 3688 et
1163 3634 1406 3689 saeculari
1443 3634 1724 3704 prreditum
1764 3649 1862 3704 po-

296 3734 532 3790 testate,
573 3725 733 3779 ﬁdem
788 3726 989 3781 habere
1043 3727 1330 3796 plusquam
1375 3741 1592 3781 onmem
1644 3725 1863 3782 Israeli-

296 3825 408 3870 tam
430 3817 477 3850 ⁸⁸
509 3835 524 3884 ;
550 3827 609 3870 ιιι
637 3817 680 3871 si
709 3817 833 3887 quis
860 3817 958 3872 fuit
984 3818 1295 3886 (59),etiam
1321 3818 1414 3887 qui
1458 3818 1864 3873 renuntiaverat

295 3925 324 3964 a
353 3911 670 3964 centurione
693 3920 982 3981 superatur
1016 3910 1070 3962 in
1108 3909 1230 3964 tide.
1259 3907 1363 3964 Sed
1393 3908 1536 3964 dicet
1560 3908 1669 3980 (60)
1703 3910 1863 3966 nobis

367 4003 409 4036 ιι
447 4002 633 4058 Matth.
667 4021 719 4064 ν,
751 4004 840 4057 52.
941 4004 987 4036 ιι
1015 4002 1202 4056 Matth.
1239 4020 1294 4069 χ,
1329 4004 1414 4058 ιο.

293 4073 384 4128 41.
461 4073 502 4105 ⁸⁷
521 4075 651 4128 Luc.
682 4091 794 4137 xlv,
819 4075 908 4130 55.

295 4160 458 4208 xxm,
503 4145 553 4198 7.
629 4145 676 4176 ⁸³
704 4144 893 4199 Matth.
929 4160 983 4212 v,
1017 4144 1071 4199 8.
1169 4144 1214 4175 ⁵⁸
1251 4143 1439 4199 Matth.
1466 4161 1562 4211 vn,
1594 4145 1680 4199 12.

371 4237 480 4306 (46)
512 4236 650 4291 Male
685 4237 1021 4304 Casinensis,
1061 4255 1080 4288 ς
1115 4244 1296 4306 autem
1335 4235 1482 4291 fecit.
1517 4255 1535 4288 ι
1570 4237 1638 4289 At
1666 4236 1721 4290 in
1751 4235 1860 4306 Βοτ

293 4305 472 4364 biensi
519 4309 707 4364 codice
753 4309 1021 4378 sequitur,
1058 4325 1079 4360 ι
1129 4305 1373 4361 Primum
1421 4306 1664 4376 quidem,
1715 4305 1862 4376 quod

294 4379 396 4435 ait.
429 4398 448 4430 ι
1199 4398 1203 4402 ·

395 4449 484 4520 ⁴17)
523 4448 709 4520 Codex
735 4447 1038 4520 Bobiensis,
1079 4464 1098 4498 ι
1124 4445 1188 4520 in
1220 4445 1342 4520 hoc.
1379 4464 1396 4496 ι

395 4515 484 4589 48)
531 4519 588 4573 1η
622 4519 873 4574 Bobiensi
908 4519 1094 4573 codice
1124 4517 1213 4570 hic
1237 4515 1391 4589 plura
1427 4515 1588 4571 verba
1615 4515 1853 4583 desunt;

296 4585 651 4651 habetenitn,
685 4608 703 4641 ι
733 4590 836 4644 hoc
867 4589 1080 4643 bonitas
1107 4595 1209 4641 est.
1245 4585 1420 4639 Absit.
1454 4604 1472 4637 ι

372 4660 484 4732 (49)
521 4659 703 4732 Codex
730 4659 1040 4732 Bobiensis,
1073 4677 1092 4710 ι
1114 4667 1181 4732 _et
1209 4657 1352 4732 exigi
1399 4656 1467 4710 ab
1492 4671 1557 4710 eo
1599 4656 1710 4732 illa,
1735 4671 1858 4732 quae

300 4727 494 4786 fraude
535 4731 909 4799 interceperat.
949 4749 968 4781 ι
1002 4727 1316 4783 Casinensis
1360 4741 1508 4790 vero,
1549 4744 1567 4777 ι
1598 4730 1752 4796 exige
1791 4727 1859 4782 ab

298 4817 368 4854 eo
394 4803 480 4854 illa
511 4817 631 4871 quae
656 4800 896 4854 fraudem
929 4801 1305 4871 interceperat.
1337 4817 1358 4871 ι
1388 4799 1497 4852 Nos
1528 4813 1595 4852 ex
1625 4807 1861 4868 utroque

299 4872 488 4926 codice
512 4868 785 4924 meliorem
813 4871 1096 4926 lectionem
1135 4868 1507 4922 conﬂavimus.

377 4941 488 5012 (50)
515 4941 814 5012 Bobiensis,
850 4959 869 4992 ‹
904 4941 1089 5012 exigit.
1125 4936 1378 5007 Nunquid
1415 4937 1690 5012 iniquitas.
1717 4955 1749 5012 Δι

379 5008 488 5083 (51)
543 5011 680 5083 Hine
725 5009 1204 5083 patetValesium.
1240 5018 1385 5083 recte
1435 5010 1503 5064 ad
1560 5008 1858 5083 marginem

298 5077 624 5205 emendasse
649 5077 935 5138 Bobiensis
966 5080 1167 5136 codicis
1193 5077 1499 5144 lectionem,
1524 5093 1646 5149 qua:
1673 5077 1856 5146 habet,

307 5171 329 5204 ι
360 5168 389 5205 a
413 5163 621 5205 isenna.
661 5170 680 5203 ι

307 5171 329 5204 ι
360 5163 621 5207 absentla.
661 5170 680 5203 ι

378 5222 489 5293 (52)
517 5223 698 5278 Codex
732 5221 1016 5278 Bobiensis
1059 5237 1077 5276 :
1116 5239 1136 5275 ι
1172 5220 1328 5288 Quod
1364 5233 1515 5292 ergo,
1556 5237 1576 5271 ι
1623 5227 1679 5274 et
1710 5233 1860 5284 mox,

307 5311 331 5346 α
371 5291 530 5348 Jeshs
567 5295 858 5348 beatilicat.
896 5311 915 5345 ι

401 5363 492 5432 55)
522 5364 705 5418 Codex
731 5363 1032 5428 Bobiensis,
1071 5380 1090 5414 ι
1129 5361 1376 5416 saeculari
1402 5360 1728 5417 substantia.
1764 5380 1784 5414 ι

402 5435 490 5499 51)
523 5433 701 5499 Forte,
743 5453 760 5486 ι
799 5434 1077 5488 inﬂantur.
1112 5450 1132 5484 ι

402 5505 496 5562 55)
523 5505 706 5559 Codex
734 5504 1034 5567 Bobiensis,
1065 5517 1101 5554 ι·
1126 5501 1429 5572 humilitate
1459 5501 1728 5572 mitigant.
1770 5521 1788 5554 ι

402 5507 496 5562 55)
523 5507 706 5559 Codex
734 5507 1034 5567 Bobiensis,
1065 5517 1101 5554 ι·
1126 5507 1429 5555 humilitate
1459 5507 1728 5572 mitigant.
1770 5521 1788 5554 ι

380 5507 490 5646 (56)
523 5575 703 5646 Codex
729 5574 1065 5636 Casinensis,
1094 5591 1113 5623 ε
1144 5571 1456 5646 oﬂerentur,
1485 5581 1539 5626 et
1569 5586 1864 5643 pauperum

305 5642 413 5700 hoc
437 5642 537 5700 est.
568 5665 588 5697 ι
619 5645 900 5700 Bobiensis
928 5654 1140 5714 autem,
1166 5661 1183 5693 ι
1219 5642 1522 5714 oileruntur
1545 5642 1644 5710 {et
1671 5657 1862 5714 parum

305 5716 414 5771 hoc
441 5724 544 5781 est,
577 5734 596 5768 ι
632 5731 754 5784 qua:
784 5731 910 5769 vera
936 5725 1020 5770 est
1052 5713 1216 5782 hujus
1242 5713 1343 5766 loci
1372 5712 1551 5767 lectio.

378 5785 494 5859 (57)
525 5787 702 5844 Codex
733 5785 1035 5853 Bobiensis,
1073 5803 1089 5837 ‹
1125 5784 1448 5840 inferuntur.
1483 5803 1501 5836 ι

985 4074 1030 4106 δ’
1059 4072 1248 4128 Matth.
1281 4068 1398 4138 vin,
1430 4073 1517 4130 10.
1591 4074 1636 4107 ’σο
1671 4073 1862 4132 Matth.

1978 4111 1991 4136 ,
2028 4071 2116 4128 8.:
2157 4070 2387 4129 "Marc.
2413 4087 2476 4140 ιι,
2503 4071 2589 4127 19.
2665 4069 2916 4126 "Matth.
2949 4084 3046 4136 vit,
3086 4068 3174 4123 15.

1963 1904 2062 1959 pro
2108 1889 2265 1944 nobis
2310 1888 2365 1943 in
2411 1889 2762 1959 semetipsum
2811 1904 3036 1945 causam
3093 1888 3529 1945 circumcisionis

1963 1981 2176 2051 excepit
2201 1980 2332 2051 (66),
2363 1980 2548 2036 labore
2574 1996 2671 2037 nos
2697 1981 2961 2048 relevans,
2984 1991 3037 2036 et
3060 1982 3169 2051 pati
3193 1997 3293 2036 nos
3323 1980 3527 2036 frustra

1963 2073 2168 2130 doloris
2198 2075 2401 2145 aliquid
2439 2089 2547 2129 non
2577 2075 2782 2130 sincns.
2812 2075 2953 2141 Quid
2976 2075 3120 2130 enim
3148 2075 3390 2145 prodest.
3421 2074 3530 2130 cir-

1964 2168 2290 2224 cumcidenti
2325 2183 2382 2223 se
2407 2167 2624 2237 quidem
2653 2177 2705 2222 et
2725 2169 2986 2223 adversus
3017 2169 3324 2238 proximum
3367 2182 3526 2222 suum

1965 2263 2199 2334 pessima
2235 2261 2533 2333 cogitanti?
2584 2259 2767 2315 .Voluit
2796 2269 2975 2315 autem
3011 2261 3182 2331 magis
3211 2259 3530 2330 largissime

1964 2355 2065 2409 vite
2117 2354 2294 2424 spatia
2359 2354 2744 2422 compendiosa
2801 2352 2959 2406 nobis
3029 2351 3246 2407 tramite
3301 2351 3530 2407 demon-

1966 2457 2138 2502 strare
2182 2446 2313 2517 (67),
2362 2461 2428 2500 ne
2470 2444 2607 2499 forte
2648 2459 2769 2498 cum
2808 2445 2967 2515 longa
2999 2444 3172 2514 spatia
3205 2445 3524 2509 circuimus,

1964 2546 2091 2592 ante
2143 2538 2302 2592 nobis
2342 2537 2458 2591 dies
2504 2536 2786 2590 claudatur
2827 2535 2879 2588 in
2922 2543 3166 2601 noctem;
3197 2545 3250 2588 et
3297 2533 3426 2588 dum
3461 2535 3528 2591 de

1964 2629 2102 2686 foris
2143 2629 2362 2700 quidem
2411 2629 2679 2699 splendidi
2714 2629 3027 2683 hominibus
3065 2643 3409 2698 apparemus,
3445 2629 3530 2682 in-

1965 2725 2236 2778 trinsecus
2271 2721 2414 2791 lupis
2453 2721 2740 2790 rapacibus
2787 2735 3164 2790 comparemur
3208 2721 3275 2785 δι,
3307 2726 3400 2774 aut
3445 2735 3531 2774 se-

1965 2815 2171 2886 pulcris
2203 2813 2552 2869 conferamur
2597 2813 2861 2869 dealbatis
2907 2814 2974 2867 ⁶¹.
3023 2811 3192 2866 Multo
3235 2812 3379 2866 enim
3417 2811 3528 2882 (68)

1966 2907 2056 2962 ille
2090 2906 2220 2963 huic
2265 2905 2635 2978 praderendus
2663 2913 2747 2959 est
2775 2905 2871 2973 qui
2898 2912 3043 2960 veste
3069 2902 3312 2973 squalida
3343 2916 3407 2957 ac
3437 2902 3531 2956 de-

1967 3001 2094 3055 trita
2125 2999 2514 3065 circumdatus,
2558 2998 2693 3052 nihil
2727 2997 2856 3051 mali
2899 2998 2954 3051 in
2982 2997 3144 3052 corde
3166 3012 3267 3052 suo
3304 2995 3530 3050 conclu-

1971 3106 2091 3145 sum
2135 3090 2332 3144 retinet
2357 3089 2619 3143 adversus
2650 3088 2980 3157 proximum.
3011 3086 3208 3142 Cordis
3240 3087 3383 3141 enim
3418 3085 3530 3158 (69)

1971 3183 2317 3240 circumcisio
2344 3183 2459 3237 sola
2487 3183 2715 3237 salutem
2746 3181 2956 3236 confert
2987 3201 2999 3237 :
3041 3181 3172 3236 nihil
3205 3190 3426 3252 praestat
3451 3182 3532 3238 eis

1970 3275 2073 3331 ista
2104 3275 2362 3339 carnalis,
2382 3274 2489 3328 nisi
2521 3273 2660 3328 forte
2684 3273 2950 3343 Spirituali
2975 3274 3391 3331 circumcisione
3412 3291 3533 3330 mu-

1970 3368 2212 3421 niantur.
2253 3366 2392 3419 Audi
2425 3365 2587 3419 etiam
2635 3365 2764 3435 quid
2810 3364 2942 3418 dicit
2977 3347 3256 3436 Scriptura
3291 3386 3304 3420 :
3333 3385 3352 3418 ι
3383 3366 3531 3421 Beati

1970 3457 2173 3511 mundo
2207 3457 2388 3522 corde,
2423 3457 2552 3526 quia
2585 3456 2686 3525 ipsi
2735 3456 2902 3511 Deum
2946 3456 3202 3510 videbunt
3225 3459 3290 3512 ".
3323 3477 3341 3510 ι
3391 3457 3531 3524 Quid

1970 3561 2100 3618 ergo
2131 3547 2265 3601 mihi
2289 3561 2429 3616 Opus
2458 3558 2541 3600 est
2567 3545 2831 3609 laborare,
2858 3561 2981 3600 cum
3009 3547 3353 3614 cognoverim
3383 3562 3532 3601 com-

1967 3637 2162 3707 pendia
2220 3637 2320 3690 via».
2377 3635 2512 3706 (70),
2545 3635 2592 3690 si
2641 3650 2862 3704 possum
2910 3636 3145 3690 mundus
3177 3651 3298 3690 esse
3347 3636 3529 3702 corde,

1968 3728 2109 3781 sicut
2132 3733 2186 3779 et
2229 3726 2274 3780 si
2299 3725 2424 3794 quis
2460 3725 2748 3795 prazvaleat
2779 3725 2834 3778 in
2866 3725 3081 3780 duobus
3122 3725 3389 3780 mandatis
3415 3740 3534 3778 om-

1969 3831 2091 3870 nem
2131 3816 2302 3885 legem
2337 3816 2559 3886 implere
2589 3823 2642 3869 et
2668 3815 3047 3884 prophetas“?
3076 3814 3205 3870 Post
3251 3816 3363 3870 haec
3406 3831 3539 3870 vero

1969 3908 2153 3962 omnia
2175 3907 2366 3963 edocet
2387 3907 2754 3979 apostolorum
2781 3906 3052 3961 maximus
3067 3906 3287 3971 Paulus,
3306 3907 3489 3960 dicens
3511 3922 3530 3960 :

1525 4004 1570 4036 ⁸³
1592 4002 1752 4057 Prov.
1789 4017 1924 4067 xin,
1958 4001 2012 4056 2.
2087 4000 2136 4034 ⁸⁸
2179 4000 2368 4056 Matth.
2403 4017 2480 4068 vi,
2511 4002 2566 4056 5.
2641 4000 2686 4032 ⁸³
2737 3997 2895 4054 Rom.
2926 4014 3025 4063 xu,
3059 3999 3110 4053 '5.
3148 3997 3193 4029 ⁸⁸
3227 3997 3390 4068 Mare.
3425 4013 3527 4062 xu,

3261 4070 3307 4100 ⁸³
3338 4067 3528 4126 Matth.

2041 4232 2154 4306 (58)
2186 4232 2331 4290 Idem
2376 4233 2566 4306 codex,
2607 4250 2626 4285 ι
2664 4232 2734 4287 ab
2763 4231 2850 4287 his
2876 4229 3271 4298 tantummodo,
3298 4227 3391 4300 qui
3426 4227 3528 4283 ba-

1967 4304 2167 4360 bebant
2193 4305 2579 4375 suscipiebant.
2611 4321 2632 4354 ι

2039 4375 2152 4447 (59)
2190 4369 2550 4438 ιὰειιιόοάθι,
2581 4389 2603 4425 ι
2638 4385 2857 4426 omnem
2887 4371 3073 4439 Israel,
3103 4379 3162 4426 ut
3182 4373 3229 4426 si
3256 4369 3380 4441 quis
3412 4369 3531 4425 fue-

1887 4452 1937 4510 D
1962 4446 2056 4501 rit.
2099 4464 2119 4498 ι

2034 4514 2146 4587 (60)
2184 4513 2370 4587 Codex
2395 4512 2699 4587 Bobiensis,
2730 4529 2750 4564 ι
2781 4510 2930 4587 dicit.
2975 4528 2994 4562 ι

2031 4579 2144 4658 (61)
2180 4583 2464 4658 Bobiensis
2489 4585 2709 4658 _codex._
2744 4600 2764 4633 ι
2797 4581 2911 4658 _sed
2957 4589 3012 4658 et
3057 4579 3231 4637 abuti.
3267 4597 3288 4633 ι
3344 4581 3529 4649 Forte,

1964 4676 1984 4710 ο
2024 4651 2198 4713 έθάὀι
2225 4655 2324 4716 uti,
2369 4673 2388 4705 ι
2420 4654 2524 4718 vel,
2555 4672 2574 4704 ‹
2621 4653 2712 4708 sed
2738 4651 2902 4706 etiam
2936 4651 3037 4705 uti.
3083 4670 3101 4703 ι

2030 4726 2150 4796 (62)
2183 4724 2367 4778 Codex
2396 4723 2736 4796 Casinensis,
2779 4741 2798 4772 ι
2839 4720 3060 4796 Deus.)

2029 4791 2142 4866 (65)
2191 4797 2264 4847 Ita
2317 4793 2437 4850 eod.
2466 4791 2792 4856 Bobiensis;
2840 4805 2966 4844 nam
3007 4792 3321 4848 Casinensis
3369 4794 3529 4859 male,

1965 4883 1984 4918 ι
2023 4865 2312 4939 exstruxit.
2358 4881 2377 4915 ι
2464 4931 2477 4939 _
2777 4931 2789 4939 _
3024 4929 3062 4939 _
3609 4926 3621 4939 ο

2031 4936 2141 5007 (64)
2188 4934 2332 4989 Idem
2380 4931 2572 4996 codex,
2609 4949 2628 4984 ‹
2681 4931 2905 5002 patitur.
2964 4949 2984 4985 ι
3022 4929 3088 4986 Ει
3135 4947 3282 4999 mox,
3319 4953 3338 4985 ι
3396 4947 3533 5005 quos

1961 5022 2170 5062 secum.
2207 5024 2226 5056 ι

2034 5077 2146 5146 (65)
2187 5074 2246 5128 In
2279 5073 2466 5128 Graeco
2510 5082 2596 5128 est
2630 5072 3068 5146 uiotvupcpt‘iwog,
3106 5090 3126 5124 ‹
3161 5073 3280 5146 lilii
3309 5071 3534 5130 thalami

1960 5144 2249 5215 spensalis,
2303 5163 2322 5196 ι
2372 5153 2596 5216 εειιηιιι
2621 5145 2783 5198 vertit
2814 5144 3080 5216 Vulgata,_
3117 5162 3136 5195 ι
3161 5214 3168 5216 Α
3192 5144 3283 5197 lilii
3315 5147 3533 5216 nuptia-

1960 5213 2122 5281 rum;
2177 5237 2195 5270 ι
2234 5229 2356 5287 qua:
2384 5214 2652 5287 _mel_iores
2687 5223 2816 5269 sunt
2852 5213 3017 5284 hujus
3069 5213 3175 5268 loci
3220 5214 3526 5268 vet-siones.

2034 5289 2144 5356 (66)
2166 5284 2348 5341 Codex
2380 5284 2684 5356 Bobiensis,
2723 5303 2741 5336 ι
2779 5286 3038 5354 suscepit.
3080 5301 3098 5333 ι

2035 5351 2146 5427 (67)
2171 5357 2352 5412 Codex
2379 5354 2684 5421 Bobiensis,
2715 5374 2733 5407 ι
2771 5356 2871 5409 via:
2897 5351 3338 5423 coinpendiosum
3367 5351 3529 5406 nobis

1963 5430 2236 5482 tramitem
2267 5427 2660 5480 demonstrare.
2702 5444 2722 5478 ι

2036 5499 2147 5570 (68)
2185 5499 2326 5551 Idem
2360 5495 2551 5570 codex,
2581 5516 2599 5547 ι
2640 5497 2868 5570 multum
2902 5495 3126 5570 enim.__t

2037 5559 2148 5641 (69)
2175 5570 2319 5622 ldem
2347 5559 2545 5644 codex,
2572 5568 2800 5644 «fordis
2829 5581 2978 5634 ergo.
3013 5583 3031 5614 ι
3070 5563 3136 5644 lit
3154 5577 3312 5644 mox,
3343 5579 3363 5617 ι
3397 5559 3533 5619 nihil

1965 5636 2257 5712 préstatite
2287 5637 2512 5712 carnali.
2553 5657 2570 5688 ι
2600 5636 2665 5691 Ει
2691 5637 2850 5698 infra,
2878 5653 2908 5712 ι
2960 5636 3256 5712 muniatur.
3295 5650 3315 5678 ι

2037 5709 2148 5784 (70)
2180 5709 2322 5767 Idem
2349 5709 2538 5773 codex,
2576 5728 2593 5760 i
2628 5706 3008 5779 compendium
3038 5706 3159 5761 viae.
3205 5722 3227 5758 ι
