3982 6346
498 415 633 470 H99

1508 413 1689 469 ACTA
1730 404 2254 469 DlSPUTA'IlONlS
2298 403 2357 459 S.
2389 395 2732 457 ARCHELAI

3595 381 3731 440 1500

502 552 525 584 σ
575 534 684 587 Aut
715 533 1147 602 experimentum
1180 530 1292 604 (71)
1328 534 1572 604 quaeritis
1604 534 1723 604 ejus
1754 534 1846 603 qui
1892 532 1945 586 in
1974 546 2062 586 me
2089 534 2137 591 Α
2162 526 2446 582 nisterium
2478 521 2690 583 mortis,
2718 519 2772 573 in
2796 513 2994 572 litteris
3017 511 3313 567 formatum
3348 508 3403 562 in
3434 505 3728 604 lapidibus,

495 623 1017 692 loquiturChristus
1051 623 1158 677 “'1'
1194 642 1213 675 ι
1248 623 1387 690 Quid
1407 640 1535 695 ergo
1551 622 2061 693 mibiopuseslcir—

496 714 831 769 cumcisioue
863 712 996 784 (72),
1030 728 1152 767 cum
1196 714 1399 783 possim
1441 723 1497 768 et
1536 715 1588 768 in
1617 714 1881 783 praeputio
1900 712 2063 783 justi-

497 805 649 859 ficari
670 804 694 858 7
719 802 785 857 Et
813 804 1074 873 scriptum
1108 814 1192 859 est
1222 822 1236 858 :
1276 823 1295 857 ι
1335 803 1392 858 Si
1427 805 1553 874 quis
1576 804 1934 859 circumcisus
1959 812 2060 869 est,

500 911 608 949 non
656 895 887 949 adducat
936 894 1298 964 praeputium;
1332 904 1425 948 allt
1463 894 1507 948 si
1538 895 1662 964 quis
1708 894 1762 947 in
1804 893 2064 964 praeputio

500 997 602 1049 est,
635 1002 740 1041 non
768 985 1188 1040 circumcidatur
1219 1003 1235 1041 :
1272 994 1565 1056 utrumque
1599 986 1743 1040 enim
1786 986 1918 1039 nihil
1960 994 2062 1050 est,

502 1076 606 1131 nisi
638 1076 940 1132 observatio
980 1076 1355 1130 mandatorum
1393 1075 1485 1130 Dei
1504 1077 1552 1107 "
1574 1074 1706 1147 (75).
1732 1095 1750 1127 ι
1774 1076 1911 1130 Cum
1937 1089 2066 1143 ergo

503 1169 713 1223 nullum
747 1168 915 1238 possit
952 1168 1161 1222 salvare
1191 1167 1559 1233 circumcisio,
1596 1183 1701 1221 non
1736 1180 2066 1237 magnopere

504 1260 827 1331 requirenda
858 1267 972 1325 est;
1006 1259 1241 1313 maxime
1288 1273 1411 1311 cum
1448 1258 1493 1312 si
1523 1258 1647 1328 quis
1695 1257 1748 1310 in
1799 1256 2065 1327 praeputio

503 1359 730 1406 vocatus
762 1349 925 1403 fuerit
948 1358 1002 1403 et
1024 1348 1341 1403 circumcidi
1366 1349 1619 1413 voluerit,
1646 1348 1907 1402 continuo
1930 1361 2067 1416 prae-

504 1444 774 1499 varicator
804 1441 938 1511 legis
966 1440 1077 1513 (74)
1098 1439 1377 1495 efﬁciatur.
1409 1440 1465 1493 Si
1499 1439 1645 1494 enim
1681 1437 2065 1502 circuulcidor,

506 1541 560 1585 et
600 1532 852 1584 mandata
891 1530 1024 1599 legis
1066 1528 1333 1597 adimpleo
1383 1537 1443 1582 ut
1486 1527 1680 1583 salvari
1715 1527 1949 1596 possim;
1982 1524 2069 1577 ill-

507 1620 862 1675 circumcisus
919 1627 974 1673 et
1032 1617 1085 1671 in
1135 1617 1397 1687 prmputio
1445 1616 1679 1685 positus,
1737 1604 1909 1668 multo
1954 1627 2072 1666 ma-

509 1713 599 1782 gis
661 1712 913 1766 mandata
964 1711 1277 1766 custodiens
1338 1709 1548 1763 habebo
1572 1708 1758 1762 vitam.
1793 1706 1850 1760 ln
1877 1706 2071 1776 spiritu

509 1803 654 1858 enim
691 1800 1162 1856 circumcisionem
1201 1798 1382 1853 cordis
1434 1798 1636 1866 accepi,
1681 1811 1789 1851 non
1821 1796 1932 1865 jam
1983 1795 2072 1848 lit-

2168 618 2369 673 factum
2400 622 2484 669 est
2515 613 2571 666 in
2617 609 2809 681 gloria,
2840 606 2916 659 ita
2950 610 3010 657 ut
3042 617 3149 656 non
3178 603 3401 670 possent
3436 595 3533 649 lilii
3568 595 3729 648 Israel

2167 707 2441 765 intendere
2489 704 2545 757 ill
2595 700 2785 755 faciem
2821 694 2988 765 Moysi
3022 702 3237 763 propter
3267 688 3503 760 gloriam
3549 687 3728 740 vultus

2166 802 2285 872 ejus
2302 812 2423 868 qua:
2440 795 2680 850 aboletur
2704 792 2781 857 ﬂ;
2808 809 2825 840 ι
2849 797 2902 842 et
2922 787 3156 855 reliqua:
3173 793 3348 837 tamen
3368 780 3600 851 gloriam
3615 792 3730 831 esse

2165 869 2458 948 conﬁtetur
2488 887 2542 941 ill
2582 884 2733 940 vultu
2766 880 2969 951 Moysi,
3001 876 3141 946 quod
3169 882 3252 930 est
3288 874 3526 927 amicum
3556 869 3729 923 nobis.

2168 984 2322 1052 Quod
2373 982 2418 1037 si
2464 978 2782 1039 destruitur,
2826 982 2880 1029 et
2921 971 3166 1026 velamen
3216 967 3379 1022 habet
3425 963 3542 1033 (85)
3580 962 3733 1016 lectio

2167 1077 2308 1146 ejus,
2357 1076 2459 1128 hoc
2488 1087 2574 1126 me
2625 1084 2735 1123 non
2784 1064 3093 1127 exacerbat,
3133 1074 3306 1129 neque
3340 1056 3655 1119 conturbat,
3689 1053 3733 1107 si

2168 1145 2379 1222 tantum
2418 1165 2470 1217 in
2507 1177 2574 1217 eo
2622 1159 2794 1231 gloria
2824 1157 2914 1211 sit.
2949 1153 3133 1222 Neque
3173 1164 3302 1205 vero
3346 1147 3639 1217 omnigene
3680 1145 3737 1198 in

2169 1255 2562 1328 ignobilitatem
2615 1249 2725 1321 (84)
2761 1245 3046 1315 redigitur,
3077 1241 3220 1312 quod
3255 1241 3572 1328 destruetur
3602 1234 3738 1307 (85).

2169 1327 2304 1402 Cum
2340 1345 2484 1399 enim
2516 1341 2582 1397 de
2635 1338 2806 1411 gloria
2855 1336 3097 1406 disputat
3136 1332 3436 1400 Scriptura,
3469 1327 3642 1382 scisse
3681 1341 3745 1380 se

2168 1435 2503 1493 differentias
2531 1430 2717 1502 gloria:
2759 1426 2869 1497 (86)
2905 1433 3135 1479 testatur
3165 1439 3179 1475 :
3213 1439 3233 1473 ι
3285 1420 3405 1473 Alia
3453 1419 3626 1478 enim,
3658 1417 3740 1470 in-

2169 1528 2307 1599 quit,
2328 1524 2495 1597 gloria
2520 1521 2631 1592 (87)
2649 1519 2799 1583 solis,
2817 1518 2921 1572 alia
2943 1515 3111 1586 gloria
3130 1514 3289 1575 lunte,
3305 1511 3407 1565 alia
3422 1510 3596 1580 gloria
3618 1506 3741 1599 steif

2170 1596 2347 1674 larum
2365 1632 2383 1681 ς
2426 1614 2581 1670 stella
2614 1611 2757 1665 enim
2792 1624 2821 1663 a
2846 1607 3003 1662 stella
3033 1604 3211 1659 diﬂ'el't
3240 1604 3292 1656 in
3328 1601 3498 1670 gloria
3530 1599 3597 1651 ιι.
3632 1618 3651 1650 ι
3683 1596 3743 1651 Si

2171 1710 2316 1764 enim
2358 1706 2440 1761 sol
2485 1702 2745 1772 majorem
2795 1698 2957 1751 habet
2987 1696 3211 1765 gloriam
3250 1707 3413 1763 quam
3456 1692 3606 1755 luna,
3636 1703 3740 1741 non

2175 1801 2434 1858 continuo
2475 1798 2528 1851 ill
2559 1793 2946 1865 ignobilitatem
2978 1791 3109 1843 luna
3149 1786 3431 1855 redigitur.
3479 1782 3557 1837 Ita
3603 1792 3658 1836 et
3693 1781 3740 1837 si

512 1904 641 1949 terte
685 1893 795 1965 (75)
825 1907 920 1962 per
946 1900 1327 1953 atramentum,
1364 1889 1417 1943 in
1456 1903 1565 1958 quo
1595 1888 1714 1942 laus
1739 1902 1845 1940 non
1878 1902 1942 1939 ex
1973 1885 2070 1940 bo-

2182 1890 2438 1945 Domiuus
2479 1899 2632 1940 lucus
2673 1882 2832 1938 Jesus
2880 1880 3132 1936 Christus
3172 1877 3428 1946 prmcellit
3469 1874 3526 1927 in
3577 1873 3753 1943 gloria»

510 1980 769 2043 minibus,
792 1979 883 2033 sed
913 1993 978 2033 ex
1018 1976 1127 2032 Deo
1160 1988 1244 2035 est
1270 1977 1339 2032 ".
1380 1975 1496 2031 Non
1530 1991 1658 2047 ergo
1698 1974 1964 2030 referatur
2005 1974 2072 2028 ad

487 2088 598 2127 ~me
641 2066 1011 2141 hujuscemodi
1044 2070 1335 2126 incusatio.
1377 2068 1529 2124 Sicut
1553 2069 1697 2123 enim
1733 2067 1931 2137 aliquis
1961 2066 2070 2137 (76)

512 2163 663 2219 dives
724 2162 907 2217 multis
963 2162 1077 2216 auri
1130 2171 1291 2231 atque
1339 2161 1546 2233 argenti
1598 2160 1830 2225 talentis,
1891 2161 1964 2214 ita
2014 2168 2072 2213 ιιι.

515 2269 679 2308 omne
707 2253 820 2323 (77)
857 2254 1138 2307 domestici
1173 2269 1306 2308 usus
1331 2251 1692 2307 ministerium
1723 2268 1785 2306 ex
1820 2253 2075 2322 hujusce-

516 2344 663 2399 modi
693 2344 933 2398 metallis
952 2343 1144 2397 babeat
1168 2353 1454 2409 structum,
1482 2342 1535 2396 ill
1561 2342 1711 2396 nullo
1733 2342 1877 2397 vasis
1900 2342 2076 2397 lictilis

516 2434 751 2503 speciem
786 2433 1047 2504 requirit;
1074 2433 1164 2488 sed
1192 2449 1299 2487 non
1330 2442 1613 2504 propterea
1649 2434 1796 2505 figllli
1822 2449 1960 2504 opus
1984 2442 2079 2488 aut

516 2540 608 2579 ars
654 2525 897 2579 fictilium
950 2524 1062 2596 (78)
1110 2537 1363 2577 vasorum
1400 2523 1467 2577 ab
1506 2538 1571 2577 eo
1601 2523 1913 2577 detestanda
1947 2532 2029 2577 est
2062 2540 2075 2576 :

518 2617 590 2671 ita
623 2616 782 2669 etiam
809 2631 908 2687 ego
939 2616 1106 2685 gratia
1154 2615 1245 2670 Dei
1272 2615 1420 2669 dives
1451 2613 1625 2669 factus
1690 2624 1744 2669 et
1769 2614 1951 2670 cordis
1975 2615 2081 2669 cir-

518 2708 905 2764 cumcisionem
937 2716 1259 2763 consecutus
1280 2706 1417 2777 (79),
1436 2720 1778 2775 nequaquam
1802 2705 2083 2762 vilissimae

521 2802 666 2857 illius
692 2800 1126 2855 circumcisionis
1149 2800 1386 2871 indigeo,
1406 2814 1507 2853 nec
1529 2807 1707 2852 tamen
1735 2798 1931 2852 malam
1955 2813 2077 2853 esse

520 2893 665 2950 dico.
694 2893 869 2948 Absit.
911 2891 1067 2959 Quod
1101 2892 1147 2946 si
1169 2892 1480 2962 diligentius
1515 2890 1582 2944 de
1611 2890 1695 2944 his
1720 2889 1952 2943 voluerit
1982 2890 2083 2942 ali—

521 2985 644 3054 quis
671 2983 909 3048 edoceri,
939 2984 1171 3036 inveniet
1216 2983 1332 3036 haec
1379 2983 1435 3034 ill
1470 2980 1581 3049 (80)
1625 2978 1865 3050 Epistula
1909 2979 2085 3050 prima

524 3076 766 3145 Apostoli
790 3074 1102 3144 plenissime
1124 3082 1347 3128 tractata
1377 3072 1510 3143 (81).

592 3164 775 3218 XLIII.
805 3164 878 3218 De
917 3164 1219 3217 velamento
1251 3178 1379 3218 vero
1401 3162 1593 3234 Moysi,
1620 3171 1674 3217 et
1698 3162 1765 3217 de
1787 3162 2085 3218 ministerio

524 3256 736 3318 mortis,
770 3254 946 3307 dicam
975 3266 1226 3306 sermone
1253 3252 1593 3307 brevissimo.
1620 3250 1735 3306 Non
1761 3252 1904 3306 enim
1933 3253 2086 3309 valde

524 3344 660 3398 mihi
700 3344 813 3399 hate
861 3343 1139 3397 insinuare
1167 3342 1370 3412 aliquid
1413 3342 1671 3398 adversus
1707 3344 1878 3413 legem
1901 3343 2087 3398 viden-

524 3443 637 3491 tur.
670 3433 762 3489 Ait
786 3449 918 3505 ergo
942 3448 1122 3489 sermo
1144 3436 1457 3505 propositus
1483 3435 1594 3506 (82)
1630 3454 1643 3491 :
1677 3453 1696 3487 ι
1725 3434 1879 3502 Quod
1902 3434 1948 3490 si
1986 3435 2088 3489 mi-

597 3598 667 3631 “‘
698 3596 742 3651 ll
763 3596 890 3652 Cor.
914 3613 1036 3665 xlll,
1063 3598 1116 3654 3.
1190 3598 1237 3631 ⁸⁸
1265 3597 1433 3655 lCor.
1469 3616 1565 3667 vlt,
1604 3599 1691 3656 l8.
1765 3600 1812 3633 “
1838 3598 1997 3657 Rom.
2032 3617 2092 3668 ll,
2130 3600 2218 3657 29.

527 3684 583 3733 v,
626 3668 710 3723 14.

626 3882 715 3949 72)
740 3882 884 3936 idem
914 3884 1101 3949 codex,
1141 3902 1159 3935 ι
1194 3884 1560 3937 circumcisio.
1610 3904 1629 3935 ι

629 3951 720 4023 75)
760 3951 950 4023 Melius
990 3952 1218 4023 Vulgata
1259 3953 1412 4022 juxta
1458 3954 1615 4008 fidem
1642 3953 1814 4011 (ἕνεθεί
1858 3964 2080 4011 textus:

656 4022 978 4077 ircumcisus
1024 4022 1219 4091 aliquis
1266 4033 1487 4077 vocatus
1532 4024 1652 4077 est?
1698 4042 1804 4079 non
1852 4026 2086 4081 adducat

531 4092 873 4163 prteputium.
911 4092 968 4145 ln
1004 4093 1278 4216 grzeputio
1326 4093 1522 4162 aliquis
1561 4106 1782 4150 vocatus
1830 4094 1949 4151 est?
1980 4111 2086 4149 non

533 4162 972 4216 circumcidatur.
1053 4162 1361 4216 ircumcisio
1391 4162 1525 4216 llihil
1557 4173 1658 4216 est.
1686 4174 1739 4216 et
1770 4166 2086 4216 ormoutium

533 4162 972 4235 circumcidatur.
1004 4162 1361 4217 Circumcisio
1391 4162 1525 4235 nihil
1557 4173 1658 4226 est,
1686 4174 1739 4219 et
1770 4166 2089 4235 praeputium

535 4232 670 4287 nihil
699 4240 781 4285 est
813 4249 826 4285 :
857 4234 949 4287 sed
980 4235 1286 4286 observatio
1320 4232 1696 4287 mandatorum
1738 4232 1853 4289 Dei.
1881 4232 1909 4286 ἰ

536 4300 717 4426 legi)
750 4301 928 4357 Codex
958 4301 1259 4370 Bobiensis,
1294 4320 1313 4353 ι
1348 4302 1662 4373 praedicator
1693 4305 1847 4387 legis,
1885 4324 1903 4356 ι
1941 4305 2085 4361 mala

647 4388 714 4425 lo.

559 4378 714 4428 BCliO.
1840 4378 1847 4387 ’

608 4441 721 4511 (75)
756 4439 1064 4511 Legenduin
1109 4438 1357 4505 forsitan,
1392 4459 1423 4511 ξ
1470 4440 1673 4503 littera,
1710 4461 1730 4494 ι
1778 4451 1835 4497 ιιι
1863 4458 1984 4497 cum
2020 4443 2084 4498 D.

625 3811 713 3882 7|)
739 3811 884 3866 Idem
923 3813 1112 3880 codex,
1144 3831 1165 3865 ι
1205 3812 1410 3878 dicens,
1437 3813 1887 3882 experimentum.
1925 3833 1945 3867 ι

625 3811 650 3864 7

626 3883 650 3934 7

629 3953 650 4004 7

538 4040 559 4074 ι

536 4508 1352 4599 gauliflocciindiipistoiaﬂad‘
1392 4508 1667 4568 Romanos
1700 4512 1767 4567 ad
1798 4529 1959 4584 quem
1988 4515 2090 4567 Ar-
2124 4544 2164 4599 ο

538 4582 761 4635 chelaus
794 4581 1034 4649 respicit,
1068 4580 1376 4634 concordet.

611 4650 722 4720 (76)
750 4649 885 4720 Male
910 4650 1222 4704 Casinensis
1243 4651 1434 4717 codex,
1475 4668 1495 4702 ι
1524 4650 1683 4707 alius.
1720 4672 1740 4705 ι

610 4720 721 4858 (77)
753 4719 1054 4783 Bobiensis,
1090 4739 1108 4771 ι
1143 4720 1357 4773 talentis
1395 4722 1649 4790 repletus,
1684 4723 1757 4776 ita
1786 4737 1966 4776 omne.
1998 4740 2018 4774 ι

635 4788 721 4858 78)
751 4789 928 4843 Codex
979 4789 1280 4853 Bobiensia,
1320 4808 1339 4841 ι
1390 4792 1534 4858 figuli
1584 4807 1720 4858 opus
1768 4792 2018 4858 aufers,a

604 4788 721 4863 .(78)
751 4789 942 4863 Codex_
979 4789 1280 4863 Bobiensia,
1320 4808 1339 4841 ι
1390 4788 1534 4859 figuli
1562 4807 1720 4863 opus
1768 4792 1970 4858 aufers,
2001 4801 2096 4847 aut

540 4858 808 4932 fictilium.
848 4877 868 4910 ι
905 4859 1217 4932 Casiuensis
1248 4875 1393 4932 vero,
1427 4858 1572 4931 figuli
1606 4858 1743 4932 opus
1773 4872 1825 4917 et
1865 4872 2096 4918 ars.aut

540 4929 820 5005 fictilium;
849 4946 869 4979 ι
903 4931 995 4983 sed
1029 4930 1237 5005 videtur
1259 4929 1561 4999 legendum,
1592 4951 1610 4984 ι
1643 4929 1791 5005 liguli
1818 4948 1976 5002 opus,
2003 4942 2098 4987 aut

545 5015 637 5054 ars
660 4998 923 5061 fictilium,
956 5017 975 5050 ι
1011 5000 1085 5051 ιιιί
1108 4998 1442 5056 editum’est.

613 5068 726 5148 (79)
778 5067 957 5148 Codex
1006 5067 1310 5148 Bobiensis,
1346 5088 1365 5122 ι
1423 5071 1574 5125 dives
1622 5070 1797 5127 factus
1845 5088 1988 5136 sum,
2041 5080 2097 5126 et

540 5139 721 5212 cordis
766 5139 1232 5212 circumcisiouem
1280 5150 1625 5212 consecutus,
1669 5158 2030 5212 nequaquam.
2071 5161 2089 5193 ι

544 5208 993 5271 Δι,ϐιιεὶιιρηδιε,
1046 5227 1063 5251 ι
1100 5208 1247 5262 dives
1298 5209 1473 5265 factus
1526 5220 1581 5265 et
1625 5208 2097 5267 circumcisionem

543 5290 889 5348 consecutus,
923 5293 1023 5332 nec
1062 5294 1410 5348 quemquam.
1448 5299 1467 5332 ι
1500 5279 1609 5336 Nos
1652 5281 2002 5337 Casineusem
2031 5298 2100 5337 ex

544 5347 797 5403 Bobieusi
846 5349 1044 5421 partim
1080 5347 1485 5417 ’supplevimus,
1537 5353 1735 5421 partim
1786 5353 2098 5407 emendavi-

545 5434 687 5473 tuus.

618 5487 730 5558 (80)
781 5485 1345 5561 Epistolamipriulami
1388 5489 1636 5561 intelligit
1683 5490 1978 5561 Epistulam
2033 5491 2097 5546 ad

549 5555 834 5631 ilo‘lnanos'
858 5574 1019 5631 quam
1053 5555 1538 5631 abAantiquissimis
1563 5555 1819 5617 Ecclesia:
1846 5562 2102 5631 tempori-

548 5626 651 5698 bus
685 5627 919 5698 primum
955 5628 1093 5681 inter
1117 5626 1558 5698 Pauli'epistolas
1592 5632 1769 5686 locum
1822 5626 2098 5695 habuisse,

546 5695 722 5776 γει-ει
756 5696 1289 5776 Ιιροέιέιιεςιειίιιοᾳο·
1309 5695 1549 5776 apparet.
1583 5700 1716 5776 Vide
1745 5701 2101 5776 Epiphanium

550 5764 603 5819 ill
636 5764 823 5839 ilan'esi
848 5766 935 5839 42,
964 5768 1054 5821 ubi
1080 5768 1292 5823 crimini
1321 5764 1479 5824 vertit
1499 5764 1949 5839 Marcionifquod
1977 5770 2105 5839 Epi-

551 5834 744 5890 stolam
773 5839 837 5891 ad
870 5836 1143 5893 ltomanos
1165 5849 1358 5908 quarto
1385 5841 1503 5898 loco
1530 5842 1668 5897 inter
1702 5834 1940 5899 D.Pauli
1977 5834 2102 5911 Epi-

2188 4305 2438 4369 exllibet,
2502 4319 2719 4373 nempe,
2781 4321 2800 4355 ι
2860 4304 3062 4373 gloria;

2170 1983 2413 2054 Moysen,
2464 1990 2723 2050 tanquam
2772 1975 3038 2029 Dominus
3083 1970 3384 2028 famulum.
3419 1983 3531 2022 non
3567 1968 3747 2021 conti-

2176 2092 2286 2130 nuo
2313 2074 2611 2144 respuenda
2640 2081 2720 2126 est
2744 2069 2911 2140 gloria
2936 2064 3105 2135 Moysi
3136 2081 3150 2116 :
3182 2063 3253 2116 ita
3275 2060 3418 2116 enim
3443 2073 3745 2127 possumus

2178 2161 2494 2220 satisfacere
2521 2159 2881 2219 auditoribus,
2914 2156 3055 2211 sicut
3083 2162 3138 2208 et
3166 2150 3317 2205 verbi
3338 2150 3506 2219 ipsius
3538 2158 3746 2201 natura

2175 2254 2460 2326 persuadet
2495 2252 2630 2323 (88),
2667 2266 2732 2305 ex
2788 2245 3108 2317 Scripturis,
3132 2257 3254 2313 qua:
3292 2241 3536 2303 dicimus,
3583 2240 3743 2294 aflir-

2179 2357 2389 2402 lnantes
2428 2345 2510 2399 vel
2565 2351 2708 2398 certe
2761 2341 2925 2394 etiam
2980 2334 3242 2405 exemplis
3295 2348 3359 2389 ea
3402 2330 3747 2396 manifestius

2180 2437 2618 2507 comprobantes.
2658 2433 2715 2488 Si
2744 2433 2865 2504 quis
2904 2431 3178 2485 lucernam
3214 2424 3520 2481 accenderit
3552 2431 3757 2488 noctu,

2180 2546 2302 2585 cum
2328 2530 2410 2584 sol
2440 2538 2594 2583 ortus
2629 2525 2813 2591 fuerit,
2844 2536 3012 2595 parvo
3046 2519 3281 2574 lucernae
3302 2518 3426 2588 igne
3462 2529 3572 2569 non
3604 2515 3749 2569 indi-

2180 2631 2286 2692 get,
2320 2629 2539 2691 propter
2562 2619 2902 2689 splendorem
2934 2614 3066 2671 solis
3097 2613 3295 2682 ubique
3329 2609 3629 2669 radiantis;
3654 2606 3751 2660 sed

2180 2728 2288 2766 non
2322 2711 2442 2764 ideo
2466 2709 2664 2778 abjecit
2697 2709 2996 2770 lucernam,
3023 2703 3189 2759 veluti
3229 2700 3561 2756 contrariam
3611 2698 3749 2761 soli;

2183 2804 2313 2873 quin
2354 2802 2533 2872 potius
2575 2810 2854 2869 comperto
2887 2800 3005 2869 ejus
3049 2812 3174 2859 usu,
3225 2794 3385 2849 etiam
3439 2791 3761 2861 diligentius

2184 2894 2419 2948 servavit
2459 2892 2595 2962 (89).
2629 2891 2935 2947 Custodivit
2976 2905 3104 2960 ergo
3134 2886 3390 2959 populum
3438 2884 3525 2938 lex
3582 2882 3757 2954 Moysi

2184 2994 2442 3056 tanquam
2468 2985 2709 3047 lucerna,
2742 2997 3028 3052 usquequo
3052 2980 3133 3035 sol
3163 2978 3318 3033 uobis
3350 2992 3512 3030 verus
3552 2974 3746 3028 Salva-

2187 3088 2271 3132 tor
2302 3088 2486 3131 nostcr
2535 3076 2789 3141 oriretur,
2818 3074 2957 3128 sicut
3001 3082 3054 3128 et
3082 3073 3159 3127 ait
3191 3090 3205 3125 :
3246 3090 3265 3121 ί
3323 3068 3387 3123 Ει
3423 3067 3756 3121 illuminabit

2112 3209 2154 3266 ϐ
2186 3168 2435 3223 Christus
2480 3166 2547 3226 ⁸⁸..
2607 3185 2626 3217 ι
2676 3163 2778 3266 Sed
2824 3164 2969 3266 quod
3007 3163 3153 3266 ‘dici’t
3188 3181 3201 3216 :
3244 3179 3264 3212 ι
3299 3158 3591 3260 Obscurati
3628 3165 3755 3211 sunt

2189 3273 2377 3315 sensus
2430 3272 2641 3312 eorum.
2676 3253 2860 3325 Usque
2902 3255 2957 3309 in
3007 3253 3325 3307 hodiernum
3375 3250 3520 3304 cnim
3574 3249 3751 3318 ipsum

2187 3349 2434 3403 velamen
2470 3355 2652 3402 manet
2679 3346 2733 3400 in
2767 3346 2995 3401 lectione
3032 3343 3140 3412 (90)
3163 3344 3358 3398 veteris
3387 3340 3750 3396 Testamenti.

2190 3436 2308 3492 Non
2361 3435 2668 3505 revelatur,
2720 3435 2846 3507 quia
2896 3436 2952 3490 in
2996 3434 3211 3491 Christo
3262 3433 3566 3489 destruitur
3617 3431 3751 3500 (91).

2318 3603 2363 3634 ⁵⁷
2394 3601 2435 3656 ll
2467 3601 2594 3657 Cor.
2636 3617 2718 3665 ιιι,
2763 3599 2815 3656 7.
2889 3599 3124 3657 "lCor.
3151 3616 3240 3666 xv,
3272 3600 3363 3654 11.
3404 3619 3409 3624 ·
3460 3600 3507 3632 ⁸⁹
3548 3597 3745 3669 Ephes.

2186 3815 2354 3872 stolas
2385 3814 2747 3870 collocaverit.
2784 3812 2917 3868 Vide
2944 3814 3107 3868 etiam
3136 3828 3299 3883 supra
3328 3826 3450 3880 cap.
3486 3810 3583 3865 54.

2258 3884 2371 3957 (81)
2411 3884 2548 3939 Male
2571 3884 2775 3940 codicis
2808 3883 3111 3950 Bobiensis,
3144 3902 3164 3935 ι
3199 3884 3513 3952 plenissime
3542 3890 3752 3949 pertrao

2187 3965 2362 4010 ctaus.
2406 3974 2426 4007 ›

2262 4024 2374 4096 (82)
2404 4024 2542 4080 Male
2583 4024 2785 4080 codicis
2827 4021 3127 4091 Bobiensis,
3164 4041 3184 4075 ι
3217 4020 3591 4094 propheticus.
3634 4038 3653 4071 ι
3689 4018 3755 4073 Et

2195 4110 2344 4152 mox.
2378 4112 2395 4145 ι
2431 4095 2624 4150 litteris
2655 4095 2948 4149 ﬁrmatum.
2998 4113 3016 4145 ι

2268 4164 2380 4235 (85)
2407 4164 2692 4235 Bobiensis
2721 4164 2911 4228 codex,
2946 4182 2965 4215 ι
2997 4163 3045 4218 si
3075 4162 3258 4217 habet.
3303 4179 3323 4213 ι

2261 4229 2371 4311 (8:4)
2409 4234 2584 4291 Codex
2612 4232 3081 4311 Bobiensis_ct_hic
3111 4239 3420 4301 corruptam
3453 4229 3752 4311 lectionem

3153 4317 3328 4372 neque
3388 4316 3518 4372 vero
3532 4342 3548 4365 ,
3607 4316 3756 4372 οιιιω

2193 4389 2389 4446 genere
2413 4391 2468 4428 ιιι
2500 4371 2797 4429 nobilitate.
2833 4371 3133 4429 {Valesius
3168 4371 3312 4428 recte
3331 4371 3610 4437 emendat,
3646 4389 3665 4422 ι
3701 4371 3757 4424 in

2191 4444 2606 4515 ignobilitatem.
2622 4463 2666 4515 -ρ

2288 4512 2378 4579 85)
2406 4513 2588 4568 Codex
2620 4512 2922 4578 Bobiensia,
2957 4532 2975 4564 ι
3017 4511 3335 4567 destruitur.
3374 4530 3393 4563 ι

2286 4582 2376 4655 86)
2411 4583 2552 4655 Idem
2591 4585 2786 4655 codex,
2804 4602 2838 4655 _¢
2877 4585 2984 4639 scis
3023 4597 3143 4655 esse
3174 4581 3501 4637 diﬂ'ereutias
3534 4581 3755 4652 gloria;

2194 4652 2297 4708 alia
2323 4652 2465 4724 cni_l_n
2496 4653 2740 4724 gloria._l
2773 4652 2909 4708 Mala
2939 4654 3117 4724 lectio.

2267 4719 2651 4804 (87)_Vuigaia,
2690 4721 3144 4804 l.rell(Bll_Shlil.l..ll,
3170 4737 3289 4793 cap.
3322 4721 3501 4804 Ωιι-(ξι
3529 4719 3758 4804 Cypria-

2195 4791 2300 4848 nus
2336 4791 2429 4848 lib.
2465 4791 2546 4856 ut.
2582 4793 2796 4847 Testim.
2827 4795 2894 4846 ad
2918 4791 3372 4861 Quirinunl,’cap.
3401 4791 3494 4855 58,
3531 4792 3754 4853 habent,

2202 4882 2220 4914 ι
2255 4864 2495 4927 claritas,
2533 4883 2555 4933 ι
2584 4879 2681 4933 pro
2713 4882 2733 4913 ι
2769 4865 2962 4933 gloria.
2997 4883 3016 4914 ι
3052 4863 3154 4917 Sed
3187 4872 3453 4931 postrema
3496 4877 3621 4933 vos“
3643 4862 3756 4933 pla-

2196 4934 2309 4989 cuit
2333 4935 2493 4987 etiam
2527 4931 2860 4987 Tertullia'llo
2888 4933 2959 4986 De
2979 4949 3177 4986 resurr.
3213 4933 3410 4994 curuis,
3439 4946 3564 4999 cap.
3595 4931 3686 4985 5'3.

2269 5002 2377 5075 (88)
2402 5004 2934 5075 Bobiensis,tnaiura
2955 5004 3341 5075 demonstrat.»
3359 5002 3503 5065 Mox,
3525 5020 3547 5051 ς
3576 5016 3758 5055 exem-

2197 5074 2313 5145 plis
2343 5072 2765 5145 rilallifestius.)
2798 5072 2876 5145 Et
2905 5072 3065 5145 infra,
3107 5092 3125 5124 ι
3163 5073 3529 5145 δοιῄᾳςοτιιιβλ
3558 5090 3579 5122 ›

2272 5142 2383 5213 (89)
2418 5145 2472 5197 In
2505 5146 2687 5198 codice
2716 5142 2990 5209 Bobiensi,
3033 5162 3051 5194 ι
3087 5142 3340 5213 servabit.
3375 5161 3397 5194 ο
3430 5141 3570 5193 Male
3604 5140 3760 5194 Casi-

2198 5211 2382 5268 nensis
2420 5214 2608 5277 codex,
2645 5232 2664 5266 ι
2699 5216 3023 5268 observavit.
3067 5232 3084 5264 ι
3117 5212 3183 5266 Ει
3214 5211 3376 5277 infra,
3407 5231 3425 5261 ι
3463 5221 3756 5280 antequam

2199 5284 2439 5338 lucerna.
2475 5301 2494 5335 ι
2535 5283 2767 5338 Econtra
2814 5285 2964 5353 pejor
3003 5284 3056 5337 in
3086 5284 3437 5352 sequentibus
3471 5279 3757 5353 Bobiensis

2200 5355 2406 5408 codicis
2441 5353 2617 5418 lectio,
2651 5355 2741 5408 ubi
2789 5352 2960 5408 sic'se
3005 5354 3183 5412 habet,
3219 5371 3238 5403 σ
3273 5354 3354 5405 sol
3396 5352 3557 5405 nobis
3599 5364 3756 5403 verus

2202 5424 2449 5477 Salvator
2486 5425 2712 5486 orietur,
2745 5424 2887 5479 sicut
2931 5424 3028 5488 ait,
3061 5432 3117 5477 et
3152 5421 3423 5477 illuminat
3466 5421 3568 5476 tibi
3605 5420 3759 5475 Cbri-

2201 5492 2475 5564 stus.Sed
2501 5494 2592 5564 qui
2625 5495 2774 5564 dicit.
2818 5513 2836 5545 ι

2273 5563 2385 5633 (90)
2413 5559 2592 5618 Codex
2633 5562 2937 5627 Bobiensis,
2967 5571 3021 5617 et
3051 5561 3278 5631 Vulgata
3307 5563 3380 5614 ita
3424 5561 3635 5632 legunt,
3664 5559 3759 5613 sed

2202 5633 2256 5687 ill
2283 5633 2565 5687 Casinensi
2588 5633 2836 5699 habetur,
2866 5652 2885 5684 ι
2917 5640 3060 5687 tenet
3087 5638 3215 5686 etin
3250 5633 3503 5685 lectione.
3536 5649 3556 5682 ι

2273 5704 2384 5773 (91)
2414 5702 2591 5758 Codex
2614 5698 2947 5768 Casinensis,
2979 5722 2997 5754 ι
3023 5705 3367 5765 destruetur;
3402 5720 3421 5752 ι
3448 5702 3613 5754 lectio
3639 5698 3760 5752 Vul-

2204 5781 2339 5842 gata:
2370 5775 2660 5839 contraria,
2683 5789 2805 5843 qua:
2823 5775 2982 5828 etiam
3009 5773 3188 5835 habet,
3222 5790 3240 5822 ι
3272 5788 3377 5826 ιιυιι
3403 5773 3705 5828 revelatum
3735 5787 3757 5817 ι

2206 5843 2489 5914 utrobique
2516 5844 2675 5914 juxta
2708 5846 2863 5900 fidem
2892 5843 3061 5899 Graeci
3098 5852 3297 5899 textus.
