3982 6346
270 430 401 486 1501

1346 432 1492 489 CUM
1531 431 1809 488 MANETE
1847 432 2373 489 HERESIARCHA.

3354 434 3491 489 1502

271 550 453 621 llsque
504 551 561 605 in
598 550 917 606 hodiernum
968 550 1137 617 enim,
1181 566 1303 606 cum
1352 550 1551 622 legitur
1596 550 1832 622 Moyses,
1861 556 1906 611 Α
1935 567 2085 617 cens,
2126 551 2369 607 velamen
2406 564 2527 605 esse
2550 552 2785 620 positum
2820 552 2872 606 in
2900 550 3129 607 lectione
3155 547 3365 607 Veteris
3389 550 3493 606 Te-

268 643 514 697 velamen
548 652 630 696 est
655 642 893 711 positum
924 656 1087 711 super
1116 656 1210 696 cor
1236 657 1447 697 eorum.
1485 640 1620 697 Cum
1646 652 1827 697 autem

267 747 567 788 conversus
618 731 781 788 fuerit
838 733 906 788 ad
959 732 1290 799 Dominum,
1346 733 1624 789 auferetur
1679 734 1827 788 vela-

267 844 391 884 men
413 827 545 898 (92).
571 827 835 883 Dominus
857 837 1036 883 autem
1064 826 1296 898 Spiritus
1315 837 1398 883 est
1423 828 1488 883 ‘°.
1519 847 1537 880 ι
1554 826 1691 894 Quid
1715 828 1841 898 (93)

268 919 481 989 inquit?
505 918 684 989 Usque
706 920 760 974 in
785 920 1177 975 hodiernumne
1204 936 1443 990 prmsens
1469 929 1554 976 est
1578 920 1827 992 Moyses?

267 1026 376 1066 non
407 1011 680 1074 dormivit,
709 1026 818 1065 non
847 1012 1127 1081 requievit,
1159 1027 1268 1065 non
1306 1012 1569 1067 abscessit
1608 1027 1638 1067 e
1683 1011 1831 1066 vita?

266 1101 551 1170 Quomodo
580 1104 633 1157 in
663 1103 979 1159 hodiernum
1009 1104 1120 1176 (94)
1154 1104 1327 1160 dicit?
1368 1103 1472 1160 Sed
1501 1104 1708 1160 intuere
1736 1120 1832 1160 ve-

267 1195 467 1260 lamen,
497 1195 589 1249 ubi
629 1195 779 1258 dicit,
812 1195 1049 1265 positum
1101 1212 1265 1266 supra
1304 1211 1400 1252 cor
1429 1212 1640 1260 eorum,
1666 1197 1720 1251 in
1752 1197 1830 1252 le-

267 1289 447 1343 ctione
486 1303 697 1342 eorum.
746 1285 873 1342 [iam
911 1295 995 1344 est
1036 1287 1147 1359 (95)
1180 1303 1285 1342 vox
1334 1303 1455 1357 quae
1480 1289 1659 1359 arguit
1690 1288 1831 1345 filios

264 1380 452 1445 Israel,
499 1381 738 1450 legentes
776 1379 996 1452 Moysen
1033 1389 1087 1435 et
1135 1395 1242 1433 non
1293 1380 1688 1452 intelligentes,
1735 1397 1830 1436 nc-

264 1488 373 1543 quc
413 1481 787 1527 convertentes
835 1487 894 1526 se
942 1471 1008 1525 ad
1048 1469 1366 1538 Dominum;
1408 1473 1665 1542 quoniam
1715 1473 1831 1542 ipse

264 1574 369 1628 est,
401 1564 496 1634 qui
538 1579 569 1618 a
602 1562 785 1635 Moyse
836 1562 1189 1633 prophetatus
1230 1573 1309 1617 est
1353 1564 1557 1617 venire.
1596 1563 1709 1618 Hoc
1746 1573 1831 1618 est

265 1654 533 1719 velamen,
569 1655 716 1725 quod
761 1666 877 1710 erat
922 1654 1161 1724 positum
1202 1669 1366 1723 super
1400 1652 1592 1709 faciem
1637 1654 1827 1725 Moysi,

264 1747 409 1815 quod
464 1756 548 1800 est
614 1753 996 1800 testamentum
1060 1746 1180 1815 ejus
1256 1745 1339 1813 ⁶¹;
1411 1748 1487 1802 ait
1560 1750 1706 1804 enim
1772 1749 1825 1803 in

264 1838 381 1907 lege
404 1836 554 1909 (96):
593 1857 611 1887 ι
639 1836 757 1891 Νοη
788 1838 1001 1893 deficiet
1050 1838 1301 1910 princeps
1347 1855 1414 1895 ex
1461 1838 1621 1904 Juda,
1654 1856 1829 1911 neque

264 1930 374 1984 dux
428 1927 496 1982 de
554 1926 854 1985 femoribus
908 1929 1072 1999 ejus,
1135 1946 1419 2000 usquequo
1476 1920 1657 1986 veniat
1715 1930 1826 2002 (97)

267 2020 426 2089 cujus
468 2027 551 2074 est
581 2018 692 2090 (98)
714 2061 728 2085 ,
758 2028 813 2073 et
850 2020 963 2089 ipse
993 2020 1095 2074 erit
1133 2021 1466 2090 exspectatio
1490 2023 1727 2093 gentium
1760 2022 1826 2074 ".

264 2109 372 2177 Qui
411 2110 654 2181 alligabit
682 2111 792 2183 (99)
829 2113 894 2166 ad
916 2112 1080 2166 vitem
1108 2112 1314 2181 pullum
1348 2129 1531 2179 suum,
1561 2122 1613 2168 et
1640 2115 1705 2168 ad
1734 2128 1828 2183 op«

266 2204 458 2258 timam
507 2204 668 2259 vitem
705 2205 910 2273 pullum
942 2204 1111 2259 asina:
1158 2221 1289 2259 suae.
1343 2204 1569 2259 Lavabit
1612 2206 1664 2259 in
1706 2207 1831 2260 vino

265 2290 462 2345 stolam
485 2306 665 2359 suam,
684 2301 737 2346 et
758 2292 813 2346 in
837 2294 1100 2364 sanguine
1119 2310 1233 2349 uva:
1251 2294 1625 2349 indumentum
1644 2310 1824 2352 suum.

267 2382 473 2439 Suﬂ‘usi
498 2376 641 2439 oculi
671 2386 746 2456 (ι)
771 2385 892 2455 ejus
916 2402 947 2441 a
972 2387 1118 2452 vino,
1167 2396 1221 2441 et
1253 2388 1465 2443 candidi
1492 2388 1682 2445 dentes
1711 2388 1829 2460 ejus

264 2490 292 2527 a
324 2474 485 2542 lacte,
543 2495 563 2528 ι
605 2484 660 2531 et
701 2477 928 2547 reliqua.
974 2476 1078 2544 Qui
1117 2479 1280 2534 etiam
1305 2488 1358 2534 et
1398 2480 1539 2536 unde
1571 2490 1829 2537 venturus

262 2574 407 2620 esset
446 2566 786 2637 designavit,
846 2567 1031 2622 dicens
1066 2586 1079 2623 :
1123 2587 1143 2620 ‹
1187 2568 1510 2639 Prophetam
1541 2570 1692 2625 vobis
1731 2586 1828 2625 su-

263 2656 480 2712 scitabit
536 2656 796 2713 Dominus
842 2656 986 2713 Deus
1039 2674 1105 2713 ex
1151 2658 1409 2715 fratribus
1446 2661 1640 2717 vestris
1688 2661 1829 2716 sicut

263 2766 381 2815 me;
411 2750 585 2820 ipsum
607 2750 787 2805 audite
817 2750 915 2806 ⁸³.»
941 2748 1005 2805 Ει
1023 2751 1240 2821 quidem
1264 2752 1389 2822 quia
1412 2767 1519 2806 non
1550 2752 1722 2822 possit
1742 2752 1828 2805 in-

265 2843 431 2912 telligi
488 2843 594 2897 hoc
624 2843 692 2897 de
735 2840 861 2898 Jesu
891 2841 1037 2897 Nave
1080 2843 1155 2913 (2)
1198 2844 1399 2898 dictum
1424 2859 1563 2906 esse,
1597 2842 1826 2898 manife-

263 2944 408 2989 stum
438 2943 539 2989 est.
585 2933 728 2988 Nihil
759 2935 902 2989 enim
953 2935 1115 3005 hujus
1147 2936 1577 2991 circumcisionis
1620 2936 1675 2989 in
1710 2936 1828 3006 ipso

264 3026 570 3093 invenitur;
617 3026 791 3080 adhuc
832 3026 975 3080 enim
1008 3043 1074 3082 ex
1097 3025 1235 3081 Juda
1269 3043 1422 3096 rcges
1455 3026 1672 3082 fuerunt
1704 3035 1828 3096 post

264 3120 466 3189 ipsum,
500 3125 555 3171 et
590 3116 710 3171 ideo
744 3116 919 3171 aliena
964 3116 1121 3186 longe
1152 3127 1235 3172 est
1264 3119 1332 3173 ab
1370 3133 1433 3172 eo
1459 3116 1571 3172 inec
1597 3118 1826 3188 pr0phe-

1934 644 2210 710 stamenti,
2257 652 2478 713 propter
2505 643 2649 713 quod
2674 644 2721 698 is
2746 644 2838 714 qui
2874 645 3170 714 appellatur
3190 644 3495 714 antiquitus

1936 734 2121 797 Israel,
2172 743 2450 803 exspectat
2496 738 2784 789 adventare
2808 733 3104 800 Christum,
3144 750 3251 789 non
3286 735 3490 790 intelli-

1930 838 2115 898 gentes
2142 826 2218 897 (4)
2259 827 2387 893 quia
2426 826 2738 881 defecerunt
2768 840 2832 879 ex
2859 824 2996 881 Juda
3023 827 3314 898 principes,
3346 838 3400 881 et
3419 843 3488 883 ex

1933 917 2229 973 femoribus
2254 918 2373 987 ejus
2409 917 2606 981 duces;
2644 915 2784 970 sicut
2815 932 2959 971 nunc
2995 918 3238 973 videmus
3272 920 3495 990 regibus

1930 1025 2025 1064 eos
2066 1009 2507 1080 principibusque
2550 1006 2824 1075 subjectos
2870 1007 2947 1077 (5)
2983 1008 3177 1062 tributa
3223 1012 3493 1080 pendere.

1930 1102 2079 1156 nulla
2111 1102 2214 1157 sibi
2247 1109 2508 1167 potestate
2534 1101 2616 1153 vel
2652 1099 2929 1168 judicandi
2960 1101 3041 1153 vel
3076 1103 3329 1171 puniendi
3351 1098 3486 1159 eon-

1929 1210 2105 1261 cessa,
2155 1193 2299 1250 sicut
2327 1191 2494 1247 Judas
2539 1192 2765 1258 habuit,
2800 1191 2927 1261 quia
2974 1191 3209 1247 Thamar
3238 1194 3304 1262 “,
3337 1205 3491 1265 post-

1928 1300 2160 1355 eaquam
2206 1283 2681 1350 condemnaverat,
2730 1284 2905 1354 potuit
2931 1283 3247 1353 justiticare.
3297 1286 3400 1341 Sed
3432 1294 3490 1343 et

1927 1376 2182 1432 videbitis
2220 1375 2297 1447 (6)
2338 1374 2506 1429 vitam
2535 1382 2769 1430 vestram
2797 1374 3117 1445 pendentem
3147 1384 3271 1431 ante
3299 1377 3488 1434 oculos

1928 1478 2139 1524 vestros
2168 1469 2234 1522 ⁸⁸.

1999 1559 2187 1615 XLIV.
2236 1558 2409 1615 Habet
2457 1556 2621 1614 etiam
2669 1559 2759 1614 hic
2803 1575 2981 1616 sermo
3009 1561 3273 1616 velamen.
3306 1559 3488 1632 Usque

1930 1652 1996 1707 ad
2040 1650 2306 1707 Herodem
2339 1651 2481 1707 enim
2517 1666 2584 1706 ex
2618 1660 2768 1720 parte
2808 1652 2987 1722 aliqua
3038 1667 3264 1723 regnum
3305 1660 3489 1707 tenere

1929 1742 2253 1797 videbantur
2277 1760 2291 1810 ;
2339 1743 2408 1797 ab
2438 1742 2686 1813 Augusto
2717 1754 2893 1797 autem
2922 1744 3097 1814 prima
3125 1745 3379 1815 ascriptio
3408 1744 3488 1814 (7)

1931 1835 1985 1890 in
2021 1835 2101 1889 eis
2135 1834 2277 1889 facta
2317 1844 2419 1901 est,
2477 1846 2530 1891 et
2579 1843 2857 1904 coeperunt
2906 1836 3104 1889 tributa
3150 1836 3403 1905 pendere,
3436 1845 3491 1891 et

1932 1941 2155 1980 censum
2182 1926 2329 1981 dare.
2367 1925 2447 1981 Ex
2483 1943 2591 1997 quo
2625 1926 3095 1981 autem‘Dominus
3122 1937 3308 1982 noster
3328 1926 3489 1984 Jesus

1929 2028 2139 2088 coeptus
2205 2027 2288 2074 est
2343 2021 2653 2090 prephetari
2708 2030 2870 2090 atque
2920 2021 3255 2090 exspectari,
3306 2035 3372 2074 ex
3423 2035 3490 2075 eo

1928 2109 2200 2180 principes
2245 2125 2310 2164 ex
2357 2109 2495 2165 Juda
2537 2126 2658 2166 esse
2686 2120 2967 2180 coeperunt
3001 2119 3055 2165 et
3081 2110 3246 2165 duces
3280 2110 3485 2180 populi,

1930 2200 2025 2271 qui
2076 2216 2295 2256 rursum
2343 2201 2657 2257 defecerunt
2708 2202 2763 2256 in
2804 2202 3035 2257 adventu
3068 2201 3144 2272 (8)
3187 2203 3489 2273 praesentia:

1928 2294 2068 2365 ejus.
2100 2293 2157 2349 Si
2187 2310 2315 2367 ergo
2345 2294 2622 2349 auferatur
2642 2295 2881 2350 velamen
2907 2296 3051 2365 quod
3074 2295 3127 2348 in
3147 2295 3236 2349 illa
3259 2294 3491 2350 lectione

1927 2385 2161 2456 positum
2195 2396 2296 2453 est,
2328 2387 2625 2457 intelligent
2648 2386 2722 2458 (9)
2747 2386 3000 2441 virtutem
3029 2386 3484 2452 circumcisionis,

1928 2479 2203 2534 invenient
2243 2489 2297 2535 et
2336 2480 2732 2550 generationem
2763 2478 2882 2548 ejus
2911 2494 3068 2548 quem
3097 2478 3479 2548 praadicamus,

1928 2579 1981 2625 et
2023 2585 2265 2636 crucem,
2297 2579 2352 2625 et
2394 2584 2731 2642 quaecunque
2760 2572 2825 2625 de
2865 2571 3095 2625 Domino
3121 2580 3309 2626 nostro
3338 2579 3487 2641 gesta

1928 2671 2077 2728 sunt,
2114 2663 2230 2733 ip‘sa
2263 2677 2384 2717 esse
2424 2678 2545 2733 quae
2592 2663 2659 2717 de
2703 2678 2769 2718 eo
2828 2662 3046 2717 fuerant
3093 2662 3368 2732 przedicta.
3423 2659 3488 2715 Et

1927 2752 2085 2810 velim
2131 2752 2349 2824 quidem
2389 2753 2455 2808 de
2488 2752 2784 2823 Scripturis
2823 2753 3095 2809 discutere
3121 2766 3487 2822 unumquem-

1930 2861 2037 2916 que
2076 2860 2381 2901 sermonem
2430 2843 2564 2917 (lO),
2617 2853 2671 2899 et
2720 2844 3002 2899 ostendere
3047 2852 3106 2897 ut
3139 2843 3361 2912 intelligi
3403 2842 3487 2896 di-

1930 2954 2094 3013 gnum
2123 2945 2225 2991 est.
2258 2936 2360 2991 Sed
2392 2935 2649 3007 quoniam
2683 2952 2829 2991 nunc
2857 2936 3001 2990 aliud
3027 2943 3110 2991 est
3138 2936 3281 3005 quod
3307 2943 3483 3006 urget,

1927 3031 1993 3086 de
2025 3030 2238 3084 vacanti
2267 3030 2377 3097 (il)
2411 3029 2565 3085 nobis
2604 3030 2704 3084 ista
2749 3029 3031 3096 dicenturj;
3080 3030 3193 3084 haec
3229 3027 3372 3083 enim
3404 3027 3485 3082 di-

1928 3119 2073 3175 xisse
2097 3134 2244 3173 nunc
2280 3116 2494 3185 suﬁicit,
2547 3127 2607 3173 ut
2645 3118 2994 3173 ostendamus
3026 3134 3135 3173 non
3173 3119 3291 3173 sine
3319 3132 3485 3172 causa

263 3210 358 3264 tia.
412 3206 477 3262 Et
520 3208 624 3263 hoc
651 3218 733 3265 est
760 3209 1003 3264 velamen
1037 3211 1114 3280 (ὅ)
1140 3252 1155 3277 ,
1199 3210 1343 3280 quod
1367 3220 1448 3265 est
1484 3210 1537 3263 in
1570 3208 1823 3281 Moysen;
1851 3250 1894 3310 ρ
1927 3213 2170 3267 velamen
2209 3212 2445 3281 positum
2476 3227 2638 3281 super
2670 3226 2763 3266 cor
2789 3211 3147 3287 quorumdam
3173 3211 3225 3265 in
3258 3212 3486 3266 lectione

262 3314 439 3369 neque
469 3300 634 3365 enim,
668 3300 810 3355 sicut
847 3300 1079 3356 fortasse
1104 3301 1270 3372 aliqui
1310 3300 1681 3371 imperitorum
1721 3316 1823 3370 pu-

261 3400 400 3457 tant,
451 3391 676 3446 linteum
708 3391 928 3462 aliquod
971 3403 1064 3448 aut
1106 3393 1258 3463 pellis
1297 3391 1432 3459 fuit,
1467 3407 1588 3461 quas
1616 3391 1824 3458 vultum

260 3483 381 3553 ejus
407 3486 661 3554 operiret.
698 3483 803 3540 Sed
830 3486 1124 3556 Apostolus
1153 3485 1438 3555 diligenter
1467 3484 1703 3549 ostendit
1734 3485 1823 3541 di-

333 3599 379 3631 “
412 3599 452 3655 ll
480 3598 610 3673 Cor1
640 3615 723 3673 ut,
753 3600 840 3655 14.
917 3602 959 3633 ⁸³
984 3600 1153 3673 Exod.
1178 3617 1365 3671 xxxtv,
1388 3603 1487 3670 33;
1517 3601 1564 3657 ll
1598 3602 1724 3663 Cor.
1756 3618 1819 3663 tu

1928 3604 1967 3659 5.
2045 3605 2090 3636 ⁶²
2115 3604 2248 3660 Cen.
2281 3619 2432 3673 xxix,
2460 3602 2547 3662 10.
2624 3603 2671 3635 ⁸³
2695 3602 2851 3658 Deut.
2884 3617 3039 3670 xvm,
3084 3600 3168 3656 l8.

262 3684 491 3725 xxxvttt.
564 3671 612 3709 ⁸⁸
651 3669 810 3726 Deut.
837 3687 1030 3740 xxvm,
1095 3672 1150 3727 9.

331 3790 444 3916 (9‘2)
466 3790 647 3859 Codex
680 3792 984 3855 Bobiensis,
1014 3810 1033 3844 ι
1069 3792 1233 3849 fuerit
1258 3793 1381 3876 quis
1410 3796 1475 3850 ad
1504 3793 1814 3865 Dominum,

358 3871 537 3916 eretur
566 3861 833 3916 velamen.
879 3881 897 3914 ι
938 3861 1166 3916 Vulgata
1196 3880 1339 3916 emm
1378 3866 1556 3916 habet.
1605 3884 1623 3916 ‹
1660 3866 1814 3916 aufe-

261 3861 842 3933 aufereturvelamen.
879 3881 897 3914 ι
938 3861 1166 3933 Vulgata
1196 3861 1339 3919 enim
1378 3866 1556 3929 habet,
1605 3884 1623 3917 ‹
1660 3861 1816 3922 ειυΐοὲ

264 3942 435 3987 retur.
477 3952 495 3985 ι
532 3931 599 3985 At
631 3933 685 3985 in
720 3931 1007 3987 Casinensi
1034 3931 1218 3988 codice
1247 3942 1330 3989 est
1364 3953 1383 3986 ι
1426 3934 1688 3990 aufertur.
1722 3956 1742 3989 ›

335 4000 447 4136 (95)
475 4001 812 4066 Casinensis,
843 4021 862 4054 ι
896 4003 1062 4072 quod,
1103 4021 1122 4055 ι
1154 4004 1297 4058 mala
1324 4004 1506 4061 lectio.

335 4070 426 4135 (94
476 4072 658 4126 Codex
691 4070 997 4136 Bobiensis,
1041 4090 1061 4125 ι
1099 4073 1361 4130 abscessit
1391 4076 1502 4131 vita

334 4070 447 4136 (94)
476 4072 658 4126 Codex
691 4070 997 4140 Bobiensis,
1041 4090 1061 4125 ι
1099 4073 1361 4130 abscessit
1391 4075 1538 4131 vita?

251 4139 437 4197 obrem
449 4157 578 4198 ergo
600 4140 654 4195 in
680 4139 1022 4198 hodiernum.
1063 4162 1083 4195 ι

338 4211 453 4283 (95)
479 4210 631 4283 idem
661 4210 855 4283 codex,
890 4232 910 4264 ι
946 4228 1108 4283 supra
1134 4228 1229 4267 cor
1255 4227 1466 4271 eorum.
1494 4213 1618 4271 Haec
1655 4226 1759 4272 est.
1802 4231 1822 4268 ι

325 4280 630 4404 giﬁgulalim’
649 4282 841 4347 codex,
880 4300 898 4333 α
927 4280 1205 4350 οἱῐοηίω,
1245 4283 1503 4356 intellige,
1534 4305 1553 4338 ι
1587 4296 1644 4341 et
1677 4302 1825 4354 mox,

266 4369 288 4404 ι
325 4365 572 4404 (1811103.
610 4369 630 4402 ι

336 4419 447 4489 (97)
482 4420 665 4497 Codex
696 4419 1002 4497 Bobiensis,
1042 4439 1062 4473 ι
1111 4420 1177 4475 de
1221 4419 1427 4497 femore
1477 4426 1609 4497 ejus
1630 4442 1828 4497 usque-

260 4504 374 4561 quo
406 4490 731 4564 veni_at,_qui
759 4499 861 4564 est.
896 4509 916 4542 ι
964 4491 1367 4564 Caeterum__ista
1406 4490 1568 4564 hujus
1599 4490 1828 4551 loci'in-

1613 4072 1819 4140 Quam-

1933 3303 2139 3360 Veteris
2175 3302 2526 3360 Testamenti.
2575 3304 2896 3374 Quicunque
2938 3319 3067 3359 vero
3096 3304 3162 3358 ad
3196 3303 3484 3359 Dominum

1930 3402 2337 3460 convertuntur,
2381 3394 2450 3453 ab
2503 3394 2569 3449 iis
2612 3394 2855 3451 velamen
2896 3396 3007 3467 (l2)
3042 3393 3304 3450 aufertur.
3355 3393 3487 3460 Quae

1930 3486 2113 3542 omnia
2144 3502 2310 3557 quam
2339 3487 2446 3541 vim
2482 3485 2717 3540 habeant
2749 3486 2806 3540 in
2851 3502 2990 3551 sese,
3043 3485 3129 3541 bis
3177 3485 3268 3556 qui
3322 3500 3482 3540 sensu

3267 3600 3313 3634 ἰ
3345 3599 3481 3657 Gen.

1924 3794 2204 3852 Bobiensis
2238 3812 2258 3846 ι
2298 3794 2558 3852 alligavit.
2597 3812 2616 3847 ι
2916 3828 2922 3833 .

1997 3866 2076 3938 (1)
2109 3864 2287 3938 Codex
2320 3857 2620 3938 Bobiensis,
2655 3883 2694 3938 ιΔ
2717 3863 2872 3919 eﬂ'usi
2903 3859 3068 3938 oculi.
3105 3878 3125 3914 ι
3161 3857 3317 3938 Mox,
3340 3877 3360 3910 ο
3385 3860 3483 3938 qui

1925 3928 2093 4014 enim.
2127 3954 2146 3987 ›
2182 3932 2326 4014 Mox,
2364 3954 2399 4014 _¢_
2420 3928 2741 4014 designavit,
2763 3932 3114 4014 prophetam.
3140 3948 3159 4014 ξ
3188 3964 3269 4014 ...ἢ
3283 3928 3355 3981 De
3384 3929 3486 4011 hac

1926 4007 2157 4060 lectione
2199 3997 2327 4073 fuse
2348 3997 2586 4073 disputat
2611 3997 2847 4058 Grabius
2878 3997 2935 4056 in
2960 4001 3179 4073 dissert.
3222 3997 3297 4051 De
3320 4000 3483 4073 variis

1924 4076 2071 4131 vitiis
2114 4073 2266 4154 ζςΧΧ
2298 4069 2555 4154 Ιητείρρκ,
2667 4069 3068 4154 19,οροξ..56..
3099 4070 3320 4154 Quoelx
3364 4069 3485 4123 loco

1925 4146 2188 4200 nonnulla
2214 4138 2488 4212 excerpta
2514 4138 2758 4212 dedimus
2793 4138 2889 4212 ἐιᾶ
2930 4139 3130 4212 Justini
3167 4138 3308 4212 Dial:
3365 4154 3486 4192 cum

1928 4215 2150 4282 Tryph.,
2185 4212 2326 4282 §52,
2356 4207 2489 4266 (om.
2520 4211 2538 4265 Ι
2569 4213 2729 4282 hujus
2750 4211 3025 4282 Bibliotlt_.,
3056 4225 3177 4280 pag.
3202 4207 3327 4264 507.

1998 4234 2003 4244 ’
2072 4232 2150 4279 η..
2239 4232 2326 4275 az,
2356 4232 2489 4266 tum.
2520 4232 2538 4265 ι
2569 4232 2729 4282 ιιυιυδ
2750 4232 3025 4273 matrerm.
3057 4232 3177 4280 pag.
3202 4232 3327 4264 θυι.

1998 4232 2073 4357 3)
2107 4232 2449 4359 In_%$obiensi
2481 4282 2661 4359 inepta
2689 4282 2848 4359 lectio
2874 4323 2889 4344 ,
2928 4299 2947 4333 ι
2978 4279 3151 4359 Mane.
3192 4297 3212 4330 ι
3251 4309 3323 4359 τ-
3345 4276 3485 4359 Cor-

1925 4350 2144 4426 ruptam
2169 4354 2454 4426 lectionem
2490 4370 2509 4403 ι
2541 4350 2938 4426 de_Jesu_Mane
2964 4350 3232 4426 Lviderat
3256 4350 3486 4426 jampri-

1926 4416 2050 4482 dem
2081 4426 2136 4479 in
2170 4422 2452 4479 Valesiana
2503 4422 2738 4478 editione
2770 4423 2931 4491 hujus
2962 4419 3349 4491 Disputationis
3378 4416 3485 4471 Co-

1930 4497 2151 4551 telerius
2184 4496 2250 4550 ad
2280 4493 2540 4549 Barnaba:
2569 4491 2737 4562 Epist.
2772 4489 2890 4561 cap.
2928 4490 3016 4555 12,
3050 4490 3143 4545 ubi
3170 4489 3236 4544 de
3258 4489 3363 4543 hoc
3386 4503 3485 4543 no-

261 4560 576 4638 ter_pretatio
619 4560 776 4638 longe
799 4560 1013 4638 diversa
1041 4570 1125 4616 est
1151 4576 1183 4614 a
1221 4560 1558 4638 Y_ulgata_.'et
1590 4567 1657 4638 ab
1684 4568 1826 4621 anti-
1856 4583 1900 4638 ι)
1928 4568 2076 4638 mine
2102 4579 2372 4638 pro_mor_e
2394 4578 2498 4638 suo
2527 4560 2747 4638 disserit
2772 4560 2998 4638 erudite.

261 4622 549 4753 ﬁni—oribus
578 4622 939 4695 versionibus,
962 4647 1107 4715 ‘quas
1151 4622 1407 4687 exhibent
1436 4622 1821 4717 Tertullianus,

315 4716 343 4753 ε
377 4698 595 4753 Τνυηι..
621 4714 739 4753 can.
770 4699 823 4753 9.
850 4708 903 4753 et
935 4701 1236 4753 Cvnrtanus
1265 4710 1381 4753 adv.
1408 4701 1624 4753 Judmas
1664 4706 1756 4753 ιώ.
1782 4722 1819 4753 ι-

315 4716 343 4753 e
377 4698 595 4772 Tﬁnit_.,
621 4714 739 4772 cap.
770 4699 823 4765 9,
838 4708 903 4772 et
935 4698 1236 4772 Cyprianus
1265 4710 1381 4756 adv.
1408 4701 1624 4759 Judazos
1664 4706 1756 4761 lib.
1782 4698 1820 4771 ιζ

261 4784 384 4839 cap.
414 4769 504 4842 2|.
537 4769 641 4842 Sed
666 4767 778 4838 (nec
826 4767 1197 4831 Greecb’LXX
1241 4773 1470 4842 lnterpr.
1522 4776 1689 4829 textui
1740 4767 1826 4830 re;

261 4840 513 4912 spondet,
545 4840 669 4894 licet
698 4854 805 4892 non
836 4855 941 4912 una
966 4856 1178 4912 semper
1205 4842 1277 4897 sit
1298 4840 1551 4912 ejusdem
1582 4845 1743 4900 lectio
1768 4845 1824 4899 in

260 4909 421 4963 codd.
462 4925 596 4964 mss.
632 4921 684 4963 et
710 4909 851 4978 apud
888 4909 1099 4967 Patres.
1128 4909 1263 4969 Vide
1286 4909 1558 4968 Nobilium
1586 4914 1642 4969 in
1681 4915 1824 4970 notis

260 4979 331 5032 ad
362 4994 485 5032 eum
517 4982 715 5033 locum.

336 5049 447 5117 (98)
482 5047 645 5117 Cujus
677 5058 775 5103 est.
801 5046 1095 5105 Prudentia
1116 5049 1339 5107 Marano
1366 5052 1486 5108 viro
1508 5052 1824 5109 doctissimo

264 5117 332 5171 ad
360 5117 559 5183 Justini
595 5119 749 5187 Apol.
777 5135 815 5185 ι,
856 5118 884 5190 §
924 5119 1013 5183 52,
1057 5121 1267 5176 videtur
1298 5128 1400 5177 hoc
1426 5140 1544 5178 esse
1574 5124 1825 5178 librario—

266 5204 387 5265 rum
445 5198 706 5265 erratum,
745 5205 843 5258 pro
894 5208 914 5265 t_
984 5191 1092 5265 cui
1119 5192 1209 5261 jus
1253 5201 1354 5265 est.
1391 5213 1410 5245 ι
1440 5194 1570 5259 Quae
1606 5195 1823 5265 quidem

261 5258 425 5332 lectio
471 5260 719 5332 restituta
763 5261 988 5330 propius
1022 5261 1095 5313 illi
1122 5258 1347 5332 accedit
1377 5258 1541 5332 quam
1574 5258 1825 5319 novimus

259 5326 441 5403 fuisse
492 5323 780 5384 veteribus‘
832 5323 1170 5403 usurpatam,
1228 5323 1627 5403 tba'tn'éxeuat,
1675 5353 1694 5386 ι
1738 5334 1827 5390 cui

261 5399 563 5468 repositum
607 5410 708 5455 est.
772 5419 790 5451 ›
864 5398 1074 5453 Videsis
1117 5411 1218 5454 hac
1268 5401 1335 5455 de
1392 5420 1450 5459 re
1498 5406 1565 5458 cl.
1616 5398 1827 5459 Cotele-

259 5472 405 5541 rium
445 5471 512 5523 ad
554 5468 779 5525 Coustit.
828 5478 998 5541 opust.
1030 5470 1137 5541 lib:
1156 5486 1228 5537 vr,
1259 5488 1378 5541 cap.
1413 5474 1472 5527 Η
1503 5475 1603 5530 sub
1624 5475 1781 5529 tinem
1809 5493 1824 5528 :

259 5539 354 5615 qui
390 5548 649 5609 praeterea
678 5540 744 5593 ad
767 5538 1080 5615 earumdem
1099 5538 1279 5615 Const.
1301 5538 1393 5615 lib.
1415 5560 1455 5607 ι,
1473 5561 1590 5610 cap.
1608 5544 1670 5615 Vl,
1692 5560 1829 5615 pra:-

257 5609 407 5678 clare
442 5625 656 5663 versum
688 5620 872 5664 censet
901 5610 987 5663 hic
1012 5610 1279 5678 ejusmodi
1309 5612 1581 5669 Geneseos
1604 5609 1780 5668 locum
1811 5632 1826 5669 :

265 5694 289 5730 ι
323 5675 430 5753 Qui
461 5680 810 5755 alligavit__ad
836 5680 997 5755 vitem
1022 5675 1229 5748 pullum
1278 5698 1461 5755 suum,
1505 5693 1559 5739 et
1592 5684 1659 5740 ad
1689 5685 1829 5754 opti-

261 5749 413 5819 mam
436 5749 597 5819 vitem
630 5749 836 5819 pullum
867 5749 1033 5804 asinae
1066 5765 1196 5804 suae.

335 5817 447 5891 (99)
476 5817 659 5874 Codex
682 5817 1017 5891 Casinensis,
1048 5839 1067 5873 ς
1097 5821 1225 5890 quia
1256 5820 1537 5891 alligabit;
1567 5822 1658 5877 sed
1686 5823 1830 5880 hanc

261 5885 551 5951 lectionem
604 5903 671 5951 ex
727 5889 1044 5960 repetitione
1097 5885 1303 5953 vocalis
1344 5885 1399 5960 ἆ.
1448 5885 1621 5955 ortam
1673 5903 1823 5966 puto.

1997 4627 2287 4707 (3)3'Codex
2319 4633 2674 4707 Casinensis:
2708 4650 2728 4684 ι
2775 4631 2841 4691 Et
2875 4633 2990 4687 haec
3027 4638 3110 4686 est
3150 4627 3418 4684 velamen.
3455 4645 3477 4681 ι

1922 4703 2183 4770 Ειῖιὶΐιιο,
2217 4722 2237 4755 ι
2275 4704 2357 4771 vel
2386 4703 2557 4771 pellis.
2591 4720 2611 4753 ι

1993 4774 2070 4846 (4)
2098 4775 2297 4846 Codex_
2317 4770 2616 4846 Bobiensis,
2652 4790 2672 4846 ς
2706 4772 3029 4846 intelligens.
3070 4790 3089 4823 ο

1994 4838 2069 4915 (5)
2102 4842 2239 4915 Male
2263 4841 2543 4896 Bobiensis
2567 4843 2758 4908 codex,
2797 4861 2816 4895 ι
2846 4842 3064 4912 regibus
3092 4854 3207 4909 eos,
3237 4838 3485 4911 regibus-

1922 4930 2039 4985 que,
2052 4914 2350 4985 subjectos.
2382 4930 2400 4985 ξ

1994 4984 2070 5065 (fi)
2094 4979 2279 5065 Codex
2308 4980 2643 5065 Dob‘iensisn
2660 4980 3003 5065 iustificari-3..
3025 4979 3130 5065 Sed
3158 4980 3432 5036 videbitis.
3457 4997 3481 5031 ι

1924 5051 2234 5110 Casinensis
2265 5071 2283 5105 ι
2325 5051 2634 5121 justiticari.
2660 5052 2763 5106 Sed
2786 5052 3198 5121 etvidehitis.)

1999 5124 2076 5197 (7)
2107 5116 2391 5197 Bobienéiﬂs
2428 5124 2598 5197 codex
2630 5162 2645 5188 ,
2691 5116 3054 5197 ¢_abs_ériptio.
3091 5141 3110 5174 ι
3145 5119 3289 5186 Mox,
3319 5137 3338 5170 ι
3375 5133 3486 5175 οω-

1925 5191 2246 5264 ροιίυήιψιο.
2283 5211 2303 5246 ι
2338 5191 2403 5246 Et
2434 5192 2595 5257 infra,
2644 5211 2662 5243 ί
2700 5191 2961 5247 Dominus
2993 5207 3165 5247 meus.
3202 5209 3221 5242 ι

2000 5265 2077 5334 (8)
2108 5263 2250 5318 Idem
2276 5264 2468 5329 codex,
2509 5282 2527 5316 ι
2567 5264 2621 5317 in
2655 5263 2965 5334 adventum.
3005 5281 3025 5334 ι

2002 5328 2250 5461 (9)dldem
2298 5334 2490 5402 codex,
2536 5352 2556 5387 ι
2600 5332 2925 5403 intelligens.
2968 5350 2989 5384 ι
3019 5330 3085 5385 Et
3112 5328 3275 5393 infra,
3308 5345 3327 5378 ι
3369 5329 3483 5396 ipsa

2006 5421 2051 5461 ω
2113 5422 2143 5461 e
2173 5421 2261 5461 eo.
2313 5423 2331 5456 ι

1970 5421 2051 5464 118
2076 5421 2143 5461 ae
2173 5421 2261 5461 eo.
2313 5423 2331 5456 ι

1928 5422 2051 5477 quae
2076 5422 2143 5461 ae
2173 5422 2261 5461 eo.
2313 5423 2331 5456 ι

2003 5475 2112 5547 (10)
2158 5477 2217 5529 ln
2270 5474 2453 5530 codice
2501 5473 2754 5529 Bobiensi
2801 5468 3479 5547 mutilusestnhtclocus;

1930 5540 2283 5609 hahet'enim,
2323 5562 2342 5596 ‹
2383 5561 2711 5613 sermonem,
2748 5553 2806 5597 ut
2839 5541 3093 5610 intelligi,
3122 5540 3349 5609 dignum
3376 5546 3479 5598 est.

1930 5615 2320 5692 Dixissemugc
2349 5616 2558 5692 sufﬁcit.
2575 5636 2594 5667 ι
2758 5686 2772 5692 _
3008 5682 3037 5692 __

2004 5686 2117 5759 (ll)
2147 5685 2201 5739 In
2238 5686 2520 5759 Casinensi
2546 5696 2649 5759 est,
2681 5704 2714 5759 ε
2728 5686 2807 5759 de
2830 5682 3185 5759 vacantibus;
3230 5698 3257 5741 ι
3285 5682 3383 5743 δέξει⁴
3404 5681 3481 5743 leo

1931 5752 2187 5826 gendum,
2222 5774 2241 5809 ε
2263 5758 2330 5811 de
2359 5757 2588 5826 vacanti.
2628 5777 2648 5809 ι
2683 5754 2773 5810 Sic
2794 5767 2955 5826 supra
2977 5767 3097 5822 cap.
3125 5752 3216 5806 41.

2002 5826 2113 5899 (12)
2143 5827 2324 5886 Codex
2356 5825 2669 5895 Bobiensis,
2706 5844 2725 5878 ι
2764 5825 3143 5881 velamentum.
3174 5842 3195 5877 ι
