3982 6346
236 396 374 453 I505

1317 401 1459 458 CUM
1497 403 1776 460 MANETE
1813 405 2339 468 HERESIARCHA.

3310 433 3445 493 1506

235 516 367 572 ﬁent
401 516 511 590 (56)
541 520 650 576 duo
680 529 858 577 vetera
894 523 1272 589 Testamenta;
1323 523 1366 579 si
1399 533 1576 580 tamen
1609 526 1798 583 ambos
1825 533 1871 589 Α
1901 538 1956 584 et
1986 547 2092 586 non
2124 535 2256 590 satis
2278 532 2678 606 Scripturarum
2714 547 3103 614 quaestionibus
3134 553 3440 614 eruditum:

232 609 512 680 antiquos,
565 623 618 668 et
663 615 781 670 sine
822 615 978 669 initio
999 629 1118 670 esse
1142 615 1297 670 dicis.
1334 615 1442 686 Ego
1468 625 1645 672 autem
1681 633 1788 673 non

233 700 306 755 ita
339 702 544 768 didici,
575 721 750 776 neque
785 707 856 760 ita
899 706 1178 761 continent
1210 707 1518 778 Scripturze.
1557 708 1637 763 Tu
1660 724 1788 765 vero

230 791 326 860 qui
348 792 484 848 dicis
511 794 678 865 legem
713 795 878 866 Moysi
903 812 1024 852 esse
1051 797 1267 867 maligni
1293 799 1569 870 principis,
1607 809 1786 856 etnon

231 880 362 935 boni
397 881 490 937 Dei
519 925 533 946 ,
573 885 658 940 dic
687 887 840 952 mihi,
872 886 964 956 qui
984 895 1139 940 erant
1161 887 1232 940 illi
1257 888 1348 957 qui
1377 889 1698 946 resistebant
1731 893 1786 947 in

227 969 424 1026 faciem
461 971 648 1044 Moysi,
701 973 946 1030 Jamnem
981 977 1103 1032 dico
1136 986 1188 1032 et
1233 977 1565 1034 Mambrem?
1616 980 1786 1039 Omne

225 1061 373 1114 enim
426 1065 567 1132 quod
616 1065 838 1131 resistit,
889 1083 998 1120 non
1053 1067 1369 1138 sibimetipsi
1415 1071 1636 1137 resistit,
1690 1073 1816 1128 sed.

227 1150 344 1215 alii,
384 1163 478 1206 aut
509 1155 716 1210 meliori
746 1167 837 1211 aut
864 1156 1144 1224 deteriori,
1184 1157 1325 1213 sicut
1355 1159 1557 1215 Paulus
1584 1163 1783 1220 indicat

225 1239 293 1292 ad
312 1239 652 1297 Timotheum
676 1245 728 1298 iu
746 1247 981 1301 secunda
999 1245 1233 1318 Epistola
1256 1264 1354 1304 sua
1372 1251 1614 1306 scribens
1633 1253 1741 1324 (57)
1763 1271 1777 1308 :

230 1345 252 1379 α
291 1328 753 1395 Quemadmodum
800 1335 1018 1392 Jamnes
1061 1349 1115 1392 et
1152 1337 1419 1394 Mambres
1471 1342 1780 1398 restiterunt

224 1419 392 1492 Moysi
420 1462 434 1486 ,
471 1423 543 1479 ita
569 1434 622 1480 et
648 1425 740 1482 isti
775 1427 1088 1484 restiterunt
1117 1431 1351 1498 veritati,
1383 1433 1632 1490 homines
1665 1450 1782 1490 cor-

219 1515 367 1583 rupti
423 1526 620 1584 mente,
671 1521 884 1590 reprobi
925 1521 1068 1576 circa
1116 1523 1312 1590 (idem;
1349 1524 1442 1579 sed
1484 1526 1623 1581 ultra
1668 1543 1775 1582 non

218 1607 522 1675 proficient.
577 1609 884 1681 lnsipientia
929 1616 1072 1670 enim
1128 1630 1314 1671 eorum
1365 1618 1614 1674 omnibus
1661 1619 1774 1691 (58)

219 1706 346 1750 nota
371 1706 472 1762 est,
505 1699 645 1754 sicut
681 1710 734 1754 et
764 1703 978 1758 illorum
1012 1703 1114 1758 fuit
1139 1705 1228 1759 η’.
1258 1725 1276 1758 ι
1315 1704 1474 1762 Vides
1503 1709 1774 1777 quomodo

215 1785 466 1844 Jamnem
507 1799 560 1846 et
601 1789 893 1848 Mambrem
934 1795 1243 1851 hominibus
1276 1809 1552 1867 comparat
1588 1815 1774 1855 corru-

216 1879 327 1949 ptis
369 1891 546 1938 mente
587 1892 641 1939 et
700 1887 943 1956 reprobis
976 1889 1117 1944 circa
1150 1888 1341 1955 ﬁdem;
1386 1888 1603 1961 Moysen
1645 1908 1772 1950 vero

211 1972 475 2027 veritati?
519 1974 624 2030 Sed
653 1984 706 2030 ct
735 1986 957 2032 sanctus
985 1977 1222 2034 Joannes
1250 1979 1519 2034 maximus
1543 1997 1773 2054 evange-

208 2063 461 2118 listarum
485 2066 579 2128 ait,
613 2069 840 2135 gratiam
870 2070 1040 2140 gratia
1076 2079 1348 2139 praestare,
1376 2082 1429 2128 et
1453 2073 1666 2129 differre
1688 2075 1767 2144 ⁹⁸;

206 2168 280 2208 ex
321 2155 653 2224 plenitudine
695 2159 836 2213 enim
891 2157 1019 2215 Jesu
1067 2160 1235 2230 legem
1285 2161 1453 2234 Moysi
1497 2165 1771 2234 accepisse

207 2259 312 2300 nos
347 2245 510 2313 dicit;
553 2248 714 2302 aliam
749 2257 929 2303 autem
965 2252 1190 2320 gratiam
1219 2267 1318 2321 pro
1348 2253 1436 2310 illa
1471 2256 1642 2325 gratia
1673 2271 1768 2326 per

203 2329 393 2388 Jesum
444 2334 719 2391 Christum
762 2351 882 2392 esse
935 2340 1254 2408 completam
1305 2340 1359 2394 in
1400 2342 1579 2397 nobis.
1611 2341 1766 2409 Quod

203 2424 503 2480 ostendens
531 2427 692 2480 etiam
718 2428 831 2497 ipse
858 2427 1123 2484 Dominus
1147 2440 1332 2485 noster
1353 2429 1511 2487 Jesus
1541 2433 1718 2487 aiebat
1747 2451 1762 2490 :

209 2529 235 2563 ε
268 2509 385 2566 Non
432 2514 632 2582 putetis
675 2515 807 2585 (59),
856 2517 983 2585 quia
1037 2532 1139 2583 ego
1192 2533 1289 2572 vos
1323 2519 1595 2575 accusabo
1621 2522 1764 2590 apud

204 2601 444 2658 Patrem.
471 2601 562 2658 Est
601 2605 695 2674 qui
728 2620 826 2660 vos
853 2616 1071 2662 accuset
1099 2607 1330 2678 Moyses,
1364 2609 1418 2662 in
1449 2626 1610 2680 quem
1649 2611 1761 2683 (40)

201 2707 305 2748 vos
327 2695 586 2764 speratis;
626 2695 673 2750 si
730 2696 876 2750 enim
918 2696 1209 2751 crederetis
1243 2695 1436 2768 Moysi,
1473 2700 1762 2757 crederetis

201 2789 395 2858 utique
420 2798 474 2844 et
501 2789 633 2843 mihi
661 2788 808 2860 (H);
839 2789 904 2845 de
930 2805 1016 2845 me
1046 2790 1190 2846 enim
1219 2790 1307 2845 ille
1339 2791 1573 2862 scripsit.
1607 2791 1761 2860 Quod

201 2882 251 2936 si
297 2881 490 2937 litteris
533 2881 679 2936 illius
711 2897 818 2936 non
841 2883 1080 2949 creditis,
1111 2881 1385 2953 Quomodo
1415 2883 1594 2939 verbis
1625 2884 1760 2941 meis

200 2975 437 3029 credetis
466 2973 549 3027 "1'
588 2992 608 3026 ι
655 2971 793 3027 Sunt
821 2974 983 3028 etiam
1023 2974 1127 3028 alia
1161 2975 1328 3030 multa
1355 2990 1475 3044 qua:
1499 2975 1602 3030 dici
1633 2991 1761 3045 pos-

198 3073 328 3120 sent
372 3064 480 3135 (42)
523 3073 577 3120 et
620 3064 687 3120 de
727 3065 970 3134 apostolo
996 3063 1187 3130 Paulo,
1222 3074 1278 3121 et
1315 3065 1383 3122 de
1414 3065 1755 3138 Evangeliis;

194 3171 268 3213 ex
294 3157 492 3227 quibus
520 3156 804 3212 ostendere
848 3171 1142 3226 possumus
1167 3166 1402 3212 veterem
1435 3157 1604 3229 legem
1648 3174 1755 3214 non
1788 3220 1800 3229 _,

194 3263 323 3305 esse
357 3249 580 3304 alterius
613 3263 776 3318 quam
823 3247 1062 3315 Domini,
1106 3248 1264 3318 cujus
1285 3256 1371 3304 est
1402 3246 1612 3304 Novum
1647 3249 1753 3306 Te-

195 3352 557 3408 stamentum,
606 3357 727 3411 qum
760 3355 859 3396 nos
895 3348 1263 3410 competenter
1285 3355 1556 3410 exponere
1579 3349 1634 3396 et
1669 3357 1757 3412 ap-

197 3443 318 3490 tare
359 3435 609 3488 convenit
640 3434 774 3504 (45).
805 3431 924 3487 Jam
956 3447 1146 3502 vesper
1175 3433 1416 3502 impedit,
1461 3433 1579 3489 dies
1609 3435 1750 3490 enim

193 3526 506 3590 clauditur,
563 3535 619 3581 et
670 3524 828 3580 linem
901 3539 999 3580 nos
1053 3523 1362 3593 disputandi
1422 3523 1599 3581 facere
1655 3542 1754 3597 par

189 3627 320 3686 est;
366 3619 605 3674 crastino
631 3625 810 3672 autem
839 3615 994 3672 nobis
1036 3615 1169 3686 (44),
1204 3615 1271 3670 de
1313 3617 1510 3688 quibus
1548 3618 1642 3673 tibi
1675 3619 1753 3674 vi-

190 3711 373 3776 detur,
407 3710 734 3781 quaestiones
764 3709 1082 3764 habeantur.
1114 3705 1181 3762 Et
1229 3708 1315 3763 his
1352 3709 1510 3766 dictis
1549 3711 1751 3768 disces-

189 3812 382 3860 serunt
415 3803 550 3874 (45),

265 3894 448 3952 XLVI.
501 3895 637 3952 Cum
681 3903 860 3950 autem
896 3910 1056 3950 mane
1104 3893 1302 3950 factum
1357 3903 1520 3961 esset,
1569 3893 1748 3950 subito

190 3987 501 4042 adventavit
542 3987 838 4042 Archelaus
884 3986 950 4041 ad
999 3985 1281 4041 castellum
1355 3986 1460 4041 hoc
1523 3987 1577 4040 in
1636 4002 1746 4057 quo

191 4079 506 4134 morabatur
531 4077 815 4143 Diodorus,
860 4078 1177 4148 priusquam
1203 4077 1426 4132 omnino
1451 4077 1740 4148 quisquam

187 4171 260 4226 ad
284 4172 556 4241 publicum
594 4172 924 4241 procederet.
961 4169 1144 4224 Manes
1173 4184 1302 4224 vero
1327 4170 1580 4240 ignorans
1609 4185 1744 4240 prae.-

187 4273 396 4319 sentem
443 4279 563 4318 esse
590 4263 913 4318 Archelaum
943 4303 957 4328 ,
1019 4277 1238 4317 rursum
1288 4260 1582 4316 Diodorum
1617 4277 1742 4332 pro-

188 4356 415 4410 vocabat
437 4355 502 4410 ad
530 4355 802 4424 publicum
825 4393 840 4417 ,
875 4361 933 4408 ut
955 4369 1078 4407 cum
1112 4368 1178 4408 eo
1201 4352 1564 4422 disputatione
1602 4367 1738 4408 con-

187 4449 465 4512 tenderet,
513 4447 701 4502 volens
757 4463 880 4502 eum
934 4447 1113 4501 verbis
1160 4445 1507 4515 opprimere,
1555 4461 1622 4500 ex
1673 4461 1738 4502 eo

1889 623 2142 679 Archelai
2195 627 2338 681 enim
2384 629 2644 688 doctrinae
2694 634 2806 704 jam
2853 652 3170 711 perceperat
3201 658 3439 716 gustum.

1887 715 2022 770 Cum
2061 733 2190 788 ergo
2233 730 2286 775 et
2315 723 2487 778 turba:
2509 729 2887 785 convenissent
2907 733 2972 786 ad
3001 715 3220 791 solitum
3249 739 3440 810 dispu-

1888 810 2104 865 tationis
2151 813 2350 881 locum,
2401 825 2454 870 et
2492 815 2674 873 Manes
2699 818 2808 889 jam
2845 825 3006 880 verba
3035 825 3210 884 facere
3244 833 3442 901 capis-

1885 909 1983 965 set,
2032 902 2210 956 subito
2258 905 2310 958 in
2360 907 2535 962 medio
2575 923 2762 964 eorum
2812 916 3062 983 apparuit
3116 917 3437 986 Archelaus,

1883 1004 1946 1044 ac
1978 991 2270 1049 Diodorum
2319 999 2668 1068 complexus,
2714 1012 2900 1058 sancto
2934 1008 3120 1064 osculo
3161 1011 3434 1069 salutavit.

1881 1080 2148 1140 Diodorus
2197 1102 2346 1153 vero,
2409 1098 2458 1144 et
2513 1106 2702 1146 omnes
2774 1094 2866 1162 qui
2909 1109 3200 1167 praesentes
3257 1115 3434 1169 erant,

1881 1173 2128 1229 admirati
2160 1188 2285 1232 sunt
2313 1194 2448 1249 opus
2473 1182 2665 1238 divinae
2696 1183 3050 1245 Providentiae
3070 1231 3084 1255 ,
3121 1200 3180 1246 ut
3218 1194 3271 1248 in
3297 1206 3434 1252 tem-

1878 1279 2008 1331 pore
2054 1266 2172 1336 ipso
2212 1270 2523 1326 adventaret
2568 1273 2866 1332 Archelaus
2911 1295 3020 1348 quo
3057 1286 3286 1352 quaestio
3317 1303 3434 1341 mo-

1876 1356 2117 1424 vebatur;
2150 1374 2208 1414 re
2236 1359 2377 1414 enim
2410 1377 2557 1428 vera,
2585 1366 2728 1434 quod
2760 1365 3033 1424 fatendum
3056 1381 3159 1438 est,
3182 1377 3336 1444 quasi
3365 1393 3430 1433 ex

1875 1455 2025 1515 parte
2054 1448 2233 1518 aliqua
2263 1451 2545 1522 religiosus
2569 1451 2835 1511 Diodorus
2861 1460 3211 1526 pertimuerat
3239 1465 3430 1519 conﬂi-

1875 1545 2042 1591 ctum.
2063 1537 2197 1593 Cum
2229 1550 2407 1596 autem
2443 1543 2664 1599 vidisset
2693 1546 3015 1604 Archelaum
3056 1550 3271 1617 Manes,
3313 1571 3433 1612 ces-

1873 1629 2012 1682 savit
2039 1629 2255 1699 quidem
2295 1633 2552 1688 continuo
2577 1634 2645 1689 ab
2669 1633 3038 1707 insultatione,
3063 1651 3113 1696 et
3141 1647 3431 1714 supercilio

1873 1730 1981 1771 non
2003 1733 2190 1786 parum
2232 1719 2438 1789 dejecto
2461 1764 2475 1789 ,
2520 1717 2804 1780 manifeste
2827 1726 3254 1800 intelligebatur,
3285 1737 3430 1804 quod

1873 1809 2180 1864 conﬂictum
2205 1813 2362 1868 vellet
2385 1814 2637 1886 ell‘ugere.
2662 1815 2946 1874 Multitudo
2969 1837 3099 1878 vero
3119 1825 3428 1883 auditorum

1871 1901 2156 1954 adventum
2184 1903 2452 1967 Archelai,
2484 1907 2630 1962 velut
2653 1910 2880 1979 apostoli
2913 1915 3276 1983 przesentiam,
3309 1920 3429 1988 opi-

1871 2003 2002 2047 nata
2029 2002 2130 2060 est,
2159 2010 2258 2064 pro
2279 2010 2344 2050 eo
2365 1998 2509 2067 quod
2538 1999 2603 2054 ad
2626 2001 2774 2055 verbi
2807 2001 3173 2060 defensionem
3199 2015 3304 2061 tam
3330 2025 3427 2078 pa-

1870 2093 2020 2139 ratus
2052 2092 2104 2138 et
2130 2096 2236 2138 tam
2267 2097 2548 2158 promptus
2597 2091 2901 2147 exsisteret.
2935 2091 3002 2147 Et
3040 2109 3162 2149 eum
3205 2097 3425 2154 dextera
3468 2101 3472 2106 ’

1868 2174 2139 2229 silentium
2177 2179 2510 2248 poposcisset
2539 2195 2568 2234 a
2594 2183 2796 2252 popqu
2827 2183 3114 2254 (tumultus
3143 2187 3285 2241 enim
3313 2205 3423 2244 non

1867 2266 2159 2322 mediocris
2190 2268 2526 2341 exstiterat),
2560 2272 2664 2327 hoc
2695 2273 2854 2328 modo
2887 2276 3047 2345 coepit
3077 2277 3374 2334 Archelaus
3406 2298 3421 2335 :

1865 2356 2098 2414 Tametsi
2117 2361 2477 2429 prudentiam,
2512 2363 2734 2434 gloriam
2761 2366 2922 2421 etiam
2950 2377 3260 2425 nostrorum
3285 2387 3422 2426 non-

1863 2449 1996 2504 nulli
2025 2451 2256 2505 assecuti
2289 2461 2456 2510 sunt:
2504 2462 2682 2509 tamen
2727 2457 2831 2512 hoc
2876 2474 2971 2514 vos
3010 2459 3272 2529 deprecor
3299 2501 3314 2525 ,
3360 2472 3421 2516 ut

1861 2553 2049 2594 eorum
2081 2555 2202 2609 quae
2229 2549 2352 2596 ante
2377 2557 2462 2597 me
2492 2543 2636 2598 dicta
2668 2555 2814 2608 sunt,
2846 2547 3216 2602 testimonium
3242 2564 3420 2605 reser-

1861 2631 2016 2685 vetis.
2059 2630 2185 2684 Scio
2218 2633 2360 2686 enim
2395 2641 2446 2687 et
2472 2644 2650 2690 certus
2685 2651 2842 2700 sum,
2890 2637 3114 2703 fratres,
3159 2639 3418 2708 quoniam

1863 2717 2096 2774 Diodoro
2129 2720 2238 2791 (46)
2268 2737 2372 2776 non
2400 2739 2498 2792 pro
2531 2725 2701 2794 ipsius
2734 2726 3162 2796 impossibilitate
3199 2745 3418 2786 succes-

1860 2811 1943 2879 si;
1979 2811 2070 2866 sed
2105 2813 2361 2883 quoniam
2393 2815 2554 2870 istum
2581 2833 2680 2888 ego
2711 2820 2834 2872 novi
2869 2828 3016 2886 tunc,
3055 2836 3176 2875 cum
3209 2822 3274 2876 ad
3316 2823 3416 2877 loci

1859 2903 1962 2955 mei
1985 2911 2164 2972 partes
2191 2903 2468 2974 improbus
2496 2907 2838 2973 advenisset,
2872 2908 3109 2965 Marcelli
3143 2912 3242 2965 viri
3290 2911 3417 2966 illu-

1859 2991 1988 3048 stris
2018 2993 2188 3064 gratia
2217 2994 2350 3065 (47),
2389 2995 2576 3051 volens
2604 3012 2726 3051 eum
2755 2998 3023 3055 divertere
3051 3016 3080 3054 a
3105 3010 3290 3056 nostra
3319 3002 3417 3055 do-

1857 3082 2031 3138 ctrina
2063 3093 2116 3139 et
2143 3100 2173 3138 a
2203 3084 2330 3145 tide.
2358 3085 2625 3151 videlicet,
2655 3101 2764 3157 quo
2794 3088 3082 3158 impietatis
3106 3089 3269 3160 hujus
3301 3091 3416 3144 ido-

1857 3190 1991 3230 neus
2038 3173 2335 3230 elliceretur
2371 3185 2644 3243 assertor;
2680 3185 2733 3231 et
2778 3187 2957 3234 tamen
3003 3181 3256 3235 omnibus
3300 3180 3415 3236 suis

1857 3266 2036 3321 verbis
2065 3267 2119 3320 in
2153 3266 2302 3321 nulio
2329 3281 2451 3322 eum
2483 3268 2748 3325 divertere
2779 3278 2831 3323 et
2860 3285 3078 3325 movere
3105 3271 3407 3341 prtevaluit.

1856 3355 2062 3412 Similis
2091 3357 2234 3412 enim
2266 3358 2517 3413 inventus
2565 3369 2646 3414 est
2699 3361 3142 3430 religiosissimus
3180 3361 3415 3418 Marcel-

1809 3492 1812 3494 η
1852 3449 1936 3505 lus
1965 3459 2128 3520 petra:
2147 3450 2216 3512 ὀ,
2240 3448 2294 3502 in
2320 3463 2426 3519 qua
2451 3449 2710 3505 aedificata
2739 3460 2823 3506 est
2849 3453 3044 3508 domus
3065 3453 3411 3509 solidissimis

1849 3537 2246 3602 fundamentis;
2277 3549 2331 3594 et
2367 3554 2490 3594 cum
2515 3538 2880 3595 descendisset
2905 3541 3105 3610 pluvia,
3141 3553 3192 3596 et
3219 3541 3411 3597 irruis-

1849 3631 1970 3680 sent
1994 3624 2214 3678 ﬂumina
2244 3640 2309 3680 ac
2331 3625 2494 3692 venti,
2519 3632 2572 3681 et
2599 3626 2880 3681 illisissent
2907 3629 2959 3682 in
2983 3629 3204 3684 domum
3233 3631 3406 3694 illam,

1845 3716 2098 3785 perstitit;
2126 3716 2345 3778 fundata
2383 3717 2526 3772 enim
2563 3727 2679 3772 erat
2703 3717 3046 3775 solidissimis
3075 3728 3129 3774 et
3152 3721 3409 3775 immobi-

1846 3805 1988 3863 libus
2018 3806 2384 3863 lundamentis
2420 3827 2435 3863 :
2477 3806 2606 3865 huic
2644 3819 2824 3863 autem
2870 3810 2964 3880 qui
3008 3825 3246 3879 praesens
3293 3824 3398 3882 est,

1843 3894 2124 3951 infamiam
2154 3897 2336 3967 potius
2359 3898 2538 3953 intulit
2559 3908 2786 3953 conatus
2817 3899 2950 3968 ipse,
2971 3915 3132 3970 quam
3163 3901 3397 3962 laudem.

1843 3985 1960 4042 Non
1983 3995 2163 4042 autem
2187 3987 2321 4042 mihi
2354 3988 2507 4043 venia
2537 3988 2733 4057 dignus
2762 3989 2974 4044 videtur
2999 3991 3092 4060 qui
3123 3991 3405 4062 ignorave-

1842 4077 1935 4144 rit,
1966 4079 2106 4148 quod
2155 4077 2396 4134 futurum
2435 4089 2547 4143 est;
2585 4079 2868 4148 oportebat
2914 4081 3057 4135 enim
3098 4097 3221 4136 eum
3261 4099 3399 4152 pra:-

1841 4185 2084 4234 noscere,
2134 4171 2223 4237 qui
2270 4177 2398 4224 sunt
2440 4170 2640 4240 proprii
2681 4171 2805 4237 sui;
2860 4171 3124 4241 siquidem
3167 4172 3402 4244 Spiritus

1839 4260 2104 4315 Paracleti
2147 4260 2352 4315 habitat
2395 4261 2448 4314 in
2482 4275 2569 4315 eo.
2617 4260 2722 4316 Sed
2775 4261 3031 4330 quoniam
3080 4265 3400 4334 ignorantiae

1839 4352 2074 4409 tenebris
2104 4352 2408 4407 obcaecatus
2429 4362 2531 4418 est,
2561 4353 2614 4406 in
2635 4367 2833 4406 vanum
2863 4354 3125 4421 cucurrit,
3148 4370 3270 4410 cum
3296 4356 3397 4412 iter

1839 4443 2042 4499 faceret
2067 4443 2132 4497 ad
2157 4441 2489 4508 Marcellum,
2520 4454 2573 4498 et
2597 4443 2791 4499 similis
2821 4443 2996 4500 facere
3025 4444 3138 4515 (48)
3167 4447 3399 4502 astrolo-

185 4539 329 4609 quod
378 4537 687 4592 advertebat
727 4551 850 4592 eum
908 4536 1180 4591 hominem
1232 4548 1354 4590 esse
1401 4534 1734 4604 simplicem,
1768 4555 1815 4616 υ
1839 4551 1927 4606 go,
1957 4533 2282 4590 describenti
2305 4533 2518 4604 quidem
2554 4535 2815 4602 coelestia,
2841 4535 3108 4606 ignoranti
3128 4552 3256 4594 vero
3275 4554 3396 4608 qua:

253 4677 321 4711 ⁸⁷⁸
353 4674 397 4729 ll
423 4673 564 4730 Tim.
591 4688 672 4735 ιιι.
694 4673 750 4738 8,
769 4671 822 4726 9.
897 4670 942 4702 ⁸⁸
971 4669 1129 4726 Joan.
1161 4685 1201 4736 ι,
1227 4667 1312 4722 16.
1386 4666 1432 4699 ⁸⁸
1459 4664 1617 4722 Joan.
1644 4684 1694 4735 ν,
1716 4667 1760 4724 41

1859 4670 1896 4724 l.
1971 4668 2018 4700 ”
2045 4666 2232 4722 Matth.
2265 4682 2359 4733 vn,
2397 4665 2485 4721 24.

254 4813 365 4886 (56)
404 4811 612 4889 Hocﬂin
649 4812 770 4868 loco
802 4811 993 4866 lacuna
1026 4818 1110 4889 est
1146 4808 1200 4862 in
1233 4805 1485 4889 Bobiensi
1516 4806 1721 4889 codice,

183 4887 238 4941 in
262 4879 381 4954 quo
423 4882 699 4949 scribitur,
752 4899 772 4934 ‹
809 4897 873 4936 ex
907 4894 1017 4951 quo
1045 4880 1153 4934 duo
1199 4886 1325 4933 sunt
1359 4879 1595 4954 ingenita
1631 4879 1728 4932 ha-

182 4946 372 5029 bentes
400 4962 664 5029 naturam
685 4946 1378 5029 ipsoruni_testamentum_,
1415 4953 1469 5001 et
1516 4946 1664 5014 ﬁent,
1703 4966 1722 4999 ι

180 5036 287 5098 etc.
318 5021 566 5098 Valesius
590 5038 655 5098 ex
696 5019 910 5098 ingenio
957 5022 1028 5074 ita
1071 5019 1404 5098 emendavit,
1457 5033 1475 5067 ι
1527 5031 1592 5098 ex
1619 5033 1728 5098 quo

179 5097 290 5151 duo
311 5103 438 5148 sunt
458 5093 716 5166 ingenita,
759 5093 958 5146 habent
987 5107 1052 5166 ex
1079 5100 1278 5166 natura
1298 5093 1536 5166 ipsorum
1562 5095 1727 5166 testa-

177 5173 442 5220 mentum.
483 5156 647 5218 i'Sed
689 5156 868 5234 ipsum
901 5161 1039 5216 male
1074 5156 1374 5230 conjecisse
1415 5156 1729 5213 Casinensis

178 5237 349 5290 codex
381 5235 633 5290 ostendit.

270 5305 362 5366 57)
393 5304 575 5361 Codex
606 5301 905 5366 Bobiensis,
944 5318 962 5352 ι
992 5300 1062 5354 ita
1083 5297 1347 5353 scribens.
1390 5316 1411 5351 ι

273 5305 339 5360 57
393 5305 575 5361 Codex
606 5305 905 5366 Bobiensis,
944 5318 962 5352 ι
992 5305 1062 5354 ita
1083 5305 1347 5353 scribens.
1390 5316 1411 5351 ι

273 5305 364 5498 38}
384 5375 564 5430 Codex
590 5373 868 5429 Bobiensis
893 5388 907 5424 :
939 5388 958 5422 ε
992 5368 1298 5438 lnsipientia
1327 5369 1472 5423 enim
1509 5365 1722 5446 illorum

274 5447 325 5498 ni
353 5454 468 5498 esta
501 5444 605 5498 erit
637 5444 921 5498 omnibus.
957 5440 1130 5498 sicut,
1183 5457 1200 5489 ι
1229 5449 1356 5498 etc.,
1387 5437 1530 5498 quod
1555 5451 1722 5498 magis

175 5437 468 5500 manifesta
501 5444 605 5499 erit
637 5444 921 5503 omnibus,
957 5437 1130 5503 sicut,
1183 5457 1200 5489 ι
1229 5449 1356 5506 etc.,
1387 5437 1530 5508 quod
1555 5437 1725 5506 magis

176 5518 244 5570 ad
259 5584 266 5586 _
283 5515 520 5586 vulgatae
551 5514 832 5586 lectionem
872 5511 1094 5586 accedit.
1322 5579 1333 5586 _
1616 5575 1627 5586 .

288 5531 382 5569 vut
419 5531 520 5569 aue
551 5531 831 5569 rectionem
872 5531 1094 5564 acceuu.

249 5584 360 5668 (339)
381 5531 562 5640 Codex
590 5583 868 5640 Bobiensis
895 5599 908 5634 :
950 5598 968 5632 ι
999 5579 1116 5632 Non
1145 5579 1399 5648 potestis;
1437 5593 1456 5626 ›
1487 5575 1721 5646 pessima

382 5723 694 5782 Casinensis
726 5723 894 5780 codex
923 5739 938 5775 :
979 5738 998 5772 ι
1030 5718 1259 5792 Moyses,
1285 5731 1478 5788 quem;
1515 5735 1534 5769 ι
1566 5715 1723 5772 lectio

175 5797 484 5868 rejicienda.

1900 4807 2012 4878 (41)
2039 4805 2220 4878 Codex
2250 4804 2552 4878 Bobiensis,
2585 4823 2606 4857 ι
2641 4805 2861 4862 creditis
2891 4804 3085 4876 Moysi,
3114 4806 3392 4864 crederitis

1829 4875 2017 4933 utique
2056 4876 2238 4930 forsan
2273 4884 2325 4929 et
2361 4875 2510 4928 mihi.
2544 4895 2563 4927 ι

1901 4943 2012 5016 (42)
2047 4946 2230 5000 Codex
2252 4944 2584 5011 Casinensis,
2617 4962 2637 4996 ι
2670 4943 2776 4998 alia
2804 4943 2954 5014 plura
2978 4943 3116 5014 jam,
3140 4961 3261 5015 qua:
3281 4947 3390 5003 dici

1868 5019 2059 5072 ossint.
2103 5033 2122 5068 ι

1831 5033 2242 5157 ροῗῗὲψῖὲέἀει
2285 5082 2586 5157 Bobiensis,
2625 5100 2644 5135 ι
2677 5097 2946 5157 exponere
2987 5093 3040 5157 et
3072 5100 3102 5138 a
3140 5082 3299 5140 Patre
3333 5097 3390 5140 ut

1831 5153 2111 5219 convenit;
2151 5174 2169 5205 ι
2205 5169 2326 5224 quae
2356 5154 2515 5208 verba
2540 5169 2661 5208 cum
2689 5153 2896 5206 nullum
2932 5154 3132 5208 habere
3167 5169 3386 5207 sensum

1832 5227 2058 5280 vidisset
2079 5225 2369 5288 Valesius,c
2395 5239 2662 5292 exponere
2685 5231 2739 5276 et
2763 5225 2972 5292 aperire
3002 5233 3058 5276 ut
3078 5224 3346 5284 convenit,
3363 5243 3382 5274 ι

1832 5297 2224 5350 emendandum
2251 5309 2372 5348 esse
2405 5295 2643 5363 putavit;
2673 5303 2724 5347 et
2751 5295 2967 5362 quidem
3003 5308 3110 5346 nou
3142 5303 3303 5360 recte,
3328 5302 3388 5348 ut

1831 5381 1918 5442 ex,
1935 5365 2224 5442 _Casi_ne_nsi
2247 5364 2450 5442 fodico
2485 5371 2736 5442 apparet.
3010 5433 3024 5442 _
3047 5431 3057 5442 .

1900 5436 2012 5505 (44)
2041 5434 2223 5505 Codex
2247 5432 2530 5505 Bobiensis
2559 5449 2663 5505 noti
2696 5445 2857 5496 recte,
2889 5451 2907 5484 ι
2939 5432 3111 5487 vobis.
3147 5447 3167 5482 ι

1901 5501 2010 5573 (45)
2039 5502 2152 5557 Huc
2187 5519 2357 5572 usque
2377 5504 2543 5558 edidit
2570 5501 2837 5558 Valesius.

1898 5570 2008 5641 (46)
2041 5577 2093 5627 In
2121 5570 2302 5628 codice
2330 5573 2608 5628 Casiucusi
2631 5583 2767 5633 erat,
2802 5593 2819 5623 ι
2858 5570 3146 5636 Diodorus,
3176 5589 3198 5624 ι
3234 5571 3384 5630 nullo

1829 5659 2013 5698 sensu.

1898 5714 2010 5781 (47)
2039 5710 2175 5782 Male
2209 5712 2553 5777 Casinensis,
2587 5732 2606 5764 ι
2650 5713 2746 5767 viri
2783 5713 2836 5767 in
2868 5711 3002 5781 legis
3025 5711 3215 5782 gratia.
3253 5730 3274 5766 ο

1897 5783 2006 5852 (48)
2043 5781 2222 5850 Forte,
2264 5802 2283 5836 ‹
2321 5784 2495 5840 factus
2518 5793 2616 5839 est.
2661 5803 2678 5835 ι
