3982 6346
572 334 704 391 1507

1572 326 1758 383 ACTA
1796 324 2320 384 DISPUTATIGNIS
2355 324 2414 383 S.
2449 323 2797 383 ARCHELAI

3647 329 3783 386 1503

565 472 680 513 sure
713 452 897 510 domui
931 458 1214 524 geruntur.
1252 448 1360 506 Sed
1386 463 1455 504 ne
1478 448 1663 504 videar
1696 465 1791 519 per
1820 449 1933 505 haec
1956 448 2118 503 verba
2148 455 2193 509 Α
2221 444 2469 518 Nunquid
2490 459 2541 504 te
2570 449 2886 504 advocatum
2909 464 3150 506 meorum
3168 449 3397 506 adhibui
3440 466 3779 519 sermonum,

566 546 784 602 differre
816 543 1190 615 quaestionem,
1218 540 1331 610 jam
1358 540 1566 606 sileam;
1601 541 1668 595 de
1705 541 1772 595 iis
1815 555 1940 595 vero
1983 540 2123 594 dabo

566 638 669 710 ipsi
703 644 1055 708 potestatem,
1102 640 1282 689 sumat
1314 632 1674 702 quodcunque
1716 631 1831 686 vult
1875 631 2123 702 preposi-

564 729 730 785 tionis
764 736 816 782 et
843 724 1157 797 quaestionis
1192 722 1424 777 initium.
1452 721 1564 777 Vos
1587 722 1980 785 tantummodo,
2017 722 2124 777 sic-

566 830 630 875 ut
668 820 919 890 superius
968 817 1100 883 dixit,
1134 814 1770 884 indeclinabilesjudices
1800 830 1922 870 esse
1978 831 2124 884 quae-

566 927 659 976 so,
692 920 753 965 ut
779 925 905 965 vera
935 908 1133 964 dicenti
1155 908 1416 963 honorem
1437 921 1625 962 verum
1652 906 1993 976 palmamque
2012 915 2124 961 tra-

565 998 726 1053 datis.

640 1087 846 1143 XLVII.
872 1087 1025 1143 Tunc
1068 1085 1274 1151 Manes,
1304 1086 1519 1142 silentio
1564 1085 1632 1141 ab
1655 1085 1908 1141 omnibus
1946 1083 2121 1151 facto,

567 1182 643 1235 ita
674 1196 901 1237 exorsus
930 1189 1012 1234 est
1039 1199 1051 1235 :
1078 1178 1157 1233 Tu
1183 1194 1421 1250 quoque,
1453 1178 1737 1244 Archelae,
1767 1178 1903 1233 bene
1942 1192 2029 1233 me
2059 1178 2126 1232 de

568 1272 677 1327 Deo
706 1273 1043 1332 sentientem,
1080 1271 1409 1342 dignamque
1446 1270 1753 1339 opinionem
1801 1270 1868 1325 de
1908 1268 2124 1324 Christo

566 1364 911 1427 retinentem,
937 1362 1115 1416 verbis
1144 1361 1544 1417 molestissimis
1564 1359 1841 1428 Obtundis,
1869 1361 1994 1416 licet
2020 1361 2125 1414 tale

568 1456 635 1510 sit
663 1454 1034 1523 apostolorum
1067 1468 1238 1525 genus
1262 1493 1279 1520 ,
1326 1453 1538 1523 patiens
1578 1463 1632 1507 et
1677 1450 1856 1507 ferens
1897 1451 2083 1508 omnia
2107 1492 2123 1514 .

567 1543 784 1599 etiamsi
812 1540 909 1598 eos
942 1542 1204 1598 conviciis
1229 1542 1353 1613 quis
1382 1550 1479 1597 aut
1512 1542 1814 1597 maledictis
1840 1541 2124 1596 obtrectet.

571 1632 629 1688 Si
672 1633 922 1704 persequi
966 1632 1235 1697 volueris,
1273 1644 1495 1703 paratus
1544 1648 1705 1700 sum;
1735 1643 1792 1688 et
1835 1632 1883 1688 si
1926 1631 2127 1687 inferre

569 1727 854 1797 supplicia,
874 1741 981 1781 non
1011 1725 1296 1796 refugiam.
1323 1724 1379 1779 Si
1402 1727 1565 1780 etiam
1587 1725 1888 1780 interficere
1909 1740 1997 1780 me
2018 1726 2122 1790 vis,

569 1834 677 1873 non
706 1817 1020 1883 reformido;
1054 1816 1205 1870 illum
1246 1818 1390 1871 enim
1438 1818 1616 1872 solum
1661 1825 1872 1887 oportet
1909 1817 2122 1884 timere,

567 1912 661 1982 qui
707 1921 883 1981 potest
929 1911 1165 1965 animam
1215 1919 1268 1965 et
1312 1925 1511 1979 corpus
1550 1908 1873 1979 perdere-in
1920 1909 2122 1980 gehen-

567 2020 694 2058 nam
728 2006 795 2055 ⁹¹.
828 2002 1117 2057 Archelaus
1149 2002 1329 2056 dixit:
1376 2002 1530 2056 Absit
1550 2017 1580 2056 a
1605 2016 1710 2057 me.
1735 2000 1853 2057 Non
1882 2011 1964 2060 est
1991 2003 2125 2057 mihi

567 2096 675 2150 tale
703 2095 1058 2166 propositum.
1094 2093 1234 2160 Quid
1264 2094 1408 2149 enim
1439 2109 1728 2165 perpessus
1751 2110 1811 2149 es
1846 2110 1876 2149 a
1911 2111 2018 2160 me,
2040 2096 2125 2151 vel

568 2204 598 2242 a
633 2190 870 2254 nostris,
910 2196 966 2242 et
991 2188 1209 2258 quidem
1240 2203 1365 2243 cum
1404 2187 1733 2243 obtrectares
1772 2195 1935 2258 atque
1982 2187 2125 2258 inju-

569 2280 707 2334 riam
740 2281 1032 2350 irrogares,
1068 2288 1121 2333 et
1156 2294 1279 2334 cum
1308 2279 1621 2335 detraheres
1645 2279 1712 2334 de
1752 2280 1991 2349 paternis
2020 2295 2124 2335 no-

569 2371 699 2425 stris
731 2371 1135 2437 traditionibus,
1165 2380 1220 2425 et
1244 2387 1367 2425 cum
1396 2371 1558 2426 velles
1589 2370 1801 2426 animas
1841 2372 2122 2427 hominum

566 2461 705 2516 bene
730 2462 1003 2517 institutas
1035 2477 1099 2517 ac
1125 2463 1367 2531 diligenti
1393 2463 1604 2517 cautela
1629 2472 1870 2521 servatas
1913 2465 2123 2519 interli-

568 2569 713 2621 cere,
736 2555 935 2624 quibus
960 2555 1145 2624 utique
1166 2555 1439 2625 repensari
1466 2570 1572 2609 non
1603 2566 1830 2625 possunt
1857 2556 2126 2612 universae

569 2647 759 2701 mundi
789 2646 1018 2700 divitiae?
1041 2644 1423 2701 Verumtamen
1452 2655 1672 2716 propter
1694 2647 1837 2716 quod
1864 2650 2121 2712 assumis,

569 2752 605 2793 o
637 2736 969 2791 Manichaee?
1010 2733 1149 2801 Quid
1177 2743 1260 2789 est
1291 2735 1435 2804 quod
1475 2733 1715 2788 indicas?
1756 2733 1887 2798 Quae
1930 2735 2124 2790 salutis

569 2830 723 2901 signa
753 2830 821 2883 ad
852 2844 953 2883 nos
984 2827 1199 2882 deferas
1226 2826 1413 2881 dicito.
1458 2824 1759 2880 Verborum
1802 2826 1944 2880 enim
1980 2825 2124 2881 nuda

564 2923 790 2993 jactatio
813 2937 920 2976 nou
954 2921 1150 2991 poterit
1177 2919 1427 2989 praesenti
1468 2917 1795 2973 multitudini
1845 2917 2124 2974 satisface-

570 3031 652 3079 re,
681 3024 739 3069 ut
759 3021 1054 3084 agnoscant
1078 3011 1173 3081 qui
1206 3020 1452 3066 nostrum
1480 3012 1681 3065 rectius
1715 3010 1922 3065 obtinet
1948 3011 2124 3066 scien-

567 3108 699 3160 tiam
732 3105 995 3159 veritatis.
1023 3102 1098 3158 De
1118 3118 1228 3173 quo
1249 3116 1377 3172 ergo
1396 3101 1478 3156 vis
1500 3117 1599 3156 nos
1625 3101 1799 3171 capite
1823 3101 2122 3172 disputare,

567 3200 671 3252 hoc
693 3196 844 3266 prius
862 3195 1047 3257 dicito,
1066 3210 1187 3249 cum
1214 3195 1362 3263 prius
1380 3193 1590 3249 dicendi
1614 3194 1885 3264 acceperis
1902 3193 2130 3249 faculta-

568 3298 698 3343 tem.
731 3286 912 3340 Manes
933 3287 1103 3340 dixit:
1123 3285 1179 3340 Si
1210 3301 1317 3340 non
1348 3286 1543 3341 iterum
1563 3288 1646 3341 his
1662 3301 1785 3356 quae
1812 3302 1843 3341 a
1866 3286 2024 3341 nobis
2045 3300 2128 3340 re-

566 3388 651 3433 cte
666 3379 939 3441 dicuntur,
959 3377 1243 3432 infideliter
1262 3377 1490 3444 resistis,
1515 3378 1713 3443 dicam;
1736 3378 1781 3431 si
1802 3386 1981 3432 autem
2004 3377 2127 3433 talis

567 3471 808 3535 exsistis,
830 3470 1044 3541 qualem
1075 3478 1126 3525 te
1155 3470 1304 3540 prius
1326 3471 1493 3535 sensi,
1518 3469 1695 3524 dicam
1717 3472 1975 3526 adversus
1996 3468 2127 3524 Dio-

568 3563 760 3617 dorum
784 3603 798 3627 ,
846 3561 1124 3616 declinans
1168 3562 1595 3631 inquietudinem
1633 3572 1801 3617 tuam.
1839 3561 2127 3617 Archelaus

568 3656 702 3709 dixit
726 3672 745 3709 :
772 3654 998 3710 Praedixi
1021 3655 1157 3724 jam,
1186 3656 1329 3724 quod
1357 3654 1635 3709 abutimur
1661 3655 1920 3719 inanitate
1943 3656 2132 3711 verbo-

567 3762 710 3801 rum.
730 3745 785 3800 Si
802 3747 923 3816 quis
942 3756 1184 3801 nostrum
1208 3745 1320 3817 (49)
1336 3747 1590 3801 resistere
1610 3747 1895 3802 inﬁdeliter
1921 3747 2129 3801 inveni-

567 3847 679 3905 tur,
696 3838 972 3908 iudicibus
994 3838 1108 3892 haec
1123 3839 1372 3907 permitte
1383 3837 1708 3905 discernere;
1723 3847 1777 3893 tu
1798 3848 1977 3894 autem
1998 3838 2127 3909 quid

566 3943 801 3993 asseras,
835 3929 1018 3985 dicito.
1049 3928 1229 3983 Manes
1261 3929 1400 3983 dixit
1429 3928 1528 3983 :Si
1557 3945 1666 3984 non
1696 3930 1890 3984 iterum
1921 3929 2127 3985 resistis

569 4023 658 4078 his
682 4037 802 4092 quae
826 4038 860 4076 a
887 4037 973 4077 me
998 4022 1194 4076 iterum
1228 4031 1374 4077 recte
1403 4021 1677 4086 dicuntur,
1714 4022 1989 4092 incipiam.
2021 4021 2127 4075 Ar-

567 4115 779 4169 chelaus
803 4115 939 4168 dixit
970 4130 989 4168 :
1016 4113 1072 4168 Si
1102 4129 1210 4169 non
1244 4115 1348 4169 hoc
1376 4123 1478 4178 est,
1512 4114 1558 4170 si
1584 4129 1694 4168 non
1726 4114 1853 4168 illud
1880 4156 1894 4180 ,
1946 4128 2126 4169 sermo

565 4215 650 4263 est
677 4207 911 4261 hominis
940 4207 1260 4277 ignorantis.
1295 4206 1515 4277 Ignoras
1547 4222 1676 4277 ergo
1707 4209 1851 4276 quod
1884 4207 2125 4261 futurum

566 4308 669 4354 est.
689 4298 792 4353 Sed
822 4299 924 4354 hoc
944 4299 1087 4369 quod
1121 4297 1360 4352 futurum
1385 4299 1486 4363 ais,
1511 4298 1763 4353 resistere
1790 4312 1874 4353 me
1898 4307 1992 4352 aut
2018 4312 2126 4351 non

566 4390 838 4453 resistere,
869 4393 920 4444 in
956 4406 1073 4444 mea
1100 4402 1181 4446 est
1211 4399 1491 4460 potestate.
1529 4388 1809 4455 Quomodo
1839 4403 1968 4459 ergo
2014 4397 2126 4443 sta-

2223 548 2284 591 ut
2316 540 2473 593 etiam
2502 537 2615 608 (5|)
2650 554 2781 593 meae
2811 540 3046 594 scientiae
3070 541 3474 610 intelligentiam
3502 542 3778 612 disponas;

2222 631 2422 701 quippe
2448 630 2545 700 qui
2579 632 2795 702 prapria
2826 631 3114 701 explanare
3141 647 3249 686 non
3276 634 3479 697 valeas,
3509 637 3779 704 quomodo

2223 722 2396 776 aliena
2430 723 2631 791 poteris
2675 722 2976 792 explicare?
3024 723 3179 788 Quod
3219 723 3264 777 si
3309 724 3511 778 victum
3562 724 3676 793 jam
3726 741 3782 781 se

2223 811 2504 881 proﬁtetur
2528 809 2815 874 Diodorus,
2848 820 2978 866 tunc
3012 812 3143 865 mihi
3170 820 3563 867 tecum'sermo
3600 829 3781 868 move-

2223 903 2390 958 bitur.
2421 902 2478 957 Si
2508 912 2686 957 autem
2719 912 2828 958 stat
2854 905 2963 969 ille,
2996 912 3049 958 et
3092 912 3177 958 est
3216 904 3441 959 idoneus
3489 905 3558 959 ad
3599 906 3779 960 dicen—

2224 993 2381 1059 dum,
2408 994 2590 1049 desine
2617 1004 2695 1060 tu,
2722 1005 2775 1050 et
2805 996 2916 1049 noli
2946 994 3258 1065 perturbare
3294 994 3656 1051 substantiam
3696 1014 3781 1052 ve-

2222 1087 2420 1144 ritatis.
2457 1085 2528 1142 Es
2553 1088 2695 1142 enim
2723 1088 2842 1143 ovis
2864 1088 3060 1153 aliena,
3088 1088 3331 1144 ellicieris
3371 1097 3551 1144 tamen
3599 1100 3781 1159 postea

2224 1179 2279 1233 in
2303 1193 2529 1233 numero
2556 1178 2797 1247 ejusdem
2837 1179 3047 1249 gregis,
3087 1180 3225 1234 sicut
3246 1197 3346 1234 vox
3378 1178 3507 1239 Iesu
3539 1179 3670 1251 (52f
3692 1197 3782 1235 os-

2224 1270 2413 1336 tendit,
2443 1270 2560 1340 ejus
2586 1272 2677 1340 qui
2708 1271 2957 1341 apparuit
2982 1271 3196 1341 quidem
3227 1274 3283 1326 in
3312 1273 3550 1328 hominis
3587 1274 3781 1341 specie,

2224 1377 2325 1416 nec
2349 1370 2531 1416 tamen
2555 1359 2658 1415 fuit
2693 1363 2876 1416 homo.
2918 1362 3205 1417 Archelaus
3248 1364 3386 1418 dixit
3432 1381 3450 1417 :
3498 1363 3644 1433 Ergo
3676 1380 3781 1419 non

2225 1461 2384 1523 putas
2422 1468 2544 1508 eum
2585 1468 2653 1508 ex
2686 1452 2855 1508 Maria
2902 1453 3122 1524 Virgine
3165 1457 3323 1510 esse?
3373 1457 3560 1512 Manes
3605 1459 3782 1511 dixit:

2226 1545 2382 1600 Absit
2427 1554 2488 1599 ut
2528 1543 2814 1599 Dominum
2859 1552 3104 1600 nostrum
3136 1544 3321 1601 Jesum
3363 1546 3640 1603 Christum
3690 1564 3784 1618 per

2226 1638 2492 1692 naturalia
2543 1638 2789 1708 pudenda
2837 1638 3079 1693 mulieris
3130 1639 3477 1696 descendisse
3528 1646 3785 1696 contitear

2229 1731 2375 1801 (55)!
2414 1730 2528 1800 ipse
2554 1730 2698 1784 enim
2724 1729 3089 1785 testimonium
3128 1730 3261 1797 dat,
3306 1732 3435 1802 quia
3476 1733 3543 1788 de
3574 1733 3784 1791 sinibus

2226 1821 2403 1876 Patris
2429 1821 2705 1876 descendit
2736 1821 2819 1886 ⁹²;
2854 1828 2910 1875 ει
2947 1838 2961 1875 :
3007 1838 3027 1871 ι
3077 1819 3181 1886 Qui
3211 1836 3295 1876 me
3325 1823 3553 1893 recipit,
3599 1825 3787 1893 recipit

2226 1928 2349 1969 eum
2386 1913 2483 1983 qui
2516 1926 2603 1967 me
2631 1912 2781 1967 misit
2801 1913 2883 1981 ’3;
2922 1932 2942 1964 ι
2978 1923 3070 1969 et:
3101 1934 3121 1967 ι
3156 1912 3272 1970 Non
3298 1915 3421 1968 veni
3468 1915 3649 1972 facere
3688 1934 3786 1970 vo-

2225 2005 2484 2061 luntatem
2528 2020 2727 2069 meam,
2759 2005 2855 2061 sed
2895 2006 3015 2076 ejus
3058 2007 3152 2077 qui
3189 2007 3338 2062 misit
3367 2022 3452 2063 me
3478 2009 3559 2073 ";
3605 2028 3626 2062 ι
3666 2018 3719 2063 ει
3765 2027 3783 2064 :

2233 2117 2253 2151 ι
2282 2096 2403 2152 Νοη
2431 2112 2550 2153 sum
2583 2099 2785 2153 missus
2817 2096 2922 2151 nisi
2952 2098 3018 2152 ad
3053 2114 3183 2154 oves
3204 2100 3431 2169 perditas
3470 2100 3675 2157 domus
3706 2100 3787 2156 ls-

2224 2188 2339 2243 racl
2365 2188 2432 2243 ³³.
2474 2207 2492 2241 ι
2523 2188 2662 2243 Sunt
2684 2197 2738 2244 et
2761 2189 2867 2243 alia
2894 2188 3176 2244 innumera
3197 2190 3493 2245 testimonia
3524 2192 3791 2261 hujusce-

2225 2281 2395 2345 modi,
2428 2296 2548 2352 qute
2578 2282 2816 2338 indicant
2842 2298 2965 2337 eum
2997 2283 3229 2349 venisse,
3261 2293 3316 2339 et
3341 2300 3444 2338 non
3467 2293 3659 2338 natum
3697 2299 3791 2340 es-

2227 2389 2306 2430 se.
2344 2374 2498 2440 Quod
2530 2374 2576 2429 si
2609 2376 2880 2444 potentior
2910 2377 3001 2431 illo
3030 2392 3111 2440 es,
3141 2387 3192 2431 et
3239 2377 3411 2447 magis
3451 2376 3590 2432 scire
3624 2387 3789 2447 potes

2226 2464 2370 2536 quod
2396 2479 2581 2520 verum
2614 2475 2717 2532 est,
2746 2468 3017 2536 quomodo
3045 2467 3156 2537 jam
3205 2468 3281 2521 illi
3327 2467 3600 2523 credimus
3621 2468 3646 2520 ?
3682 2468 3785 2522 Ar-

2224 2555 2439 2611 chelaus
2481 2555 2617 2610 dixit
2659 2573 2678 2610 :
2713 2555 2897 2627 Neque
2942 2558 3035 2612 illo
3066 2560 3335 2628 potentior
3381 2573 3505 2614 sum
3531 2598 3550 2625 ,
3601 2575 3791 2615 servus

2226 2648 2371 2702 enim
2402 2663 2546 2714 sum,
2580 2656 2633 2704 et
2654 2664 2827 2719 neque
2847 2650 3070 2720 aequalis
3093 2650 3307 2706 Domini
3349 2653 3455 2707 mei
3500 2668 3625 2707 esse
3667 2669 3789 2723 pos-

2226 2755 2368 2806 sum;
2395 2755 2494 2812 ego
2519 2743 2661 2796 enim
2684 2758 2803 2797 sum
2835 2743 3041 2798 inutilis
3066 2759 3282 2810 servus,
3332 2744 3633 2800 verborum
3678 2744 3792 2815 ejus

2227 2830 2548 2900 discipulus,
2578 2832 2805 2887 credens
2830 2833 2915 2888 his
2956 2848 3078 2903 qua:
3107 2834 3176 2888 ab
3208 2834 3325 2903 ipso
3358 2835 3506 2889 dicta
3535 2844 3669 2889 sunt
3690 2876 3709 2902 ,
3742 2846 3790 2888 et

2228 2920 2342 2975 haec
2371 2920 2768 2976 indeclinabilia
2798 2937 2918 2978 esse
2944 2924 3224 2978 conlirmo.
3254 2921 3438 2977 Manes
3469 2926 3615 2977 dixit
3658 2941 3679 2978 :
3707 2924 3787 2979 Si-

2228 3011 2372 3066 milis
2400 3011 2477 3065 tui
2511 3012 2752 3081 quidam,
2780 3028 2904 3068 cum
2932 3013 2981 3068 ei
3006 3013 3297 3084 aliquando
3325 3015 3561 3070 dixisset
3590 3036 3605 3070 :
3637 3036 3656 3067 ι
3687 3015 3791 3069 lla-

2230 3100 2308 3154 ria
2334 3110 2507 3155 mater
2535 3109 2649 3166 tua,
2688 3109 2742 3155 et
2767 3099 2963 3156 fratres
3004 3103 3081 3156 tui
3127 3102 3260 3158 foris
3294 3113 3442 3159 stant
3483 3104 3569 3170 ",
3620 3123 3640 3157 ι
3689 3121 3787 3160 non

2227 3192 2455 3247 libenter
2479 3192 2769 3257 accipiens,
2799 3208 2922 3248 eum
2953 3195 3045 3263 qui
3093 3195 3302 3249 dixerat
3344 3196 3675 3266 increpavit,
3720 3198 3794 3252 dio

2227 3297 2355 3338 cens
2380 3300 2394 3337 :
2424 3302 2443 3334 ε
2477 3281 2606 3349 Quae
2635 3292 2718 3338 est
2759 3293 2930 3338 mater
2963 3300 3078 3338 mea
3101 3325 3116 3349 ,
3157 3294 3252 3340 aut
3296 3287 3390 3356 qui
3421 3298 3557 3341 sunt
3601 3288 3792 3342 fratres

2228 3374 2374 3428 mei?
2420 3391 2440 3425 ι
2503 3372 2569 3427 Et
2614 3374 2850 3429 ostendit
2890 3390 2983 3430 eos
3029 3377 3121 3446 qui
3172 3375 3414 3432 facerent
3459 3381 3791 3435 voluntatem

2228 3478 2406 3529 suam,
2441 3474 2494 3519 et
2520 3472 2721 3519 matres
2750 3464 2852 3518 sibi
2872 3480 2993 3520 esse
3021 3476 3074 3519 et
3100 3465 3294 3523 fratres
3326 3485 3339 3520 ε
3366 3468 3453 3521 εἰη
3495 3479 3681 3524 autem
3713 3475 3793 3525 vis

2227 3554 2406 3610 dicere
2437 3563 2663 3609 matrem
2696 3555 2866 3624 ipsius
2893 3555 3141 3620 Mariam,
3171 3575 3281 3630 non
3306 3568 3391 3614 est
3426 3561 3530 3614 tibi
3558 3562 3682 3616 sine
3706 3577 3791 3632 ρει

2226 3646 2419 3713 riculo;
2448 3647 2564 3702 sine
2587 3647 2752 3701 dubio
2772 3649 2913 3703 enim
2945 3650 3106 3705 etiam
3125 3649 3317 3706 fratres
3348 3668 3416 3707 ex
3441 3669 3511 3708 ea
3538 3657 3790 3710 habuisse

2227 3748 2580 3794 monstratur.
2609 3739 2676 3793 Et
2702 3740 2797 3795 dic.
2811 3751 2989 3796 utrum
3013 3744 3080 3798 de
3104 3742 3302 3813 Ioseph
3353 3749 3604 3815 generati
3648 3758 3791 3815 sunt,

2227 3840 2322 3885 aut
2351 3848 2417 3887 ex
2444 3833 2632 3887 eodem
2662 3832 2865 3903 Spiritu
2891 3838 3120 3891 sancto?
3150 3835 3290 3907 Ergo
3310 3847 3367 3892 et
3395 3840 3608 3894 multos
3638 3841 3793 3896 Chri-

2226 3933 2361 3989 stos,
2397 3925 2443 3981 si
2472 3941 2535 3980 ex
2565 3927 2754 3981 eodem
2791 3925 2992 3995 Spiritu
3027 3938 3213 3984 sancto
3238 3942 3535 4000 generatos
3565 3934 3787 3995 dixeris,

2226 4016 2537 4074 habuimus.
2567 4017 2721 4085 Quod
2755 4019 2870 4091 (54)
2898 4020 2943 4076 si
2972 4036 3080 4076 non
3110 4036 3178 4075 ex
3206 4022 3397 4077 eodem
3429 4023 3664 4093 Spiritu,
3698 4025 3791 4080 sed

2225 4117 2406 4164 tamen
2433 4111 2634 4167 dixeris
2658 4128 2781 4166 eum
2813 4111 3007 4168 fratres
3030 4114 3315 4182 habuisse;
3350 4115 3474 4171 sine
3503 4118 3676 4172 dubio
3708 4120 3791 4171 in-

2225 4198 2573 4270 telligendum
2594 4208 2697 4262 est,
2730 4201 2857 4269 quia
2886 4212 3009 4270 post
3039 4199 3295 4270 Spiritum
3322 4241 3340 4265 ,
3380 4214 3508 4272 post
3539 4204 3792 4267 Gabriel.

2228 4292 2470 4359 nupserit
2489 4288 2689 4359 Joseph
2709 4289 2872 4361 Virgo
2897 4292 3223 4357 castissima,
3248 4302 3300 4346 et
3314 4292 3677 4351 immaculata
3695 4295 3791 4352 Ec-

2226 4381 2392 4436 clesia
2424 4382 2556 4451 (55).
2585 4381 2741 4449 Quod
2768 4383 2814 4438 si
2841 4384 3001 4438 etiam
3030 4384 3132 4438 hoc
3155 4384 3454 4439 absurdum
3492 4399 3579 4441 est
3618 4388 3793 4441 omni-

566 4481 643 4536 bit
666 4497 844 4535 sermo
866 4483 953 4535 ille
986 4448 1226 4536 duarum.
1256 4483 1532 4546 arborum,
1560 4481 1614 4534 in
1643 4495 1752 4550 quo
1795 4448 1930 4535 ﬁdi;
1963 4480 2122 4535 veluti

2229 4489 2321 4537 no,
2363 4488 2483 4529 eam
2517 4448 2756 4544 quolibet
2795 4477 2958 4533 modo
3000 4477 3360 4533 concubuisse
3386 4494 3516 4534 cum
3560 4481 3788 4553 Ioseph,

566 4582 722 4628 scuto
746 4573 1081 4629 firmissimo?
1115 4574 1170 4628 Si
1198 4574 1340 4628 enim
1366 4573 1647 4628 contrariae
1667 4573 1833 4641 partis
1858 4587 1959 4643 ego
1979 4586 2125 4638 sum,

565 4663 840 4731 quomodo
870 4662 1227 4716 obedientiam
1260 4678 1433 4716 meam
1462 4661 1727 4731 requiris?
1754 4660 1907 4727 Quod
1933 4661 1979 4716 si
2003 4663 2129 4716 obe-

564 4753 780 4807 dientiae
814 4755 866 4807 in
908 4769 994 4808 me
1027 4762 1109 4809 est
1152 4770 1334 4819 mens,
1376 4754 1649 4822 quomodo
1687 4753 2023 4822 pertimescis
2058 4769 2127 4808 ne

564 4846 850 4900 resistam?
889 4847 983 4900 Ais
1011 4848 1155 4901 enim
1190 4847 1316 4915 quia
1359 4848 1558 4901 malum
1598 4862 1811 4916 semper
1846 4856 2125 4918 permanet

564 4938 788 4999 malum,
832 4948 885 4991 et
913 4938 1114 4992 bonum
1162 4954 1374 5008 semper
1404 4948 1682 5009 permanet
1725 4940 1961 5004 bonum,
2009 4938 2117 4992 vim

561 5029 710 5085 verbi
754 5030 907 5086 istius
951 5032 1166 5100 penitus
1214 5033 1467 5102 ignorans
1510 5031 1644 5099 (50).
1691 5029 1871 5084 Manes
1916 5031 2049 5086 dixit
2102 5046 2120 5084 :

632 5146 673 5177 ⁹¹
704 5145 887 5199 Matth.
938 5161 991 5209 κ,
1029 5134 1157 5199 as.’
1229 5146 1273 5178 ⁹²
1317 5143 1474 5200 Joan.
1519 5160 1557 5211 ι,
1612 5143 1678 5199 18
1729 5161 1810 5212 Ill,
1848 5145 1934 5199 15.

560 5216 607 5251 ’⁸
631 5215 818 5269 Matth.
850 5231 945 5275 xu,
975 5214 1064 5268 47.

630 5310 740 5377 (49)
771 5310 1084 5371 Casinensis
1106 5309 1295 5373 codex,
1337 5330 1356 5362 ‹
1396 5318 1730 5365 nostrorum.
1767 5328 1786 5362 ι

2043 5144 2088 5177 ³³
2116 5143 2301 5197 Matth.
2355 5155 2411 5205 ι,
2457 5137 2545 5193 40.

2225 4564 2313 4618 dic
2353 4579 2421 4618 an
2457 4563 2652 4620 fratres
2697 4566 2965 4621 habuerit.
3021 4564 3401 4636 Nunquiduam
3444 4571 3622 4625 etiam
3661 4587 3788 4626 me

2224 4655 2360 4710 chia:
2387 4655 2437 4711 ei
2465 4657 2669 4712 crimen
2699 4657 2970 4727 impingis,
3013 4674 3046 4713 ο
3083 4660 3499 4729 prudentissime
3537 4662 3792 4719 Marcelle

2226 4745 2363 4817 (56)?
2386 4745 2539 4812 Quod
2572 4747 2614 4801 si
2643 4747 2833 4802 horum
2873 4747 3008 4801 nihil
3055 4748 3305 4803 convenit
3348 4751 3793 4807 incontaminatz

2224 4833 2457 4907 Virgini,
2487 4840 2631 4893 unde
2658 4839 2707 4892 ei
2742 4838 2910 4893 fuisse
2939 4838 3135 4894 fratres
3164 4841 3409 4895 astrues?
3435 4842 3598 4908 Quod
3626 4848 3672 4899 si
3696 4845 3792 4898 fra-

2226 4937 2335 4984 tres
2354 4933 2400 4986 ei
2420 4929 2589 4985 fuisse
2604 4946 2709 4984 non
2723 4939 2873 4999 potes
2890 4932 3131 4997 edocere,
3147 4935 3414 5000 quomodo
3430 4933 3604 4989 Maria
3625 4949 3794 4991 mater

2226 5023 2344 5092 ejus
2364 5022 2489 5087 erit,
2509 5022 2650 5077 sicut
2675 5021 2750 5074 ait
2773 5022 2861 5074 ille
2883 5022 2976 5090 qui
3002 5023 3237 5077 scribere
3258 5038 3422 5077 ausus
3442 5035 3527 5079 est
3555 5043 3575 5079 :
3608 5046 3629 5078 ι
3659 5026 3794 5082 Ecce

2656 5137 2702 5170 “
2736 5136 2892 5193 Joan.
2930 5153 3009 5201 vi,
3060 5139 3150 5194 38.
3258 5140 3304 5172 ⁸⁵
3331 5138 3522 5196 Matth.
3577 5159 3676 5209 xv,
3705 5147 3794 5200 2L

2302 5306 2412 5375 (54)
2451 5305 2509 5358 In
2544 5303 2851 5367 Casineusi,
2890 5322 2909 5355 ‹
2944 5303 3181 5375 dixerint
3210 5304 3523 5360 habuimus.
3555 5305 3734 5374 Quid.
3769 5330 3789 5360 ι

2226 5374 2328 5431 Sed
2362 5376 2517 5428 obvia
2552 5386 2633 5428 est
2668 5375 2826 5439 hujus
2860 5375 2958 5426 luci
2988 5374 3308 5428 etueudalto.

2297 5447 2407 5516 (:35)
2438 5443 2549 5497 Vox
2585 5463 2604 5495 ι
2647 5444 2906 5508 Ecclesia,
2956 5464 2975 5495 ι
3011 5446 3217 5516 videtur
3253 5460 3698 5511 supervacanea.
3743 5459 3796 5501 et

2224 5514 2321 5585 per
2338 5514 2552 5590 librarii
2584 5530 2821 5590 errorem
2856 5516 3087 5585 adjecta.
3110 5514 3267 5569 Certe
3288 5516 3406 5569 sine
3436 5518 3555 5586 ipsa
3581 5520 3801 5590 integer

2224 5595 2307 5639 est
2336 5586 2495 5653 hujus
2532 5586 2634 5639 loci
2662 5600 2870 5639 sensus.

2299 5657 2411 5723 (56)
2451 5657 2525 5708 hx
2562 5656 2644 5709 his
2675 5656 2853 5708 verbis
2888 5654 3063 5725 colligi
3091 5669 3251 5724 posse
3274 5655 3526 5720 videtur,
3552 5656 3800 5715 Marcel-

2227 5727 2336 5781 lum
2370 5742 2493 5780 cum
2520 5725 2784 5780 Archelao
2812 5727 2878 5778 ad
2904 5724 3121 5780 Diodori
3152 5727 3433 5781 castellum
3463 5729 3716 5785 venisse.

629 5380 738 5451 (50)
772 5380 824 5434 lu
857 5381 1156 5451 Casineusi,
1191 5399 1208 5431 ι
1243 5382 1468 5448 ignorat.
1506 5399 1524 5432 ι

630 5452 741 5517 (51)
778 5451 832 5503 ln
860 5453 1045 5505 codice
1065 5450 1348 5505 Casinensi
1373 5453 1476 5515 est,
1513 5469 1532 5502 ι
1566 5451 1866 5517 autetiam,
1902 5468 1920 5502 ›
1959 5450 2119 5505 lectio

559 5519 935 5585 improbanda.

630 5589 740 5661 (5g)
774 5590 1106 5661 Casiuetisis,
1147 5590 1332 5661 (sicut
1364 5605 1461 5646 vos
1483 5590 1662 5647 Jesus.
1696 5612 1715 5644 ι
1987 5642 2000 5653 ,ε

592 5658 741 5738 ..(55)
770 5658 827 5713 ln
852 5660 1343 5738 codice_Casiuensi
1372 5670 1475 5731 est,
1509 5676 1529 5715 ι
1561 5665 1866 5731 confitetur,
1899 5682 1918 5715 ι
1952 5661 2118 5718 libra-

559 5732 626 5781 rii
653 5743 855 5796 errore,
886 5738 946 5784 ut
973 5732 1148 5799 palam
1182 5740 1282 5787 est.
