3982 6346
267 412 405 468 1509

1345 414 1490 474 cun
1528 412 1812 472 MANE'I‘E
1849 382 2379 471 nenesmncmi.

3334 414 3475 470 l5I0

258 543 436 588 mater
462 542 575 597 tua,
602 542 656 589 et
683 532 877 591 fratres
904 533 981 590 tui
1009 533 1140 591 foris
1172 536 1349 591 stant?
1382 557 1400 589 ι
1430 536 1581 605 Quod
1614 537 1825 593 etiamsi
1853 543 1901 600 Α
1928 537 2076 592 nium
2101 537 2404 591 auditorum
2423 543 2565 591 esset
2586 536 2809 601 intenta,
2831 548 2939 590 non
2958 530 3476 606 opportuneingres-

260 626 351 682 Ille
383 642 549 681 ausus
577 637 658 682 est
688 629 889 695 dicere,
922 627 1017 683 illo
1045 629 1164 699 ipso
1202 631 1471 700 potentior
1505 641 1599 686 aut
1648 632 1823 703 major

258 730 379 774 esse
410 733 568 772 nemo
611 729 821 788 potest,
870 720 962 790 qui
996 722 1231 776 ostendit
1271 722 1428 778 nobis
1474 734 1698 778 matrem
1729 732 1823 779 aut

256 803 456 860 fratres
485 822 636 873 suos;
662 808 753 862 sed
789 817 842 862 et
867 808 1084 863 Davidis
1111 823 1230 865 esse
1264 811 1378 882 (57)
1419 828 1530 867 non
1567 812 1821 880 dignatur

259 897 448 951 audire
472 898 538 952 ".
579 898 870 968 Apostolus
912 898 1103 954 Petrus
1145 900 1533 968 discipulorum
1577 903 1819 957 omnium

258 987 721 1045 eminentissimus
764 999 890 1045 tunc
929 1006 1222 1060 agnoscere
1267 1006 1389 1047 eum
1434 994 1644 1061 potuit,
1694 1008 1819 1050 cum

259 1076 458 1148 singuli
496 1079 776 1148 opiniones
804 1096 934 1136 suas
965 1098 1101 1152 quas
1136 1083 1201 1138 de
1223 1084 1340 1153 ipso
1364 1084 1653 1150 habebant,
1694 1100 1820 1154 pro-

259 1178 490 1233 merent,
518 1170 593 1223 ait
627 1188 640 1223 :
677 1189 696 1222 r
739 1168 818 1225 Tu
852 1188 911 1227 es
943 1170 1195 1230 Christus
1224 1168 1393 1230 Filius
1418 1173 1510 1230 Dei
1539 1177 1642 1229 vivi
1677 1176 1743 1239 ἐς
1766 1185 1819 1231 et

257 1260 439 1312 statim
472 1259 742 1315 beatificat
773 1263 1127 1327 eum,dicens
1160 1281 1174 1317 :
1210 1281 1229 1315 ι
1261 1262 1527 1331 Quoniam
1567 1266 1819 1321 revelavit

256 1349 353 1403 tibi
387 1348 547 1405 Pater
570 1367 723 1407 meus
761 1354 1019 1409 ctelestis.
1064 1373 1084 1406 ι
1126 1353 1259 1410 Vide
1301 1366 1503 1426 quanta
1550 1358 1621 1412 sit
1663 1357 1818 1412 diiIe-

255 1445 429 1498 rentia
481 1459 668 1500 eorum
714 1462 835 1517 quae
868 1448 937 1503 ab
965 1446 1092 1504 Jesu
1142 1448 1283 1503 dicta
1340 1457 1488 1504 sunt.
1543 1447 1623 1503 Illi
1673 1451 1817 1505 enim

254 1536 351 1605 qui
377 1536 587 1591 dixerat
620 1556 633 1592 :
675 1556 693 1589 t
732 1538 869 1595 Ecce
897 1551 1067 1596 mater
1098 1548 1187 1596 tua
1215 1541 1345 1597 foris
1371 1552 1497 1609 stat,
1531 1561 1549 1595 ι
1595 1558 1819 1615 respon-

254 1624 334 1679 dit
370 1643 383 1679 :
421 1644 441 1677 r
486 1625 614 1692 Quae
642 1628 774 1683 mihi
807 1640 890 1685 est
920 1640 1113 1697 mater,
1154 1640 1247 1686 aut
1279 1631 1515 1689 fratres?
1554 1653 1573 1685 ι
1615 1634 1676 1688 Ei
1722 1651 1819 1691 au-

257 1721 363 1767 tem
393 1716 486 1784 qui
523 1715 659 1771 dixit
693 1737 706 1772 :
742 1736 761 1770 t
800 1719 881 1774 Tu
912 1737 970 1776 es
1005 1722 1257 1778 Christus
1281 1722 1450 1779 Filius
1479 1724 1575 1779 Dei
1607 1726 1734 1791 vivi,
1792 1745 1811 1779 ι

254 1803 640 1887 beatitudinem
683 1809 1217 1884 benedictionemque
1243 1816 1495 1869 restituit.
1525 1814 1581 1870 Si
1602 1831 1729 1887 ergo
1752 1816 1818 1871 de

1924 643 2018 683 sus
2059 628 2145 684 hic
2186 628 2408 684 nuntius
2455 625 2523 681 de
2567 638 2737 683 matre
2779 627 2896 697 ejus
2941 626 3224 696 suggessit,
3260 640 3324 680 ac
3366 622 3477 678 fra-

1924 720 2117 775 tribus.
2177 717 2343 789 Quidj
2363 717 2546 773 enim?
2589 716 2850 773 Debuitne
2888 719 3049 772 etiam
3107 716 3254 787 (58),
3303 715 3475 784 teipso

1916 807 2210 879 judicante,
2227 808 2597 877 derelinquere
2612 822 2706 861 eos
2722 823 2858 876 quos
2878 808 3101 862 curabat
3123 816 3175 861 et
3194 820 3331 876 quos
3350 819 3443 858 eru
3458 831 3477 847 -

1919 900 2119 965 diebat,
2151 908 2203 952 et
2235 913 2357 952 cum
2394 907 2566 951 matre
2595 912 2659 951 ac
2687 895 2948 952 fratribus
2980 896 3253 967 colloqui?
3281 893 3470 949 Nonne

1919 991 2175 1047 continuo
2202 991 2267 1045 de
2293 990 2394 1044 hoc
2421 989 2538 1059 ipso
2571 988 2919 1045 detraberes?
2948 989 3081 1044 Cum
3109 990 3251 1044 enim
3283 1002 3472 1057 pecea-

1917 1080 1987 1136 tis
2009 1089 2236 1135 onustos
2264 1089 2315 1134 et
2340 1088 2587 1148 gravatos
2614 1077 2682 1132 ad
2706 1078 3087 1148 discipulatum
3111 1078 3306 1147 delegit
3333 1077 3470 1131 duo-

1917 1169 2091 1224 decim
2133 1185 2363 1224 numero
2392 1168 2503 1239 (59)
2539 1184 2676 1237 quos
2717 1180 2770 1223 et
2811 1169 3079 1238 apostolos
3128 1168 3466 1230 nominavit,

1916 1261 2099 1316 dicens
2128 1261 2205 1315 eis
2241 1279 2253 1314 :
2293 1258 2593 1331 Relinquite
2632 1269 2855 1314 matrem
2883 1269 2934 1315 et
2969 1268 3175 1329 patrem
3204 1261 3226 1292 ¹
3248 1300 3263 1324 ,
3298 1268 3356 1313 ut
3384 1272 3471 1312 me

1914 1349 2062 1420 digni
2088 1348 2412 1416 eiliciamini,
2457 1360 2516 1403 ut
2560 1350 2698 1404 ultra
2732 1366 2839 1405 non
2886 1351 3052 1421 possit
3094 1351 3173 1406 eis
3211 1352 3469 1405 memoria

1915 1443 2082 1513 patris
2107 1450 2201 1496 aut
2223 1441 2408 1497 matris
2436 1441 2715 1497 robustum
2745 1451 2931 1512 pectus
2957 1443 3247 1497 inflectere.
3278 1440 3337 1496 Et
3368 1443 3467 1496 ite-

1915 1547 2035 1585 rum
2061 1532 2272 1586 volente
2303 1532 2411 1586 alio
2440 1533 2673 1601 quodam
2721 1533 2900 1587 dicere
2929 1533 2978 1588 ei
3013 1549 3027 1588 :
3061 1532 3186 1599 Ibo,
3217 1542 3272 1588 ct
3317 1547 3472 1603 sepe-

1915 1620 2043 1675 liam
2089 1630 2294 1690 patrem
2323 1636 2525 1687 meum,
2554 1622 2671 1676 ait:
2705 1640 2724 1673 ‹
2783 1621 3000 1678 Dimitte
3043 1634 3287 1680 mortuos
3318 1639 3472 1693 sepe-

1913 1710 2013 1764 lire
2039 1720 2281 1765 mortuos
2311 1725 2438 1766 suos
2466 1723 2507 1766 ο.
2545 1730 2565 1763 ι
2594 1710 2806 1766 Intuere
2835 1728 2963 1782 ergo
2984 1714 3255 1783 quomodo
3285 1714 3470 1769 Domi-

1915 1815 2019 1855 nus
2053 1816 2206 1856 meus
2226 1799 2385 1856 Jesus
2415 1800 2481 1855 ad
2513 1804 2815 1858 necessaria
2863 1803 2974 1875 (60)
3013 1805 3309 1875 discipulos
3340 1807 3471 1862 aedi-

254 1879 427 1950 liaria
448 1897 695 1961 vvisesse
722 1916 845 1957 eum
877 1916 1084 1971 natum,
1121 1879 1380 1960 ίηρηιῑιιιι-
1413 1908 1525 1977 ᾕρεε
1566 1879 1690 1962 (ευηῖ
1713 1907 1815 1963 pe-
1845 1894 1888 1949 Β
1914 1890 2058 1955 ﬁcat,
2087 1898 2139 1944 et
2162 1905 2260 1960 pro
2283 1891 2490 1946 meritis
2516 1891 2803 1961 unicuique
2824 1901 3008 1946 sancta
3032 1892 3191 1945 verba
3222 1894 3471 1947 commit-

252 1993 345 2041 tro
376 2006 390 2041 :
421 1989 467 2043 si
499 1999 677 2046 autem
704 2009 889 2049 verum
924 1996 1055 2051 dicit
1094 1995 1322 2064 Petrus,
1365 2000 1483 2053 sine
1525 1999 1689 2053 dubio
1727 2001 1816 2055 ille

251 2075 405 2146 prior
432 2076 638 2134 fefellit.
669 2081 823 2149 Quod
855 2084 899 2139 si
926 2084 1072 2154 prior
1099 2084 1303 2153 fefellit,
1339 2103 1557 2143 causam
1596 2090 1662 2144 ad
1686 2092 1817 2145 scri-

250 2176 464 2236 ptorem
493 2171 784 2241 rejicienda
832 2185 933 2230 est.
984 2175 1159 2231 Unum
1196 2177 1357 2248 igitur
1399 2180 1673 2236 Christum
1713 2198 1814 2239 nos

251 2257 461 2312 scimus
503 2274 623 2315 esse
675 2264 971 2331 secundum
1008 2268 1310 2337 apostolum
1348 2268 1613 2337 Paulum,
1656 2273 1812 2341 cujus

249 2351 480 2407 vocibus
518 2353 788 2412 credimus
819 2359 1244 2417 consonantibus
1273 2361 1532 2419 duntaxat
1558 2364 1810 2422 adventui

248 2441 393 2512 ejus.
820 2452 825 2456 '

325 2534 560 2592 XLVIII.
588 2535 683 2593 llis
736 2539 934 2595 auditis
955 2530 1138 2597 'turba:
1161 2555 1419 2614 permota:
1453 2556 1601 2610 sunt,
1645 2550 1808 2606 veluti

245 2629 517 2684 rationem
563 2630 805 2685 veritatis
845 2634 1244 2690 continentibus
1271 2679 1285 2703 ,
1332 2646 1385 2692 et
1433 2637 1700 2697 Archelao
1733 2644 1809 2698 nil

246 2723 485 2778 habente
508 2723 650 2792 quod
679 2723 761 2777 his
784 2735 963 2793 posset
983 2741 1283 2797 opponere;
1312 2730 1414 2785 hoc
1441 2733 1585 2787 enim
1616 2734 1814 2789 indica-

246 2815 328 2869 vit
350 2814 612 2869 tumultus
638 2815 728 2885 qui
760 2816 898 2871 inter
929 2834 1021 2873 eos
1051 2829 1270 2875 exortus
1303 2819 1476 2876 fuerat
1503 2842 1518 2890 ;
1562 2826 1654 2879 sed
1670 2808 1813 2881 .cum

247 2905 543 2962 multitudo
590 2912 1018 2980 conquievisset,
1058 2913 1355 2972 Archelaus
1388 2918 1489 2972 hoc
1529 2919 1687 2973 modo
1728 2934 1813 2973 re-

248 2998 469 3066 spondit
523 3018 535 3053 :
573 2998 717 3055 Voce
757 3002 970 3071 quidem
1026 3004 1237 3060 Domini
1288 3009 1457 3063 nostri
1496 3008 1623 3065 Jesu
1655 3010 1812 3065 Citri-

249 3087 322 3142 sti
354 3087 537 3143 nullus
572 3092 766 3157 poterit
797 3107 915 3146 esse
949 3094 1214 3161 potentior
1236 3137 1251 3161 ,
1300 3097 1346 3152 si
1389 3114 1563 3168 neque
1612 3114 1809 3154 nomen

248 3176 470 3247 aliquod
499 3178 702 3247 aequale
733 3182 780 3234 ei
806 3197 925 3236 esse
963 3183 1233 3238 invenitur
1266 3204 1279 3239 :
1331 3204 1350 3238 ‹
1409 3186 1637 3257 Propter
1661 3190 1805 3259 quod

248 3267 396 3324 Deus
428 3286 549 3325 eum
573 3271 843 3338 exaltavit,
877 3284 929 3328 ct
955 3275 1172 3330 donavit
1203 3277 1277 3331 illi
1313 3294 1508 3333 nomen
1540 3281 1685 3350 quod
1724 3291 1807 3337 est

249 3375 416 3430 super
446 3377 603 3416 omne
632 3379 828 3419 nomen
860 3367 927 3432 ”;
971 3386 991 3420 ι
1039 3384 1212 3439 neque
1249 3375 1301 3425 in
1332 3373 1641 3427 testimonio
1686 3376 1808 3444 quis

248 3453 477 3520 aequalis
498 3454 553 3508 ei
588 3470 708 3509 esse
740 3460 932 3525 poterit
966 3475 981 3512 ;
1009 3467 1061 3513 et
1094 3460 1216 3515 ideo
1257 3477 1353 3534 ego
1386 3464 1534 3518 vocis
1560 3465 1677 3533 ejus
1712 3466 1807 3520 tibi

248 3544 557 3598 testimonia
617 3547 914 3617 proferam,
976 3556 1206 3623 primum
1244 3557 1458 3625 quidem
1506 3557 1807 3613 dissolvens

248 3633 368 3689 hinc
392 3652 512 3705 qua:
546 3653 574 3691 a
605 3646 657 3692 te
683 3639 823 3695 dicta
851 3652 994 3709 sunt,
1029 3646 1101 3699 uti
1135 3661 1202 3699 ne
1235 3646 1404 3710 dicas,
1427 3649 1682 3712 quoniam
1711 3664 1809 3704 nec

250 3729 355 3784 sibi
398 3730 500 3799 ipsi
538 3743 877 3802 consonant,
909 3745 967 3790 ut
995 3748 1075 3793 est
1118 3739 1214 3792 tibi
1255 3741 1591 3796 consuetudo
1628 3742 1810 3797 dicen-

248 3821 326 3876 di.
360 3821 453 3877 Ais
483 3824 626 3879 enim
664 3827 791 3896 quia
821 3843 943 3883 eum
974 3831 1064 3899 qui
1101 3833 1438 3889 nuntiaverat
1466 3834 1513 3889 ei
1541 3835 1606 3890 de
1638 3844 1809 3891 matre

249 3923 345 3969 aut
361 3915 428 3969 de
456 3913 731 3985 fratribus,
759 3920 1110 3990 increpaverit
1132 3922 1311 3991 Jesus,
1336 3926 1491 3996 quasi
1511 3926 1802 3998 fallentem,

250 4008 547 4062 secundum
574 4009 625 4064 id
659 4012 802 4079 quod
838 4016 1160 4083 scriptorem
1190 4015 1393 4072 fefellit.
1428 4016 1612 4088 Neque
1640 4022 1686 4076 is
1712 4023 1805 4090 qui

251 4103 595 4158 annuntiavit
622 4105 668 4158 ei
703 4106 769 4160 de
799 4117 969 4162 matre
997 4117 1051 4163 et
1085 4110 1341 4166 fratribus
1372 4113 1676 4183 increpatus
1700 4125 1802 4181 est,

250 4209 425 4264 neque
447 4193 636 4251 Petrus
666 4212 828 4267 supra
864 4198 1012 4254 illum
1040 4202 1188 4255 solus
1207 4202 1544 4260 beatificatus
1567 4214 1683 4273 est;
1710 4207 1804 4261 sed

249 4294 477 4357 uterque
506 4288 573 4341 ab
597 4301 662 4342 eo
696 4290 912 4360 dignam
947 4294 1356 4362 responsionem
1389 4298 1606 4366 propria
1639 4298 1805 4353 inter-

247 4379 529 4447 rogatione
555 4381 825 4449 percepit,
867 4383 1006 4438 sicut
1036 4386 1088 4438 in
1128 4390 1583 4457 consequentibus
1626 4407 1804 4447 sermo

249 4468 593 4522 monstrabit.
641 4469 773 4523 Cum
800 4474 920 4541 quis
964 4476 1222 4543 parvulus
1265 4487 1386 4543 est,
1423 4480 1619 4547 cogitat
1664 4480 1804 4533 sicut

1912 1981 1994 2036 tit.
2022 1979 2099 2037 Ita
2130 1989 2183 2035 et
2212 1982 2265 2035 in
2301 1997 2367 2037 eo
2407 1992 2648 2053 tempore
2681 1997 2791 2052 quo
2833 1983 3142 2052 importune
3179 1985 3468 2037 annuntia-

1909 2082 2058 2127 verat
2084 2072 2303 2144 quidam
2340 2074 2389 2129 ei
2434 2075 2501 2129 de
2552 2084 2745 2138 matre,
2788 2090 2895 2130 non
2945 2074 3320 2144 complectitur
3368 2091 3467 2145 pro

1910 2166 2101 2221 matris
2138 2167 2423 2236 prtescntia
2466 2165 2757 2222 Paternum
2807 2167 3078 2237 praeterire
3121 2177 3465 2238 praeceptum.

1914 2254 1981 2312 Ut
2010 2266 2190 2311 autem
2235 2258 2329 2312 tibi
2357 2260 2636 2313 ostendam
2680 2259 2789 2313 haec
2818 2257 2892 2313 ita
2939 2274 3097 2323 esse,
3130 2258 3323 2314 Petrus
3369 2260 3469 2314 ali-

1910 2348 2144 2419 quando,
2175 2362 2299 2405 cum
2326 2348 2436 2419 jam
2465 2349 2911 2405 beatiticationem
2944 2349 3133 2406 fuisset
3165 2351 3231 2405 ab
3253 2366 3316 2405 eo
3338 2367 3469 2407 con-

1910 2450 2148 2507 secutus,
2182 2443 2255 2496 ait
2285 2444 2351 2497 ad
2383 2441 2568 2497 Jesum
2601 2464 2611 2498 :
2650 2462 2668 2496 ‹
2719 2442 2989 2512 Propitius
3016 2455 3153 2507 esto,
3202 2442 3424 2499 Domine
3446 2484 3464 2510 ,

1910 2545 2017 2585 non
2044 2532 2143 2585 erit
2179 2532 2271 2585 tibi
2299 2533 2440 2587 istud
2473 2533 2514 2600 ⁸,
2554 2551 2572 2585 ι
2605 2550 2727 2589 eum
2764 2536 2988 2590 dixisset
3015 2536 3064 2590 ei
3109 2534 3300 2601 Iesus,
3339 2535 3467 2606 quia

1910 2631 2179 2691 oporteret
2208 2624 2319 2693 (61)
2354 2623 2549 2678 Filium
2582 2625 2821 2681 hominis
2866 2627 3155 2681 ascendere
3189 2626 3465 2699 Jerosoly-

1910 2726 2077 2777 mam,
2107 2720 2161 2765 et
2191 2712 2387 2776 occidi,
2423 2721 2476 2767 et
2498 2714 2652 2768 tertia
2681 2715 2769 2768 die
2796 2729 3096 2784 resurgere;
3130 2714 3466 2783 respondens
3552 2763 3556 2767 .

1910 2802 1985 2855 ait
2014 2800 2173 2856 Petro
2197 2820 2210 2855 :
2241 2819 2259 2853 ί
2286 2800 2431 2856 Vade
2450 2811 2613 2871 retro,
2644 2804 2867 2871 Sataua,
2898 2806 3023 2875 quia
3052 2821 3157 2859 non
3183 2807 3327 2875 sapis
3347 2821 3467 2876 qua:

1910 2890 2005 2946 Dei
2036 2901 2182 2955 sunt,
2213 2893 2305 2948 sed
2333 2909 2453 2963 qua:
2480 2895 2755 2949 hominum
2802 2905 2950 2950 sunt.
2990 2916 3009 2948 ι
3048 2897 3312 2973 Quoniam
3339 2898 3467 2967 ergo

1910 2983 2190 3038 existimas
2232 2983 2382 3037 illum
2414 2984 2507 3053 qui
2553 2985 2601 3038 ei
2650 2986 2716 3041 de
2747 2996 2920 3041 matre
2969 2988 3371 3042 renuntiaverat
3413 3000 3468 3042 et

1909 3072 2186 3137 fratribus,
2220 3076 2556 3145 increpatum
2581 3091 2701 3131 esse
2731 3078 2798 3132 ab
2821 3077 2977 3147 Iesu;
3007 3081 3169 3135 istum
3208 3096 3335 3136 vero
3372 3082 3466 3152 qui

1914 3194 2072 3260 paulo
2104 3203 2227 3248 ante
2264 3193 2475 3249 dixerat
2507 3212 2520 3249 :
2560 3213 2579 3246 ι
2614 3193 2697 3249 Tu
2726 3212 2784 3253 es
2812 3197 2982 3254 Filius
3010 3199 3098 3256 Dei
3127 3202 3255 3268 vivi,
3287 3221 3306 3254 ι
3340 3201 3467 3258 bea-

1908 3284 2190 3338 titudinem
2228 3293 2602 3353 consecutum;
2649 3288 2769 3343 vide
2798 3290 2923 3360 quia
2957 3292 3129 3362 magis
3171 3293 3316 3349 hunc
3352 3295 3467 3367 (62)

1906 3378 2141 3446 praetulit
2168 3373 2345 3440 Jesus,
2381 3377 2470 3429 cui
2497 3384 2551 3431 et
2583 3378 2900 3438 clementius
2936 3392 3135 3438 etcum
3189 3386 3343 3440 venia
3373 3402 3466 3442 re-

1908 3482 2163 3536 sponsum
2194 3466 2323 3520 dare
2349 3466 2602 3537 dignatas
2634 3480 2755 3537 est;
2800 3472 2955 3527 Petro
2982 3490 3110 3529 vero
3151 3486 3275 3546 post
3319 3477 3466 3534 illam

1907 3556 2331 3613 benedictionem
2361 3559 2571 3613 nullum
2602 3560 2714 3623 jam
2756 3563 2925 3617 venite
2963 3564 3188 3635 largitur
3226 3568 3464 3635 titulum,

1906 3665 2005 3719 pro
2031 3666 2096 3705 eo
2124 3652 2263 3722 quod
2301 3663 2549 3708 naturam
2585 3653 2659 3707 rei
2700 3652 2801 3707 sibi
2836 3655 2992 3710 dictae
3041 3674 3144 3712 non
3180 3660 3466 3732 diligenter

1907 3741 2217 3797 adverterit.
2251 3741 2400 3797 Illius
2422 3742 2563 3797 enim
2602 3740 2775 3795 nuntii
2807 3758 2956 3798 error
2985 3749 3226 3818 responsi
3257 3754 3467 3808 ratione

1908 3832 2212 3900 corrigitur;
2242 3833 2401 3901 hujus
2417 3847 2546 3886 vero
2561 3832 2783 3887 tarditas
2797 3832 3095 3893 intellectus
3107 3840 3369 3895 acerbiori
3391 3841 3470 3894 in-

1907 3924 2213 3993 crepatione
2233 3923 2539 3979 damnatur.
2572 3921 2647 3977 Ex
2680 3939 2787 3994 quo
2817 3926 3091 3982 advertere
3124 3938 3293 3997 potes,
3318 3931 3465 4000 quod

1907 4013 2166 4071 Dominus
2196 4015 2352 4071 Jesus
2378 4015 2861 4086 interrogationum
2920 4016 3022 4071 sibi
3063 4022 3464 4088 opportunitate

1906 4115 2138 4170 servata,
2166 4108 2385 4177 dignum
2414 4115 2626 4176 promat
2648 4106 2873 4177 singulis
2894 4119 3361 4179 opportunumque
3384 4128 3463 4168 re-

1905 4212 2186 4269 sponsum.
2220 4198 2371 4265 Quod
2399 4200 2466 4265 si,
2502 4209 2557 4253 ut
2581 4199 2681 4266 ais,
2720 4215 2787 4254 ex
2815 4215 2883 4257 eo
2914 4202 3059 4270 quod
3098 4218 3279 4257 verum
3308 4204 3459 4261 dixe-

1904 4301 2010 4355 rat,
2034 4290 2223 4347 Pctrns
2255 4293 2612 4355 beatificatur,
2636 4299 2689 4346 et
2716 4308 2815 4363 pro
2842 4309 2907 4348 eo
2930 4297 3071 4363 quod
3096 4295 3297 4362 fefellit,
3323 4315 3463 4353 nun-

1903 4384 2012 4438 tius
2048 4384 2134 4438 ille
2175 4385 2458 4455 culpatur;
2507 4385 2595 4440 dic
2635 4384 2767 4439 mibi
2819 4400 2988 4455 quare
3030 4402 3149 4440 cum
3189 4387 3463 4445 daemones

1904 4489 2027 4528 eum
2060 4475 2465 4538 confiterentur,
2500 4476 2739 4531 dicentes
2774 4495 2788 4530 :
2828 4496 2846 4529 ι
2894 4477 3106 4533 Scimus
3137 4488 3202 4545 te,
3257 4482 3349 4551 qui
3386 4483 3463 4538 sis

253 4557 530 4629 parvulus,
571 4559 711 4629 sapit
738 4569 795 4614 ut
820 4564 1078 4631 parvulus
1106 4567 1145 4631 ¹;
1179 4581 1300 4620 cum
1332 4579 1509 4622 autem
1538 4569 1804 4639 perlectus

1911 4564 2019 4633 (65)
2056 4576 2278 4619 sanctus
2310 4564 2451 4621 Deus
2473 4565 2514 4630 ⁵,
2548 4582 2567 4616 ι
2602 4565 2893 4633 increpavit
2926 4582 3038 4631 cos,
3064 4577 3117 4622 et
3150 4568 3307 4625 silere
3348 4569 3461 4643 (64)

257 4646 422 4702 fuerit
453 4649 553 4711 vir,
587 4650 933 4705 destruentur
958 4669 1019 4707 ea
1043 4671 1164 4724 qua:
1193 4665 1318 4709 sunt
1354 4659 1583 4726 parvuli,
1618 4660 1667 4713 id
1696 4668 1797 4722 est.

250 4739 376 4794 dum
410 4740 475 4794 ad
516 4741 694 4810 priora
732 4759 790 4797 se
826 4745 947 4813 quis
990 4747 1260 4811 extendit,
1306 4749 1651 4805 obliviscetur
1686 4769 1807 4821 quae

249 4841 371 4900 post
399 4847 457 4885 se
484 4842 629 4886 sunt.
667 4831 816 4888 Unde
846 4835 1073 4890 Domino
1101 4849 1286 4894 nostro
1310 4838 1436 4896 Jesu
1464 4841 1687 4913 Christo
1715 4845 1809 4898 do-

251 4931 421 4987 cente,
447 4934 497 4978 ct
518 4935 740 4980 curante
772 4926 1063 4982 humanum
1092 4946 1283 4999 genus,
1309 4933 1384 4986 uti
1418 4950 1484 4989 ne
1506 4936 1667 4989 simul
1695 4952 1809 4990 om-

251 5014 340 5068 nia
370 5016 694 5084 deperireut,
718 5034 946 5087 cumque
969 5018 1021 5071 in
1057 5020 1253 5075 talibus
1278 5023 1470 5077 studiis
1503 5039 1654 5079 mens
1685 5041 1805 5080 om-

318 5128 797 5211 ’τυρῐειιψζ-ικξιι,
834 5132 1043 5211 diu”
1077 5131 1265 5211 blatth.
1304 5136 1534 5211 va,_I_6.
1611 5137 1656 5169 "
1690 5138 1886 5211 Philip.
1911 5154 1970 5201 tt,
1998 5135 2052 5190 9.

251 5214 324 5261 Ix,
355 5200 444 5254 59.
520 5200 543 5230 ⁸
580 5200 766 5255 Matth.
796 5218 905 5269 xvi,
937 5202 1029 5259 22.
1105 5205 1127 5234 ⁸
1159 5203 1289 5259 Luc.
1319 5221 1390 5270 tv,
1419 5206 1507 5261 54.

322 5291 432 5359 (57)
456 5289 767 5347 Casiuensis
798 5294 987 5355 codex,
1026 5314 1044 5345 ι
1084 5292 1249 5348 David
1279 5294 1449 5351 Jesse.
1504 5317 1523 5351 ι

250 5359 435 5482 “(fisi
474 5360 538 5441 In.
578 5364 762 5418 codice
805 5364 1105 5426 Casinensi,
1143 5382 1161 5414 ι
1217 5364 1408 5421 Debuit
1440 5378 1493 5423 et.
1538 5366 1721 5424 etiam.
1781 5388 1802 5424 ι

307 5448 331 5480 :t
360 5446 387 5481 a
442 5442 594 5482 t‘t‘llt).

307 5431 387 5481 :ila
423 5431 594 5484 lectio.

316 5499 434 5620 ((159)
476 5499 529 5553 In
557 5502 739 5556 codice
778 5501 1057 5557 Casinensi
1111 5507 1516 5573 corruptissime
1559 5508 1753 5577 legitur
1788 5526 1802 5564 :

365 5586 450 5620 11111
475 5572 613 5620 Oi‘llll
652 5576 882 5620 trecentis
912 5574 1085 5620 limitis
1111 5584 1162 5620 nl
1192 5588 1443 5620 multum]:
1472 5578 1535 5620 ml
1566 5580 1802 5620 iliepimt-

255 5587 277 5642 ς
316 5572 450 5621 Cum
472 5572 613 5642 etim
652 5576 882 5639 peccatis
912 5574 1085 5627 bonus
1111 5584 1162 5628 et
1192 5572 1443 5642 gravatus
1472 5578 1535 5631 ad
1566 5572 1805 5642 discipu-

252 5640 417 5717 Iattrm
448 5641 922 5717 tliligit__aittn.tecim
958 5640 1215 5717 nutriet-of
1237 5664 1254 5692 ι
1286 5645 1391 5717 Ν.›ε
1418 5660 1676 5715 quantum
1706 5640 1800 5717 per

254 5710 593 5783 conjecturas
622 5710 789 5783 licuit,
823 5713 983 5780 hujus
1011 5714 1113 5768 luci
1156 5716 1346 5769 menda
1371 5710 1721 5783 sustulimus;
1746 5728 1800 5773 et

253 5777 489 5859 fortasse
515 5780 677 5859 paulo
709 5791 830 5850 post
867 5777 988 5853 pro,
1029 5802 1049 5836 ι
1085 5783 1270 5841 dicens
1296 5787 1398 5855 eis,
1446 5806 1464 5840 ι
1510 5777 1793 5859 legendum

249 5856 351 5916 est,
390 5867 409 5900 α
440 5849 575 5903 dixit
593 5850 691 5905 eis.
712 5849 748 5901 ⁷ι

1905 4656 2311 4725 prtecepit?,Cur
2333 4671 2438 4710 non
2450 4656 2738 4726 (siquidem
2758 4657 3125 4713 confitentium
3150 4675 3206 4714 se
3228 4663 3468 4719 testimo-

1905 4747 2011 4801 niis
2041 4745 2357 4813 delectatur)
2392 4747 2554 4800 etiam
2589 4747 2756 4813 istos,
2801 4748 2940 4801 sicut
2963 4746 3180 4803 Petrum
3220 4766 3343 4807 vera
3374 4754 3465 4809 di-

1906 4846 2141 4901 centem,
2179 4837 2642 4892 benedictionibus
2674 4850 3049 4896 remuneratus
3072 4844 3187 4896 est?
3218 4843 3372 4911 Quod
3414 4848 3464 4903 si

1906 4930 2009 4984 hoc
2032 4928 2327 4983 absurdum
2354 4937 2458 4990 est,
2493 4927 2811 4997 relinquitur
2839 4939 2896 4984 ut
2917 4946 3013 5000 pro
3046 4934 3182 5001 loco,
3208 4953 3303 5004 pro
3325 4946 3465 4992 tem-

1906 5034 2057 5089 pore,
2085 5034 2182 5089 pro
2208 5018 2475 5087 personis,
2502 5035 2601 5088 pro
2624 5025 2802 5087 rebus,
2829 5039 2927 5093 pro
2949 5025 3305 5083 accidentium
3326 5032 3464 5086 salu-

2131 5132 2345 5190 'ICor.
2373 5150 2492 5199 xm,
2523 5136 2610 5191 II.
2686 5140 2705 5170 ⁸
2734 5138 2922 5196 Matth.
2988 5158 3043 5207 x,
3099 5144 3186 5198 57.
3263 5145 3285 5176 ⁸
3326 5144 3459 5202 Luc.

1978 5292 2090 5364 (60)
2118 5291 2177 5364 In
2205 5293 2393 5348 eodem
2422 5295 2629 5358 codice,
2665 5315 2684 5349 ‹
2713 5296 2779 5351 ad
2816 5301 3194 5357 necessariam.
3228 5320 3247 5354 ι

1974 5363 2088 5441 (6-1.)
2111 5363 2174 5441 _|n
2200 5365 2609 5441 eodetncodice,
2642 5384 2661 5417 ι
2698 5378 2927 5437 oportet,
2955 5390 2975 5424 ι
3002 5387 3160 5427 secus
3182 5379 3343 5441 atque
3365 5373 3467 5431 ha-

1904 5433 1992 5490 bet
2023 5433 2248 5503 Vulgata
2282 5435 2469 5503 editio.

1974 5503 2086 5573 (62)
2121 5502 2176 5573 In
2206 5505 2390 5557 codice
2422 5502 2702 5559 Casinensi
2727 5516 2827 5571 est,
2863 5525 2881 5557 ι
2923 5509 3065 5564 huic.
3102 5527 3121 5562 ι

1974 5572 2084 5640 (65)
2116 5572 2171 5625 1η
2209 5573 2394 5627 codice
2427 5574 2725 5628 Casinensi.
2764 5594 2782 5625 ‹
2828 5578 2950 5644 quis
2980 5595 3056 5634 es.
3096 5600 3114 5632 ι
3158 5579 3261 5637 Sed
3295 5583 3463 5642 libra-

1900 5642 1968 5697 rii
1997 5657 2150 5696 error
2176 5644 2331 5697 nobis
2362 5644 2476 5698 visa
2513 5653 2595 5697 est
2618 5644 2702 5697 illa
2729 5642 2905 5699 lectio.

1975 5713 2086 5787 (64)
2104 5713 2166 5787 _|n
2194 5714 2379 5767 eodem
2407 5714 2591 5768 codice
2619 5723 2701 5768 est
2736 5732 2757 5766 ι
2788 5715 2971 5787 sinire.
3003 5736 3023 5771 ι
3051 5717 3151 5774 Sed
3181 5740 3199 5774 r
3225 5723 3403 5787 silere,
3434 5744 3454 5778 ι

1903 5784 2006 5864 legi
2031 5784 2226 5838 debere
2255 5798 2355 5864 nos
2384 5799 2536 5864 sacer
2558 5792 2738 5864 textus
2765 5784 2972 5847 edocet.
3005 5787 3136 5853 Vide
3161 5801 3337 5852 tamen
3364 5784 3459 5864 an,

1908 5875 1929 5910 ι
1964 5852 2162 5922 sinere,
2205 5871 2224 5906 ι
2255 5852 2537 5925 legendum
2567 5855 2654 5910 sit.
