  <div class='ocr_page' id='page_1' title='image "/cluster/home/n/w/nwhite01/storage/ocr_20150623/10/hvd.32044073501348/771.png"; bbox 0 0 3954 7108; ppageno 0'>
   <div class='ocr_carea' id='block_1_1' title="bbox 521 389 651 445">
    <p class='ocr_par' dir='ltr' id='par_1_1' title="bbox 521 389 651 445">
     <span class='ocr_line' id='line_1_1' title="bbox 521 389 651 445; baseline 0.015 -2"><span class='ocrx_word' id='word_1_1' title='bbox 521 389 651 445; x_wconf 70' lang='grc'><strong>1511</strong></span> 
     </span>
    </p>
   </div>
   <div class='ocr_carea' id='block_1_2' title="bbox 1532 389 2762 448">
    <p class='ocr_par' dir='ltr' id='par_1_2' title="bbox 1532 389 2762 448">
     <span class='ocr_line' id='line_1_2' title="bbox 1532 389 2762 448; baseline -0.002 -2"><span class='ocrx_word' id='word_1_2' title='bbox 1532 390 1712 446; x_wconf 78' lang='lat' dir='ltr'><strong>ACTA</strong></span> <span class='ocrx_word' id='word_1_3' title='bbox 1751 389 2279 448; x_wconf 80' lang='lat' dir='ltr'><strong>DISPUTATIONIS</strong></span> <span class='ocrx_word' id='word_1_4' title='bbox 2317 391 2374 448; x_wconf 91' lang='lat' dir='ltr'><strong>S.</strong></span> <span class='ocrx_word' id='word_1_5' title='bbox 2417 389 2762 446; x_wconf 76' lang='lat' dir='ltr'><strong>ARCHELAI</strong></span> 
     </span>
    </p>
   </div>
   <div class='ocr_carea' id='block_1_3' title="bbox 3600 398 3739 454">
    <p class='ocr_par' dir='ltr' id='par_1_3' title="bbox 3600 398 3739 454">
     <span class='ocr_line' id='line_1_3' title="bbox 3600 398 3739 454; baseline 0 0"><span class='ocrx_word' id='word_1_6' title='bbox 3600 398 3739 454; x_wconf 73' lang='grc'><strong>1512</strong></span> 
     </span>
    </p>
   </div>
   <div class='ocr_carea' id='block_1_4' title="bbox 519 509 3738 582">
    <p class='ocr_par' dir='ltr' id='par_1_4' title="bbox 519 509 3738 582">
     <span class='ocr_line' id='line_1_4' title="bbox 519 509 3738 582; baseline 0.002 -17"><span class='ocrx_word' id='word_1_7' title='bbox 519 522 589 575; x_wconf 89' lang='lat' dir='ltr'><strong>te,</strong></span> <span class='ocrx_word' id='word_1_8' title='bbox 617 526 678 566; x_wconf 89' lang='lat' dir='ltr'><strong>ea</strong></span> <span class='ocrx_word' id='word_1_9' title='bbox 700 525 821 581; x_wconf 72' lang='lat' dir='ltr'><strong>quae</strong></span> <span class='ocrx_word' id='word_1_10' title='bbox 842 509 981 565; x_wconf 89' lang='lat' dir='ltr'><strong>dicta</strong></span> <span class='ocrx_word' id='word_1_11' title='bbox 1002 517 1130 564; x_wconf 91' lang='lat' dir='ltr'><strong>sunt</strong></span> <span class='ocrx_word' id='word_1_12' title='bbox 1151 509 1530 580; x_wconf 89' lang='lat' dir='ltr'><strong>intelligamus,</strong></span> <span class='ocrx_word' id='word_1_13' title='bbox 1551 511 1625 565; x_wconf 90' lang='lat' dir='ltr'><strong>uti</strong></span> <span class='ocrx_word' id='word_1_14' title='bbox 1647 527 1713 566; x_wconf 91' lang='lat' dir='ltr'><strong>ne</strong></span> <span class='ocrx_word' id='word_1_15' title='bbox 1731 518 1931 566; x_wconf 79' lang='lat' dir='ltr'><strong>temere</strong></span> <span class='ocrx_word' id='word_1_16' title='bbox 1954 527 2078 582; x_wconf 87' lang='lat' dir='ltr'><strong>pro-</strong></span> <span class='ocrx_word' id='word_1_17' title='bbox 2104 519 2147 574; x_wconf 76' lang='grc' dir='ltr'><strong>Α</strong></span> <span class='ocrx_word' id='word_1_18' title='bbox 2173 509 2403 580; x_wconf 90' lang='lat' dir='ltr'><strong>judicer.</strong></span> <span class='ocrx_word' id='word_1_19' title='bbox 2433 509 2584 578; x_wconf 84' lang='lat' dir='ltr'><strong>Quod</strong></span> <span class='ocrx_word' id='word_1_20' title='bbox 2620 512 2666 566; x_wconf 88' lang='lat' dir='ltr'><strong>si</strong></span> <span class='ocrx_word' id='word_1_21' title='bbox 2702 524 2808 566; x_wconf 92' lang='lat' dir='ltr'><strong>non</strong></span> <span class='ocrx_word' id='word_1_22' title='bbox 2837 510 3100 580; x_wconf 86' lang='lat' dir='ltr'><strong>judicium</strong></span> <span class='ocrx_word' id='word_1_23' title='bbox 3128 511 3250 576; x_wconf 88' lang='lat' dir='ltr'><strong>erit,</strong></span> <span class='ocrx_word' id='word_1_24' title='bbox 3284 511 3483 570; x_wconf 78' lang='lat' dir='ltr'><strong>frustra</strong></span> <span class='ocrx_word' id='word_1_25' title='bbox 3509 513 3614 569; x_wconf 82' lang='lat' dir='ltr'><strong>erit</strong></span> <span class='ocrx_word' id='word_1_26' title='bbox 3637 517 3738 571; x_wconf 86' lang='lat' dir='ltr'><strong>ob-</strong></span> 
     </span>
    </p>
   </div>
   <div class='ocr_carea' id='block_1_5' title="bbox 519 601 2078 672">
    <p class='ocr_par' dir='ltr' id='par_1_5' title="bbox 519 601 2078 672">
     <span class='ocr_line' id='line_1_5' title="bbox 519 601 2078 672; baseline 0.001 -16"><span class='ocrx_word' id='word_1_27' title='bbox 519 603 851 664; x_wconf 88' lang='lat' dir='ltr'><strong>nuntiantes,</strong></span> <span class='ocrx_word' id='word_1_28' title='bbox 903 602 1064 672; x_wconf 85' lang='lat' dir='ltr'><strong>digna</strong></span> <span class='ocrx_word' id='word_1_29' title='bbox 1107 602 1432 656; x_wconf 78' lang='lat' dir='ltr'><strong>coercitione</strong></span> <span class='ocrx_word' id='word_1_30' title='bbox 1486 601 1764 668; x_wconf 82' lang='lat' dir='ltr'><strong>feriamur,</strong></span> <span class='ocrx_word' id='word_1_31' title='bbox 1815 611 1868 656; x_wconf 92' lang='lat' dir='ltr'><strong>et</strong></span> <span class='ocrx_word' id='word_1_32' title='bbox 1919 611 1978 656; x_wconf 91' lang='lat' dir='ltr'><strong>ut</strong></span> <span class='ocrx_word' id='word_1_33' title='bbox 2025 609 2078 657; x_wconf 89' lang='lat' dir='ltr'><strong>te</strong></span> 
     </span>
    </p>
   </div>
   <div class='ocr_carea' id='block_1_6' title="bbox 518 693 2078 766">
    <p class='ocr_par' dir='ltr' id='par_1_6' title="bbox 518 693 2078 766">
     <span class='ocr_line' id='line_1_6' title="bbox 518 693 2078 766; baseline -0.001 -18"><span class='ocrx_word' id='word_1_34' title='bbox 518 696 691 766; x_wconf 89' lang='lat' dir='ltr'><strong>magis</strong></span> <span class='ocrx_word' id='word_1_35' title='bbox 722 710 787 749; x_wconf 89' lang='lat' dir='ltr'><strong>ac</strong></span> <span class='ocrx_word' id='word_1_36' title='bbox 825 695 997 764; x_wconf 87' lang='lat' dir='ltr'><strong>magis</strong></span> <span class='ocrx_word' id='word_1_37' title='bbox 1026 695 1301 761; x_wconf 84' lang='lat' dir='ltr'><strong>edoceam,</strong></span> <span class='ocrx_word' id='word_1_38' title='bbox 1332 694 1502 748; x_wconf 91' lang='lat' dir='ltr'><strong>multo</strong></span> <span class='ocrx_word' id='word_1_39' title='bbox 1530 695 1762 764; x_wconf 82' lang='lat' dir='ltr'><strong>amplius</strong></span> <span class='ocrx_word' id='word_1_40' title='bbox 1790 694 1939 748; x_wconf 90' lang='lat' dir='ltr'><strong>illum</strong></span> <span class='ocrx_word' id='word_1_41' title='bbox 1985 693 2078 763; x_wconf 89' lang='lat' dir='ltr'><strong>qui</strong></span> 
     </span>
    </p>
   </div>
   <div class='ocr_carea' id='block_1_7' title="bbox 518 786 2080 854">
    <p class='ocr_par' dir='ltr' id='par_1_7' title="bbox 518 786 2080 854">
     <span class='ocr_line' id='line_1_7' title="bbox 518 786 2080 854; baseline -0.001 -13"><span class='ocrx_word' id='word_1_42' title='bbox 518 789 583 842; x_wconf 89' lang='lat' dir='ltr'><strong>de</strong></span> <span class='ocrx_word' id='word_1_43' title='bbox 611 797 780 842; x_wconf 87' lang='lat' dir='ltr'><strong>matre</strong></span> <span class='ocrx_word' id='word_1_44' title='bbox 806 787 1166 854; x_wconf 89' lang='lat' dir='ltr'><strong>nuntiaverat,</strong></span> <span class='ocrx_word' id='word_1_45' title='bbox 1196 789 1517 844; x_wconf 86' lang='lat' dir='ltr'><strong>honoratum</strong></span> <span class='ocrx_word' id='word_1_46' title='bbox 1543 806 1557 841; x_wconf 90' lang='lat'><strong>:</strong></span> <span class='ocrx_word' id='word_1_47' title='bbox 1589 797 1643 841; x_wconf 92' lang='lat' dir='ltr'><strong>tu</strong></span> <span class='ocrx_word' id='word_1_48' title='bbox 1676 796 1854 841; x_wconf 90' lang='lat' dir='ltr'><strong>autem</strong></span> <span class='ocrx_word' id='word_1_49' title='bbox 1880 786 2080 841; x_wconf 92' lang='lat' dir='ltr'><strong>oblitus</strong></span> 
     </span>
    </p>
   </div>
   <div class='ocr_carea' id='block_1_8' title="bbox 519 878 2077 948">
    <p class='ocr_par' dir='ltr' id='par_1_8' title="bbox 519 878 2077 948">
     <span class='ocr_line' id='line_1_8' title="bbox 519 878 2077 948; baseline 0 -17"><span class='ocrx_word' id='word_1_50' title='bbox 519 878 594 932; x_wconf 77' lang='lat' dir='ltr'><strong>rei</strong></span> <span class='ocrx_word' id='word_1_51' title='bbox 622 893 742 947; x_wconf 66' lang='lat' dir='ltr'><strong>qua:</strong></span> <span class='ocrx_word' id='word_1_52' title='bbox 768 878 922 934; x_wconf 86' lang='lat' dir='ltr'><strong>nobis</strong></span> <span class='ocrx_word' id='word_1_53' title='bbox 953 880 1226 948; x_wconf 89' lang='lat' dir='ltr'><strong>proposita</strong></span> <span class='ocrx_word' id='word_1_54' title='bbox 1261 889 1366 943; x_wconf 87' lang='lat' dir='ltr'><strong>est,</strong></span> <span class='ocrx_word' id='word_1_55' title='bbox 1403 879 1455 933; x_wconf 91' lang='lat' dir='ltr'><strong>in</strong></span> <span class='ocrx_word' id='word_1_56' title='bbox 1483 878 1627 933; x_wconf 86' lang='lat' dir='ltr'><strong>aliud</strong></span> <span class='ocrx_word' id='word_1_57' title='bbox 1669 893 1966 932; x_wconf 89' lang='lat' dir='ltr'><strong>conversus</strong></span> <span class='ocrx_word' id='word_1_58' title='bbox 1997 894 2077 933; x_wconf 89' lang='lat' dir='ltr'><strong>es.</strong></span> 
     </span>
    </p>
   </div>
   <div class='ocr_carea' id='block_1_9' title="bbox 518 969 2081 1041">
    <p class='ocr_par' dir='ltr' id='par_1_9' title="bbox 518 969 2081 1041">
     <span class='ocr_line' id='line_1_9' title="bbox 518 969 2081 1041; baseline 0.003 -20"><span class='ocrx_word' id='word_1_59' title='bbox 518 969 654 1022; x_wconf 79' lang='lat' dir='ltr'><strong>Audi</strong></span> <span class='ocrx_word' id='word_1_60' title='bbox 693 983 821 1038; x_wconf 85' lang='lat' dir='ltr'><strong>ergo</strong></span> <span class='ocrx_word' id='word_1_61' title='bbox 871 969 1134 1035; x_wconf 89' lang='lat' dir='ltr'><strong>breviter;</strong></span> <span class='ocrx_word' id='word_1_62' title='bbox 1185 971 1230 1024; x_wconf 92' lang='lat' dir='ltr'><strong>si</strong></span> <span class='ocrx_word' id='word_1_63' title='bbox 1279 971 1424 1025; x_wconf 89' lang='lat' dir='ltr'><strong>enim</strong></span> <span class='ocrx_word' id='word_1_64' title='bbox 1479 969 1716 1024; x_wconf 84' lang='lat' dir='ltr'><strong>volueris</strong></span> <span class='ocrx_word' id='word_1_65' title='bbox 1771 969 2081 1041; x_wconf 85' lang='lat' dir='ltr'><strong>diligentius</strong></span> 
     </span>
    </p>
   </div>
   <div class='ocr_carea' id='block_1_10' title="bbox 520 1061 2081 1132">
    <p class='ocr_par' dir='ltr' id='par_1_10' title="bbox 520 1061 2081 1132">
     <span class='ocr_line' id='line_1_10' title="bbox 520 1061 2081 1132; baseline 0.003 -19"><span class='ocrx_word' id='word_1_66' title='bbox 520 1061 714 1115; x_wconf 89' lang='lat' dir='ltr'><strong>intueri</strong></span> <span class='ocrx_word' id='word_1_67' title='bbox 741 1076 862 1130; x_wconf 67' lang='lat' dir='ltr'><strong>quae</strong></span> <span class='ocrx_word' id='word_1_68' title='bbox 892 1061 1034 1116; x_wconf 91' lang='lat' dir='ltr'><strong>dicta</strong></span> <span class='ocrx_word' id='word_1_69' title='bbox 1077 1072 1232 1128; x_wconf 86' lang='lat' dir='ltr'><strong>sunt,</strong></span> <span class='ocrx_word' id='word_1_70' title='bbox 1281 1063 1624 1118; x_wconf 84' lang='lat' dir='ltr'><strong>inveniemus</strong></span> <span class='ocrx_word' id='word_1_71' title='bbox 1668 1063 1722 1116; x_wconf 92' lang='lat' dir='ltr'><strong>in</strong></span> <span class='ocrx_word' id='word_1_72' title='bbox 1774 1063 1866 1117; x_wconf 92' lang='lat' dir='ltr'><strong>illo</strong></span> <span class='ocrx_word' id='word_1_73' title='bbox 1903 1063 2081 1132; x_wconf 88' lang='lat' dir='ltr'><strong>priore</strong></span> 
     </span>
    </p>
   </div>
   <div class='ocr_carea' id='block_1_11' title="bbox 517 1150 2080 1218">
    <p class='ocr_par' dir='ltr' id='par_1_11' title="bbox 517 1150 2080 1218">
     <span class='ocr_line' id='line_1_11' title="bbox 517 1150 2080 1218; baseline 0.003 -15"><span class='ocrx_word' id='word_1_74' title='bbox 517 1151 741 1205; x_wconf 89' lang='lat' dir='ltr'><strong>multam</strong></span> <span class='ocrx_word' id='word_1_75' title='bbox 794 1150 1076 1206; x_wconf 90' lang='lat' dir='ltr'><strong>Dominum</strong></span> <span class='ocrx_word' id='word_1_76' title='bbox 1126 1151 1310 1207; x_wconf 88' lang='lat' dir='ltr'><strong>Jesnm</strong></span> <span class='ocrx_word' id='word_1_77' title='bbox 1363 1153 1664 1208; x_wconf 74' lang='lat' dir='ltr'><strong>ostendisse</strong></span> <span class='ocrx_word' id='word_1_78' title='bbox 1707 1152 2080 1218; x_wconf 90' lang='lat' dir='ltr'><strong>clementiam,</strong></span> 
     </span>
    </p>
   </div>
   <div class='ocr_carea' id='block_1_12' title="bbox 520 1242 2084 1314">
    <p class='ocr_par' dir='ltr' id='par_1_12' title="bbox 520 1242 2084 1314">
     <span class='ocr_line' id='line_1_12' title="bbox 520 1242 2084 1314; baseline 0.001 -18"><span class='ocrx_word' id='word_1_79' title='bbox 520 1245 678 1313; x_wconf 86' lang='lat' dir='ltr'><strong>idque</strong></span> <span class='ocrx_word' id='word_1_80' title='bbox 703 1244 1142 1300; x_wconf 84' lang='lat' dir='ltr'><strong>convenientibus</strong></span> <span class='ocrx_word' id='word_1_81' title='bbox 1165 1255 1216 1300; x_wconf 91' lang='lat' dir='ltr'><strong>te</strong></span> <span class='ocrx_word' id='word_1_82' title='bbox 1243 1245 1505 1314; x_wconf 82' lang='lat' dir='ltr'><strong>exemplis</strong></span> <span class='ocrx_word' id='word_1_83' title='bbox 1527 1245 1800 1300; x_wconf 82' lang='lat' dir='ltr'><strong>edoceam.</strong></span> <span class='ocrx_word' id='word_1_84' title='bbox 1823 1242 1934 1298; x_wconf 82' lang='lat' dir='ltr'><strong>Rex</strong></span> <span class='ocrx_word' id='word_1_85' title='bbox 1961 1244 2084 1314; x_wconf 86' lang='lat' dir='ltr'><strong>qui-</strong></span> 
     </span>
    </p>
   </div>
   <div class='ocr_carea' id='block_1_13' title="bbox 518 1333 2079 1405">
    <p class='ocr_par' dir='ltr' id='par_1_13' title="bbox 518 1333 2079 1405">
     <span class='ocr_line' id='line_1_13' title="bbox 518 1333 2079 1405; baseline 0.001 -18"><span class='ocrx_word' id='word_1_86' title='bbox 518 1335 674 1401; x_wconf 91' lang='lat' dir='ltr'><strong>dam,</strong></span> <span class='ocrx_word' id='word_1_87' title='bbox 701 1350 823 1390; x_wconf 92' lang='lat' dir='ltr'><strong>cum</strong></span> <span class='ocrx_word' id='word_1_88' title='bbox 871 1335 1131 1390; x_wconf 89' lang='lat' dir='ltr'><strong>adversus</strong></span> <span class='ocrx_word' id='word_1_89' title='bbox 1178 1335 1386 1389; x_wconf 88' lang='lat' dir='ltr'><strong>hostem</strong></span> <span class='ocrx_word' id='word_1_90' title='bbox 1425 1333 1779 1405; x_wconf 79' lang='lat' dir='ltr'><strong>processisset</strong></span> <span class='ocrx_word' id='word_1_91' title='bbox 1817 1344 2079 1398; x_wconf 89' lang='lat' dir='ltr'><strong>armatus,</strong></span> 
     </span>
    </p>
   </div>
   <div class='ocr_carea' id='block_1_14' title="bbox 517 1426 2083 1497">
    <p class='ocr_par' dir='ltr' id='par_1_14' title="bbox 517 1426 2083 1497">
     <span class='ocr_line' id='line_1_14' title="bbox 517 1426 2083 1497; baseline 0 -17"><span class='ocrx_word' id='word_1_92' title='bbox 517 1437 569 1480; x_wconf 91' lang='lat' dir='ltr'><strong>et</strong></span> <span class='ocrx_word' id='word_1_93' title='bbox 597 1427 856 1496; x_wconf 77' lang='lat' dir='ltr'><strong>cogitaret</strong></span> <span class='ocrx_word' id='word_1_94' title='bbox 887 1436 1047 1496; x_wconf 90' lang='lat' dir='ltr'><strong>atque</strong></span> <span class='ocrx_word' id='word_1_95' title='bbox 1079 1427 1391 1496; x_wconf 89' lang='lat' dir='ltr'><strong>disponeret</strong></span> <span class='ocrx_word' id='word_1_96' title='bbox 1412 1426 1868 1497; x_wconf 87' lang='lat' dir='ltr'><strong>quemadmodum</strong></span> <span class='ocrx_word' id='word_1_97' title='bbox 1901 1434 2083 1496; x_wconf 90' lang='lat' dir='ltr'><strong>posset</strong></span> 
     </span>
    </p>
   </div>
   <div class='ocr_carea' id='block_1_15' title="bbox 518 1518 2078 1589">
    <p class='ocr_par' dir='ltr' id='par_1_15' title="bbox 518 1518 2078 1589">
     <span class='ocr_line' id='line_1_15' title="bbox 518 1518 2078 1589; baseline 0.001 -19"><span class='ocrx_word' id='word_1_98' title='bbox 518 1535 734 1572; x_wconf 87' lang='lat' dir='ltr'><strong>manum</strong></span> <span class='ocrx_word' id='word_1_99' title='bbox 779 1519 880 1574; x_wconf 88' lang='lat' dir='ltr'><strong>sibi</strong></span> <span class='ocrx_word' id='word_1_100' title='bbox 927 1518 1176 1574; x_wconf 88' lang='lat' dir='ltr'><strong>hostilem</strong></span> <span class='ocrx_word' id='word_1_101' title='bbox 1215 1527 1375 1587; x_wconf 89' lang='lat' dir='ltr'><strong>atque</strong></span> <span class='ocrx_word' id='word_1_102' title='bbox 1415 1519 1701 1573; x_wconf 84' lang='lat' dir='ltr'><strong>barbaram</strong></span> <span class='ocrx_word' id='word_1_103' title='bbox 1756 1518 2078 1589; x_wconf 88' lang='lat' dir='ltr'><strong>subjugare;</strong></span> 
     </span>
    </p>
   </div>
   <div class='ocr_carea' id='block_1_16' title="bbox 515 1611 2084 1681">
    <p class='ocr_par' dir='ltr' id='par_1_16' title="bbox 515 1611 2084 1681">
     <span class='ocr_line' id='line_1_16' title="bbox 515 1611 2084 1681; baseline 0.001 -17"><span class='ocrx_word' id='word_1_104' title='bbox 515 1626 750 1681; x_wconf 91' lang='lat' dir='ltr'><strong>cumque</strong></span> <span class='ocrx_word' id='word_1_105' title='bbox 783 1612 835 1665; x_wconf 92' lang='lat' dir='ltr'><strong>in</strong></span> <span class='ocrx_word' id='word_1_106' title='bbox 864 1611 1030 1666; x_wconf 87' lang='lat' dir='ltr'><strong>multa</strong></span> <span class='ocrx_word' id='word_1_107' title='bbox 1060 1619 1204 1666; x_wconf 86' lang='lat' dir='ltr'><strong>esset</strong></span> <span class='ocrx_word' id='word_1_108' title='bbox 1229 1627 1360 1666; x_wconf 89' lang='lat' dir='ltr'><strong>cura</strong></span> <span class='ocrx_word' id='word_1_109' title='bbox 1385 1620 1438 1665; x_wconf 93' lang='lat' dir='ltr'><strong>et</strong></span> <span class='ocrx_word' id='word_1_110' title='bbox 1468 1612 1830 1667; x_wconf 83' lang='lat' dir='ltr'><strong>sollicitudine</strong></span> <span class='ocrx_word' id='word_1_111' title='bbox 1876 1611 2084 1667; x_wconf 89' lang='lat' dir='ltr'><strong>consti-</strong></span> 
     </span>
    </p>
   </div>
   <div class='ocr_carea' id='block_1_17' title="bbox 516 1703 2082 1774">
    <p class='ocr_par' dir='ltr' id='par_1_17' title="bbox 516 1703 2082 1774">
     <span class='ocr_line' id='line_1_17' title="bbox 516 1703 2082 1774; baseline 0.003 -18"><span class='ocrx_word' id='word_1_112' title='bbox 516 1714 684 1767; x_wconf 91' lang='lat' dir='ltr'><strong>tutus,</strong></span> <span class='ocrx_word' id='word_1_113' title='bbox 722 1704 777 1756; x_wconf 94' lang='lat' dir='ltr'><strong>in</strong></span> <span class='ocrx_word' id='word_1_114' title='bbox 809 1704 985 1758; x_wconf 89' lang='lat' dir='ltr'><strong>medio</strong></span> <span class='ocrx_word' id='word_1_115' title='bbox 1032 1703 1468 1758; x_wconf 80' lang='lat' dir='ltr'><strong>adversariorum</strong></span> <span class='ocrx_word' id='word_1_116' title='bbox 1514 1706 1744 1774; x_wconf 89' lang='lat' dir='ltr'><strong>positus,</strong></span> <span class='ocrx_word' id='word_1_117' title='bbox 1787 1719 1852 1760; x_wconf 89' lang='lat' dir='ltr'><strong>ac</strong></span> <span class='ocrx_word' id='word_1_118' title='bbox 1896 1714 2082 1774; x_wconf 86' lang='lat' dir='ltr'><strong>postea</strong></span> 
     </span>
    </p>
   </div>
   <div class='ocr_carea' id='block_1_18' title="bbox 511 1797 2081 1869">
    <p class='ocr_par' dir='ltr' id='par_1_18' title="bbox 511 1797 2081 1869">
     <span class='ocr_line' id='line_1_18' title="bbox 511 1797 2081 1869; baseline 0 -17"><span class='ocrx_word' id='word_1_119' title='bbox 511 1800 621 1868; x_wconf 92' lang='lat' dir='ltr'><strong>jam</strong></span> <span class='ocrx_word' id='word_1_120' title='bbox 651 1799 892 1867; x_wconf 86' lang='lat' dir='ltr'><strong>captivos</strong></span> <span class='ocrx_word' id='word_1_121' title='bbox 923 1813 1018 1852; x_wconf 91' lang='lat' dir='ltr'><strong>eos</strong></span> <span class='ocrx_word' id='word_1_122' title='bbox 1047 1805 1232 1852; x_wconf 90' lang='lat' dir='ltr'><strong>tenere</strong></span> <span class='ocrx_word' id='word_1_123' title='bbox 1271 1798 1559 1868; x_wconf 85' lang='lat' dir='ltr'><strong>incipiens,</strong></span> <span class='ocrx_word' id='word_1_124' title='bbox 1587 1798 1811 1869; x_wconf 84' lang='lat' dir='ltr'><strong>jamjam</strong></span> <span class='ocrx_word' id='word_1_125' title='bbox 1845 1797 1935 1852; x_wconf 87' lang='lat' dir='ltr'><strong>illa</strong></span> <span class='ocrx_word' id='word_1_126' title='bbox 1966 1798 2081 1854; x_wconf 86' lang='lat' dir='ltr'><strong>sol-</strong></span> 
     </span>
    </p>
   </div>
   <div class='ocr_carea' id='block_1_19' title="bbox 2179 602 3738 668">
    <p class='ocr_par' dir='ltr' id='par_1_19' title="bbox 2179 602 3738 668">
     <span class='ocr_line' id='line_1_19' title="bbox 2179 602 3738 668; baseline 0.005 -12"><span class='ocrx_word' id='word_1_127' title='bbox 2179 604 2410 658; x_wconf 89' lang='lat' dir='ltr'><strong>servatio</strong></span> <span class='ocrx_word' id='word_1_128' title='bbox 2440 604 2818 658; x_wconf 89' lang='lat' dir='ltr'><strong>mandatorum</strong></span> <span class='ocrx_word' id='word_1_129' title='bbox 2850 602 2966 668; x_wconf 90' lang='lat' dir='ltr'><strong>Dei,</strong></span> <span class='ocrx_word' id='word_1_130' title='bbox 3002 604 3183 660; x_wconf 90' lang='lat' dir='ltr'><strong>nullus</strong></span> <span class='ocrx_word' id='word_1_131' title='bbox 3209 606 3549 663; x_wconf 68' lang='lat' dir='ltr'><strong>abstinentia</strong></span> <span class='ocrx_word' id='word_1_132' title='bbox 3588 609 3738 664; x_wconf 80' lang='lat' dir='ltr'><strong>locus</strong></span> 
     </span>
    </p>
   </div>
   <div class='ocr_carea' id='block_1_20' title="bbox 2177 692 3734 763">
    <p class='ocr_par' dir='ltr' id='par_1_20' title="bbox 2177 692 3734 763">
     <span class='ocr_line' id='line_1_20' title="bbox 2177 692 3734 763; baseline 0.005 -17"><span class='ocrx_word' id='word_1_133' title='bbox 2177 702 2298 748; x_wconf 89' lang='lat' dir='ltr'><strong>est:</strong></span> <span class='ocrx_word' id='word_1_134' title='bbox 2329 713 2347 745; x_wconf 71' lang='grc' dir='ltr'><strong>ς</strong></span> <span class='ocrx_word' id='word_1_135' title='bbox 2377 692 2766 751; x_wconf 81' lang='lat' dir='ltr'><strong>Manducemus</strong></span> <span class='ocrx_word' id='word_1_136' title='bbox 2791 704 2846 751; x_wconf 92' lang='lat' dir='ltr'><strong>et</strong></span> <span class='ocrx_word' id='word_1_137' title='bbox 2871 696 3142 763; x_wconf 86' lang='lat' dir='ltr'><strong>bibamus,</strong></span> <span class='ocrx_word' id='word_1_138' title='bbox 3186 712 3306 753; x_wconf 86' lang='lat' dir='ltr'><strong>cras</strong></span> <span class='ocrx_word' id='word_1_139' title='bbox 3349 699 3495 753; x_wconf 84' lang='lat' dir='ltr'><strong>enim</strong></span> <span class='ocrx_word' id='word_1_140' title='bbox 3548 700 3734 754; x_wconf 81' lang='lat' dir='ltr'><strong>morie-</strong></span> 
     </span>
    </p>
   </div>
   <div class='ocr_carea' id='block_1_21' title="bbox 2179 785 3744 865">
    <p class='ocr_par' dir='ltr' id='par_1_21' title="bbox 2179 785 3744 865">
     <span class='ocr_line' id='line_1_21' title="bbox 2179 785 3744 865; baseline 0.007 -28"><span class='ocrx_word' id='word_1_141' title='bbox 2179 787 2352 838; x_wconf 67' lang='lat' dir='ltr'><strong>mur“.</strong></span> <span class='ocrx_word' id='word_1_142' title='bbox 2378 804 2395 837; x_wconf 74' lang='grc' dir='ltr'><strong><em>ι</em></strong></span> <span class='ocrx_word' id='word_1_143' title='bbox 2418 785 2539 842; x_wconf 71' lang='lat' dir='ltr'><strong>Haac</strong></span> <span class='ocrx_word' id='word_1_144' title='bbox 2554 797 2732 842; x_wconf 88' lang='lat' dir='ltr'><strong>autem</strong></span> <span class='ocrx_word' id='word_1_145' title='bbox 2751 789 2933 842; x_wconf 90' lang='lat' dir='ltr'><strong>omnia</strong></span> <span class='ocrx_word' id='word_1_146' title='bbox 2949 789 3246 855; x_wconf 89' lang='lat' dir='ltr'><strong>connectis,</strong></span> <span class='ocrx_word' id='word_1_147' title='bbox 3260 807 3461 862; x_wconf 84' lang='lat' dir='ltr'><strong>negans</strong></span> <span class='ocrx_word' id='word_1_148' title='bbox 3472 791 3618 862; x_wconf 90' lang='lat' dir='ltr'><strong>quod</strong></span> <span class='ocrx_word' id='word_1_149' title='bbox 3635 792 3744 865; x_wconf 79' lang='grc'>[66)</span> 
     </span>
    </p>
   </div>
   <div class='ocr_carea' id='block_1_22' title="bbox 2179 874 3765 944">
    <p class='ocr_par' dir='ltr' id='par_1_22' title="bbox 2179 874 3765 944">
     <span class='ocr_line' id='line_1_22' title="bbox 2179 874 3765 944; baseline 0.005 -16"><span class='ocrx_word' id='word_1_150' title='bbox 2179 875 2246 929; x_wconf 89' lang='lat' dir='ltr'><strong>de</strong></span> <span class='ocrx_word' id='word_1_151' title='bbox 2269 874 2430 928; x_wconf 83' lang='lat' dir='ltr'><strong>Maria</strong></span> <span class='ocrx_word' id='word_1_152' title='bbox 2460 884 2619 931; x_wconf 91' lang='lat' dir='ltr'><strong>natus</strong></span> <span class='ocrx_word' id='word_1_153' title='bbox 2640 887 2757 944; x_wconf 88' lang='lat' dir='ltr'><strong>est;</strong></span> <span class='ocrx_word' id='word_1_154' title='bbox 2786 877 2832 932; x_wconf 89' lang='lat' dir='ltr'><strong>si</strong></span> <span class='ocrx_word' id='word_1_155' title='bbox 2855 878 3000 932; x_wconf 88' lang='lat' dir='ltr'><strong>enim</strong></span> <span class='ocrx_word' id='word_1_156' title='bbox 3028 878 3310 936; x_wconf 75' lang='lat' dir='ltr'><strong>confessus</strong></span> <span class='ocrx_word' id='word_1_157' title='bbox 3341 881 3515 936; x_wconf 80' lang='lat' dir='ltr'><strong>fueris</strong></span> <span class='ocrx_word' id='word_1_158' title='bbox 3537 899 3665 936; x_wconf 87' lang='lat' dir='ltr'><strong>eum</strong></span> <span class='ocrx_word' id='word_1_159' title='bbox 3686 885 3765 936; x_wconf 76' lang='lat' dir='ltr'><strong>de“.</strong></span> 
     </span>
    </p>
   </div>
   <div class='ocr_carea' id='block_1_23' title="bbox 2180 966 3753 1042">
    <p class='ocr_par' dir='ltr' id='par_1_23' title="bbox 2180 966 3753 1042">
     <span class='ocr_line' id='line_1_23' title="bbox 2180 966 3753 1042; baseline 0.006 -22"><span class='ocrx_word' id='word_1_160' title='bbox 2180 966 2348 1022; x_wconf 85' lang='lat' dir='ltr'><strong>Maria</strong></span> <span class='ocrx_word' id='word_1_161' title='bbox 2379 978 2586 1032; x_wconf 89' lang='lat' dir='ltr'><strong>natum,</strong></span> <span class='ocrx_word' id='word_1_162' title='bbox 2610 979 2662 1024; x_wconf 92' lang='lat' dir='ltr'><strong>et</strong></span> <span class='ocrx_word' id='word_1_163' title='bbox 2693 971 2878 1040; x_wconf 90' lang='lat' dir='ltr'><strong>passio</strong></span> <span class='ocrx_word' id='word_1_164' title='bbox 2909 971 3274 1042; x_wconf 85' lang='lat' dir='ltr'><strong>subsequatur</strong></span> <span class='ocrx_word' id='word_1_165' title='bbox 3303 988 3532 1028; x_wconf 87' lang='lat' dir='ltr'><strong>necesse</strong></span> <span class='ocrx_word' id='word_1_166' title='bbox 3557 983 3662 1041; x_wconf 87' lang='lat' dir='ltr'><strong>est,</strong></span> <span class='ocrx_word' id='word_1_167' title='bbox 3703 986 3753 1030; x_wconf 85' lang='lat' dir='ltr'><strong>et</strong></span> 
     </span>
    </p>
   </div>
   <div class='ocr_carea' id='block_1_24' title="bbox 2179 1057 3753 1135">
    <p class='ocr_par' dir='ltr' id='par_1_24' title="bbox 2179 1057 3753 1135">
     <span class='ocr_line' id='line_1_24' title="bbox 2179 1057 3753 1135; baseline 0.005 -24"><span class='ocrx_word' id='word_1_168' title='bbox 2179 1057 2487 1127; x_wconf 90' lang='lat' dir='ltr'><strong>passionem</strong></span> <span class='ocrx_word' id='word_1_169' title='bbox 2517 1060 2867 1125; x_wconf 84' lang='lat' dir='ltr'><strong>resurrectio,</strong></span> <span class='ocrx_word' id='word_1_170' title='bbox 2891 1069 2946 1116; x_wconf 90' lang='lat' dir='ltr'><strong>et</strong></span> <span class='ocrx_word' id='word_1_171' title='bbox 2974 1064 3427 1118; x_wconf 88' lang='lat' dir='ltr'><strong>resurrectionem</strong></span> <span class='ocrx_word' id='word_1_172' title='bbox 3453 1064 3753 1135; x_wconf 82' lang='lat' dir='ltr'><strong>judicium,</strong></span> 
     </span>
    </p>
   </div>
   <div class='ocr_carea' id='block_1_25' title="bbox 2180 1147 3755 1224">
    <p class='ocr_par' dir='ltr' id='par_1_25' title="bbox 2180 1147 3755 1224">
     <span class='ocr_line' id='line_1_25' title="bbox 2180 1147 3755 1224; baseline 0.004 -23"><span class='ocrx_word' id='word_1_173' title='bbox 2180 1153 2235 1201; x_wconf 88' lang='lat' dir='ltr'><strong>et</strong></span> <span class='ocrx_word' id='word_1_174' title='bbox 2267 1147 2414 1202; x_wconf 82' lang='lat' dir='ltr'><strong>salva</strong></span> <span class='ocrx_word' id='word_1_175' title='bbox 2442 1147 2596 1204; x_wconf 87' lang='lat' dir='ltr'><strong>nobis</strong></span> <span class='ocrx_word' id='word_1_176' title='bbox 2620 1158 2779 1204; x_wconf 89' lang='lat' dir='ltr'><strong>erunt</strong></span> <span class='ocrx_word' id='word_1_177' title='bbox 2813 1148 3109 1222; x_wconf 71' lang='lat' dir='ltr'><strong>Scripturze</strong></span> <span class='ocrx_word' id='word_1_178' title='bbox 3134 1163 3420 1222; x_wconf 63' lang='lat' dir='ltr'><strong>praecepta.</strong></span> <span class='ocrx_word' id='word_1_179' title='bbox 3461 1151 3586 1207; x_wconf 80' lang='lat' dir='ltr'><strong>Non</strong></span> <span class='ocrx_word' id='word_1_180' title='bbox 3626 1167 3755 1224; x_wconf 84' lang='lat' dir='ltr'><strong>ergo</strong></span> 
     </span>
    </p>
   </div>
   <div class='ocr_carea' id='block_1_26' title="bbox 2176 1237 3756 1313">
    <p class='ocr_par' dir='ltr' id='par_1_26' title="bbox 2176 1237 3756 1313">
     <span class='ocr_line' id='line_1_26' title="bbox 2176 1237 3756 1313; baseline 0.008 -22"><span class='ocrx_word' id='word_1_181' title='bbox 2176 1237 2288 1307; x_wconf 89' lang='lat' dir='ltr'><strong>jam</strong></span> <span class='ocrx_word' id='word_1_182' title='bbox 2328 1239 2463 1293; x_wconf 83' lang='lat' dir='ltr'><strong>vana</strong></span> <span class='ocrx_word' id='word_1_183' title='bbox 2493 1249 2575 1295; x_wconf 91' lang='lat' dir='ltr'><strong>est</strong></span> <span class='ocrx_word' id='word_1_184' title='bbox 2602 1243 2851 1311; x_wconf 69' lang='lat' dir='ltr'><strong>quazstio,</strong></span> <span class='ocrx_word' id='word_1_185' title='bbox 2907 1242 3002 1298; x_wconf 88' lang='lat' dir='ltr'><strong>sed</strong></span> <span class='ocrx_word' id='word_1_186' title='bbox 3055 1244 3284 1313; x_wconf 90' lang='lat' dir='ltr'><strong>plurima</strong></span> <span class='ocrx_word' id='word_1_187' title='bbox 3324 1244 3380 1298; x_wconf 91' lang='lat' dir='ltr'><strong>in</strong></span> <span class='ocrx_word' id='word_1_188' title='bbox 3425 1245 3535 1300; x_wconf 89' lang='lat' dir='ltr'><strong>hoc</strong></span> <span class='ocrx_word' id='word_1_189' title='bbox 3570 1247 3756 1303; x_wconf 81' lang='lat' dir='ltr'><strong>verbo.</strong></span> 
     </span>
    </p>
   </div>
   <div class='ocr_carea' id='block_1_27' title="bbox 2184 1329 3756 1403">
    <p class='ocr_par' dir='ltr' id='par_1_27' title="bbox 2184 1329 3756 1403">
     <span class='ocr_line' id='line_1_27' title="bbox 2184 1329 3756 1403; baseline 0.005 -20"><span class='ocrx_word' id='word_1_190' title='bbox 2184 1329 2336 1384; x_wconf 87' lang='lat' dir='ltr'><strong>Sicut</strong></span> <span class='ocrx_word' id='word_1_191' title='bbox 2367 1331 2510 1384; x_wconf 91' lang='lat' dir='ltr'><strong>enim</strong></span> <span class='ocrx_word' id='word_1_192' title='bbox 2546 1332 2720 1387; x_wconf 90' lang='lat' dir='ltr'><strong>omnis</strong></span> <span class='ocrx_word' id='word_1_193' title='bbox 2749 1332 2834 1386; x_wconf 89' lang='lat' dir='ltr'><strong>lex</strong></span> <span class='ocrx_word' id='word_1_194' title='bbox 2871 1342 2926 1388; x_wconf 89' lang='lat' dir='ltr'><strong>et</strong></span> <span class='ocrx_word' id='word_1_195' title='bbox 2958 1334 3252 1403; x_wconf 75' lang='lat' dir='ltr'><strong>prephetia:</strong></span> <span class='ocrx_word' id='word_1_196' title='bbox 3289 1334 3342 1389; x_wconf 91' lang='lat' dir='ltr'><strong>in</strong></span> <span class='ocrx_word' id='word_1_197' title='bbox 3378 1334 3598 1391; x_wconf 89' lang='lat' dir='ltr'><strong>duobus</strong></span> <span class='ocrx_word' id='word_1_198' title='bbox 3648 1353 3756 1391; x_wconf 82' lang='lat' dir='ltr'><strong>ser-</strong></span> 
     </span>
    </p>
   </div>
   <div class='ocr_carea' id='block_1_28' title="bbox 2183 1423 3757 1500">
    <p class='ocr_par' dir='ltr' id='par_1_28' title="bbox 2183 1423 3757 1500">
     <span class='ocr_line' id='line_1_28' title="bbox 2183 1423 3757 1500; baseline 0.005 -24"><span class='ocrx_word' id='word_1_199' title='bbox 2183 1423 2433 1477; x_wconf 88' lang='lat' dir='ltr'><strong>monibus</strong></span> <span class='ocrx_word' id='word_1_200' title='bbox 2461 1432 2730 1489; x_wconf 84' lang='lat' dir='ltr'><strong>constant,</strong></span> <span class='ocrx_word' id='word_1_201' title='bbox 2782 1425 2856 1480; x_wconf 81' lang='lat' dir='ltr'><strong>ita</strong></span> <span class='ocrx_word' id='word_1_202' title='bbox 2905 1428 3068 1480; x_wconf 89' lang='lat' dir='ltr'><strong>etiam</strong></span> <span class='ocrx_word' id='word_1_203' title='bbox 3100 1437 3282 1483; x_wconf 88' lang='lat' dir='ltr'><strong>nostra</strong></span> <span class='ocrx_word' id='word_1_204' title='bbox 3326 1430 3508 1484; x_wconf 89' lang='lat' dir='ltr'><strong>omnis</strong></span> <span class='ocrx_word' id='word_1_205' title='bbox 3545 1445 3675 1500; x_wconf 82' lang='lat' dir='ltr'><strong>spes</strong></span> <span class='ocrx_word' id='word_1_206' title='bbox 3707 1432 3757 1484; x_wconf 91' lang='lat' dir='ltr'><strong>in</strong></span> 
     </span>
    </p>
   </div>
   <div class='ocr_carea' id='block_1_29' title="bbox 2182 1515 3758 1593">
    <p class='ocr_par' dir='ltr' id='par_1_29' title="bbox 2182 1515 3758 1593">
     <span class='ocr_line' id='line_1_29' title="bbox 2182 1515 3758 1593; baseline 0.004 -23"><span class='ocrx_word' id='word_1_207' title='bbox 2182 1515 2351 1571; x_wconf 81' lang='lat' dir='ltr'><strong>beata:</strong></span> <span class='ocrx_word' id='word_1_208' title='bbox 2377 1515 2558 1571; x_wconf 72' lang='lat' dir='ltr'><strong>Mariae</strong></span> <span class='ocrx_word' id='word_1_209' title='bbox 2584 1526 2740 1587; x_wconf 87' lang='lat' dir='ltr'><strong>partu</strong></span> <span class='ocrx_word' id='word_1_210' title='bbox 2774 1535 3037 1588; x_wconf 86' lang='lat' dir='ltr'><strong>suspensa</strong></span> <span class='ocrx_word' id='word_1_211' title='bbox 3070 1531 3182 1584; x_wconf 87' lang='lat' dir='ltr'><strong>est;</strong></span> <span class='ocrx_word' id='word_1_212' title='bbox 3227 1530 3281 1575; x_wconf 90' lang='lat' dir='ltr'><strong>et</strong></span> <span class='ocrx_word' id='word_1_213' title='bbox 3318 1521 3440 1576; x_wconf 84' lang='lat' dir='ltr'><strong>ideo</strong></span> <span class='ocrx_word' id='word_1_214' title='bbox 3491 1525 3758 1593; x_wconf 85' lang='lat' dir='ltr'><strong>responde</strong></span> 
     </span>
    </p>
   </div>
   <div class='ocr_carea' id='block_1_30' title="bbox 2183 1609 3755 1687">
    <p class='ocr_par' dir='ltr' id='par_1_30' title="bbox 2183 1609 3755 1687">
     <span class='ocr_line' id='line_1_30' title="bbox 2183 1609 3755 1687; baseline 0.005 -24"><span class='ocrx_word' id='word_1_215' title='bbox 2183 1609 2318 1663; x_wconf 92' lang='lat' dir='ltr'><strong>mihi</strong></span> <span class='ocrx_word' id='word_1_216' title='bbox 2346 1609 2413 1664; x_wconf 91' lang='lat' dir='ltr'><strong>ad</strong></span> <span class='ocrx_word' id='word_1_217' title='bbox 2449 1611 2661 1682; x_wconf 89' lang='lat' dir='ltr'><strong>singula</strong></span> <span class='ocrx_word' id='word_1_218' title='bbox 2687 1627 2807 1681; x_wconf 70' lang='lat' dir='ltr'><strong>qua:</strong></span> <span class='ocrx_word' id='word_1_219' title='bbox 2829 1621 2881 1668; x_wconf 90' lang='lat' dir='ltr'><strong>te</strong></span> <span class='ocrx_word' id='word_1_220' title='bbox 2906 1613 3270 1684; x_wconf 78' lang='lat' dir='ltr'><strong>interrogabo.</strong></span> <span class='ocrx_word' id='word_1_221' title='bbox 3298 1617 3588 1681; x_wconf 81' lang='lat' dir='ltr'><strong>Quomodo</strong></span> <span class='ocrx_word' id='word_1_222' title='bbox 3616 1618 3755 1687; x_wconf 86' lang='lat' dir='ltr'><strong>abji-</strong></span> 
     </span>
    </p>
   </div>
   <div class='ocr_carea' id='block_1_31' title="bbox 2183 1701 3755 1776">
    <p class='ocr_par' dir='ltr' id='par_1_31' title="bbox 2183 1701 3755 1776">
     <span class='ocr_line' id='line_1_31' title="bbox 2183 1701 3755 1776; baseline 0.005 -20"><span class='ocrx_word' id='word_1_223' title='bbox 2183 1701 2391 1758; x_wconf 89' lang='lat' dir='ltr'><strong>ciemus</strong></span> <span class='ocrx_word' id='word_1_224' title='bbox 2421 1711 2599 1758; x_wconf 87' lang='lat' dir='ltr'><strong>tantas</strong></span> <span class='ocrx_word' id='word_1_225' title='bbox 2628 1713 2680 1758; x_wconf 92' lang='lat' dir='ltr'><strong>et</strong></span> <span class='ocrx_word' id='word_1_226' title='bbox 2716 1705 2850 1759; x_wconf 87' lang='lat' dir='ltr'><strong>tales</strong></span> <span class='ocrx_word' id='word_1_227' title='bbox 2875 1704 3117 1774; x_wconf 82' lang='lat' dir='ltr'><strong>Apostoli</strong></span> <span class='ocrx_word' id='word_1_228' title='bbox 3155 1722 3333 1772; x_wconf 87' lang='lat' dir='ltr'><strong>voces,</strong></span> <span class='ocrx_word' id='word_1_229' title='bbox 3365 1723 3491 1776; x_wconf 77' lang='lat' dir='ltr'><strong>quae</strong></span> <span class='ocrx_word' id='word_1_230' title='bbox 3529 1710 3755 1764; x_wconf 89' lang='lat' dir='ltr'><strong>dicunt:</strong></span> 
     </span>
    </p>
   </div>
   <div class='ocr_carea' id='block_1_32' title="bbox 2192 1794 3759 1871">
    <p class='ocr_par' dir='ltr' id='par_1_32' title="bbox 2192 1794 3759 1871">
     <span class='ocr_line' id='line_1_32' title="bbox 2192 1794 3759 1871; baseline 0.006 -25"><span class='ocrx_word' id='word_1_231' title='bbox 2192 1810 2210 1844; x_wconf 82' lang='lat' dir='ltr'><strong>t</strong></span> <span class='ocrx_word' id='word_1_232' title='bbox 2243 1794 2377 1848; x_wconf 88' lang='lat' dir='ltr'><strong>Cum</strong></span> <span class='ocrx_word' id='word_1_233' title='bbox 2412 1803 2588 1849; x_wconf 90' lang='lat' dir='ltr'><strong>autem</strong></span> <span class='ocrx_word' id='word_1_234' title='bbox 2619 1795 2723 1849; x_wconf 83' lang='lat' dir='ltr'><strong>fuit</strong></span> <span class='ocrx_word' id='word_1_235' title='bbox 2755 1795 2847 1851; x_wconf 88' lang='lat' dir='ltr'><strong>Dei</strong></span> <span class='ocrx_word' id='word_1_236' title='bbox 2873 1798 3126 1852; x_wconf 88' lang='lat' dir='ltr'><strong>voluntas</strong></span> <span class='ocrx_word' id='word_1_237' title='bbox 3159 1798 3210 1852; x_wconf 93' lang='lat' dir='ltr'><strong>in</strong></span> <span class='ocrx_word' id='word_1_238' title='bbox 3248 1799 3404 1854; x_wconf 88' lang='lat' dir='ltr'><strong>nobis</strong></span> <span class='ocrx_word' id='word_1_239' title='bbox 3429 1801 3568 1871; x_wconf 84' lang='lat'>(67),</span> <span class='ocrx_word' id='word_1_240' title='bbox 3617 1803 3759 1858; x_wconf 83' lang='lat' dir='ltr'><strong>misit</strong></span> 
     </span>
    </p>
   </div>
   <div class='ocr_carea' id='block_1_33' title="bbox 517 1857 3758 1960">
    <p class='ocr_par' dir='ltr' id='par_1_33' title="bbox 517 1857 3758 1960">
     <span class='ocr_line' id='line_1_33' title="bbox 517 1857 3758 1960; baseline 0.003 -19"><span class='ocrx_word' id='word_1_241' title='bbox 517 1890 737 1944; x_wconf 87' lang='lat' dir='ltr'><strong>licitudo</strong></span> <span class='ocrx_word' id='word_1_242' title='bbox 771 1889 1095 1955; x_wconf 90' lang='lat' dir='ltr'><strong>immineret,</strong></span> <span class='ocrx_word' id='word_1_243' title='bbox 1127 1889 1584 1958; x_wconf 88' lang='lat' dir='ltr'><strong>quemadmodum</strong></span> <span class='ocrx_word' id='word_1_244' title='bbox 1635 1905 1729 1945; x_wconf 90' lang='lat' dir='ltr'><strong>eos</strong></span> <span class='ocrx_word' id='word_1_245' title='bbox 1772 1889 1865 1960; x_wconf 90' lang='lat' dir='ltr'><strong>qui</strong></span> <span class='ocrx_word' id='word_1_246' title='bbox 1895 1904 2080 1944; x_wconf 88' lang='lat' dir='ltr'><strong>secum</strong></span> <span class='ocrx_word' id='word_1_247' title='bbox 2112 1857 2154 1913; x_wconf 73' lang='grc' dir='ltr'><strong>Β</strong></span> <span class='ocrx_word' id='word_1_248' title='bbox 2182 1884 2379 1940; x_wconf 89' lang='lat' dir='ltr'><strong>Filium</strong></span> <span class='ocrx_word' id='word_1_249' title='bbox 2431 1901 2591 1941; x_wconf 90' lang='lat' dir='ltr'><strong>suum</strong></span> <span class='ocrx_word' id='word_1_250' title='bbox 2643 1885 2847 1942; x_wconf 79' lang='lat' dir='ltr'><strong>factum</strong></span> <span class='ocrx_word' id='word_1_251' title='bbox 2897 1905 2963 1943; x_wconf 85' lang='lat' dir='ltr'><strong>ex</strong></span> <span class='ocrx_word' id='word_1_252' title='bbox 3005 1890 3232 1944; x_wconf 89' lang='lat' dir='ltr'><strong>muliere</strong></span> <span class='ocrx_word' id='word_1_253' title='bbox 3271 1891 3311 1944; x_wconf 88' lang='lat'><strong>&quot;.</strong></span> <span class='ocrx_word' id='word_1_254' title='bbox 3346 1910 3364 1942; x_wconf 75' lang='grc' dir='ltr'><strong><em>ι</em></strong></span> <span class='ocrx_word' id='word_1_255' title='bbox 3394 1891 3458 1945; x_wconf 81' lang='lat' dir='ltr'><strong>Et</strong></span> <span class='ocrx_word' id='word_1_256' title='bbox 3512 1894 3714 1948; x_wconf 81' lang='lat' dir='ltr'><strong>iterum</strong></span> <span class='ocrx_word' id='word_1_257' title='bbox 3739 1913 3758 1952; x_wconf 91' lang='lat'><strong>:</strong></span> 
     </span>
    </p>
   </div>
   <div class='ocr_carea' id='block_1_34' title="bbox 516 1979 2079 2051">
    <p class='ocr_par' dir='ltr' id='par_1_34' title="bbox 516 1979 2079 2051">
     <span class='ocr_line' id='line_1_34' title="bbox 516 1979 2079 2051; baseline 0.002 -19"><span class='ocrx_word' id='word_1_258' title='bbox 516 1981 920 2046; x_wconf 77' lang='lat' dir='ltr'><strong>laboraverant,</strong></span> <span class='ocrx_word' id='word_1_259' title='bbox 973 1995 1037 2034; x_wconf 88' lang='lat' dir='ltr'><strong>ac</strong></span> <span class='ocrx_word' id='word_1_260' title='bbox 1087 1980 1300 2049; x_wconf 91' lang='lat' dir='ltr'><strong>pondus</strong></span> <span class='ocrx_word' id='word_1_261' title='bbox 1359 1981 1482 2036; x_wconf 90' lang='lat' dir='ltr'><strong>belli</strong></span> <span class='ocrx_word' id='word_1_262' title='bbox 1537 1981 1896 2036; x_wconf 87' lang='lat' dir='ltr'><strong>toleraverant</strong></span> <span class='ocrx_word' id='word_1_263' title='bbox 1936 1979 2079 2051; x_wconf 86' lang='lat'>(65),</span> 
     </span>
    </p>
   </div>
   <div class='ocr_carea' id='block_1_35' title="bbox 514 2072 2082 2144">
    <p class='ocr_par' dir='ltr' id='par_1_35' title="bbox 514 2072 2082 2144">
     <span class='ocr_line' id='line_1_35' title="bbox 514 2072 2082 2144; baseline 0.002 -20"><span class='ocrx_word' id='word_1_264' title='bbox 514 2082 826 2139; x_wconf 87' lang='lat' dir='ltr'><strong>procuraret</strong></span> <span class='ocrx_word' id='word_1_265' title='bbox 849 2111 863 2134; x_wconf 89' lang='lat'><strong>,</strong></span> <span class='ocrx_word' id='word_1_266' title='bbox 905 2072 1124 2141; x_wconf 89' lang='lat' dir='ltr'><strong>quidam</strong></span> <span class='ocrx_word' id='word_1_267' title='bbox 1158 2072 1206 2126; x_wconf 93' lang='lat' dir='ltr'><strong>ei</strong></span> <span class='ocrx_word' id='word_1_268' title='bbox 1243 2073 1467 2129; x_wconf 90' lang='lat' dir='ltr'><strong>nuntius</strong></span> <span class='ocrx_word' id='word_1_269' title='bbox 1515 2074 1857 2144; x_wconf 88' lang='lat' dir='ltr'><strong>importunus</strong></span> <span class='ocrx_word' id='word_1_270' title='bbox 1893 2088 2082 2129; x_wconf 86' lang='lat' dir='ltr'><strong>occur-</strong></span> 
     </span>
    </p>
   </div>
   <div class='ocr_carea' id='block_1_36' title="bbox 515 2161 2079 2235">
    <p class='ocr_par' dir='ltr' id='par_1_36' title="bbox 515 2161 2079 2235">
     <span class='ocr_line' id='line_1_36' title="bbox 515 2161 2079 2235; baseline 0.001 -21"><span class='ocrx_word' id='word_1_271' title='bbox 515 2177 660 2226; x_wconf 84' lang='lat' dir='ltr'><strong>rens,</strong></span> <span class='ocrx_word' id='word_1_272' title='bbox 690 2161 757 2216; x_wconf 90' lang='lat' dir='ltr'><strong>de</strong></span> <span class='ocrx_word' id='word_1_273' title='bbox 794 2162 958 2216; x_wconf 87' lang='lat' dir='ltr'><strong>rebus</strong></span> <span class='ocrx_word' id='word_1_274' title='bbox 992 2161 1309 2218; x_wconf 90' lang='lat' dir='ltr'><strong>domesticis</strong></span> <span class='ocrx_word' id='word_1_275' title='bbox 1340 2179 1629 2235; x_wconf 78' lang='lat' dir='ltr'><strong>suggerere</strong></span> <span class='ocrx_word' id='word_1_276' title='bbox 1667 2165 1850 2233; x_wconf 89' lang='lat' dir='ltr'><strong>aliqua</strong></span> <span class='ocrx_word' id='word_1_277' title='bbox 1896 2163 2079 2234; x_wconf 75' lang='lat' dir='ltr'><strong>erepit.</strong></span> 
     </span>
    </p>
   </div>
   <div class='ocr_carea' id='block_1_37' title="bbox 515 2254 2081 2326">
    <p class='ocr_par' dir='ltr' id='par_1_37' title="bbox 515 2254 2081 2326">
     <span class='ocr_line' id='line_1_37' title="bbox 515 2254 2081 2326; baseline 0.001 -19"><span class='ocrx_word' id='word_1_278' title='bbox 515 2259 580 2309; x_wconf 85' lang='lat' dir='ltr'><strong>At</strong></span> <span class='ocrx_word' id='word_1_279' title='bbox 611 2257 698 2310; x_wconf 87' lang='lat' dir='ltr'><strong>ille</strong></span> <span class='ocrx_word' id='word_1_280' title='bbox 736 2254 1036 2309; x_wconf 80' lang='lat' dir='ltr'><strong>admiratus</strong></span> <span class='ocrx_word' id='word_1_281' title='bbox 1076 2262 1156 2309; x_wconf 89' lang='lat' dir='ltr'><strong>est</strong></span> <span class='ocrx_word' id='word_1_282' title='bbox 1199 2255 1480 2310; x_wconf 86' lang='lat' dir='ltr'><strong>audaciam</strong></span> <span class='ocrx_word' id='word_1_283' title='bbox 1511 2265 1674 2325; x_wconf 86' lang='lat' dir='ltr'><strong>atque</strong></span> <span class='ocrx_word' id='word_1_284' title='bbox 1712 2255 2081 2326; x_wconf 90' lang='lat' dir='ltr'><strong>importunam</strong></span> 
     </span>
    </p>
   </div>
   <div class='ocr_carea' id='block_1_38' title="bbox 515 2346 2084 2417">
    <p class='ocr_par' dir='ltr' id='par_1_38' title="bbox 515 2346 2084 2417">
     <span class='ocr_line' id='line_1_38' title="bbox 515 2346 2084 2417; baseline 0.001 -17"><span class='ocrx_word' id='word_1_285' title='bbox 515 2347 934 2417; x_wconf 76' lang='lat' dir='ltr'><strong>suggestionem,</strong></span> <span class='ocrx_word' id='word_1_286' title='bbox 969 2354 1021 2400; x_wconf 89' lang='lat' dir='ltr'><strong>et</strong></span> <span class='ocrx_word' id='word_1_287' title='bbox 1047 2346 1212 2399; x_wconf 92' lang='lat' dir='ltr'><strong>morti</strong></span> <span class='ocrx_word' id='word_1_288' title='bbox 1245 2347 1458 2402; x_wconf 90' lang='lat' dir='ltr'><strong>tradere</strong></span> <span class='ocrx_word' id='word_1_289' title='bbox 1488 2346 1869 2417; x_wconf 86' lang='lat' dir='ltr'><strong>hujuscemodi</strong></span> <span class='ocrx_word' id='word_1_290' title='bbox 1906 2347 2084 2402; x_wconf 90' lang='lat' dir='ltr'><strong>homi-</strong></span> 
     </span>
    </p>
   </div>
   <div class='ocr_carea' id='block_1_39' title="bbox 515 2438 2083 2510">
    <p class='ocr_par' dir='ltr' id='par_1_39' title="bbox 515 2438 2083 2510">
     <span class='ocr_line' id='line_1_39' title="bbox 515 2438 2083 2510; baseline 0.002 -17"><span class='ocrx_word' id='word_1_291' title='bbox 515 2456 635 2493; x_wconf 90' lang='lat' dir='ltr'><strong>nem</strong></span> <span class='ocrx_word' id='word_1_292' title='bbox 670 2438 968 2510; x_wconf 74' lang='lat' dir='ltr'><strong>cogitabat;</strong></span> <span class='ocrx_word' id='word_1_293' title='bbox 1005 2439 1150 2507; x_wconf 87' lang='lat' dir='ltr'><strong>quod</strong></span> <span class='ocrx_word' id='word_1_294' title='bbox 1186 2439 1291 2494; x_wconf 89' lang='lat' dir='ltr'><strong>nisi</strong></span> <span class='ocrx_word' id='word_1_295' title='bbox 1328 2439 1396 2494; x_wconf 91' lang='lat' dir='ltr'><strong>de</strong></span> <span class='ocrx_word' id='word_1_296' title='bbox 1428 2439 1768 2497; x_wconf 90' lang='lat' dir='ltr'><strong>charissimis</strong></span> <span class='ocrx_word' id='word_1_297' title='bbox 1802 2439 2083 2496; x_wconf 72' lang='lat' dir='ltr'><strong>affectibus</strong></span> 
     </span>
    </p>
   </div>
   <div class='ocr_carea' id='block_1_40' title="bbox 512 2529 2084 2601">
    <p class='ocr_par' dir='ltr' id='par_1_40' title="bbox 512 2529 2084 2601">
     <span class='ocr_line' id='line_1_40' title="bbox 512 2529 2084 2601; baseline 0.001 -17"><span class='ocrx_word' id='word_1_298' title='bbox 512 2532 637 2588; x_wconf 90' lang='lat' dir='ltr'><strong>talis</strong></span> <span class='ocrx_word' id='word_1_299' title='bbox 687 2537 908 2587; x_wconf 89' lang='lat' dir='ltr'><strong>nuntlus</strong></span> <span class='ocrx_word' id='word_1_300' title='bbox 937 2529 1254 2594; x_wconf 88' lang='lat' dir='ltr'><strong>exstitisset,</strong></span> <span class='ocrx_word' id='word_1_301' title='bbox 1297 2545 1362 2586; x_wconf 90' lang='lat' dir='ltr'><strong>eo</strong></span> <span class='ocrx_word' id='word_1_302' title='bbox 1407 2532 1553 2601; x_wconf 92' lang='lat' dir='ltr'><strong>quod</strong></span> <span class='ocrx_word' id='word_1_303' title='bbox 1603 2532 1908 2588; x_wconf 88' lang='lat' dir='ltr'><strong>incolumes</strong></span> <span class='ocrx_word' id='word_1_304' title='bbox 1962 2546 2084 2587; x_wconf 86' lang='lat' dir='ltr'><strong>esse</strong></span> 
     </span>
    </p>
   </div>
   <div class='ocr_carea' id='block_1_41' title="bbox 514 2625 2082 2697">
    <p class='ocr_par' dir='ltr' id='par_1_41' title="bbox 514 2625 2082 2697">
     <span class='ocr_line' id='line_1_41' title="bbox 514 2625 2082 2697; baseline 0 -19"><span class='ocrx_word' id='word_1_305' title='bbox 514 2625 634 2692; x_wconf 90' lang='lat' dir='ltr'><strong>hos,</strong></span> <span class='ocrx_word' id='word_1_306' title='bbox 661 2633 713 2679; x_wconf 91' lang='lat' dir='ltr'><strong>et</strong></span> <span class='ocrx_word' id='word_1_307' title='bbox 740 2634 882 2681; x_wconf 91' lang='lat' dir='ltr'><strong>recte</strong></span> <span class='ocrx_word' id='word_1_308' title='bbox 911 2641 973 2681; x_wconf 90' lang='lat' dir='ltr'><strong>ac</strong></span> <span class='ocrx_word' id='word_1_309' title='bbox 1001 2641 1258 2696; x_wconf 87' lang='lat' dir='ltr'><strong>prospere</strong></span> <span class='ocrx_word' id='word_1_310' title='bbox 1290 2633 1512 2697; x_wconf 85' lang='lat' dir='ltr'><strong>agentes</strong></span> <span class='ocrx_word' id='word_1_311' title='bbox 1538 2625 1720 2678; x_wconf 92' lang='lat' dir='ltr'><strong>omnia</strong></span> <span class='ocrx_word' id='word_1_312' title='bbox 1758 2626 2082 2690; x_wconf 84' lang='lat' dir='ltr'><strong>nuntiasset,</strong></span> 
     </span>
    </p>
   </div>
   <div class='ocr_carea' id='block_1_42' title="bbox 511 2715 2085 2788">
    <p class='ocr_par' dir='ltr' id='par_1_42' title="bbox 511 2715 2085 2788">
     <span class='ocr_line' id='line_1_42' title="bbox 511 2715 2085 2788; baseline 0.003 -22"><span class='ocrx_word' id='word_1_313' title='bbox 511 2715 734 2784; x_wconf 86' lang='lat' dir='ltr'><strong>dignum</strong></span> <span class='ocrx_word' id='word_1_314' title='bbox 765 2715 1014 2786; x_wconf 88' lang='lat' dir='ltr'><strong>protinus</strong></span> <span class='ocrx_word' id='word_1_315' title='bbox 1045 2717 1220 2788; x_wconf 91' lang='lat' dir='ltr'><strong>potuit</strong></span> <span class='ocrx_word' id='word_1_316' title='bbox 1250 2717 1532 2786; x_wconf 82' lang='lat' dir='ltr'><strong>excepisse</strong></span> <span class='ocrx_word' id='word_1_317' title='bbox 1571 2715 1916 2786; x_wconf 88' lang='lat' dir='ltr'><strong>supplicium.</strong></span> <span class='ocrx_word' id='word_1_318' title='bbox 1953 2715 2085 2782; x_wconf 69' lang='lat' dir='ltr'><strong>Quae</strong></span> 
     </span>
    </p>
   </div>
   <div class='ocr_carea' id='block_1_43' title="bbox 509 2806 2080 2881">
    <p class='ocr_par' dir='ltr' id='par_1_43' title="bbox 509 2806 2080 2881">
     <span class='ocr_line' id='line_1_43' title="bbox 509 2806 2080 2881; baseline 0.001 -21"><span class='ocrx_word' id='word_1_319' title='bbox 509 2806 653 2861; x_wconf 88' lang='lat' dir='ltr'><strong>enim</strong></span> <span class='ocrx_word' id='word_1_320' title='bbox 681 2817 798 2862; x_wconf 91' lang='lat' dir='ltr'><strong>erat</strong></span> <span class='ocrx_word' id='word_1_321' title='bbox 825 2824 956 2864; x_wconf 85' lang='lat' dir='ltr'><strong>cura</strong></span> <span class='ocrx_word' id='word_1_322' title='bbox 986 2809 1094 2864; x_wconf 90' lang='lat' dir='ltr'><strong>alia</strong></span> <span class='ocrx_word' id='word_1_323' title='bbox 1126 2810 1292 2881; x_wconf 90' lang='lat' dir='ltr'><strong>regis,</strong></span> <span class='ocrx_word' id='word_1_324' title='bbox 1337 2808 1464 2864; x_wconf 89' lang='lat' dir='ltr'><strong>belli</strong></span> <span class='ocrx_word' id='word_1_325' title='bbox 1506 2808 1776 2862; x_wconf 87' lang='lat' dir='ltr'><strong>duntaxat</strong></span> <span class='ocrx_word' id='word_1_326' title='bbox 1816 2814 2080 2877; x_wconf 89' lang='lat' dir='ltr'><strong>tempore,</strong></span> 
     </span>
    </p>
   </div>
   <div class='ocr_carea' id='block_1_44' title="bbox 511 2899 2084 2970">
    <p class='ocr_par' dir='ltr' id='par_1_44' title="bbox 511 2899 2084 2970">
     <span class='ocr_line' id='line_1_44' title="bbox 511 2899 2084 2970; baseline 0.003 -19"><span class='ocrx_word' id='word_1_327' title='bbox 511 2899 614 2953; x_wconf 91' lang='lat' dir='ltr'><strong>nisi</strong></span> <span class='ocrx_word' id='word_1_328' title='bbox 638 2899 1047 2970; x_wconf 84' lang='lat' dir='ltr'><strong>provincialium</strong></span> <span class='ocrx_word' id='word_1_329' title='bbox 1086 2901 1256 2964; x_wconf 91' lang='lat' dir='ltr'><strong>salus,</strong></span> <span class='ocrx_word' id='word_1_330' title='bbox 1298 2901 1404 2956; x_wconf 90' lang='lat' dir='ltr'><strong>nisi</strong></span> <span class='ocrx_word' id='word_1_331' title='bbox 1442 2899 1733 2970; x_wconf 89' lang='lat' dir='ltr'><strong>dispositio</strong></span> <span class='ocrx_word' id='word_1_332' title='bbox 1775 2899 1850 2954; x_wconf 90' lang='lat' dir='ltr'><strong>rei</strong></span> <span class='ocrx_word' id='word_1_333' title='bbox 1883 2900 2084 2955; x_wconf 88' lang='lat' dir='ltr'><strong>milita-</strong></span> 
     </span>
    </p>
   </div>
   <div class='ocr_carea' id='block_1_45' title="bbox 511 2989 2083 3061">
    <p class='ocr_par' dir='ltr' id='par_1_45' title="bbox 511 2989 2083 3061">
     <span class='ocr_line' id='line_1_45' title="bbox 511 2989 2083 3061; baseline 0 -17"><span class='ocrx_word' id='word_1_334' title='bbox 511 2991 622 3045; x_wconf 89' lang='lat' dir='ltr'><strong>ris?</strong></span> <span class='ocrx_word' id='word_1_335' title='bbox 653 2991 728 3046; x_wconf 89' lang='lat' dir='ltr'><strong>Ita</strong></span> <span class='ocrx_word' id='word_1_336' title='bbox 753 3001 806 3046; x_wconf 91' lang='lat' dir='ltr'><strong>et</strong></span> <span class='ocrx_word' id='word_1_337' title='bbox 832 2991 1061 3048; x_wconf 93' lang='lat' dir='ltr'><strong>Domino</strong></span> <span class='ocrx_word' id='word_1_338' title='bbox 1095 3007 1216 3047; x_wconf 88' lang='lat' dir='ltr'><strong>meo</strong></span> <span class='ocrx_word' id='word_1_339' title='bbox 1251 2990 1383 3047; x_wconf 88' lang='lat' dir='ltr'><strong>Jesu</strong></span> <span class='ocrx_word' id='word_1_340' title='bbox 1423 2990 1644 3046; x_wconf 88' lang='lat' dir='ltr'><strong>Christo</strong></span> <span class='ocrx_word' id='word_1_341' title='bbox 1683 2991 1947 3061; x_wconf 87' lang='lat' dir='ltr'><strong>pugnanti</strong></span> <span class='ocrx_word' id='word_1_342' title='bbox 1982 2989 2083 3045; x_wconf 88' lang='lat' dir='ltr'><strong>ad-</strong></span> 
     </span>
    </p>
   </div>
   <div class='ocr_carea' id='block_1_46' title="bbox 508 3081 2082 3153">
    <p class='ocr_par' dir='ltr' id='par_1_46' title="bbox 508 3081 2082 3153">
     <span class='ocr_line' id='line_1_46' title="bbox 508 3081 2082 3153; baseline 0.002 -19"><span class='ocrx_word' id='word_1_343' title='bbox 508 3098 723 3138; x_wconf 89' lang='lat' dir='ltr'><strong>versum</strong></span> <span class='ocrx_word' id='word_1_344' title='bbox 748 3083 1032 3153; x_wconf 89' lang='lat' dir='ltr'><strong>passiones</strong></span> <span class='ocrx_word' id='word_1_345' title='bbox 1059 3098 1180 3153; x_wconf 66' lang='lat' dir='ltr'><strong>quae</strong></span> <span class='ocrx_word' id='word_1_346' title='bbox 1224 3081 1492 3152; x_wconf 81' lang='lat' dir='ltr'><strong>profunda</strong></span> <span class='ocrx_word' id='word_1_347' title='bbox 1543 3083 1812 3137; x_wconf 90' lang='lat' dir='ltr'><strong>viscerum</strong></span> <span class='ocrx_word' id='word_1_348' title='bbox 1859 3082 2082 3137; x_wconf 82' lang='lat' dir='ltr'><strong>obsede-</strong></span> 
     </span>
    </p>
   </div>
   <div class='ocr_carea' id='block_1_47' title="bbox 508 3171 2150 3260">
    <p class='ocr_par' dir='ltr' id='par_1_47' title="bbox 508 3171 2150 3260">
     <span class='ocr_line' id='line_1_47' title="bbox 508 3171 2150 3260; baseline 0 -34"><span class='ocrx_word' id='word_1_349' title='bbox 508 3181 649 3239; x_wconf 90' lang='lat' dir='ltr'><strong>rant,</strong></span> <span class='ocrx_word' id='word_1_350' title='bbox 681 3183 735 3229; x_wconf 90' lang='lat' dir='ltr'><strong>et</strong></span> <span class='ocrx_word' id='word_1_351' title='bbox 773 3189 972 3229; x_wconf 89' lang='lat' dir='ltr'><strong>curans</strong></span> <span class='ocrx_word' id='word_1_352' title='bbox 1001 3189 1095 3229; x_wconf 92' lang='lat' dir='ltr'><strong>cos</strong></span> <span class='ocrx_word' id='word_1_353' title='bbox 1120 3174 1213 3244; x_wconf 88' lang='lat' dir='ltr'><strong>qui</strong></span> <span class='ocrx_word' id='word_1_354' title='bbox 1241 3173 1413 3228; x_wconf 91' lang='lat' dir='ltr'><strong>multo</strong></span> <span class='ocrx_word' id='word_1_355' title='bbox 1441 3180 1681 3242; x_wconf 89' lang='lat' dir='ltr'><strong>tempore</strong></span> <span class='ocrx_word' id='word_1_356' title='bbox 1715 3171 1882 3227; x_wconf 88' lang='lat' dir='ltr'><strong>variis</strong></span> <span class='ocrx_word' id='word_1_357' title='bbox 1927 3171 2080 3227; x_wconf 82' lang='lat' dir='ltr'><strong>inﬁr-</strong></span> <span class='ocrx_word' id='word_1_358' title='bbox 2107 3200 2150 3260; x_wconf 63' lang='grc' dir='ltr'><strong>ε</strong></span> 
     </span>
    </p>
   </div>
   <div class='ocr_carea' id='block_1_48' title="bbox 508 3265 2077 3332">
    <p class='ocr_par' dir='ltr' id='par_1_48' title="bbox 508 3265 2077 3332">
     <span class='ocr_line' id='line_1_48' title="bbox 508 3265 2077 3332; baseline 0.002 -13"><span class='ocrx_word' id='word_1_359' title='bbox 508 3267 786 3321; x_wconf 85' lang='lat' dir='ltr'><strong>mitatibus</strong></span> <span class='ocrx_word' id='word_1_360' title='bbox 827 3265 1037 3321; x_wconf 76' lang='lat' dir='ltr'><strong>fuerant</strong></span> <span class='ocrx_word' id='word_1_361' title='bbox 1081 3266 1335 3332; x_wconf 88' lang='lat' dir='ltr'><strong>devincti,</strong></span> <span class='ocrx_word' id='word_1_362' title='bbox 1381 3275 1434 3322; x_wconf 91' lang='lat' dir='ltr'><strong>et</strong></span> <span class='ocrx_word' id='word_1_363' title='bbox 1475 3266 1736 3320; x_wconf 88' lang='lat' dir='ltr'><strong>inclinato</strong></span> <span class='ocrx_word' id='word_1_364' title='bbox 1771 3266 1921 3320; x_wconf 90' lang='lat' dir='ltr'><strong>omni</strong></span> <span class='ocrx_word' id='word_1_365' title='bbox 1954 3266 2077 3322; x_wconf 91' lang='lat' dir='ltr'><strong>nisu</strong></span> 
     </span>
    </p>
   </div>
   <div class='ocr_carea' id='block_1_49' title="bbox 509 3356 2079 3428">
    <p class='ocr_par' dir='ltr' id='par_1_49' title="bbox 509 3356 2079 3428">
     <span class='ocr_line' id='line_1_49' title="bbox 509 3356 2079 3428; baseline 0.001 -17"><span class='ocrx_word' id='word_1_366' title='bbox 509 3374 605 3427; x_wconf 91' lang='lat' dir='ltr'><strong>pro</strong></span> <span class='ocrx_word' id='word_1_367' title='bbox 639 3357 812 3413; x_wconf 90' lang='lat' dir='ltr'><strong>salute</strong></span> <span class='ocrx_word' id='word_1_368' title='bbox 839 3357 1244 3426; x_wconf 87' lang='lat' dir='ltr'><strong>universitatis;</strong></span> <span class='ocrx_word' id='word_1_369' title='bbox 1279 3357 1365 3413; x_wconf 90' lang='lat' dir='ltr'><strong>ille</strong></span> <span class='ocrx_word' id='word_1_370' title='bbox 1391 3356 1614 3413; x_wconf 90' lang='lat' dir='ltr'><strong>nuntius</strong></span> <span class='ocrx_word' id='word_1_371' title='bbox 1643 3357 1951 3428; x_wconf 90' lang='lat' dir='ltr'><strong>importune</strong></span> <span class='ocrx_word' id='word_1_372' title='bbox 1978 3358 2079 3413; x_wconf 88' lang='lat' dir='ltr'><strong>ad-</strong></span> 
     </span>
    </p>
   </div>
   <div class='ocr_carea' id='block_1_50' title="bbox 508 3449 2078 3521">
    <p class='ocr_par' dir='ltr' id='par_1_50' title="bbox 508 3449 2078 3521">
     <span class='ocr_line' id='line_1_50' title="bbox 508 3449 2078 3521; baseline 0.001 -19"><span class='ocrx_word' id='word_1_373' title='bbox 508 3450 728 3506; x_wconf 82' lang='lat' dir='ltr'><strong>veniens</strong></span> <span class='ocrx_word' id='word_1_374' title='bbox 752 3450 816 3506; x_wconf 90' lang='lat' dir='ltr'><strong>de</strong></span> <span class='ocrx_word' id='word_1_375' title='bbox 844 3461 1015 3506; x_wconf 89' lang='lat' dir='ltr'><strong>matre</strong></span> <span class='ocrx_word' id='word_1_376' title='bbox 1053 3462 1104 3506; x_wconf 89' lang='lat' dir='ltr'><strong>et</strong></span> <span class='ocrx_word' id='word_1_377' title='bbox 1149 3449 1408 3506; x_wconf 86' lang='lat' dir='ltr'><strong>fratribus</strong></span> <span class='ocrx_word' id='word_1_378' title='bbox 1454 3449 1746 3506; x_wconf 90' lang='lat' dir='ltr'><strong>nuntiavit.</strong></span> <span class='ocrx_word' id='word_1_379' title='bbox 1793 3449 1859 3504; x_wconf 89' lang='lat' dir='ltr'><strong>Et</strong></span> <span class='ocrx_word' id='word_1_380' title='bbox 1903 3451 2078 3521; x_wconf 89' lang='lat' dir='ltr'><strong>potuit</strong></span> 
     </span>
    </p>
   </div>
   <div class='ocr_carea' id='block_1_51' title="bbox 505 3541 2077 3613">
    <p class='ocr_par' dir='ltr' id='par_1_51' title="bbox 505 3541 2077 3613">
     <span class='ocr_line' id='line_1_51' title="bbox 505 3541 2077 3613; baseline 0.002 -17"><span class='ocrx_word' id='word_1_381' title='bbox 505 3543 719 3612; x_wconf 90' lang='lat' dir='ltr'><strong>quidem</strong></span> <span class='ocrx_word' id='word_1_382' title='bbox 752 3543 984 3598; x_wconf 90' lang='lat' dir='ltr'><strong>similem</strong></span> <span class='ocrx_word' id='word_1_383' title='bbox 1014 3541 1197 3610; x_wconf 83' lang='lat' dir='ltr'><strong>Petro,</strong></span> <span class='ocrx_word' id='word_1_384' title='bbox 1241 3550 1335 3597; x_wconf 88' lang='lat' dir='ltr'><strong>aut</strong></span> <span class='ocrx_word' id='word_1_385' title='bbox 1366 3542 1530 3598; x_wconf 92' lang='lat' dir='ltr'><strong>etiam</strong></span> <span class='ocrx_word' id='word_1_386' title='bbox 1569 3541 1875 3613; x_wconf 87' lang='lat' dir='ltr'><strong>graviorem</strong></span> <span class='ocrx_word' id='word_1_387' title='bbox 1921 3558 2077 3599; x_wconf 88' lang='lat' dir='ltr'><strong>acce-</strong></span> 
     </span>
    </p>
   </div>
   <div class='ocr_carea' id='block_1_52' title="bbox 503 3632 2074 3703">
    <p class='ocr_par' dir='ltr' id='par_1_52' title="bbox 503 3632 2074 3703">
     <span class='ocr_line' id='line_1_52' title="bbox 503 3632 2074 3703; baseline 0.003 -17"><span class='ocrx_word' id='word_1_388' title='bbox 503 3635 650 3703; x_wconf 86' lang='lat' dir='ltr'><strong>pisse</strong></span> <span class='ocrx_word' id='word_1_389' title='bbox 678 3634 1032 3702; x_wconf 87' lang='lat' dir='ltr'><strong>sententiam;</strong></span> <span class='ocrx_word' id='word_1_390' title='bbox 1064 3633 1158 3689; x_wconf 91' lang='lat' dir='ltr'><strong>sed</strong></span> <span class='ocrx_word' id='word_1_391' title='bbox 1185 3633 1376 3689; x_wconf 88' lang='lat' dir='ltr'><strong>matris</strong></span> <span class='ocrx_word' id='word_1_392' title='bbox 1395 3643 1450 3689; x_wconf 93' lang='lat' dir='ltr'><strong>et</strong></span> <span class='ocrx_word' id='word_1_393' title='bbox 1473 3632 1703 3689; x_wconf 82' lang='lat' dir='ltr'><strong>fratrum</strong></span> <span class='ocrx_word' id='word_1_394' title='bbox 1739 3633 2074 3690; x_wconf 90' lang='lat' dir='ltr'><strong>intellectum</strong></span> 
     </span>
    </p>
   </div>
   <div class='ocr_carea' id='block_1_53' title="bbox 504 3725 1441 3796">
    <p class='ocr_par' dir='ltr' id='par_1_53' title="bbox 504 3725 1441 3796">
     <span class='ocr_line' id='line_1_53' title="bbox 504 3725 1441 3796; baseline 0.003 -18"><span class='ocrx_word' id='word_1_395' title='bbox 504 3740 698 3780; x_wconf 91' lang='lat' dir='ltr'><strong>nomen</strong></span> <span class='ocrx_word' id='word_1_396' title='bbox 735 3725 1075 3780; x_wconf 88' lang='lat' dir='ltr'><strong>clementiam</strong></span> <span class='ocrx_word' id='word_1_397' title='bbox 1106 3726 1441 3796; x_wconf 87' lang='lat' dir='ltr'><strong>provocavit.</strong></span> 
     </span>
    </p>
   </div>
   <div class='ocr_carea' id='block_1_54' title="bbox 571 3815 2074 3888">
    <p class='ocr_par' dir='ltr' id='par_1_54' title="bbox 571 3815 2074 3888">
     <span class='ocr_line' id='line_1_54' title="bbox 571 3815 2074 3888; baseline 0.002 -18"><span class='ocrx_word' id='word_1_398' title='bbox 571 3815 760 3870; x_wconf 79' lang='lat' dir='ltr'><strong>XLIX.</strong></span> <span class='ocrx_word' id='word_1_399' title='bbox 803 3818 907 3873; x_wconf 93' lang='lat' dir='ltr'><strong>Sed</strong></span> <span class='ocrx_word' id='word_1_400' title='bbox 935 3829 988 3872; x_wconf 91' lang='lat' dir='ltr'><strong>et</strong></span> <span class='ocrx_word' id='word_1_401' title='bbox 1021 3817 1256 3888; x_wconf 89' lang='lat' dir='ltr'><strong>amplius</strong></span> <span class='ocrx_word' id='word_1_402' title='bbox 1287 3818 1467 3874; x_wconf 89' lang='lat' dir='ltr'><strong>adhuc</strong></span> <span class='ocrx_word' id='word_1_403' title='bbox 1493 3818 1749 3874; x_wconf 90' lang='lat' dir='ltr'><strong>omnibus</strong></span> <span class='ocrx_word' id='word_1_404' title='bbox 1791 3817 2074 3873; x_wconf 88' lang='lat' dir='ltr'><strong>ostendere</strong></span> 
     </span>
    </p>
   </div>
   <div class='ocr_carea' id='block_1_55' title="bbox 501 3897 2070 3982">
    <p class='ocr_par' dir='ltr' id='par_1_55' title="bbox 501 3897 2070 3982">
     <span class='ocr_line' id='line_1_55' title="bbox 501 3897 2070 3982; baseline 0.002 -19"><span class='ocrx_word' id='word_1_405' title='bbox 501 3910 683 3981; x_wconf 89' lang='lat' dir='ltr'><strong>cupio,</strong></span> <span class='ocrx_word' id='word_1_406' title='bbox 713 3919 773 3965; x_wconf 90' lang='lat' dir='ltr'><strong>ut</strong></span> <span class='ocrx_word' id='word_1_407' title='bbox 800 3918 1098 3982; x_wconf 83' lang='lat' dir='ltr'><strong>agnoscant</strong></span> <span class='ocrx_word' id='word_1_408' title='bbox 1123 3911 1384 3977; x_wconf 88' lang='lat' dir='ltr'><strong>universi,</strong></span> <span class='ocrx_word' id='word_1_409' title='bbox 1419 3913 1651 3967; x_wconf 89' lang='lat' dir='ltr'><strong>assertio</strong></span> <span class='ocrx_word' id='word_1_410' title='bbox 1685 3919 1777 3966; x_wconf 91' lang='lat' dir='ltr'><strong>tua</strong></span> <span class='ocrx_word' id='word_1_411' title='bbox 1807 3897 2070 3981; x_wconf 88' lang='lat' dir='ltr'><strong>quantum</strong></span> 
     </span>
    </p>
   </div>
   <div class='ocr_carea' id='block_1_56' title="bbox 503 4001 2069 4073">
    <p class='ocr_par' dir='ltr' id='par_1_56' title="bbox 503 4001 2069 4073">
     <span class='ocr_line' id='line_1_56' title="bbox 503 4001 2069 4073; baseline 0.003 -19"><span class='ocrx_word' id='word_1_412' title='bbox 503 4001 1066 4072; x_wconf 77' lang='lat' dir='ltr'><strong>impietatis&#39;obtineat.</strong></span> <span class='ocrx_word' id='word_1_413' title='bbox 1087 4002 1144 4056; x_wconf 91' lang='lat' dir='ltr'><strong>Si</strong></span> <span class='ocrx_word' id='word_1_414' title='bbox 1164 4003 1331 4070; x_wconf 92' lang='lat' dir='ltr'><strong>enim,</strong></span> <span class='ocrx_word' id='word_1_415' title='bbox 1350 4003 1648 4058; x_wconf 90' lang='lat' dir='ltr'><strong>secundum</strong></span> <span class='ocrx_word' id='word_1_416' title='bbox 1669 4003 1815 4073; x_wconf 90' lang='lat' dir='ltr'><strong>quod</strong></span> <span class='ocrx_word' id='word_1_417' title='bbox 1833 4012 1890 4058; x_wconf 92' lang='lat' dir='ltr'><strong>tu</strong></span> <span class='ocrx_word' id='word_1_418' title='bbox 1912 4003 2069 4069; x_wconf 90' lang='lat' dir='ltr'><strong>dicis,</strong></span> 
     </span>
    </p>
   </div>
   <div class='ocr_carea' id='block_1_57' title="bbox 502 4095 2068 4165">
    <p class='ocr_par' dir='ltr' id='par_1_57' title="bbox 502 4095 2068 4165">
     <span class='ocr_line' id='line_1_57' title="bbox 502 4095 2068 4165; baseline 0.002 -19"><span class='ocrx_word' id='word_1_419' title='bbox 502 4109 609 4149; x_wconf 92' lang='lat' dir='ltr'><strong>non</strong></span> <span class='ocrx_word' id='word_1_420' title='bbox 635 4103 719 4150; x_wconf 91' lang='lat' dir='ltr'><strong>est</strong></span> <span class='ocrx_word' id='word_1_421' title='bbox 740 4103 923 4162; x_wconf 87' lang='lat' dir='ltr'><strong>natus,</strong></span> <span class='ocrx_word' id='word_1_422' title='bbox 956 4095 1076 4151; x_wconf 90' lang='lat' dir='ltr'><strong>sine</strong></span> <span class='ocrx_word' id='word_1_423' title='bbox 1102 4095 1270 4150; x_wconf 90' lang='lat' dir='ltr'><strong>dubio</strong></span> <span class='ocrx_word' id='word_1_424' title='bbox 1297 4109 1394 4150; x_wconf 90' lang='lat' dir='ltr'><strong>nec</strong></span> <span class='ocrx_word' id='word_1_425' title='bbox 1427 4111 1624 4165; x_wconf 89' lang='lat' dir='ltr'><strong>passus</strong></span> <span class='ocrx_word' id='word_1_426' title='bbox 1648 4104 1728 4150; x_wconf 88' lang='lat' dir='ltr'><strong>est</strong></span> <span class='ocrx_word' id='word_1_427' title='bbox 1751 4114 1765 4163; x_wconf 89' lang='lat'><strong>;</strong></span> <span class='ocrx_word' id='word_1_428' title='bbox 1793 4095 1904 4165; x_wconf 85' lang='lat' dir='ltr'><strong>pati</strong></span> <span class='ocrx_word' id='word_1_429' title='bbox 1925 4095 2068 4150; x_wconf 91' lang='lat' dir='ltr'><strong>enim</strong></span> 
     </span>
    </p>
   </div>
   <div class='ocr_carea' id='block_1_58' title="bbox 499 4187 2072 4260">
    <p class='ocr_par' dir='ltr' id='par_1_58' title="bbox 499 4187 2072 4260">
     <span class='ocr_line' id='line_1_58' title="bbox 499 4187 2072 4260; baseline 0.001 -19"><span class='ocrx_word' id='word_1_430' title='bbox 499 4188 591 4257; x_wconf 90' lang='lat' dir='ltr'><strong>qui</strong></span> <span class='ocrx_word' id='word_1_431' title='bbox 621 4197 782 4244; x_wconf 91' lang='lat' dir='ltr'><strong>natus</strong></span> <span class='ocrx_word' id='word_1_432' title='bbox 810 4204 916 4244; x_wconf 91' lang='lat' dir='ltr'><strong>non</strong></span> <span class='ocrx_word' id='word_1_433' title='bbox 950 4199 1054 4254; x_wconf 90' lang='lat' dir='ltr'><strong>est,</strong></span> <span class='ocrx_word' id='word_1_434' title='bbox 1084 4189 1419 4260; x_wconf 90' lang='lat' dir='ltr'><strong>impossibile</strong></span> <span class='ocrx_word' id='word_1_435' title='bbox 1451 4200 1552 4245; x_wconf 91' lang='lat' dir='ltr'><strong>est.</strong></span> <span class='ocrx_word' id='word_1_436' title='bbox 1587 4187 1742 4255; x_wconf 86' lang='lat' dir='ltr'><strong>Quod</strong></span> <span class='ocrx_word' id='word_1_437' title='bbox 1775 4189 1820 4244; x_wconf 90' lang='lat' dir='ltr'><strong>si</strong></span> <span class='ocrx_word' id='word_1_438' title='bbox 1853 4204 1960 4244; x_wconf 92' lang='lat' dir='ltr'><strong>non</strong></span> <span class='ocrx_word' id='word_1_439' title='bbox 1988 4197 2072 4244; x_wconf 90' lang='lat' dir='ltr'><strong>est</strong></span> 
     </span>
    </p>
   </div>
   <div class='ocr_carea' id='block_1_59' title="bbox 498 4280 2067 4348">
    <p class='ocr_par' dir='ltr' id='par_1_59' title="bbox 498 4280 2067 4348">
     <span class='ocr_line' id='line_1_59' title="bbox 498 4280 2067 4348; baseline 0.002 -15"><span class='ocrx_word' id='word_1_440' title='bbox 498 4295 713 4348; x_wconf 87' lang='lat' dir='ltr'><strong>passus,</strong></span> <span class='ocrx_word' id='word_1_441' title='bbox 752 4283 932 4337; x_wconf 88' lang='lat' dir='ltr'><strong>crucis</strong></span> <span class='ocrx_word' id='word_1_442' title='bbox 973 4297 1170 4337; x_wconf 92' lang='lat' dir='ltr'><strong>nomen</strong></span> <span class='ocrx_word' id='word_1_443' title='bbox 1202 4281 1471 4337; x_wconf 80' lang='lat' dir='ltr'><strong>aufertur.</strong></span> <span class='ocrx_word' id='word_1_444' title='bbox 1515 4280 1691 4336; x_wconf 90' lang='lat' dir='ltr'><strong>Cruce</strong></span> <span class='ocrx_word' id='word_1_445' title='bbox 1737 4289 1919 4335; x_wconf 89' lang='lat' dir='ltr'><strong>autem</strong></span> <span class='ocrx_word' id='word_1_446' title='bbox 1959 4295 2067 4336; x_wconf 92' lang='lat' dir='ltr'><strong>non</strong></span> 
     </span>
    </p>
   </div>
   <div class='ocr_carea' id='block_1_60' title="bbox 497 4373 2068 4445">
    <p class='ocr_par' dir='ltr' id='par_1_60' title="bbox 497 4373 2068 4445">
     <span class='ocr_line' id='line_1_60' title="bbox 497 4373 2068 4445; baseline 0 -17"><span class='ocrx_word' id='word_1_447' title='bbox 497 4383 768 4445; x_wconf 87' lang='lat' dir='ltr'><strong>suscepta,</strong></span> <span class='ocrx_word' id='word_1_448' title='bbox 808 4390 907 4434; x_wconf 88' lang='lat' dir='ltr'><strong>nec</strong></span> <span class='ocrx_word' id='word_1_449' title='bbox 928 4373 1088 4432; x_wconf 82' lang='lat' dir='ltr'><strong>Jesus</strong></span> <span class='ocrx_word' id='word_1_450' title='bbox 1116 4391 1183 4431; x_wconf 87' lang='lat' dir='ltr'><strong>ex</strong></span> <span class='ocrx_word' id='word_1_451' title='bbox 1219 4375 1450 4430; x_wconf 90' lang='lat' dir='ltr'><strong>mortuis</strong></span> <span class='ocrx_word' id='word_1_452' title='bbox 1475 4374 1794 4430; x_wconf 84' lang='lat' dir='ltr'><strong>resurrexit.</strong></span> <span class='ocrx_word' id='word_1_453' title='bbox 1837 4373 1992 4440; x_wconf 85' lang='lat' dir='ltr'><strong>Quod</strong></span> <span class='ocrx_word' id='word_1_454' title='bbox 2023 4375 2068 4429; x_wconf 90' lang='lat' dir='ltr'><strong>si</strong></span> 
     </span>
    </p>
   </div>
   <div class='ocr_carea' id='block_1_61' title="bbox 493 4464 2068 4535">
    <p class='ocr_par' dir='ltr' id='par_1_61' title="bbox 493 4464 2068 4535">
     <span class='ocr_line' id='line_1_61' title="bbox 493 4464 2068 4535; baseline 0.001 -16"><span class='ocrx_word' id='word_1_455' title='bbox 493 4466 651 4523; x_wconf 84' lang='lat' dir='ltr'><strong>Jesus</strong></span> <span class='ocrx_word' id='word_1_456' title='bbox 681 4483 748 4524; x_wconf 86' lang='lat' dir='ltr'><strong>ex</strong></span> <span class='ocrx_word' id='word_1_457' title='bbox 776 4467 1007 4524; x_wconf 90' lang='lat' dir='ltr'><strong>mortuis</strong></span> <span class='ocrx_word' id='word_1_458' title='bbox 1030 4483 1140 4523; x_wconf 85' lang='lat' dir='ltr'><strong>non</strong></span> <span class='ocrx_word' id='word_1_459' title='bbox 1183 4466 1507 4533; x_wconf 84' lang='lat' dir='ltr'><strong>resurrexit,</strong></span> <span class='ocrx_word' id='word_1_460' title='bbox 1554 4480 1655 4521; x_wconf 90' lang='lat' dir='ltr'><strong>nec</strong></span> <span class='ocrx_word' id='word_1_461' title='bbox 1697 4464 1896 4535; x_wconf 90' lang='lat' dir='ltr'><strong>aliquis</strong></span> <span class='ocrx_word' id='word_1_462' title='bbox 1926 4465 2068 4521; x_wconf 85' lang='lat' dir='ltr'><strong>alius</strong></span> 
     </span>
    </p>
   </div>
   <div class='ocr_carea' id='block_1_62' title="bbox 2187 1975 3760 2042">
    <p class='ocr_par' dir='ltr' id='par_1_62' title="bbox 2187 1975 3760 2042">
     <span class='ocr_line' id='line_1_62' title="bbox 2187 1975 3760 2042; baseline 0.009 -14"><span class='ocrx_word' id='word_1_463' title='bbox 2187 1994 2207 2028; x_wconf 72' lang='grc' dir='ltr'>ι</span> <span class='ocrx_word' id='word_1_464' title='bbox 2235 1975 2442 2032; x_wconf 88' lang='lat' dir='ltr'><strong>Pascha</strong></span> <span class='ocrx_word' id='word_1_465' title='bbox 2495 1988 2740 2034; x_wconf 73' lang='lat' dir='ltr'><strong>nostrum</strong></span> <span class='ocrx_word' id='word_1_466' title='bbox 2793 1981 3100 2038; x_wconf 87' lang='lat' dir='ltr'><strong>immolatus</strong></span> <span class='ocrx_word' id='word_1_467' title='bbox 3144 1993 3228 2037; x_wconf 91' lang='lat' dir='ltr'><strong>est</strong></span> <span class='ocrx_word' id='word_1_468' title='bbox 3278 1984 3525 2040; x_wconf 84' lang='lat' dir='ltr'><strong>Christus</strong></span> <span class='ocrx_word' id='word_1_469' title='bbox 3549 1985 3593 2037; x_wconf 84' lang='grc'><strong>⁸.</strong></span> <span class='ocrx_word' id='word_1_470' title='bbox 3631 2006 3652 2038; x_wconf 74' lang='grc' dir='ltr'><strong><em>ι</em></strong></span> <span class='ocrx_word' id='word_1_471' title='bbox 3693 1985 3760 2042; x_wconf 81' lang='lat' dir='ltr'><strong>Et</strong></span> 
     </span>
    </p>
   </div>
   <div class='ocr_carea' id='block_1_63' title="bbox 2181 2067 3758 2144">
    <p class='ocr_par' dir='ltr' id='par_1_63' title="bbox 2181 2067 3758 2144">
     <span class='ocr_line' id='line_1_63' title="bbox 2181 2067 3758 2144; baseline 0.007 -22"><span class='ocrx_word' id='word_1_472' title='bbox 2181 2069 2306 2138; x_wconf 90' lang='lat' dir='ltr'><strong>quia</strong></span> <span class='ocrx_word' id='word_1_473' title='bbox 2339 2087 2358 2119; x_wconf 73' lang='grc' dir='ltr'><em>α</em></span> <span class='ocrx_word' id='word_1_474' title='bbox 2390 2067 2531 2125; x_wconf 91' lang='lat' dir='ltr'><strong>Deus</strong></span> <span class='ocrx_word' id='word_1_475' title='bbox 2576 2079 2632 2126; x_wconf 90' lang='lat' dir='ltr'><strong>et</strong></span> <span class='ocrx_word' id='word_1_476' title='bbox 2671 2071 2960 2128; x_wconf 88' lang='lat' dir='ltr'><strong>Dominum</strong></span> <span class='ocrx_word' id='word_1_477' title='bbox 3009 2076 3331 2144; x_wconf 87' lang='lat' dir='ltr'><strong>suscitavit,</strong></span> <span class='ocrx_word' id='word_1_478' title='bbox 3375 2087 3424 2133; x_wconf 89' lang='lat' dir='ltr'><strong>et</strong></span> <span class='ocrx_word' id='word_1_479' title='bbox 3475 2096 3581 2136; x_wconf 91' lang='lat' dir='ltr'><strong>nos</strong></span> <span class='ocrx_word' id='word_1_480' title='bbox 3628 2096 3758 2135; x_wconf 86' lang='lat' dir='ltr'><strong>cum</strong></span> 
     </span>
    </p>
   </div>
   <div class='ocr_carea' id='block_1_64' title="bbox 2183 2158 3760 2234">
    <p class='ocr_par' dir='ltr' id='par_1_64' title="bbox 2183 2158 3760 2234">
     <span class='ocr_line' id='line_1_64' title="bbox 2183 2158 3760 2234; baseline 0.01 -22"><span class='ocrx_word' id='word_1_481' title='bbox 2183 2158 2276 2213; x_wconf 91' lang='lat' dir='ltr'><strong>illo</strong></span> <span class='ocrx_word' id='word_1_482' title='bbox 2303 2158 2414 2229; x_wconf 84' lang='lat'>(68)</span> <span class='ocrx_word' id='word_1_483' title='bbox 2450 2162 2734 2218; x_wconf 89' lang='lat' dir='ltr'><strong>suscitabit</strong></span> <span class='ocrx_word' id='word_1_484' title='bbox 2781 2180 2876 2234; x_wconf 88' lang='lat' dir='ltr'><strong>per</strong></span> <span class='ocrx_word' id='word_1_485' title='bbox 2919 2166 3172 2223; x_wconf 83' lang='lat' dir='ltr'><strong>virtutem</strong></span> <span class='ocrx_word' id='word_1_486' title='bbox 3224 2173 3435 2225; x_wconf 85' lang='lat' dir='ltr'><strong>suam’.</strong></span> <span class='ocrx_word' id='word_1_487' title='bbox 3465 2191 3483 2223; x_wconf 82' lang='grc' dir='ltr'><strong>ι</strong></span> <span class='ocrx_word' id='word_1_488' title='bbox 3519 2171 3586 2227; x_wconf 85' lang='lat' dir='ltr'><strong>Et</strong></span> <span class='ocrx_word' id='word_1_489' title='bbox 3644 2175 3760 2228; x_wconf 82' lang='lat' dir='ltr'><strong>alia</strong></span> 
     </span>
    </p>
   </div>
   <div class='ocr_carea' id='block_1_65' title="bbox 2181 2251 3758 2331">
    <p class='ocr_par' dir='ltr' id='par_1_65' title="bbox 2181 2251 3758 2331">
     <span class='ocr_line' id='line_1_65' title="bbox 2181 2251 3758 2331; baseline 0.01 -27"><span class='ocrx_word' id='word_1_490' title='bbox 2181 2251 2351 2306; x_wconf 88' lang='lat' dir='ltr'><strong>multa</strong></span> <span class='ocrx_word' id='word_1_491' title='bbox 2395 2253 2482 2309; x_wconf 90' lang='lat' dir='ltr'><strong>bis</strong></span> <span class='ocrx_word' id='word_1_492' title='bbox 2527 2254 2728 2311; x_wconf 87' lang='lat' dir='ltr'><strong>similia</strong></span> <span class='ocrx_word' id='word_1_493' title='bbox 2759 2257 2902 2312; x_wconf 90' lang='lat' dir='ltr'><strong>dicta</strong></span> <span class='ocrx_word' id='word_1_494' title='bbox 2949 2267 3106 2326; x_wconf 90' lang='lat' dir='ltr'><strong>sunt,</strong></span> <span class='ocrx_word' id='word_1_495' title='bbox 3144 2270 3205 2314; x_wconf 91' lang='lat' dir='ltr'><strong>ut</strong></span> <span class='ocrx_word' id='word_1_496' title='bbox 3234 2271 3319 2317; x_wconf 84' lang='lat' dir='ltr'><strong>est</strong></span> <span class='ocrx_word' id='word_1_497' title='bbox 3351 2263 3515 2318; x_wconf 88' lang='lat' dir='ltr'><strong>illud:</strong></span> <span class='ocrx_word' id='word_1_498' title='bbox 3543 2284 3564 2316; x_wconf 80' lang='grc' dir='ltr'>ι</span> <span class='ocrx_word' id='word_1_499' title='bbox 3595 2265 3758 2331; x_wconf 89' lang='lat' dir='ltr'><strong>Quo-</strong></span> 
     </span>
    </p>
   </div>
   <div class='ocr_carea' id='block_1_66' title="bbox 2182 2344 3757 2424">
    <p class='ocr_par' dir='ltr' id='par_1_66' title="bbox 2182 2344 3757 2424">
     <span class='ocr_line' id='line_1_66' title="bbox 2182 2344 3757 2424; baseline 0.01 -27"><span class='ocrx_word' id='word_1_500' title='bbox 2182 2345 2344 2398; x_wconf 90' lang='lat' dir='ltr'><strong>modo</strong></span> <span class='ocrx_word' id='word_1_501' title='bbox 2365 2344 2552 2401; x_wconf 88' lang='lat' dir='ltr'><strong>dicunt</strong></span> <span class='ocrx_word' id='word_1_502' title='bbox 2581 2348 2799 2418; x_wconf 91' lang='lat' dir='ltr'><strong>quidam</strong></span> <span class='ocrx_word' id='word_1_503' title='bbox 2835 2350 2889 2404; x_wconf 86' lang='lat' dir='ltr'><strong>in</strong></span> <span class='ocrx_word' id='word_1_504' title='bbox 2924 2351 3076 2406; x_wconf 88' lang='lat' dir='ltr'><strong>vobis</strong></span> <span class='ocrx_word' id='word_1_505' title='bbox 3105 2351 3240 2423; x_wconf 84' lang='lat'>(69),</span> <span class='ocrx_word' id='word_1_506' title='bbox 3269 2355 3395 2424; x_wconf 82' lang='lat' dir='ltr'><strong>quia</strong></span> <span class='ocrx_word' id='word_1_507' title='bbox 3424 2358 3757 2412; x_wconf 84' lang='lat' dir='ltr'><strong>resurrectio</strong></span> 
     </span>
    </p>
   </div>
   <div class='ocr_carea' id='block_1_67' title="bbox 2181 2440 3760 2504">
    <p class='ocr_par' dir='ltr' id='par_1_67' title="bbox 2181 2440 3760 2504">
     <span class='ocr_line' id='line_1_67' title="bbox 2181 2440 3760 2504; baseline 0.01 -16"><span class='ocrx_word' id='word_1_508' title='bbox 2181 2443 2521 2492; x_wconf 90' lang='lat' dir='ltr'><strong>mortuorum</strong></span> <span class='ocrx_word' id='word_1_509' title='bbox 2548 2454 2656 2493; x_wconf 92' lang='lat' dir='ltr'><strong>non</strong></span> <span class='ocrx_word' id='word_1_510' title='bbox 2688 2440 2807 2496; x_wconf 86' lang='lat' dir='ltr'><strong>est?</strong></span> <span class='ocrx_word' id='word_1_511' title='bbox 2851 2441 2908 2496; x_wconf 91' lang='lat' dir='ltr'><strong>Si</strong></span> <span class='ocrx_word' id='word_1_512' title='bbox 2949 2441 3091 2498; x_wconf 90' lang='lat' dir='ltr'><strong>enim</strong></span> <span class='ocrx_word' id='word_1_513' title='bbox 3143 2448 3476 2502; x_wconf 87' lang='lat' dir='ltr'><strong>resurrectio</strong></span> <span class='ocrx_word' id='word_1_514' title='bbox 3510 2458 3760 2504; x_wconf 86' lang='lat' dir='ltr'><strong>mortuo-</strong></span> 
     </span>
    </p>
   </div>
   <div class='ocr_carea' id='block_1_68' title="bbox 2182 2530 3761 2595">
    <p class='ocr_par' dir='ltr' id='par_1_68' title="bbox 2182 2530 3761 2595">
     <span class='ocr_line' id='line_1_68' title="bbox 2182 2530 3761 2595; baseline 0.01 -17"><span class='ocrx_word' id='word_1_515' title='bbox 2182 2540 2301 2579; x_wconf 90' lang='lat' dir='ltr'><strong>rum</strong></span> <span class='ocrx_word' id='word_1_516' title='bbox 2336 2541 2446 2582; x_wconf 92' lang='lat' dir='ltr'><strong>non</strong></span> <span class='ocrx_word' id='word_1_517' title='bbox 2492 2537 2608 2595; x_wconf 89' lang='lat' dir='ltr'><strong>est,</strong></span> <span class='ocrx_word' id='word_1_518' title='bbox 2657 2545 2757 2584; x_wconf 87' lang='lat' dir='ltr'><strong>nec</strong></span> <span class='ocrx_word' id='word_1_519' title='bbox 2806 2530 3052 2589; x_wconf 89' lang='lat' dir='ltr'><strong>Christus</strong></span> <span class='ocrx_word' id='word_1_520' title='bbox 3091 2538 3409 2592; x_wconf 85' lang='lat' dir='ltr'><strong>resurrexit.</strong></span> <span class='ocrx_word' id='word_1_521' title='bbox 3466 2535 3527 2592; x_wconf 90' lang='lat' dir='ltr'><strong>Si</strong></span> <span class='ocrx_word' id='word_1_522' title='bbox 3578 2550 3761 2594; x_wconf 82' lang='lat' dir='ltr'><strong>autem</strong></span> 
     </span>
    </p>
   </div>
   <div class='ocr_carea' id='block_1_69' title="bbox 2181 2613 3760 2696">
    <p class='ocr_par' dir='ltr' id='par_1_69' title="bbox 2181 2613 3760 2696">
     <span class='ocr_line' id='line_1_69' title="bbox 2181 2613 3760 2696; baseline 0.009 -27"><span class='ocrx_word' id='word_1_523' title='bbox 2181 2613 2434 2673; x_wconf 89' lang='lat' dir='ltr'><strong>Christus</strong></span> <span class='ocrx_word' id='word_1_524' title='bbox 2459 2634 2569 2673; x_wconf 91' lang='lat' dir='ltr'><strong>non</strong></span> <span class='ocrx_word' id='word_1_525' title='bbox 2601 2623 2917 2686; x_wconf 86' lang='lat' dir='ltr'><strong>resurrexit,</strong></span> <span class='ocrx_word' id='word_1_526' title='bbox 2956 2623 3133 2679; x_wconf 87' lang='lat' dir='ltr'><strong>inanis</strong></span> <span class='ocrx_word' id='word_1_527' title='bbox 3167 2637 3251 2680; x_wconf 90' lang='lat' dir='ltr'><strong>est</strong></span> <span class='ocrx_word' id='word_1_528' title='bbox 3280 2642 3413 2696; x_wconf 87' lang='lat' dir='ltr'><strong>ergo</strong></span> <span class='ocrx_word' id='word_1_529' title='bbox 3442 2629 3760 2696; x_wconf 56' lang='lat' dir='ltr'><strong>praedicatio</strong></span> 
     </span>
    </p>
   </div>
   <div class='ocr_carea' id='block_1_70' title="bbox 2181 2707 3764 2791">
    <p class='ocr_par' dir='ltr' id='par_1_70' title="bbox 2181 2707 3764 2791">
     <span class='ocr_line' id='line_1_70' title="bbox 2181 2707 3764 2791; baseline 0.009 -30"><span class='ocrx_word' id='word_1_530' title='bbox 2181 2717 2389 2763; x_wconf 78' lang='lat' dir='ltr'><strong>nostra.</strong></span> <span class='ocrx_word' id='word_1_531' title='bbox 2424 2707 2769 2766; x_wconf 89' lang='lat' dir='ltr'><strong>lnveniemur</strong></span> <span class='ocrx_word' id='word_1_532' title='bbox 2792 2714 2952 2769; x_wconf 91' lang='lat' dir='ltr'><strong>etiam</strong></span> <span class='ocrx_word' id='word_1_533' title='bbox 2979 2715 3100 2772; x_wconf 81' lang='lat' dir='ltr'><strong>falsi</strong></span> <span class='ocrx_word' id='word_1_534' title='bbox 3135 2725 3302 2773; x_wconf 87' lang='lat' dir='ltr'><strong>testes</strong></span> <span class='ocrx_word' id='word_1_535' title='bbox 3330 2719 3446 2786; x_wconf 89' lang='lat' dir='ltr'><strong>Dei,</strong></span> <span class='ocrx_word' id='word_1_536' title='bbox 3472 2722 3572 2791; x_wconf 89' lang='lat' dir='ltr'><strong>qui</strong></span> <span class='ocrx_word' id='word_1_537' title='bbox 3614 2721 3764 2775; x_wconf 78' lang='lat' dir='ltr'><strong>testi-</strong></span> 
     </span>
    </p>
   </div>
   <div class='ocr_carea' id='block_1_71' title="bbox 2182 2798 3766 2879">
    <p class='ocr_par' dir='ltr' id='par_1_71' title="bbox 2182 2798 3766 2879">
     <span class='ocr_line' id='line_1_71' title="bbox 2182 2798 3766 2879; baseline 0.007 -28"><span class='ocrx_word' id='word_1_538' title='bbox 2182 2798 2424 2854; x_wconf 88' lang='lat' dir='ltr'><strong>monium</strong></span> <span class='ocrx_word' id='word_1_539' title='bbox 2477 2802 2852 2871; x_wconf 89' lang='lat' dir='ltr'><strong>perhibuimus</strong></span> <span class='ocrx_word' id='word_1_540' title='bbox 2889 2805 3149 2861; x_wconf 90' lang='lat' dir='ltr'><strong>adversus</strong></span> <span class='ocrx_word' id='word_1_541' title='bbox 3182 2805 3372 2875; x_wconf 85' lang='lat' dir='ltr'><strong>Deum,</strong></span> <span class='ocrx_word' id='word_1_542' title='bbox 3414 2809 3550 2879; x_wconf 87' lang='lat' dir='ltr'><strong>quia</strong></span> <span class='ocrx_word' id='word_1_543' title='bbox 3585 2812 3766 2866; x_wconf 83' lang='lat' dir='ltr'><strong>susci-</strong></span> 
     </span>
    </p>
   </div>
   <div class='ocr_carea' id='block_1_72' title="bbox 2181 2891 3760 2973">
    <p class='ocr_par' dir='ltr' id='par_1_72' title="bbox 2181 2891 3760 2973">
     <span class='ocr_line' id='line_1_72' title="bbox 2181 2891 3760 2973; baseline 0.009 -29"><span class='ocrx_word' id='word_1_544' title='bbox 2181 2893 2377 2947; x_wconf 91' lang='lat' dir='ltr'><strong>taverit</strong></span> <span class='ocrx_word' id='word_1_545' title='bbox 2418 2891 2733 2962; x_wconf 91' lang='lat' dir='ltr'><strong>Christum,</strong></span> <span class='ocrx_word' id='word_1_546' title='bbox 2764 2911 2926 2965; x_wconf 90' lang='lat' dir='ltr'><strong>quem</strong></span> <span class='ocrx_word' id='word_1_547' title='bbox 2971 2912 3079 2952; x_wconf 93' lang='lat' dir='ltr'><strong>non</strong></span> <span class='ocrx_word' id='word_1_548' title='bbox 3132 2899 3436 2955; x_wconf 88' lang='lat' dir='ltr'><strong>suscitavit.</strong></span> <span class='ocrx_word' id='word_1_549' title='bbox 3475 2901 3760 2973; x_wconf 85' lang='lat' dir='ltr'><strong>Siquidem</strong></span> 
     </span>
    </p>
   </div>
   <div class='ocr_carea' id='block_1_73' title="bbox 2182 2987 3762 3059">
    <p class='ocr_par' dir='ltr' id='par_1_73' title="bbox 2182 2987 3762 3059">
     <span class='ocr_line' id='line_1_73' title="bbox 2182 2987 3762 3059; baseline 0.011 -21"><span class='ocrx_word' id='word_1_550' title='bbox 2182 2987 2384 3042; x_wconf 90' lang='lat' dir='ltr'><strong>mortui</strong></span> <span class='ocrx_word' id='word_1_551' title='bbox 2411 3002 2520 3042; x_wconf 91' lang='lat' dir='ltr'><strong>non</strong></span> <span class='ocrx_word' id='word_1_552' title='bbox 2563 2999 2875 3059; x_wconf 86' lang='lat' dir='ltr'><strong>resurgunt,</strong></span> <span class='ocrx_word' id='word_1_553' title='bbox 2918 3005 3019 3046; x_wconf 93' lang='lat' dir='ltr'><strong>nec</strong></span> <span class='ocrx_word' id='word_1_554' title='bbox 3053 2990 3306 3050; x_wconf 88' lang='lat' dir='ltr'><strong>Christus</strong></span> <span class='ocrx_word' id='word_1_555' title='bbox 3336 3000 3669 3054; x_wconf 82' lang='lat' dir='ltr'><strong>resurrexit.</strong></span> <span class='ocrx_word' id='word_1_556' title='bbox 3707 3000 3762 3056; x_wconf 90' lang='lat' dir='ltr'><strong>Si</strong></span> 
     </span>
    </p>
   </div>
   <div class='ocr_carea' id='block_1_74' title="bbox 2182 3081 3761 3152">
    <p class='ocr_par' dir='ltr' id='par_1_74' title="bbox 2182 3081 3761 3152">
     <span class='ocr_line' id='line_1_74' title="bbox 2182 3081 3761 3152; baseline 0.008 -16"><span class='ocrx_word' id='word_1_557' title='bbox 2182 3090 2363 3136; x_wconf 88' lang='lat' dir='ltr'><strong>autem</strong></span> <span class='ocrx_word' id='word_1_558' title='bbox 2393 3081 2644 3138; x_wconf 86' lang='lat' dir='ltr'><strong>Christus</strong></span> <span class='ocrx_word' id='word_1_559' title='bbox 2694 3098 2799 3137; x_wconf 88' lang='lat' dir='ltr'><strong>non</strong></span> <span class='ocrx_word' id='word_1_560' title='bbox 2838 3085 3162 3152; x_wconf 85' lang='lat' dir='ltr'><strong>resurrexit,</strong></span> <span class='ocrx_word' id='word_1_561' title='bbox 3194 3102 3335 3142; x_wconf 88' lang='lat' dir='ltr'><strong>vana</strong></span> <span class='ocrx_word' id='word_1_562' title='bbox 3374 3100 3458 3144; x_wconf 90' lang='lat' dir='ltr'><strong>est</strong></span> <span class='ocrx_word' id='word_1_563' title='bbox 3500 3091 3644 3148; x_wconf 81' lang='lat' dir='ltr'><strong>ﬁdes</strong></span> <span class='ocrx_word' id='word_1_564' title='bbox 3668 3109 3761 3149; x_wconf 78' lang='lat' dir='ltr'><strong>ve-</strong></span> 
     </span>
    </p>
   </div>
   <div class='ocr_carea' id='block_1_75' title="bbox 2184 3173 3759 3255">
    <p class='ocr_par' dir='ltr' id='par_1_75' title="bbox 2184 3173 3759 3255">
     <span class='ocr_line' id='line_1_75' title="bbox 2184 3173 3759 3255; baseline 0.009 -28"><span class='ocrx_word' id='word_1_565' title='bbox 2184 3183 2328 3238; x_wconf 88' lang='lat' dir='ltr'><strong>stra;</strong></span> <span class='ocrx_word' id='word_1_566' title='bbox 2363 3173 2540 3228; x_wconf 90' lang='lat' dir='ltr'><strong>adhuc</strong></span> <span class='ocrx_word' id='word_1_567' title='bbox 2572 3173 2705 3229; x_wconf 89' lang='lat' dir='ltr'><strong>estis</strong></span> <span class='ocrx_word' id='word_1_568' title='bbox 2748 3174 2802 3228; x_wconf 91' lang='lat' dir='ltr'><strong>in</strong></span> <span class='ocrx_word' id='word_1_569' title='bbox 2845 3177 3082 3246; x_wconf 88' lang='lat' dir='ltr'><strong>peccatis</strong></span> <span class='ocrx_word' id='word_1_570' title='bbox 3128 3179 3342 3234; x_wconf 85' lang='lat' dir='ltr'><strong>vestris.</strong></span> <span class='ocrx_word' id='word_1_571' title='bbox 3378 3178 3526 3253; x_wconf 84' lang='lat' dir='ltr'><strong>Ergo</strong></span> <span class='ocrx_word' id='word_1_572' title='bbox 3568 3193 3624 3239; x_wconf 90' lang='lat' dir='ltr'><strong>et</strong></span> <span class='ocrx_word' id='word_1_573' title='bbox 3667 3187 3759 3255; x_wconf 88' lang='lat' dir='ltr'><strong>qui</strong></span> 
     </span>
    </p>
   </div>
   <div class='ocr_carea' id='block_1_76' title="bbox 2181 3264 3755 3338">
    <p class='ocr_par' dir='ltr' id='par_1_76' title="bbox 2181 3264 3755 3338">
     <span class='ocr_line' id='line_1_76' title="bbox 2181 3264 3755 3338; baseline 0.01 -20"><span class='ocrx_word' id='word_1_574' title='bbox 2181 3264 2518 3320; x_wconf 90' lang='lat' dir='ltr'><strong>dormierunt</strong></span> <span class='ocrx_word' id='word_1_575' title='bbox 2561 3265 2614 3320; x_wconf 90' lang='lat' dir='ltr'><strong>in</strong></span> <span class='ocrx_word' id='word_1_576' title='bbox 2648 3265 2887 3334; x_wconf 89' lang='lat' dir='ltr'><strong>Christo,</strong></span> <span class='ocrx_word' id='word_1_577' title='bbox 2935 3269 3233 3338; x_wconf 89' lang='lat' dir='ltr'><strong>perierunt.</strong></span> <span class='ocrx_word' id='word_1_578' title='bbox 3287 3269 3342 3327; x_wconf 90' lang='lat' dir='ltr'><strong>Si</strong></span> <span class='ocrx_word' id='word_1_579' title='bbox 3393 3274 3448 3329; x_wconf 90' lang='lat' dir='ltr'><strong>in</strong></span> <span class='ocrx_word' id='word_1_580' title='bbox 3503 3276 3610 3332; x_wconf 83' lang='lat' dir='ltr'><strong>hac</strong></span> <span class='ocrx_word' id='word_1_581' title='bbox 3654 3281 3755 3334; x_wconf 78' lang='lat' dir='ltr'><strong>vita</strong></span> 
     </span>
    </p>
   </div>
   <div class='ocr_carea' id='block_1_77' title="bbox 2180 3358 3753 3431">
    <p class='ocr_par' dir='ltr' id='par_1_77' title="bbox 2180 3358 3753 3431">
     <span class='ocr_line' id='line_1_77' title="bbox 2180 3358 3753 3431; baseline 0.011 -23"><span class='ocrx_word' id='word_1_582' title='bbox 2180 3358 2560 3414; x_wconf 89' lang='lat' dir='ltr'><strong>tantummodo</strong></span> <span class='ocrx_word' id='word_1_583' title='bbox 2603 3373 2884 3429; x_wconf 89' lang='lat' dir='ltr'><strong>speramus</strong></span> <span class='ocrx_word' id='word_1_584' title='bbox 2929 3360 2982 3414; x_wconf 94' lang='lat' dir='ltr'><strong>in</strong></span> <span class='ocrx_word' id='word_1_585' title='bbox 3025 3359 3270 3431; x_wconf 85' lang='lat' dir='ltr'><strong>Christo,</strong></span> <span class='ocrx_word' id='word_1_586' title='bbox 3324 3366 3753 3426; x_wconf 77' lang='lat' dir='ltr'><strong>miserabiliores</strong></span> 
     </span>
    </p>
   </div>
   <div class='ocr_carea' id='block_1_78' title="bbox 2179 3450 3756 3517">
    <p class='ocr_par' dir='ltr' id='par_1_78' title="bbox 2179 3450 3756 3517">
     <span class='ocr_line' id='line_1_78' title="bbox 2179 3450 3756 3517; baseline 0.008 -13"><span class='ocrx_word' id='word_1_587' title='bbox 2179 3465 2371 3504; x_wconf 90' lang='lat' dir='ltr'><strong>sumus</strong></span> <span class='ocrx_word' id='word_1_588' title='bbox 2410 3450 2663 3506; x_wconf 91' lang='lat' dir='ltr'><strong>omnibus</strong></span> <span class='ocrx_word' id='word_1_589' title='bbox 2693 3451 3026 3509; x_wconf 87' lang='lat' dir='ltr'><strong>hominibus.</strong></span> <span class='ocrx_word' id='word_1_590' title='bbox 3071 3452 3228 3509; x_wconf 85' lang='lat' dir='ltr'><strong>Nunc</strong></span> <span class='ocrx_word' id='word_1_591' title='bbox 3278 3469 3456 3512; x_wconf 89' lang='lat' dir='ltr'><strong>autem</strong></span> <span class='ocrx_word' id='word_1_592' title='bbox 3504 3459 3756 3517; x_wconf 83' lang='lat' dir='ltr'><strong>Christus</strong></span> 
     </span>
    </p>
   </div>
   <div class='ocr_carea' id='block_1_79' title="bbox 2177 3542 3757 3612">
    <p class='ocr_par' dir='ltr' id='par_1_79' title="bbox 2177 3542 3757 3612">
     <span class='ocr_line' id='line_1_79' title="bbox 2177 3542 3757 3612; baseline 0.009 -18"><span class='ocrx_word' id='word_1_593' title='bbox 2177 3542 2479 3595; x_wconf 90' lang='lat' dir='ltr'><strong>resurrexit</strong></span> <span class='ocrx_word' id='word_1_594' title='bbox 2503 3557 2534 3596; x_wconf 89' lang='lat' dir='ltr'><strong>a</strong></span> <span class='ocrx_word' id='word_1_595' title='bbox 2564 3543 2818 3608; x_wconf 90' lang='lat' dir='ltr'><strong>mortuis,</strong></span> <span class='ocrx_word' id='word_1_596' title='bbox 2860 3543 3076 3599; x_wconf 91' lang='lat' dir='ltr'><strong>initium</strong></span> <span class='ocrx_word' id='word_1_597' title='bbox 3129 3546 3517 3605; x_wconf 89' lang='lat' dir='ltr'><strong>dormientium</strong></span> <span class='ocrx_word' id='word_1_598' title='bbox 3547 3551 3622 3612; x_wconf 82' lang='lat'><strong>“;</strong></span> <span class='ocrx_word' id='word_1_599' title='bbox 3656 3572 3676 3604; x_wconf 71' lang='grc' dir='ltr'><strong><em>ι</em></strong></span> <span class='ocrx_word' id='word_1_600' title='bbox 3706 3564 3757 3608; x_wconf 88' lang='lat' dir='ltr'><strong>et</strong></span> 
     </span>
    </p>
   </div>
   <div class='ocr_carea' id='block_1_80' title="bbox 2175 3633 3753 3711">
    <p class='ocr_par' dir='ltr' id='par_1_80' title="bbox 2175 3633 3753 3711">
     <span class='ocr_line' id='line_1_80' title="bbox 2175 3633 3753 3711; baseline 0.008 -25"><span class='ocrx_word' id='word_1_601' title='bbox 2175 3633 2404 3704; x_wconf 87' lang='lat' dir='ltr'><strong>reliqua.</strong></span> <span class='ocrx_word' id='word_1_602' title='bbox 2435 3634 2591 3700; x_wconf 91' lang='lat' dir='ltr'><strong>Quis,</strong></span> <span class='ocrx_word' id='word_1_603' title='bbox 2623 3649 2772 3707; x_wconf 86' lang='lat' dir='ltr'><strong>rogo,</strong></span> <span class='ocrx_word' id='word_1_604' title='bbox 2793 3645 2900 3691; x_wconf 91' lang='lat' dir='ltr'><strong>tam</strong></span> <span class='ocrx_word' id='word_1_605' title='bbox 2934 3640 3255 3696; x_wconf 87' lang='lat' dir='ltr'><strong>temerarius</strong></span> <span class='ocrx_word' id='word_1_606' title='bbox 3271 3641 3648 3711; x_wconf 78' lang='lat' dir='ltr'><strong>‘ctimpudens</strong></span> <span class='ocrx_word' id='word_1_607' title='bbox 3675 3647 3753 3698; x_wconf 88' lang='lat' dir='ltr'><strong>in-</strong></span> 
     </span>
    </p>
   </div>
   <div class='ocr_carea' id='block_1_81' title="bbox 2175 3725 3754 3804">
    <p class='ocr_par' dir='ltr' id='par_1_81' title="bbox 2175 3725 3754 3804">
     <span class='ocr_line' id='line_1_81' title="bbox 2175 3725 3754 3804; baseline 0.009 -26"><span class='ocrx_word' id='word_1_608' title='bbox 2175 3725 2410 3793; x_wconf 88' lang='lat' dir='ltr'><strong>venitur,</strong></span> <span class='ocrx_word' id='word_1_609' title='bbox 2443 3727 2536 3796; x_wconf 93' lang='lat' dir='ltr'><strong>qui</strong></span> <span class='ocrx_word' id='word_1_610' title='bbox 2567 3725 2686 3782; x_wconf 90' lang='lat' dir='ltr'><strong>istis</strong></span> <span class='ocrx_word' id='word_1_611' title='bbox 2714 3730 3078 3785; x_wconf 86' lang='lat' dir='ltr'><strong>sacrosanctis</strong></span> <span class='ocrx_word' id='word_1_612' title='bbox 3105 3731 3330 3788; x_wconf 89' lang='lat' dir='ltr'><strong>vocibus</strong></span> <span class='ocrx_word' id='word_1_613' title='bbox 3371 3733 3484 3804; x_wconf 85' lang='lat'>(70)</span> <span class='ocrx_word' id='word_1_614' title='bbox 3514 3751 3629 3790; x_wconf 91' lang='lat' dir='ltr'><strong>non</strong></span> <span class='ocrx_word' id='word_1_615' title='bbox 3661 3753 3754 3792; x_wconf 84' lang='lat' dir='ltr'><strong>ac-</strong></span> 
     </span>
    </p>
   </div>
   <div class='ocr_carea' id='block_1_82' title="bbox 2174 3818 3752 3893">
    <p class='ocr_par' dir='ltr' id='par_1_82' title="bbox 2174 3818 3752 3893">
     <span class='ocr_line' id='line_1_82' title="bbox 2174 3818 3752 3893; baseline 0.008 -22"><span class='ocrx_word' id='word_1_616' title='bbox 2174 3818 2481 3872; x_wconf 89' lang='lat' dir='ltr'><strong>commodet</strong></span> <span class='ocrx_word' id='word_1_617' title='bbox 2528 3818 2722 3884; x_wconf 84' lang='lat' dir='ltr'><strong>lidem,</strong></span> <span class='ocrx_word' id='word_1_618' title='bbox 2774 3819 2829 3874; x_wconf 90' lang='lat' dir='ltr'><strong>in</strong></span> <span class='ocrx_word' id='word_1_619' title='bbox 2868 3821 3070 3891; x_wconf 90' lang='lat' dir='ltr'><strong>quibus</strong></span> <span class='ocrx_word' id='word_1_620' title='bbox 3115 3825 3263 3877; x_wconf 90' lang='lat' dir='ltr'><strong>nulla</strong></span> <span class='ocrx_word' id='word_1_621' title='bbox 3307 3833 3392 3879; x_wconf 89' lang='lat' dir='ltr'><strong>est</strong></span> <span class='ocrx_word' id='word_1_622' title='bbox 3436 3826 3752 3893; x_wconf 88' lang='lat' dir='ltr'><strong>distinctio,</strong></span> 
     </span>
    </p>
   </div>
   <div class='ocr_carea' id='block_1_83' title="bbox 2174 3909 3755 3984">
    <p class='ocr_par' dir='ltr' id='par_1_83' title="bbox 2174 3909 3755 3984">
     <span class='ocr_line' id='line_1_83' title="bbox 2174 3909 3755 3984; baseline 0.007 -20"><span class='ocrx_word' id='word_1_623' title='bbox 2174 3910 2318 3964; x_wconf 90' lang='lat' dir='ltr'><strong>nulla</strong></span> <span class='ocrx_word' id='word_1_624' title='bbox 2349 3909 2646 3964; x_wconf 88' lang='lat' dir='ltr'><strong>dubitatio?</strong></span> <span class='ocrx_word' id='word_1_625' title='bbox 2678 3909 2962 3979; x_wconf 88' lang='lat' dir='ltr'><strong>Quisnam,</strong></span> <span class='ocrx_word' id='word_1_626' title='bbox 2997 3929 3202 3984; x_wconf 75' lang='lat' dir='ltr'><strong>quaeso,</strong></span> <span class='ocrx_word' id='word_1_627' title='bbox 3229 3915 3390 3971; x_wconf 86' lang='lat' dir='ltr'><strong>etiam</strong></span> <span class='ocrx_word' id='word_1_628' title='bbox 3417 3928 3492 3981; x_wconf 91' lang='lat' dir='ltr'><strong>te,</strong></span> <span class='ocrx_word' id='word_1_629' title='bbox 3527 3933 3561 3973; x_wconf 91' lang='grc' dir='ltr'><strong>ο</strong></span> <span class='ocrx_word' id='word_1_630' title='bbox 3590 3921 3755 3975; x_wconf 88' lang='lat' dir='ltr'><strong>stulte</strong></span> 
     </span>
    </p>
   </div>
   <div class='ocr_carea' id='block_1_84' title="bbox 2172 4001 3754 4079">
    <p class='ocr_par' dir='ltr' id='par_1_84' title="bbox 2172 4001 3754 4079">
     <span class='ocr_line' id='line_1_84' title="bbox 2172 4001 3754 4079; baseline 0.008 -23"><span class='ocrx_word' id='word_1_631' title='bbox 2172 4001 2391 4069; x_wconf 82' lang='lat' dir='ltr'><strong>Galata,</strong></span> <span class='ocrx_word' id='word_1_632' title='bbox 2436 4001 2757 4071; x_wconf 81' lang='lat' dir='ltr'><strong>fascinavit,</strong></span> <span class='ocrx_word' id='word_1_633' title='bbox 2801 4005 2945 4061; x_wconf 87' lang='lat' dir='ltr'><strong>sicut</strong></span> <span class='ocrx_word' id='word_1_634' title='bbox 2987 4017 3041 4062; x_wconf 90' lang='lat' dir='ltr'><strong>et</strong></span> <span class='ocrx_word' id='word_1_635' title='bbox 3084 4008 3224 4075; x_wconf 90' lang='lat' dir='ltr'><strong>illos,</strong></span> <span class='ocrx_word' id='word_1_636' title='bbox 3282 4027 3302 4059; x_wconf 72' lang='grc' dir='ltr'>ί</span> <span class='ocrx_word' id='word_1_637' title='bbox 3345 4025 3584 4079; x_wconf 84' lang='lat' dir='ltr'><strong>quorum</strong></span> <span class='ocrx_word' id='word_1_638' title='bbox 3629 4023 3754 4068; x_wconf 83' lang='lat' dir='ltr'><strong>ante</strong></span> 
     </span>
    </p>
   </div>
   <div class='ocr_carea' id='block_1_85' title="bbox 2171 4091 3756 4172">
    <p class='ocr_par' dir='ltr' id='par_1_85' title="bbox 2171 4091 3756 4172">
     <span class='ocr_line' id='line_1_85' title="bbox 2171 4091 3756 4172; baseline 0.007 -24"><span class='ocrx_word' id='word_1_639' title='bbox 2171 4093 2362 4149; x_wconf 92' lang='lat' dir='ltr'><strong>oculos</strong></span> <span class='ocrx_word' id='word_1_640' title='bbox 2405 4091 2564 4149; x_wconf 83' lang='lat' dir='ltr'><strong>Jesus</strong></span> <span class='ocrx_word' id='word_1_641' title='bbox 2596 4093 2848 4152; x_wconf 89' lang='lat' dir='ltr'><strong>Christus</strong></span> <span class='ocrx_word' id='word_1_642' title='bbox 2898 4099 3197 4170; x_wconf 87' lang='lat' dir='ltr'><strong>rescriptus</strong></span> <span class='ocrx_word' id='word_1_643' title='bbox 3243 4110 3326 4156; x_wconf 89' lang='lat' dir='ltr'><strong>est</strong></span> <span class='ocrx_word' id='word_1_644' title='bbox 3370 4101 3484 4172; x_wconf 86' lang='lat'>(71)</span> <span class='ocrx_word' id='word_1_645' title='bbox 3526 4104 3756 4159; x_wconf 81' lang='lat' dir='ltr'><strong>cruciﬁ-</strong></span> 
     </span>
    </p>
   </div>
   <div class='ocr_carea' id='block_1_86' title="bbox 2173 4185 3752 4258">
    <p class='ocr_par' dir='ltr' id='par_1_86' title="bbox 2173 4185 3752 4258">
     <span class='ocr_line' id='line_1_86' title="bbox 2173 4185 3752 4258; baseline 0.006 -17"><span class='ocrx_word' id='word_1_646' title='bbox 2173 4202 2276 4243; x_wconf 82' lang='lat' dir='ltr'><strong>xus</strong></span> <span class='ocrx_word' id='word_1_647' title='bbox 2301 4186 2386 4240; x_wconf 76' lang='lat' dir='ltr'><strong>“‘t</strong></span> <span class='ocrx_word' id='word_1_648' title='bbox 2417 4205 2436 4239; x_wconf 72' lang='grc' dir='ltr'><strong><em>ι</em></strong></span> <span class='ocrx_word' id='word_1_649' title='bbox 2468 4185 2622 4258; x_wconf 79' lang='lat' dir='ltr'><strong>Unde</strong></span> <span class='ocrx_word' id='word_1_650' title='bbox 2655 4189 2891 4245; x_wconf 91' lang='lat' dir='ltr'><strong>arbitror</strong></span> <span class='ocrx_word' id='word_1_651' title='bbox 2923 4191 3167 4247; x_wconf 76' lang='lat' dir='ltr'><strong>suﬂicere</strong></span> <span class='ocrx_word' id='word_1_652' title='bbox 3196 4193 3308 4249; x_wconf 61' lang='lat' dir='ltr'><strong>hare</strong></span> <span class='ocrx_word' id='word_1_653' title='bbox 3340 4194 3661 4251; x_wconf 87' lang='lat' dir='ltr'><strong>testimonia</strong></span> <span class='ocrx_word' id='word_1_654' title='bbox 3685 4198 3752 4251; x_wconf 83' lang='lat' dir='ltr'><strong>ad</strong></span> 
     </span>
    </p>
   </div>
   <div class='ocr_carea' id='block_1_87' title="bbox 2171 4279 3744 4355">
    <p class='ocr_par' dir='ltr' id='par_1_87' title="bbox 2171 4279 3744 4355">
     <span class='ocr_line' id='line_1_87' title="bbox 2171 4279 3744 4355; baseline 0.004 -21"><span class='ocrx_word' id='word_1_655' title='bbox 2171 4280 2538 4335; x_wconf 89' lang='lat' dir='ltr'><strong>ostensionem</strong></span> <span class='ocrx_word' id='word_1_656' title='bbox 2570 4279 2762 4348; x_wconf 88' lang='lat' dir='ltr'><strong>judicii</strong></span> <span class='ocrx_word' id='word_1_657' title='bbox 2807 4292 2862 4336; x_wconf 90' lang='lat' dir='ltr'><strong>et</strong></span> <span class='ocrx_word' id='word_1_658' title='bbox 2902 4284 3318 4340; x_wconf 85' lang='lat' dir='ltr'><strong>resurrectionis</strong></span> <span class='ocrx_word' id='word_1_659' title='bbox 3352 4295 3404 4339; x_wconf 91' lang='lat' dir='ltr'><strong>et</strong></span> <span class='ocrx_word' id='word_1_660' title='bbox 3439 4287 3744 4355; x_wconf 88' lang='lat' dir='ltr'><strong>passionis,</strong></span> 
     </span>
    </p>
   </div>
   <div class='ocr_carea' id='block_1_88' title="bbox 2169 4360 3749 4447">
    <p class='ocr_par' dir='ltr' id='par_1_88' title="bbox 2169 4360 3749 4447">
     <span class='ocr_line' id='line_1_88' title="bbox 2169 4360 3749 4447; baseline 0.005 -22"><span class='ocrx_word' id='word_1_661' title='bbox 2169 4372 2370 4443; x_wconf 84' lang='lat' dir='ltr'><strong>quibus</strong></span> <span class='ocrx_word' id='word_1_662' title='bbox 2387 4381 2783 4444; x_wconf 89' lang='lat' dir='ltr'><strong>consequenter</strong></span> <span class='ocrx_word' id='word_1_663' title='bbox 2800 4381 2854 4428; x_wconf 90' lang='lat' dir='ltr'><strong>et</strong></span> <span class='ocrx_word' id='word_1_664' title='bbox 2870 4360 3074 4445; x_wconf 82' lang='lat' dir='ltr'><strong>pariter</strong></span> <span class='ocrx_word' id='word_1_665' title='bbox 3089 4391 3156 4430; x_wconf 66' lang='grc' dir='ltr'><em>εχ</em></span> <span class='ocrx_word' id='word_1_666' title='bbox 3177 4374 3342 4430; x_wconf 84' lang='lat' dir='ltr'><strong>Maria</strong></span> <span class='ocrx_word' id='word_1_667' title='bbox 3362 4388 3558 4447; x_wconf 89' lang='lat' dir='ltr'><strong>partus</strong></span> <span class='ocrx_word' id='word_1_668' title='bbox 3571 4389 3749 4435; x_wconf 87' lang='lat' dir='ltr'><strong>osten.</strong></span> 
     </span>
    </p>
   </div>
   <div class='ocr_carea' id='block_1_89' title="bbox 2170 4464 3746 4538">
    <p class='ocr_par' dir='ltr' id='par_1_89' title="bbox 2170 4464 3746 4538">
     <span class='ocr_line' id='line_1_89' title="bbox 2170 4464 3746 4538; baseline 0.004 -18"><span class='ocrx_word' id='word_1_669' title='bbox 2170 4466 2336 4520; x_wconf 91' lang='lat' dir='ltr'><strong>ditur.</strong></span> <span class='ocrx_word' id='word_1_670' title='bbox 2367 4464 2506 4532; x_wconf 79' lang='lat' dir='ltr'><strong>Quid</strong></span> <span class='ocrx_word' id='word_1_671' title='bbox 2535 4468 2706 4532; x_wconf 90' lang='lat' dir='ltr'><strong>enim,</strong></span> <span class='ocrx_word' id='word_1_672' title='bbox 2736 4468 2784 4524; x_wconf 89' lang='lat' dir='ltr'><strong>si</strong></span> <span class='ocrx_word' id='word_1_673' title='bbox 2813 4478 2870 4523; x_wconf 91' lang='lat' dir='ltr'><strong>tu</strong></span> <span class='ocrx_word' id='word_1_674' title='bbox 2911 4468 3053 4524; x_wconf 91' lang='lat' dir='ltr'><strong>nolis</strong></span> <span class='ocrx_word' id='word_1_675' title='bbox 3083 4469 3444 4538; x_wconf 85' lang='lat' dir='ltr'><strong>asquiescere,</strong></span> <span class='ocrx_word' id='word_1_676' title='bbox 3491 4471 3595 4526; x_wconf 85' lang='lat' dir='ltr'><strong>sed</strong></span> <span class='ocrx_word' id='word_1_677' title='bbox 3636 4475 3746 4526; x_wconf 73' lang='lat' dir='ltr'><strong>eri-</strong></span> 
     </span>
    </p>
   </div>
   <div class='ocr_carea' id='block_1_90' title="bbox 496 4545 3746 4631">
    <p class='ocr_par' dir='ltr' id='par_1_90' title="bbox 496 4545 3746 4631">
     <span class='ocr_line' id='line_1_90' title="bbox 496 4545 3746 4631; baseline 0.002 -21"><span class='ocrx_word' id='word_1_678' title='bbox 496 4568 758 4630; x_wconf 82' lang='lat' dir='ltr'><strong>resurget.</strong></span> <span class='ocrx_word' id='word_1_679' title='bbox 803 4559 959 4628; x_wconf 89' lang='lat' dir='ltr'><strong>Quod</strong></span> <span class='ocrx_word' id='word_1_680' title='bbox 1005 4561 1052 4616; x_wconf 91' lang='lat' dir='ltr'><strong>si</strong></span> <span class='ocrx_word' id='word_1_681' title='bbox 1108 4561 1290 4616; x_wconf 90' lang='lat' dir='ltr'><strong>nullus</strong></span> <span class='ocrx_word' id='word_1_682' title='bbox 1339 4567 1607 4631; x_wconf 82' lang='lat' dir='ltr'><strong>resurget,</strong></span> <span class='ocrx_word' id='word_1_683' title='bbox 1653 4574 1754 4614; x_wconf 91' lang='lat' dir='ltr'><strong>nec</strong></span> <span class='ocrx_word' id='word_1_684' title='bbox 1800 4559 2066 4628; x_wconf 83' lang='lat' dir='ltr'><strong>judicium</strong></span> <span class='ocrx_word' id='word_1_685' title='bbox 2104 4545 2146 4599; x_wconf 80' lang='lat' dir='ltr'><strong>D</strong></span> <span class='ocrx_word' id='word_1_686' title='bbox 2173 4558 2493 4615; x_wconf 88' lang='lat' dir='ltr'><strong>dentissime</strong></span> <span class='ocrx_word' id='word_1_687' title='bbox 2535 4557 2816 4630; x_wconf 89' lang='lat' dir='ltr'><strong>Scriptura</strong></span> <span class='ocrx_word' id='word_1_688' title='bbox 2853 4559 3193 4630; x_wconf 77' lang='lat' dir='ltr'><strong>proclamet?</strong></span> <span class='ocrx_word' id='word_1_689' title='bbox 3234 4558 3614 4616; x_wconf 78' lang='lat' dir='ltr'><strong>Verumtamen</strong></span> <span class='ocrx_word' id='word_1_690' title='bbox 3663 4563 3746 4615; x_wconf 75' lang='lat' dir='ltr'><strong>in-</strong></span> 
     </span>
    </p>
   </div>
   <div class='ocr_carea' id='block_1_91' title="bbox 493 4651 2070 4724">
    <p class='ocr_par' dir='ltr' id='par_1_91' title="bbox 493 4651 2070 4724">
     <span class='ocr_line' id='line_1_91' title="bbox 493 4651 2070 4724; baseline 0.003 -21"><span class='ocrx_word' id='word_1_691' title='bbox 493 4653 616 4706; x_wconf 90' lang='lat' dir='ltr'><strong>erit.</strong></span> <span class='ocrx_word' id='word_1_692' title='bbox 650 4651 868 4708; x_wconf 90' lang='lat' dir='ltr'><strong>Certum</strong></span> <span class='ocrx_word' id='word_1_693' title='bbox 897 4662 982 4709; x_wconf 91' lang='lat' dir='ltr'><strong>est</strong></span> <span class='ocrx_word' id='word_1_694' title='bbox 1012 4653 1179 4722; x_wconf 90' lang='lat' dir='ltr'><strong>enim,</strong></span> <span class='ocrx_word' id='word_1_695' title='bbox 1206 4653 1331 4724; x_wconf 80' lang='lat' dir='ltr'><strong>quia</strong></span> <span class='ocrx_word' id='word_1_696' title='bbox 1367 4652 1415 4708; x_wconf 88' lang='lat' dir='ltr'><strong>si</strong></span> <span class='ocrx_word' id='word_1_697' title='bbox 1459 4665 1568 4706; x_wconf 91' lang='lat' dir='ltr'><strong>non</strong></span> <span class='ocrx_word' id='word_1_698' title='bbox 1615 4666 1921 4723; x_wconf 83' lang='lat' dir='ltr'><strong>resurgam,</strong></span> <span class='ocrx_word' id='word_1_699' title='bbox 1970 4668 2070 4708; x_wconf 91' lang='lat' dir='ltr'><strong>nec</strong></span> 
     </span>
    </p>
   </div>
   <div class='ocr_carea' id='block_1_92' title="bbox 565 4831 1027 4959">
    <p class='ocr_par' dir='ltr' id='par_1_92' title="bbox 565 4831 1027 4959">
     <span class='ocr_line' id='line_1_92' title="bbox 565 4831 1027 4959; baseline 0.002 -70"><span class='ocrx_word' id='word_1_700' title='bbox 565 4835 584 4865; x_wconf 78' lang='grc'>⁸</span> <span class='ocrx_word' id='word_1_701' title='bbox 618 4831 643 4959; x_wconf 53' lang='grc' dir='ltr'><strong><em>ἶ</em></strong></span> <span class='ocrx_word' id='word_1_702' title='bbox 667 4833 792 4892; x_wconf 91' lang='lat' dir='ltr'><strong>Cor.</strong></span> <span class='ocrx_word' id='word_1_703' title='bbox 821 4851 910 4901; x_wconf 86' lang='lat' dir='ltr'><strong>xv,</strong></span> <span class='ocrx_word' id='word_1_704' title='bbox 938 4835 1027 4892; x_wconf 72' lang='lat'><strong>32.</strong></span> 
     </span>
    </p>
   </div>
   <div class='ocr_carea' id='block_1_93' title="bbox 1125 4836 2068 4904">
    <p class='ocr_par' dir='ltr' id='par_1_93' title="bbox 1125 4836 2068 4904">
     <span class='ocr_line' id='line_1_93' title="bbox 1125 4836 2068 4904; baseline -0.001 -11"><span class='ocrx_word' id='word_1_705' title='bbox 1125 4839 1144 4869; x_wconf 83' lang='grc'><strong>⁷</strong></span> <span class='ocrx_word' id='word_1_706' title='bbox 1183 4836 1358 4894; x_wconf 84' lang='lat' dir='ltr'><strong>Galat.</strong></span> <span class='ocrx_word' id='word_1_707' title='bbox 1395 4855 1467 4903; x_wconf 89' lang='lat' dir='ltr'><strong>tv,</strong></span> <span class='ocrx_word' id='word_1_708' title='bbox 1497 4838 1551 4894; x_wconf 73' lang='lat'><strong>4.</strong></span> <span class='ocrx_word' id='word_1_709' title='bbox 1643 4839 1664 4869; x_wconf 82' lang='grc'><strong>⁸</strong></span> <span class='ocrx_word' id='word_1_710' title='bbox 1706 4836 1725 4891; x_wconf 87' lang='grc'><strong>1</strong></span> <span class='ocrx_word' id='word_1_711' title='bbox 1757 4837 1885 4894; x_wconf 91' lang='lat' dir='ltr'><strong>Cor.</strong></span> <span class='ocrx_word' id='word_1_712' title='bbox 1916 4855 1972 4904; x_wconf 87' lang='lat' dir='ltr'><strong>v,</strong></span> <span class='ocrx_word' id='word_1_713' title='bbox 2011 4837 2068 4892; x_wconf 83' lang='lat'><strong>7.</strong></span> 
     </span>
    </p>
   </div>
   <div class='ocr_carea' id='block_1_94' title="bbox 567 5047 2058 5122">
    <p class='ocr_par' dir='ltr' id='par_1_94' title="bbox 567 5047 2058 5122">
     <span class='ocr_line' id='line_1_94' title="bbox 567 5047 2058 5122; baseline 0.001 -20"><span class='ocrx_word' id='word_1_714' title='bbox 567 5047 678 5117; x_wconf 85' lang='lat'>(65)</span> <span class='ocrx_word' id='word_1_715' title='bbox 716 5049 778 5101; x_wconf 89' lang='lat' dir='ltr'><strong>1n</strong></span> <span class='ocrx_word' id='word_1_716' title='bbox 809 5047 993 5122; x_wconf 66' lang='lat' dir='ltr'><strong>codice</strong></span> <span class='ocrx_word' id='word_1_717' title='bbox 1019 5049 1322 5122; x_wconf 87' lang='lat' dir='ltr'><strong>Casinensi,</strong></span> <span class='ocrx_word' id='word_1_718' title='bbox 1353 5071 1371 5104; x_wconf 74' lang='grc' dir='ltr'>ι</span> <span class='ocrx_word' id='word_1_719' title='bbox 1399 5067 1464 5108; x_wconf 89' lang='lat' dir='ltr'><strong>ac</strong></span> <span class='ocrx_word' id='word_1_720' title='bbox 1492 5049 1707 5122; x_wconf 88' lang='lat' dir='ltr'><strong>pondus</strong></span> <span class='ocrx_word' id='word_1_721' title='bbox 1747 5049 1942 5122; x_wconf 86' lang='lat' dir='ltr'><strong>bellico</strong></span> <span class='ocrx_word' id='word_1_722' title='bbox 1976 5057 2058 5122; x_wconf 80' lang='lat' dir='ltr'><strong>to-</strong></span> 
     </span>
    </p>
   </div>
   <div class='ocr_carea' id='block_1_95' title="bbox 497 5117 2057 5203">
    <p class='ocr_par' dir='ltr' id='par_1_95' title="bbox 497 5117 2057 5203">
     <span class='ocr_line' id='line_1_95' title="bbox 497 5117 2057 5203; baseline 0.001 -31"><span class='ocrx_word' id='word_1_723' title='bbox 497 5121 750 5203; x_wconf 55' lang='lat' dir='ltr'><strong>lerarunt.</strong></span> <span class='ocrx_word' id='word_1_724' title='bbox 785 5136 804 5170; x_wconf 76' lang='grc' dir='ltr'><strong><em>ι</em></strong></span> <span class='ocrx_word' id='word_1_725' title='bbox 834 5117 1400 5203; x_wconf 54' lang='lat' dir='ltr'><strong>liosemcpdavimus,</strong></span> <span class='ocrx_word' id='word_1_726' title='bbox 1427 5117 1511 5203; x_wconf 57' lang='grc' dir='ltr'><em>ξε</em></span> <span class='ocrx_word' id='word_1_727' title='bbox 1523 5123 1736 5203; x_wconf 87' lang='lat' dir='ltr'><strong>pondus</strong></span> <span class='ocrx_word' id='word_1_728' title='bbox 1765 5121 1888 5174; x_wconf 91' lang='lat' dir='ltr'><strong>belli</strong></span> <span class='ocrx_word' id='word_1_729' title='bbox 1913 5120 2057 5201; x_wconf 45' lang='lat' dir='ltr'><strong>.tole-</strong></span> 
     </span>
    </p>
   </div>
   <div class='ocr_carea' id='block_1_96' title="bbox 496 5187 2056 5262">
    <p class='ocr_par' dir='ltr' id='par_1_96' title="bbox 496 5187 2056 5262">
     <span class='ocr_line' id='line_1_96' title="bbox 496 5187 2056 5262; baseline 0.002 -20"><span class='ocrx_word' id='word_1_730' title='bbox 496 5195 766 5244; x_wconf 87' lang='lat' dir='ltr'><strong>raverant.</strong></span> <span class='ocrx_word' id='word_1_731' title='bbox 796 5206 815 5240; x_wconf 74' lang='grc' dir='ltr'><strong><em>ι</em></strong></span> <span class='ocrx_word' id='word_1_732' title='bbox 847 5187 1494 5262; x_wconf 16' lang='grc' dir='ltr'><strong>Εεηαβεεηιωηειιίτιιᾱίε</strong></span> <span class='ocrx_word' id='word_1_733' title='bbox 1521 5187 1789 5262; x_wconf 83' lang='lat' dir='ltr'><strong>interpres</strong></span> <span class='ocrx_word' id='word_1_734' title='bbox 1819 5191 2056 5261; x_wconf 85' lang='lat' dir='ltr'><strong>scripse-</strong></span> 
     </span>
    </p>
   </div>
   <div class='ocr_carea' id='block_1_97' title="bbox 495 5258 1700 5329">
    <p class='ocr_par' dir='ltr' id='par_1_97' title="bbox 495 5258 1700 5329">
     <span class='ocr_line' id='line_1_97' title="bbox 495 5258 1700 5329; baseline 0.001 -17"><span class='ocrx_word' id='word_1_735' title='bbox 495 5269 598 5323; x_wconf 91' lang='lat' dir='ltr'><strong>rat,</strong></span> <span class='ocrx_word' id='word_1_736' title='bbox 631 5276 649 5310; x_wconf 84' lang='grc'><strong>‹</strong></span> <span class='ocrx_word' id='word_1_737' title='bbox 681 5274 744 5329; x_wconf 84' lang='lat' dir='ltr'><strong>ac</strong></span> <span class='ocrx_word' id='word_1_738' title='bbox 770 5259 983 5329; x_wconf 88' lang='lat' dir='ltr'><strong>pondus</strong></span> <span class='ocrx_word' id='word_1_739' title='bbox 1006 5258 1129 5313; x_wconf 89' lang='lat' dir='ltr'><strong>belli</strong></span> <span class='ocrx_word' id='word_1_740' title='bbox 1156 5261 1642 5318; x_wconf 88' lang='lat' dir='ltr'><strong>contoleraverant.</strong></span> <span class='ocrx_word' id='word_1_741' title='bbox 1665 5258 1700 5313; x_wconf 74' lang='grc' dir='ltr'><strong><em>ἰ</em></strong></span> 
     </span>
    </p>
   </div>
   <div class='ocr_carea' id='block_1_98' title="bbox 563 5328 2050 5400">
    <p class='ocr_par' dir='ltr' id='par_1_98' title="bbox 563 5328 2050 5400">
     <span class='ocr_line' id='line_1_98' title="bbox 563 5328 2050 5400; baseline 0.003 -19"><span class='ocrx_word' id='word_1_742' title='bbox 563 5329 676 5400; x_wconf 80' lang='lat'>(66)</span> <span class='ocrx_word' id='word_1_743' title='bbox 714 5328 790 5400; x_wconf 80' lang='lat' dir='ltr'><strong>Ita</strong></span> <span class='ocrx_word' id='word_1_744' title='bbox 818 5329 1103 5400; x_wconf 89' lang='lat' dir='ltr'><strong>legendum</strong></span> <span class='ocrx_word' id='word_1_745' title='bbox 1134 5333 1342 5398; x_wconf 89' lang='lat' dir='ltr'><strong>censui,</strong></span> <span class='ocrx_word' id='word_1_746' title='bbox 1393 5333 1517 5386; x_wconf 89' lang='lat' dir='ltr'><strong>licet</strong></span> <span class='ocrx_word' id='word_1_747' title='bbox 1563 5333 1621 5386; x_wconf 89' lang='lat' dir='ltr'><strong>in</strong></span> <span class='ocrx_word' id='word_1_748' title='bbox 1663 5332 1851 5388; x_wconf 89' lang='lat' dir='ltr'><strong>codice</strong></span> <span class='ocrx_word' id='word_1_749' title='bbox 1891 5330 2050 5387; x_wconf 86' lang='lat' dir='ltr'><strong>Casi-</strong></span> 
     </span>
    </p>
   </div>
   <div class='ocr_carea' id='block_1_99' title="bbox 495 5399 1592 5473">
    <p class='ocr_par' dir='ltr' id='par_1_99' title="bbox 495 5399 1592 5473">
     <span class='ocr_line' id='line_1_99' title="bbox 495 5399 1592 5473; baseline 0.004 -22"><span class='ocrx_word' id='word_1_750' title='bbox 495 5399 665 5473; x_wconf 65' lang='lat' dir='ltr'><strong>nen__si_</strong></span> <span class='ocrx_word' id='word_1_751' title='bbox 683 5399 970 5473; x_wconf 75' lang='lat' dir='ltr'><strong>scribatur,</strong></span> <span class='ocrx_word' id='word_1_752' title='bbox 999 5417 1035 5473; x_wconf 77' lang='lat'><strong>¢_</strong></span> <span class='ocrx_word' id='word_1_753' title='bbox 1046 5401 1258 5473; x_wconf 73' lang='lat' dir='ltr'><strong>negatis</strong></span> <span class='ocrx_word' id='word_1_754' title='bbox 1292 5403 1344 5457; x_wconf 93' lang='lat' dir='ltr'><strong>id</strong></span> <span class='ocrx_word' id='word_1_755' title='bbox 1373 5403 1538 5473; x_wconf 90' lang='lat' dir='ltr'><strong>quod.</strong></span> <span class='ocrx_word' id='word_1_756' title='bbox 1573 5421 1592 5455; x_wconf 76' lang='grc' dir='ltr'><strong><em>ι</em></strong></span> 
     </span>
    </p>
   </div>
   <div class='ocr_carea' id='block_1_100' title="bbox 564 5467 2049 5542">
    <p class='ocr_par' dir='ltr' id='par_1_100' title="bbox 564 5467 2049 5542">
     <span class='ocr_line' id='line_1_100' title="bbox 564 5467 2049 5542; baseline 0.002 -19"><span class='ocrx_word' id='word_1_757' title='bbox 564 5467 688 5542; x_wconf 31' lang='grc'>(67)-</span> <span class='ocrx_word' id='word_1_758' title='bbox 714 5469 940 5542; x_wconf 49' lang='lat' dir='ltr'><strong>Vulgata</strong></span> <span class='ocrx_word' id='word_1_759' title='bbox 969 5467 1148 5542; x_wconf 73' lang='lat' dir='ltr'><strong>editio</strong></span> <span class='ocrx_word' id='word_1_760' title='bbox 1154 5471 1368 5542; x_wconf 10' lang='lat' dir='ltr'><strong>(Graec</strong></span> <span class='ocrx_word' id='word_1_761' title='bbox 1392 5467 1573 5528; x_wconf 68' lang='lat' dir='ltr'><strong>&#39;textui</strong></span> <span class='ocrx_word' id='word_1_762' title='bbox 1602 5488 1847 5530; x_wconf 90' lang='lat' dir='ltr'><strong>consona</strong></span> <span class='ocrx_word' id='word_1_763' title='bbox 1892 5470 2049 5542; x_wconf 86' lang='lat' dir='ltr'><strong>legit:</strong></span> 
     </span>
    </p>
   </div>
   <div class='ocr_carea' id='block_1_101' title="bbox 498 5539 2053 5614">
    <p class='ocr_par' dir='ltr' id='par_1_101' title="bbox 498 5539 2053 5614">
     <span class='ocr_line' id='line_1_101' title="bbox 498 5539 2053 5614; baseline 0.005 -27"><span class='ocrx_word' id='word_1_764' title='bbox 498 5557 518 5587; x_wconf 71' lang='grc' dir='ltr'>ς</span> <span class='ocrx_word' id='word_1_765' title='bbox 546 5540 612 5592; x_wconf 89' lang='lat' dir='ltr'><strong>At</strong></span> <span class='ocrx_word' id='word_1_766' title='bbox 639 5539 730 5594; x_wconf 89' lang='lat' dir='ltr'><strong>ubi</strong></span> <span class='ocrx_word' id='word_1_767' title='bbox 749 5540 1525 5614; x_wconf 88' lang='lat' dir='ltr'><strong>_venit_plenitudo_temporis;</strong></span> <span class='ocrx_word' id='word_1_768' title='bbox 1562 5562 1580 5596; x_wconf 82' lang='grc'>›</span> <span class='ocrx_word' id='word_1_769' title='bbox 1612 5560 1842 5614; x_wconf 90' lang='lat' dir='ltr'><strong>eamque</strong></span> <span class='ocrx_word' id='word_1_770' title='bbox 1862 5539 2053 5597; x_wconf 75' lang='lat' dir='ltr'><strong>lectio-</strong></span> 
     </span>
    </p>
   </div>
   <div class='ocr_carea' id='block_1_102' title="bbox 492 5609 2055 5730">
    <p class='ocr_par' dir='ltr' id='par_1_102' title="bbox 492 5609 2055 5730">
     <span class='ocr_line' id='line_1_102' title="bbox 492 5609 2055 5730; baseline 0.005 -71"><span class='ocrx_word' id='word_1_771' title='bbox 492 5622 614 5730; x_wconf 59' lang='lat' dir='ltr'><strong>nﬁpt</strong></span> <span class='ocrx_word' id='word_1_772' title='bbox 646 5609 876 5677; x_wconf 89' lang='lat' dir='ltr'><strong>probant</strong></span> <span class='ocrx_word' id='word_1_773' title='bbox 919 5609 1173 5681; x_wconf 69' lang='lat' dir='ltr'><strong>Irenaeus,</strong></span> <span class='ocrx_word' id='word_1_774' title='bbox 1215 5609 1598 5679; x_wconf 80' lang='lat' dir='ltr'><strong>Tertullianns,</strong></span> <span class='ocrx_word' id='word_1_775' title='bbox 1639 5609 1944 5685; x_wconf 75' lang='lat' dir='ltr'><strong>Cyprianus</strong></span> <span class='ocrx_word' id='word_1_776' title='bbox 2001 5619 2055 5667; x_wconf 90' lang='lat' dir='ltr'><strong>et</strong></span> 
     </span>
     <span class='ocr_line' id='line_1_103' title="bbox 492 5694 602 5730; baseline -0.009 0"><span class='ocrx_word' id='word_1_777' title='bbox 492 5694 521 5730; x_wconf 71' lang='lat'><strong>8</strong></span> <span class='ocrx_word' id='word_1_778' title='bbox 588 5715 602 5729; x_wconf 85' lang='lat'><em>.</em></span> 
     </span>
    </p>
   </div>
   <div class='ocr_carea' id='block_1_103' title="bbox 491 5694 602 5731">
    <p class='ocr_par' dir='ltr' id='par_1_103' title="bbox 491 5694 602 5731">
     <span class='ocr_line' id='line_1_104' title="bbox 491 5694 602 5731; baseline -0.027 0"><span class='ocrx_word' id='word_1_779' title='bbox 491 5694 602 5731; x_wconf 71' lang='grc'><strong>3111.</strong></span> 
     </span>
    </p>
   </div>
   <div class='ocr_carea' id='block_1_104' title="bbox 565 5743 2051 5818">
    <p class='ocr_par' dir='ltr' id='par_1_104' title="bbox 565 5743 2051 5818">
     <span class='ocr_line' id='line_1_105' title="bbox 565 5743 2051 5818; baseline 0.005 -17"><span class='ocrx_word' id='word_1_780' title='bbox 565 5743 675 5818; x_wconf 70' lang='grc' dir='ltr'>(ϐξ)</span> <span class='ocrx_word' id='word_1_781' title='bbox 712 5744 911 5818; x_wconf 69' lang='lat' dir='ltr'><strong>Yet-ba,</strong></span> <span class='ocrx_word' id='word_1_782' title='bbox 940 5766 962 5802; x_wconf 70' lang='grc' dir='ltr'>ι</span> <span class='ocrx_word' id='word_1_783' title='bbox 994 5765 1117 5806; x_wconf 88' lang='lat' dir='ltr'><strong>cum</strong></span> <span class='ocrx_word' id='word_1_784' title='bbox 1144 5750 1260 5816; x_wconf 90' lang='lat' dir='ltr'><strong>illo,</strong></span> <span class='ocrx_word' id='word_1_785' title='bbox 1292 5772 1310 5805; x_wconf 78' lang='grc' dir='ltr'><strong><em>ι</em></strong></span> <span class='ocrx_word' id='word_1_786' title='bbox 1343 5767 1450 5808; x_wconf 91' lang='lat' dir='ltr'><strong>non</strong></span> <span class='ocrx_word' id='word_1_787' title='bbox 1483 5753 1683 5809; x_wconf 88' lang='lat' dir='ltr'><strong>habent</strong></span> <span class='ocrx_word' id='word_1_788' title='bbox 1719 5755 1926 5818; x_wconf 67' lang='lat' dir='ltr'><strong>Graeca,</strong></span> <span class='ocrx_word' id='word_1_789' title='bbox 1957 5768 2051 5808; x_wconf 87' lang='lat' dir='ltr'><strong>ne—</strong></span> 
     </span>
    </p>
   </div>
   <div class='ocr_carea' id='block_1_105' title="bbox 495 5817 2046 5906">
    <p class='ocr_par' dir='ltr' id='par_1_105' title="bbox 495 5817 2046 5906">
     <span class='ocr_line' id='line_1_106' title="bbox 495 5817 2046 5906; baseline 0.007 -37"><span class='ocrx_word' id='word_1_790' title='bbox 495 5831 600 5887; x_wconf 90' lang='lat' dir='ltr'><strong>que</strong></span> <span class='ocrx_word' id='word_1_791' title='bbox 627 5817 1082 5906; x_wconf 70' lang='lat' dir='ltr'><strong>vulgata,_neque</strong></span> <span class='ocrx_word' id='word_1_792' title='bbox 1109 5823 1344 5883; x_wconf 61' lang='lat' dir='ltr'><strong>[renatus</strong></span> <span class='ocrx_word' id='word_1_793' title='bbox 1385 5824 1480 5880; x_wconf 86' lang='lat' dir='ltr'><strong>lib.</strong></span> <span class='ocrx_word' id='word_1_794' title='bbox 1521 5841 1552 5880; x_wconf 92' lang='lat' dir='ltr'><strong>v</strong></span> <span class='ocrx_word' id='word_1_795' title='bbox 1593 5825 1845 5880; x_wconf 75' lang='lat' dir='ltr'><strong>Adversus</strong></span> <span class='ocrx_word' id='word_1_796' title='bbox 1891 5817 2046 5888; x_wconf 66' lang='lat' dir='ltr'><strong>Itan,</strong></span> 
     </span>
    </p>
   </div>
   <div class='ocr_carea' id='block_1_106' title="bbox 2176 4651 3748 4723">
    <p class='ocr_par' dir='ltr' id='par_1_106' title="bbox 2176 4651 3748 4723">
     <span class='ocr_line' id='line_1_107' title="bbox 2176 4651 3748 4723; baseline 0.002 -17"><span class='ocrx_word' id='word_1_797' title='bbox 2176 4652 2460 4722; x_wconf 85' lang='lat' dir='ltr'><strong>terrogabo</strong></span> <span class='ocrx_word' id='word_1_798' title='bbox 2486 4661 2541 4708; x_wconf 87' lang='lat' dir='ltr'><strong>te</strong></span> <span class='ocrx_word' id='word_1_799' title='bbox 2567 4670 2581 4706; x_wconf 89' lang='lat'>:</span> <span class='ocrx_word' id='word_1_800' title='bbox 2610 4660 2664 4708; x_wconf 87' lang='lat' dir='ltr'><strong>tu</strong></span> <span class='ocrx_word' id='word_1_801' title='bbox 2696 4661 2876 4708; x_wconf 89' lang='lat' dir='ltr'><strong>autem</strong></span> <span class='ocrx_word' id='word_1_802' title='bbox 2903 4651 3038 4706; x_wconf 88' lang='lat' dir='ltr'><strong>mihi</strong></span> <span class='ocrx_word' id='word_1_803' title='bbox 3082 4653 3364 4723; x_wconf 88' lang='lat' dir='ltr'><strong>responde.</strong></span> <span class='ocrx_word' id='word_1_804' title='bbox 3395 4651 3636 4720; x_wconf 86' lang='lat' dir='ltr'><strong>Quando</strong></span> <span class='ocrx_word' id='word_1_805' title='bbox 3659 4653 3748 4709; x_wconf 76' lang='lat' dir='ltr'><strong>Je-</strong></span> 
     </span>
    </p>
   </div>
   <div class='ocr_carea' id='block_1_107' title="bbox 2178 4834 3746 4908">
    <p class='ocr_par' dir='ltr' id='par_1_107' title="bbox 2178 4834 3746 4908">
     <span class='ocr_line' id='line_1_108' title="bbox 2178 4834 3746 4908; baseline 0.003 -13"><span class='ocrx_word' id='word_1_806' title='bbox 2178 4839 2211 4896; x_wconf 80' lang='grc'><strong>’.</strong></span> <span class='ocrx_word' id='word_1_807' title='bbox 2241 4838 2261 4891; x_wconf 84' lang='grc' dir='ltr'>Ι</span> <span class='ocrx_word' id='word_1_808' title='bbox 2291 4836 2419 4892; x_wconf 80' lang='lat' dir='ltr'><strong>Cor.</strong></span> <span class='ocrx_word' id='word_1_809' title='bbox 2459 4854 2533 4906; x_wconf 86' lang='lat' dir='ltr'><strong>vr,</strong></span> <span class='ocrx_word' id='word_1_810' title='bbox 2564 4837 2650 4893; x_wconf 69' lang='grc'><strong>14.</strong></span> <span class='ocrx_word' id='word_1_811' title='bbox 2759 4838 2828 4908; x_wconf 61' lang='grc' dir='ltr'><strong>,ίο</strong></span> <span class='ocrx_word' id='word_1_812' title='bbox 2867 4836 2884 4891; x_wconf 90' lang='grc' dir='ltr'><strong>Ι</strong></span> <span class='ocrx_word' id='word_1_813' title='bbox 2913 4834 3043 4894; x_wconf 89' lang='lat' dir='ltr'><strong>Cor.</strong></span> <span class='ocrx_word' id='word_1_814' title='bbox 3073 4854 3162 4904; x_wconf 84' lang='lat' dir='ltr'><strong>xv,</strong></span> <span class='ocrx_word' id='word_1_815' title='bbox 3192 4838 3375 4895; x_wconf 72' lang='lat'><strong>12-20.</strong></span> <span class='ocrx_word' id='word_1_816' title='bbox 3488 4841 3531 4873; x_wconf 84' lang='lat'>“</span> <span class='ocrx_word' id='word_1_817' title='bbox 3565 4842 3746 4901; x_wconf 80' lang='lat' dir='ltr'><strong>Galat.</strong></span> 
     </span>
    </p>
   </div>
   <div class='ocr_carea' id='block_1_108' title="bbox 2165 5047 3745 5119">
    <p class='ocr_par' dir='ltr' id='par_1_108' title="bbox 2165 5047 3745 5119">
     <span class='ocr_line' id='line_1_109' title="bbox 2165 5047 3745 5119; baseline 0.002 -15"><span class='ocrx_word' id='word_1_818' title='bbox 2165 5064 2285 5119; x_wconf 90' lang='lat' dir='ltr'><strong>cap.</strong></span> <span class='ocrx_word' id='word_1_819' title='bbox 2319 5049 2352 5103; x_wconf 84' lang='grc'>6</span> <span class='ocrx_word' id='word_1_820' title='bbox 2375 5059 2429 5104; x_wconf 80' lang='lat' dir='ltr'><strong>et</strong></span> <span class='ocrx_word' id='word_1_821' title='bbox 2451 5049 2503 5114; x_wconf 87' lang='lat'><strong>7,</strong></span> <span class='ocrx_word' id='word_1_822' title='bbox 2528 5064 2703 5119; x_wconf 88' lang='lat' dir='ltr'><strong>neque</strong></span> <span class='ocrx_word' id='word_1_823' title='bbox 2732 5047 3097 5104; x_wconf 90' lang='lat' dir='ltr'><strong>Tertulliauus</strong></span> <span class='ocrx_word' id='word_1_824' title='bbox 3121 5049 3212 5103; x_wconf 88' lang='lat' dir='ltr'><strong>lib.</strong></span> <span class='ocrx_word' id='word_1_825' title='bbox 3238 5065 3270 5102; x_wconf 89' lang='lat' dir='ltr'><strong>v</strong></span> <span class='ocrx_word' id='word_1_826' title='bbox 3311 5050 3565 5106; x_wconf 71' lang='lat' dir='ltr'><strong>adversus</strong></span> <span class='ocrx_word' id='word_1_827' title='bbox 3593 5053 3745 5107; x_wconf 70' lang='lat' dir='ltr'><strong>Har-</strong></span> 
     </span>
    </p>
   </div>
   <div class='ocr_carea' id='block_1_109' title="bbox 2163 5119 3740 5192">
    <p class='ocr_par' dir='ltr' id='par_1_109' title="bbox 2163 5119 3740 5192">
     <span class='ocr_line' id='line_1_110' title="bbox 2163 5119 3740 5192; baseline 0.003 -18"><span class='ocrx_word' id='word_1_828' title='bbox 2163 5121 2532 5192; x_wconf 28' lang='lat' dir='ltr'><strong>cion‘emtcap.</strong></span> <span class='ocrx_word' id='word_1_829' title='bbox 2565 5119 2618 5192; x_wconf 55' lang='grc' dir='ltr'><strong>ἶ,</strong></span> <span class='ocrx_word' id='word_1_830' title='bbox 2649 5135 2824 5192; x_wconf 64' lang='lat' dir='ltr'><strong>neque</strong></span> <span class='ocrx_word' id='word_1_831' title='bbox 2849 5121 2902 5173; x_wconf 91' lang='lat' dir='ltr'><strong>in</strong></span> <span class='ocrx_word' id='word_1_832' title='bbox 2937 5121 3074 5192; x_wconf 83' lang='lat' dir='ltr'><strong>libro</strong></span> <span class='ocrx_word' id='word_1_833' title='bbox 3099 5119 3175 5172; x_wconf 87' lang='lat' dir='ltr'><strong>De</strong></span> <span class='ocrx_word' id='word_1_834' title='bbox 3193 5119 3472 5192; x_wconf 68' lang='lat' dir='ltr'><strong>pudicitia,</strong></span> <span class='ocrx_word' id='word_1_835' title='bbox 3494 5137 3621 5192; x_wconf 86' lang='lat' dir='ltr'><strong>cap.</strong></span> <span class='ocrx_word' id='word_1_836' title='bbox 3650 5126 3740 5179; x_wconf 80' lang='grc'><strong>16.</strong></span> 
     </span>
    </p>
   </div>
   <div class='ocr_carea' id='block_1_110' title="bbox 2240 5189 3742 5259">
    <p class='ocr_par' dir='ltr' id='par_1_110' title="bbox 2240 5189 3742 5259">
     <span class='ocr_line' id='line_1_111' title="bbox 2240 5189 3742 5259; baseline 0.004 -15"><span class='ocrx_word' id='word_1_837' title='bbox 2240 5189 2350 5259; x_wconf 88' lang='grc'>(69)</span> <span class='ocrx_word' id='word_1_838' title='bbox 2391 5191 2447 5243; x_wconf 89' lang='lat' dir='ltr'><strong>ln</strong></span> <span class='ocrx_word' id='word_1_839' title='bbox 2483 5189 2667 5245; x_wconf 91' lang='lat' dir='ltr'><strong>codice</strong></span> <span class='ocrx_word' id='word_1_840' title='bbox 2700 5189 2980 5245; x_wconf 87' lang='lat' dir='ltr'><strong>Casinensi</strong></span> <span class='ocrx_word' id='word_1_841' title='bbox 3007 5199 3110 5254; x_wconf 91' lang='lat' dir='ltr'><strong>est,</strong></span> <span class='ocrx_word' id='word_1_842' title='bbox 3143 5207 3162 5240; x_wconf 69' lang='grc' dir='ltr'><strong><em>α</em></strong></span> <span class='ocrx_word' id='word_1_843' title='bbox 3191 5191 3246 5259; x_wconf 79' lang='lat' dir='ltr'><strong>in</strong></span> <span class='ocrx_word' id='word_1_844' title='bbox 3284 5190 3463 5257; x_wconf 87' lang='lat' dir='ltr'><strong>nobis,</strong></span> <span class='ocrx_word' id='word_1_845' title='bbox 3499 5211 3518 5244; x_wconf 72' lang='grc' dir='ltr'><em>ι</em></span> <span class='ocrx_word' id='word_1_846' title='bbox 3566 5189 3618 5248; x_wconf 79' lang='lat' dir='ltr'><strong>et</strong></span> <span class='ocrx_word' id='word_1_847' title='bbox 3656 5197 3742 5250; x_wconf 80' lang='lat' dir='ltr'><strong>in-</strong></span> 
     </span>
    </p>
   </div>
   <div class='ocr_carea' id='block_1_111' title="bbox 2165 5258 3741 5332">
    <p class='ocr_par' dir='ltr' id='par_1_111' title="bbox 2165 5258 3741 5332">
     <span class='ocr_line' id='line_1_112' title="bbox 2165 5258 3741 5332; baseline 0.004 -18"><span class='ocrx_word' id='word_1_848' title='bbox 2165 5258 2268 5327; x_wconf 67' lang='lat' dir='ltr'><strong>ira,</strong></span> <span class='ocrx_word' id='word_1_849' title='bbox 2315 5280 2335 5313; x_wconf 76' lang='lat' dir='ltr'><strong>r</strong></span> <span class='ocrx_word' id='word_1_850' title='bbox 2383 5275 2520 5315; x_wconf 89' lang='lat' dir='ltr'><strong>vana</strong></span> <span class='ocrx_word' id='word_1_851' title='bbox 2563 5269 2648 5332; x_wconf 82' lang='lat' dir='ltr'><strong>est</strong></span> <span class='ocrx_word' id='word_1_852' title='bbox 2694 5260 2827 5316; x_wconf 80' lang='lat' dir='ltr'><strong>ﬁdes</strong></span> <span class='ocrx_word' id='word_1_853' title='bbox 2891 5271 3092 5314; x_wconf 89' lang='lat' dir='ltr'><strong>nostra.</strong></span> <span class='ocrx_word' id='word_1_854' title='bbox 3126 5277 3145 5310; x_wconf 77' lang='grc' dir='ltr'><strong><em>ι</em></strong></span> <span class='ocrx_word' id='word_1_855' title='bbox 3181 5258 3284 5314; x_wconf 90' lang='lat' dir='ltr'><strong>Sed</strong></span> <span class='ocrx_word' id='word_1_856' title='bbox 3333 5260 3581 5332; x_wconf 57' lang='lat' dir='ltr'><strong>Vulgata:</strong></span> <span class='ocrx_word' id='word_1_857' title='bbox 3627 5265 3741 5320; x_wconf 86' lang='lat' dir='ltr'><strong>lec-</strong></span> 
     </span>
    </p>
   </div>
   <div class='ocr_carea' id='block_1_112' title="bbox 2164 5330 3740 5400">
    <p class='ocr_par' dir='ltr' id='par_1_112' title="bbox 2164 5330 3740 5400">
     <span class='ocr_line' id='line_1_113' title="bbox 2164 5330 3740 5400; baseline 0.003 -15"><span class='ocrx_word' id='word_1_858' title='bbox 2164 5332 2241 5385; x_wconf 89' lang='lat' dir='ltr'><strong>tio</strong></span> <span class='ocrx_word' id='word_1_859' title='bbox 2281 5332 2409 5386; x_wconf 91' lang='lat' dir='ltr'><strong>huic</strong></span> <span class='ocrx_word' id='word_1_860' title='bbox 2456 5330 2808 5400; x_wconf 64' lang='lat' dir='ltr'><strong>prmferenda,</strong></span> <span class='ocrx_word' id='word_1_861' title='bbox 2850 5339 3034 5398; x_wconf 88' lang='lat' dir='ltr'><strong>utpote</strong></span> <span class='ocrx_word' id='word_1_862' title='bbox 3071 5344 3190 5400; x_wconf 55' lang='lat' dir='ltr'><strong>qua!</strong></span> <span class='ocrx_word' id='word_1_863' title='bbox 3224 5345 3291 5385; x_wconf 87' lang='lat' dir='ltr'><strong>ex</strong></span> <span class='ocrx_word' id='word_1_864' title='bbox 3335 5330 3547 5387; x_wconf 83' lang='lat' dir='ltr'><strong>librarii</strong></span> <span class='ocrx_word' id='word_1_865' title='bbox 3594 5340 3740 5390; x_wconf 80' lang='lat' dir='ltr'><strong>osci-</strong></span> 
     </span>
    </p>
   </div>
   <div class='ocr_carea' id='block_1_113' title="bbox 2166 5401 3737 5470">
    <p class='ocr_par' dir='ltr' id='par_1_113' title="bbox 2166 5401 3737 5470">
     <span class='ocr_line' id='line_1_114' title="bbox 2166 5401 3737 5470; baseline 0.004 -17"><span class='ocrx_word' id='word_1_866' title='bbox 2166 5402 2334 5455; x_wconf 88' lang='lat' dir='ltr'><strong>tantia</strong></span> <span class='ocrx_word' id='word_1_867' title='bbox 2366 5402 2610 5456; x_wconf 89' lang='lat' dir='ltr'><strong>videatur</strong></span> <span class='ocrx_word' id='word_1_868' title='bbox 2647 5412 2854 5457; x_wconf 79' lang='lat' dir='ltr'><strong>exorta.</strong></span> <span class='ocrx_word' id='word_1_869' title='bbox 2898 5401 3127 5455; x_wconf 79' lang='lat' dir='ltr'><strong>lrenaeus</strong></span> <span class='ocrx_word' id='word_1_870' title='bbox 3177 5416 3415 5470; x_wconf 92' lang='lat' dir='ltr'><strong>quoque,</strong></span> <span class='ocrx_word' id='word_1_871' title='bbox 3440 5401 3737 5460; x_wconf 83' lang='lat' dir='ltr'><strong>Tertullia-</strong></span> 
     </span>
    </p>
   </div>
   <div class='ocr_carea' id='block_1_114' title="bbox 2157 5471 3731 5542">
    <p class='ocr_par' dir='ltr' id='par_1_114' title="bbox 2157 5471 3731 5542">
     <span class='ocr_line' id='line_1_115' title="bbox 2157 5471 3731 5542; baseline 0.004 -17"><span class='ocrx_word' id='word_1_872' title='bbox 2157 5487 2282 5542; x_wconf 89' lang='lat' dir='ltr'><strong>nus,</strong></span> <span class='ocrx_word' id='word_1_873' title='bbox 2295 5471 2603 5542; x_wconf 83' lang='lat' dir='ltr'><strong>Cyprianus</strong></span> <span class='ocrx_word' id='word_1_874' title='bbox 2619 5473 2817 5542; x_wconf 88' lang='lat' dir='ltr'><strong>aliique</strong></span> <span class='ocrx_word' id='word_1_875' title='bbox 2830 5471 3071 5542; x_wconf 73' lang='lat' dir='ltr'><strong>Vulgata:</strong></span> <span class='ocrx_word' id='word_1_876' title='bbox 3089 5471 3367 5542; x_wconf 84' lang='lat' dir='ltr'><strong>lectionem</strong></span> <span class='ocrx_word' id='word_1_877' title='bbox 3397 5487 3731 5542; x_wconf 80' lang='lat' dir='ltr'><strong>sequuntur.</strong></span> 
     </span>
    </p>
   </div>
   <div class='ocr_carea' id='block_1_115' title="bbox 2227 5540 3736 5612">
    <p class='ocr_par' dir='ltr' id='par_1_115' title="bbox 2227 5540 3736 5612">
     <span class='ocr_line' id='line_1_116' title="bbox 2227 5540 3736 5612; baseline 0.006 -20"><span class='ocrx_word' id='word_1_878' title='bbox 2227 5540 2339 5611; x_wconf 85' lang='lat'>(70)</span> <span class='ocrx_word' id='word_1_879' title='bbox 2385 5540 2438 5595; x_wconf 88' lang='lat' dir='ltr'><strong>In</strong></span> <span class='ocrx_word' id='word_1_880' title='bbox 2469 5545 2656 5597; x_wconf 85' lang='lat' dir='ltr'><strong>eodem</strong></span> <span class='ocrx_word' id='word_1_881' title='bbox 2690 5540 2874 5598; x_wconf 84' lang='lat' dir='ltr'><strong>codice</strong></span> <span class='ocrx_word' id='word_1_882' title='bbox 2905 5540 3120 5612; x_wconf 81' lang='lat' dir='ltr'><strong>legitur,</strong></span> <span class='ocrx_word' id='word_1_883' title='bbox 3163 5561 3181 5612; x_wconf 66' lang='grc' dir='ltr'><em>ᾳ</em></span> <span class='ocrx_word' id='word_1_884' title='bbox 3211 5543 3303 5610; x_wconf 91' lang='lat' dir='ltr'><strong>qui</strong></span> <span class='ocrx_word' id='word_1_885' title='bbox 3338 5540 3496 5596; x_wconf 62' lang='lat' dir='ltr'><strong>istan]</strong></span> <span class='ocrx_word' id='word_1_886' title='bbox 3541 5561 3736 5601; x_wconf 89' lang='lat' dir='ltr'><strong>sacro-</strong></span> 
     </span>
    </p>
   </div>
   <div class='ocr_carea' id='block_1_116' title="bbox 2157 5611 3732 5682">
    <p class='ocr_par' dir='ltr' id='par_1_116' title="bbox 2157 5611 3732 5682">
     <span class='ocr_line' id='line_1_117' title="bbox 2157 5611 3732 5682; baseline 0.005 -18"><span class='ocrx_word' id='word_1_887' title='bbox 2157 5621 2402 5665; x_wconf 85' lang='lat' dir='ltr'><strong>sanctam</strong></span> <span class='ocrx_word' id='word_1_888' title='bbox 2443 5613 2670 5668; x_wconf 91' lang='lat' dir='ltr'><strong>vocibus</strong></span> <span class='ocrx_word' id='word_1_889' title='bbox 2693 5653 2708 5678; x_wconf 96' lang='lat'><strong>,</strong></span> <span class='ocrx_word' id='word_1_890' title='bbox 2743 5633 2760 5666; x_wconf 78' lang='grc' dir='ltr'><strong><em>ι</em></strong></span> <span class='ocrx_word' id='word_1_891' title='bbox 2799 5625 2926 5680; x_wconf 85' lang='grc' dir='ltr'><em>ειε.,</em></span> <span class='ocrx_word' id='word_1_892' title='bbox 2969 5611 3210 5677; x_wconf 80' lang='lat' dir='ltr'><strong>librarii,</strong></span> <span class='ocrx_word' id='word_1_893' title='bbox 3248 5620 3306 5666; x_wconf 92' lang='lat' dir='ltr'><strong>ut</strong></span> <span class='ocrx_word' id='word_1_894' title='bbox 3343 5615 3602 5682; x_wconf 84' lang='lat' dir='ltr'><strong>arbitror,</strong></span> <span class='ocrx_word' id='word_1_895' title='bbox 3641 5631 3732 5672; x_wconf 83' lang='lat' dir='ltr'><strong>er—</strong></span> 
     </span>
    </p>
   </div>
   <div class='ocr_carea' id='block_1_117' title="bbox 2157 5697 2297 5735">
    <p class='ocr_par' dir='ltr' id='par_1_117' title="bbox 2157 5697 2297 5735">
     <span class='ocr_line' id='line_1_118' title="bbox 2157 5697 2297 5735; baseline -0.014 -1"><span class='ocrx_word' id='word_1_896' title='bbox 2157 5697 2297 5735; x_wconf 89' lang='lat' dir='ltr'><strong>rore.</strong></span> 
     </span>
    </p>
   </div>
   <div class='ocr_carea' id='block_1_118' title="bbox 2227 5749 3731 5827">
    <p class='ocr_par' dir='ltr' id='par_1_118' title="bbox 2227 5749 3731 5827">
     <span class='ocr_line' id='line_1_119' title="bbox 2227 5749 3731 5827; baseline 0.008 -25"><span class='ocrx_word' id='word_1_897' title='bbox 2227 5749 2336 5818; x_wconf 84' lang='lat' dir='ltr'>(7t)</span> <span class='ocrx_word' id='word_1_898' title='bbox 2376 5751 2618 5825; x_wconf 77' lang='lat' dir='ltr'><strong>Vulgata:</strong></span> <span class='ocrx_word' id='word_1_899' title='bbox 2655 5758 2904 5814; x_wconf 87' lang='lat' dir='ltr'><strong>editionis</strong></span> <span class='ocrx_word' id='word_1_900' title='bbox 2937 5756 3127 5810; x_wconf 89' lang='lat' dir='ltr'><strong>melior</strong></span> <span class='ocrx_word' id='word_1_901' title='bbox 3169 5752 3360 5820; x_wconf 89' lang='lat' dir='ltr'><strong>lectio,</strong></span> <span class='ocrx_word' id='word_1_902' title='bbox 3411 5775 3430 5806; x_wconf 72' lang='grc' dir='ltr'>ι</span> <span class='ocrx_word' id='word_1_903' title='bbox 3469 5759 3731 5827; x_wconf 64' lang='lat' dir='ltr'><strong>prrescri-</strong></span> 
     </span>
    </p>
   </div>
   <div class='ocr_carea' id='block_1_119' title="bbox 2155 5830 2457 5890">
    <p class='ocr_par' dir='ltr' id='par_1_119' title="bbox 2155 5830 2457 5890">
     <span class='ocr_line' id='line_1_120' title="bbox 2155 5830 2457 5890; baseline 0.003 -16"><span class='ocrx_word' id='word_1_904' title='bbox 2155 5830 2279 5890; x_wconf 82' lang='lat' dir='ltr'><strong>plus</strong></span> <span class='ocrx_word' id='word_1_905' title='bbox 2303 5833 2404 5877; x_wconf 86' lang='lat' dir='ltr'><strong>est.</strong></span> <span class='ocrx_word' id='word_1_906' title='bbox 2438 5843 2457 5875; x_wconf 70' lang='grc' dir='ltr'><strong><em>ι</em></strong></span> 
     </span>
    </p>
   </div>
  </div>
