3982 6346
321 372 460 430 1513

1421 374 1564 433 CUM
1601 372 1884 436 MANETE
1920 376 2457 440 HERESIARCHA.

3417 397 3551 454 15H

317 520 414 561 sus
436 504 504 560 de
542 498 752 559 Joanne
780 500 1151 557 testimonium
1197 500 1322 570 dat,
1366 511 1421 558 et
1464 503 1714 568 dicebat,
1754 507 1882 576 quia
1910 511 1957 567 Α
1985 520 2044 559 re
2074 520 2198 562 esse
2233 507 2505 578 upinaris,
2557 510 2612 565 id
2638 519 2722 567 est
2764 513 2856 584 qui
2916 529 3046 571 caro
3089 523 3146 571 et
3191 519 3416 587 sanguis.
3461 524 3555 576 sit.

321 616 340 647 c
370 596 542 667 nm'or
566 596 621 650 in
655 594 798 650 natis
827 594 1118 650 mulierum
1162 593 1343 650 nullus
1391 596 1630 652 surrexit
1671 594 1881 654 Joanne

312 687 584 757 Baptista;
609 687 703 756 qui
741 696 919 741 autem
965 686 1147 741 minor
1171 694 1257 742 est
1294 687 1350 742 in
1382 702 1552 758 regno
1589 689 1876 755 ctelorum,

310 780 488 850 major
514 788 599 837 est
624 778 719 837 illo
740 779 814 845 ¹²;
846 797 867 831 t
895 777 987 833 dic
1025 778 1160 834 mihi
1192 793 1301 849 qua
1344 777 1555 834 ratione
1581 777 1754 849 major
1785 779 1879 834 illo

307 871 472 927 estin
502 885 671 943 regno
710 871 1009 927 calorum?
1046 870 1303 941 Nunquid
1345 868 1506 926 Jesus
1547 870 1726 926 minor
1759 881 1879 928 erat

306 962 516 1020 Joanne
538 963 591 1020 in
620 977 786 1035 regno
805 963 1106 1021 caelorum?
1132 962 1283 1028 Dico,
1307 962 1450 1018 absit
1467 961 1602 1033 (72).
1632 960 1728 1019 Dic
1746 978 1876 1035 ergo

307 1056 364 1110 in
391 1069 522 1126 quo,
562 1063 622 1110 ut
645 1055 728 1111 vel
759 1065 810 1110 te
839 1056 1016 1127 ipsum
1051 1068 1308 1125 superare
1345 1054 1564 1124 possis?
1605 1053 1735 1111 Sine
1764 1055 1877 1110 du-

305 1146 398 1202 bio
416 1148 604 1206 minor
632 1155 748 1203 erat
774 1146 983 1203 Joanne
1011 1146 1172 1203 Jesus
1204 1146 1343 1201 inter
1370 1154 1529 1200 natos
1558 1146 1870 1215 mulierum;

305 1239 361 1294 in
391 1254 558 1311 regno
581 1247 764 1295 autem
793 1240 1056 1296 caelorum
1083 1238 1262 1309 major
1291 1238 1386 1293 illo
1426 1248 1561 1293 erat.
1609 1238 1707 1293 Dic
1740 1239 1872 1295 mihi

304 1332 438 1388 illud
470 1332 655 1399 etiam,
693 1347 728 1387 o
764 1331 1089 1398 Manichaee;
1125 1332 1170 1388 si
1199 1332 1282 1387 ais
1306 1331 1584 1387 Christum
1612 1346 1722 1387 non
1750 1346 1872 1388 esse

299 1442 367 1481 ex
386 1425 552 1483 Maria
575 1435 786 1493 natum,
812 1426 906 1483 sed
922 1425 1240 1497 apparuisse
1257 1422 1476 1494 quidem
1499 1422 1867 1489 uthominem,

298 1535 425 1573 cum
452 1519 617 1575 homo
643 1534 752 1574 non
784 1527 946 1584 esset,
980 1526 1269 1589 praestante
1296 1517 1400 1573 hoc
1435 1525 1490 1572 et
1529 1525 1722 1588 agente
1757 1516 1869 1570 vir-

297 1619 414 1668 tute
437 1626 559 1682 quae
591 1611 645 1666 in
675 1612 797 1682 ipso
817 1620 932 1677 est;
956 1610 1044 1666 dic
1067 1610 1226 1677 mihi,
1256 1623 1419 1678 super
1441 1624 1602 1679 quem
1629 1607 1867 1679 Spiritus

294 1721 521 1769 sanctus
563 1713 704 1768 sicut
750 1712 1004 1768 columba
1045 1710 1519 1776 descendit?Quis
1557 1718 1640 1765 est
1678 1711 1863 1775 etiam,

293 1804 391 1875 qui
419 1804 725 1874 baptizatur
751 1818 781 1859 a
806 1802 1050 1860 Joanne?
1079 1803 1138 1859 Si
1169 1800 1444 1873 perfectus
1466 1809 1604 1865 erat,
1634 1802 1679 1855 si
1695 1800 1865 1856 Filius

291 1904 433 1963 erat,
463 1896 509 1952 si
544 1897 719 1952 virtus
750 1905 902 1963 erat,
940 1912 1049 1952 non
1090 1904 1304 1966 poterat
1337 1893 1572 1964 Spiritus
1616 1893 1860 1964 ingredi,

291 1986 436 2041 sicut
458 2001 557 2041 nec
578 2000 800 2057 regnum
821 1995 999 2057 potest
1020 1984 1228 2056 ingredi
1257 1984 1396 2038 intra
1417 1998 1665 2054 regnum.
1692 1981 1863 2053 Cujus

287 2089 473 2134 autem
499 2078 549 2134 ei
595 2079 810 2134 cmlitus
848 2079 1048 2133 emissa
1101 2092 1205 2131 vox
1258 2076 1627 2131 testimonium
1670 2074 1864 2130 detulit

284 2172 512 2227 dicens:
547 2191 565 2226 ι
600 2171 700 2227 llic
729 2181 810 2227 est
842 2169 1010 2225 Filius
1039 2186 1194 2225 meus
1225 2169 1475 2233 dilectus,
1502 2169 1555 2222 in
1586 2183 1695 2238 quo
1724 2168 1863 2223 bene

286 2264 590 2335 complacui
617 2265 695 2320 “2
722 2284 741 2317 ι
776 2264 868 2319 Dic
894 2279 1013 2333 age,
1066 2262 1201 2345 nihil
1245 2264 1569 2326 remoreris;
1601 2260 1725 2332 quis
1773 2261 1861 2316 ille

281 2364 391 2423 est,
415 2356 509 2425 qui
539 2364 694 2426 parat
716 2356 834 2410 haec
864 2354 1085 2420 omnia;
1130 2353 1224 2423 qui
1269 2353 1381 2424 agit
1420 2352 1711 2406 universa?
1756 2352 1861 2405 lie-

284 2446 494 2515 sponde
518 2465 530 2501 :
560 2446 705 2500 itane
728 2444 1118 2516 blasphemiam
1142 2459 1239 2514 pro
1281 2444 1491 2499 ratione
1519 2444 1860 2513 impudenter

283 2548 509 2619 allegas,
532 2558 587 2604 et
608 2548 809 2606 inferre
834 2549 1052 2605 conaris
1078 2548 1232 2620 (75)?

353 2682 419 2742 L.
453 2682 638 2739 Hane:
662 2684 800 2739 dixit
826 2697 846 2737 :
870 2681 1041 2740 Nemo
1063 2684 1282 2753 quidem
1311 2684 1405 2754 qui
1428 2682 1718 2739 adversum
1740 2682 1857 2739 haec

280 2792 408 2848 qua:
436 2792 467 2832 a
502 2787 553 2833 te
581 2776 725 2832 dicta
755 2784 903 2843 sunt,
934 2777 1261 2847 respondere
1307 2776 1564 2847 potuerit,
1604 2775 1858 2846 blasphe-

280 2870 409 2924 mite
453 2870 659 2925 crimen
694 2870 953 2936 incurrit,
995 2870 1128 2940 quin
1174 2869 1354 2939 potius
1393 2877 1479 2924 est
1514 2868 1662 2922 omni
1698 2867 1856 2923 laude

278 2960 654 3032 dignissimus.
682 2961 906 3033 Oportet
925 2961 1069 3017 enim
1091 2962 1350 3017 artificem
1372 2961 1536 3017 rebus
1561 2959 1855 3031 propositis

278 3053 640 3124 responsione
674 3052 960 3122 diligenter
1007 3061 1213 3123 aptata,
1259 3050 1548 3108 manifesta
1596 3051 1852 3107 omnibus

277 3163 344 3204 ea
379 3146 447 3203 de
477 3148 677 3218 quibus
704 3148 967 3219 quaeritur
1005 3147 1089 3201 vel
1128 3146 1430 3214 dubitatur,
1464 3146 1769 3213 ostendere,
1798 3156 1853 3202 et

278 3242 517 3298 maxime
557 3241 760 3297 idiotis.
805 3238 872 3294 Et
913 3239 1173 3310 quoniam
1214 3239 1311 3293 tibi
1344 3240 1608 3294 doctrinae
1651 3248 1851 3295 nostra:

278 3349 388 3389 non
412 3334 587 3402 placet
607 3332 768 3398 ratio,
793 3340 1052 3401 tanquam
1079 3330 1273 3385 artifex
1300 3330 1494 3397 bonus,
1516 3331 1679 3384 etiam
1708 3330 1849 3385 hanc

288 3425 421 3480 mihi
453 3424 803 3494 quaestionem
836 3422 1225 3478 rationabiliter
1247 3422 1484 3477 exsolve.
1530 3420 1661 3475 Mihi
1702 3420 1847 3475 enim

278 3516 427 3585 pium
446 3516 660 3569 videtur
675 3514 875 3577 dicere,
893 3512 1036 3583 quod
1068 3512 1202 3567 nihil
1223 3513 1432 3582 eguerit
1455 3512 1625 3568 Filius
1652 3512 1769 3578 Dei,
1791 3515 1848 3569 in

287 3623 353 3661 eo
373 3606 519 3677 quod
547 3605 812 3660 adventus
845 3604 964 3674 ejus
992 3614 1314 3673 procuratur
1337 3606 1404 3660 ad
1434 3616 1639 3673 terras;
1672 3621 1848 3677 neque

284 3721 423 3776 opus
436 3705 683 3761 habuerit
698 3704 971 3766 columba,
990 3720 1166 3774 neque
1182 3704 1524 3774 baptismate,
1541 3722 1715 3776 neque
1733 3723 1850 3762 ma-

278 3790 562 3869 tre',neque
579 3797 855 3864 fratribus,
874 3799 1289 3869 furtasseneque
1304 3807 1477 3868 patre,
1490 3799 1584 3870 qui
1597 3800 1645 3854 ei
1661 3816 1825 3856 secun

279 3893 409 3948 dum
425 3904 475 3947 te
489 3892 580 3947 fuit
594 3891 825 3962 .loseph;
852 3893 945 3947 sed
970 3900 1114 3947 totus
1138 3891 1226 3946 ille
1248 3892 1360 3962 ipse
1374 3892 1728 3959 descendens,
1759 3909 1847 3949 se-

276 3986 568 4056 metipsum
599 3985 653 4039 in
689 4000 1016 4055 quocunque
1036 3984 1205 4040 voluit
1232 3986 1640 4041 transformavit
1668 3988 1721 4041 in
1745 3987 1845 4043 ho-

275 4077 498 4141 minem,
525 4090 592 4131 eo
618 4086 776 4146 pacto
804 4092 912 4146 quo
935 4075 1136 4132 Paulus
1163 4076 1314 4140 dicit,
1339 4077 1466 4149 quia
1496 4097 1514 4130 t
1551 4079 1735 4133 habitu
1760 4094 1845 4134 re-

273 4182 459 4244 pertus
491 4185 573 4229 est
602 4183 662 4229 ut
696 4175 859 4230 homo
885 4174 949 4230 “.
987 4195 1006 4227 ι
1033 4174 1204 4246 Cujus
1233 4177 1396 4248 igitur
1446 4180 1524 4234 rei
1554 4180 1845 4251 indigucrit

273 4265 322 4321 is
350 4267 442 4337 qui
468 4267 819 4337 semetipsum
851 4268 906 4321 in
933 4268 1114 4322 omnia
1142 4269 1564 4338 transformarit,
1595 4273 1838 4327 ostende.

270 4359 500 4427 Quando
532 4360 677 4415 enim
706 4361 893 4426 voluit,
920 4361 1064 4417 hunc
1111 4362 1386 4417 hominem
1419 4381 1634 4420 rursum
1660 4374 1842 4423 trans-

270 4451 524 4507 formavit
544 4451 599 4505 in
634 4451 867 4521 speciem
899 4452 1032 4507 solis
1062 4468 1124 4507 ac
1142 4453 1542 4522 vultum.Quod
1573 4456 1619 4510 si
1646 4472 1840 4515 rursus

1980 594 2212 654 Necesse
2238 608 2323 653 est
2354 615 2519 670 ergo,
2558 612 2612 657 et
2658 603 2942 675 Spiritum,
2976 607 3071 677 qui
3113 608 3257 664 sicut
3299 610 3557 668 columba

1979 690 2229 759 apparuit
2254 692 2321 756 ³³,
2351 708 2460 747 non
2486 693 2634 750 aliud
2662 711 2783 752 esse
2810 713 2974 768 quam
3002 701 3307 757 naturalem
3334 704 3522 760 colum
3541 733 3558 744 -

1979 778 2135 847 bam;
2167 780 2305 836 sicut
2334 781 2487 837 homo
2530 784 2675 840 enim
2707 787 2911 843 dictum
2944 800 3049 857 est,
3089 801 3145 847 et
3172 793 3312 847 sicut
3346 794 3556 849 colum-

1977 869 2066 937 ba,
2103 880 2159 927 et
2202 872 2567 945 quodcunque
2612 877 2826 946 epinari
2873 888 3051 949 potest
3093 881 3162 941 de
3201 898 3268 938 eo
3297 898 3550 942 sermone

1976 963 2122 1034 quod
2180 965 2385 1021 dictum
2430 975 2547 1036 est,
2594 970 2732 1022 sicut
2776 970 2961 1037 homo,
2996 973 3100 1029 hac
3139 976 3395 1045 opinione
3435 978 3547 1050 (74)

1974 1055 2200 1126 concipe
2229 1057 2391 1113 etiam
2420 1058 2487 1114 de
2525 1075 2610 1127 eo,
2640 1061 2785 1126 quod
2816 1063 3019 1119 dictum
3047 1075 3150 1131 est,
3177 1068 3317 1123 sicut
3346 1068 3550 1124 colum-

1974 1145 2071 1211 ba;
2103 1163 2324 1204 necesse
2351 1158 2437 1205 est
2467 1160 2524 1206 et
2551 1151 2666 1208 haec
2697 1155 2975 1223 aequaliter
3003 1159 3263 1228 recipere,
3294 1162 3367 1217 ita
3397 1164 3547 1221 enim

1974 1237 2031 1292 in
2060 1236 2357 1309 Scripturis
2386 1257 2508 1312 quae
2541 1243 2608 1298 de
2644 1260 2707 1300 eo
2739 1246 2939 1317 scripta
2980 1260 3145 1317 sunt,
3172 1253 3542 1312 inveniuntur.

1974 1330 2262 1386 Archelaus
2287 1333 2424 1390 dixit
2449 1352 2467 1389 :
2502 1333 2653 1392 Sicut
2681 1338 2777 1392 tibi
2812 1339 2928 1408 ipse
2950 1356 3057 1395 nou
3078 1353 3252 1412 potes,
3283 1354 3544 1417 tanquam

1972 1419 2151 1477 bonus
2182 1422 2397 1489 artifex,
2434 1441 2610 1496 neque
2638 1442 2738 1498 ego
2773 1429 2869 1484 tibi
2907 1430 3049 1487 hanc
3077 1436 3431 1503 quaestionem
3455 1440 3544 1495 di-

1970 1513 2199 1582 ligenter
2227 1527 2463 1586 aptatam
2492 1507 2894 1578 tuanifcstarem
2922 1536 3085 1596 atque
3118 1528 3404 1587 manifeste
3426 1534 3542 1591 dis-

1970 1606 2233 1662 solverem
2259 1609 2398 1680 (75),
2432 1611 2534 1667 nisi
2564 1625 2781 1683 propter
2811 1616 2910 1672 hos
2939 1619 3033 1687 qui
3066 1622 3334 1679 assistunt
3356 1636 3409 1681 et
3446 1629 3542 1698 qui

1969 1712 2072 1754 nos
2111 1701 2379 1757 audiunt:
2418 1713 2471 1759 ct
2523 1705 2664 1774 ideo,
2712 1708 2851 1764 sicut
2889 1716 3176 1783 convenit,
3222 1721 3542 1788 qumstionis

1969 1789 2137 1860 hujus
2169 1809 2386 1865 quoque
2413 1811 2679 1867 exponam
2710 1802 2998 1880 rationem.
3033 1804 3154 1863 Tibi
3185 1812 3405 1881 quidem
3429 1832 3539 1872 non

1968 1882 2179 1939 videtur
2210 1888 2298 1956 pie
2329 1889 2457 1954 dici,
2489 1900 2716 1947 matrem
2748 1895 3007 1953 habuisse
3050 1897 3236 1957 Jesum
3283 1904 3538 1977 Mariam,

1966 1983 2021 2028 et
2048 1977 2251 2049 reliqua
2275 1996 2394 2049 qua:
2414 1997 2561 2037 nunc
2581 1997 2904 2053 prosecutus
2924 2003 3005 2053 es,
3033 2006 3153 2060 quae
3177 1994 3395 2063 quidem
3419 2016 3541 2054 om-

1964 2068 2056 2122 nia
2105 2080 2346 2139 repetere
2398 2074 2776 2143 perhorresco.
2826 2075 3368 2155 lnterdum‘quidam
3414 2091 3537 2160 cogi

1964 2161 2104 2216 solet
2131 2164 2323 2220 artifex
2368 2177 2587 2238 propter
2634 2170 2958 2240 imperitiam
3007 2176 3311 2235 resistentis
3354 2181 3536 2238 dicere

1964 2263 2017 2309 et
2049 2254 2229 2312 facere
2257 2273 2319 2312 ea
2347 2276 2468 2329 quae
2497 2271 2709 2332 tempus
2741 2275 2989 2334 recusat;
3017 2275 3073 2323 et
3098 2269 3221 2326 ideo
3244 2273 3371 2342 quia
3399 2276 3535 2331 mihi

1959 2357 2044 2402 est
2073 2349 2216 2405 illata
2246 2354 2544 2410 necessitas
2574 2366 2796 2427 propter
2820 2371 3140 2429 praesentem
3183 2367 3418 2435 turbam,
3460 2372 3530 2427 ad

1960 2456 2022 2494 ca
2051 2457 2169 2511 qua:
2198 2458 2228 2496 a
2260 2453 2311 2498 te
2340 2459 2447 2499 non
2479 2456 2624 2502 recte
2667 2448 2813 2505 dicta
2864 2461 3025 2520 sunt,
3073 2457 3263 2525 paucis
3298 2473 3531 2531 respon-

1958 2532 2115 2587 deam
2141 2533 2274 2605 (76).
2325 2534 2420 2590 hic
2443 2551 2573 2608 ergo
2604 2539 2737 2593 mihi
2804 2541 2852 2596 si
2887 2540 3073 2600 Iesum
3124 2547 3404 2606 hominem
3432 2567 3523 2607 ua~

1959 2625 2205 2680 turaliter
2236 2625 2437 2683 factum
2472 2629 2898 2690 intellexerimus
2924 2652 2990 2691 ex
3019 2636 3208 2706 Maria,
3238 2642 3530 2701 habentem

1957 2732 2176 2771 carnem
2231 2728 2285 2773 et
2326 2723 2647 2793 sanguinem
2683 2724 3142 2798 intellexerimus;
3174 2748 3399 2792 necesse
3444 2749 3529 2794 est

1955 2810 2118 2864 etiam
2153 2809 2416 2880 Spiritum
2468 2824 2713 2871 sanctum
2758 2833 2941 2875 veram
2987 2823 3294 2882 columbam
3336 2828 3526 2899 fuisse,

1954 2910 2008 2955 et
2038 2918 2143 2957 non
2178 2904 2449 2973 Spiritum.
2477 2908 2543 2963 Et
2575 2914 2849 2980 quomodo
2879 2917 3076 2984 poterit
3116 2934 3243 2973 vera
3274 2921 3527 2979 columba

1955 3008 2143 3048 verum
2181 2996 2453 3054 hominem
2489 3001 2718 3073 ingredi,
2765 3015 2928 3075 atque
2972 3008 3030 3062 in
3074 3024 3141 3065 eo
3178 3016 3528 3081 permanere?

1955 3101 2087 3141 caro
2121 3088 2266 3143 enim
2300 3105 2519 3146 carnem
2567 3094 2774 3166 ingredi
2822 3113 2929 3152 non
2962 3111 3183 3169 potest:
3218 3106 3313 3160 sed
3352 3108 3526 3174 magis

1876 3204 1918 3262 ο
1953 3180 1998 3235 si
2042 3178 2227 3237 Iesum
2272 3183 2544 3240 hominem
2576 3201 2763 3242 verum
2810 3189 3185 3258 conﬁteantur,
3229 3211 3353 3252 eum
3394 3214 3525 3255 vero

1952 3273 2045 3341 qui
2071 3274 2288 3341 dicitur,
2320 3276 2463 3331 sicut
2484 3278 2757 3343 columba,
2788 3279 3048 3351 Spiritum
3077 3296 3348 3353 sanctum,
3373 3292 3520 3347 salva

1950 3373 2030 3417 est
2064 3366 2218 3420 nobis
2250 3367 2385 3422 ratio
2412 3369 2464 3421 in
2492 3379 2743 3440 utraque.
2774 3371 3011 3443 Spiritus
3042 3378 3187 3433 enim
3221 3384 3520 3439 secundum

1950 3465 2154 3509 rectam
2193 3458 2455 3512 rationem
2493 3460 2701 3516 habitat
2742 3463 2795 3517 in
2843 3466 3081 3533 homine,
3127 3480 3180 3524 ct
3223 3470 3518 3543 descendit,

1948 3555 2002 3601 et
2027 3559 2335 3617 permanet;
2372 3560 2425 3607 et
2454 3562 2824 3623 competenter
2860 3557 2962 3614 hoc
3002 3570 3056 3616 et
3098 3560 3299 3618 factum
3338 3576 3440 3630 est,
3470 3579 3523 3623 et

1949 3641 2008 3693 tit
2040 3654 2273 3710 semper,
2308 3644 2450 3698 sicut
2478 3655 2532 3699 tu
2563 3654 2614 3701 te
2643 3646 2823 3717 ipsum
2854 3661 2979 3707 ante
3010 3652 3115 3709 huc
3145 3664 3358 3727 tempus
3386 3676 3520 3728 pro-

1948 3729 2186 3787 fitebaris
2215 3748 2335 3789 esse
2361 3733 2697 3792 Paracletum
2733 3738 2848 3802 Dei,
2890 3751 2950 3797 ut
2995 3743 3171 3800 dicam
3213 3734 3369 3815 silex,
3410 3768 3521 3808 non

1946 3820 2108 3876 homo
2131 3822 2267 3894 (77),
2298 3826 2391 3896 qui
2422 3826 2732 3898 frequenter
2752 3831 3091 3890 oblivisceris
3116 3852 3178 3891 ea
3207 3853 3329 3908 quae
3355 3843 3514 3900 dicis.

1948 3911 2208 3983 Spiritum
2225 3917 2370 3972 enim
2385 3920 2593 3975 venisse
2609 3937 2773 3991 super
2789 3932 2838 3978 te
2853 3925 3059 3990 dixisti,
3077 3943 3237 3998 quem
3255 3935 3517 4001 promise»

1943 4013 2030 4058 rat
2050 4004 2210 4061 Jcsus
2245 4005 2350 4079 [se]
2373 4022 2494 4063 esse
2522 4010 2820 4067 missurum
2849 4032 2864 4068 :
2888 4025 2943 4071 et
2974 4018 3116 4073 unde
3144 4020 3248 4076 nisi
3283 4022 3350 4077 de
3371 4027 3512 4080 cutio

1944 4097 2272 4153 descendat?
2304 4099 2370 4154 Et
2401 4101 2446 4156 si
2470 4101 2749 4159 descendit
2784 4103 3019 4175 Spiritus
3039 4125 3205 4180 super
3237 4112 3513 4172 hominem

1944 4187 2165 4258 dignum
2195 4204 2274 4255 se,
2300 4205 2463 4261 super
2483 4201 2535 4248 te
2563 4203 2744 4249 autem
2779 4211 2934 4252 veras
2967 4198 3251 4257 columbas
3288 4203 3515 4260 descen-

1942 4279 2090 4333 disse
2136 4282 2479 4337 scntiendum
2520 4293 2624 4349 est,
2679 4297 2739 4341 ut
2787 4296 2839 4343 te
2885 4289 3283 4348 columbarium
3331 4287 3515 4364 potius

1942 4368 2118 4425 furem
2171 4373 2528 4443 accipiamus,
2560 4377 2786 4433 insidias
2811 4379 2894 4434 eis
2922 4396 2986 4437 ac
3028 4381 3251 4453 laqueos
3285 4386 3511 4443 molienv

1941 4471 2086 4532 tem;
2116 4464 2313 4535 dignus
2342 4467 2486 4522 enim
2510 4484 2590 4536 es,
2617 4470 2711 4540 qui
2739 4472 2916 4529 verbis
2948 4474 3194 4531 ridiculis
3230 4478 3509 4549 illudaris;

270 4546 500 4609 resistis,
520 4543 893 4618 mihi[autem]
912 4546 1265 4600 rectetlicenti
1287 4548 1445 4602 (idem
1465 4549 1836 4604 nolisaccom-
1869 4564 2039 4626 nego
2089 4566 2270 4614 tamen
2318 4574 2521 4630 parco,
2565 4576 2632 4617 ne
2679 4564 2960 4622 auditores
3002 4567 3186 4623 videar
3241 4570 3512 4629 oﬂ‘endcre

269 4637 526 4703 modare,
576 4636 1118 4693 audi‘detinitionem
1163 4647 1310 4693 tuam
1358 4642 1412 4695 in
1448 4658 1556 4711 qua
1607 4654 1738 4699 stas.
1775 4644 1833 4701 Si

268 4730 415 4785 enim
443 4729 715 4785 hominem
746 4743 870 4784 eum
898 4732 1272 4787 tantummodo
1301 4748 1368 4787 ex
1398 4732 1566 4789 Maria
1604 4751 1723 4792 esse
1750 4738 1835 4793 di-

268 4822 371 4887 cis,
399 4829 454 4877 et
478 4822 533 4876 in
563 4821 886 4891 baptismate
913 4820 1171 4893 Spiritum
1204 4825 1511 4896 percepisse
1536 4846 1549 4881 :
1573 4842 1703 4899 ergo
1720 4846 1833 4900 ,per

268 4909 568 4982 profectum
599 4908 769 4966 Filius
796 4911 1084 4975 videbitur,
1119 4922 1172 4969 et
1202 4928 1307 4968 non
1335 4930 1431 4985 per
1463 4925 1731 4974 naturam.
1772 4919 1830 4976 Si

268 5010 449 5054 tamen
483 4998 578 5054 tibi
610 4999 902 5055 concedam
934 5000 1132 5066 dicere,
1177 5005 1475 5061 secundum
1522 5006 1828 5077 profectum

267 5105 392 5146 csse
421 5088 642 5157 Filium,
668 5091 824 5161 quasi
852 5092 1123 5148 hominem
1152 5093 1388 5165 factum;
1426 5097 1702 5155 hominem
1739 5117 1830 5158 ve-

339 5208 383 5240 ¹²
420 5206 610 5264 Matth.
635 5223 715 5273 XI,
743 5207 827 5261 ll.
904 5206 948 5239 "
967 5206 1156 5263 Matth.
1182 5226 1264 5273 nt,
1291 5212 1377 5268 l7.
1457 5214 1499 5245 “
1526 5212 1724 5286 Philip.
1760 5233 1822 5284 ll,
1852 5215 1903 5274 7.

338 5317 450 5389 (72)
488 5316 828 5390 Haecverba,
864 5336 882 5368 ι
912 5319 1035 5375 dico
1072 5320 1243 5390 absit,
1277 5343 1295 5375 ι
1327 5324 1429 5379 nisi
1474 5327 1728 5382 mendum
1758 5328 1829 5382 sit

269 5390 321 5466 in
350 5388 558 5466 codice,
588 5388 836 5466 videntur
868 5399 1124 5460 tanquam
1151 5388 1473 5451 ex'Manetis
1499 5412 1731 5466 persona
1760 5399 1828 5452 ab

265 5459 533 5514 Archelao
558 5460 784 5529 prolata.

337 5528 452 5601 (πρ)
494 5528 626 5585 Male
655 5531 709 5601 in
737 5530 921 5584 codice
950 5528 1258 5601 Casinensi,
1287 5553 1306 5586 ι
1336 5536 1570 5593 coneris.
1607 5556 1625 5589 ι

337 5598 452 5681 (ῖι)
490 5602 551 5681 ln
590 5600 773 5656 codice
806 5601 1090 5660 Casinensi
1130 5598 1407 5671 scribitur,
1441 5626 1460 5659 ι
1494 5610 1633 5663 sicut
1665 5609 1830 5665 homo

268 5684 333 5726 ac
358 5684 633 5727 ODIIIlODe.
663 5689 681 5722 ι

340 5739 673 5820 (752.90%:
707 5742 1019 5800 Casinensis
1058 5744 1130 5801 ita
1162 5746 1309 5820 legit,
1352 5765 1371 5798 ι
1401 5748 1541 5803 hanc
1578 5751 1833 5820 quaestio-

273 5825 394 5866 nem
420 5811 717 5879 dilligenter
737 5822 919 5882 aptare
938 5824 1046 5871 tam
1080 5811 1504 5886 manifestarcm,
1529 5811 1694 5891 atque
1720 5838 1834 5875 ma-

476 5909 743 5973 ΡΑτιιοι.
786 5913 900 6016 Gn.
949 5898 1042 5978 Χί

1941 4647 2058 4703 haec
2095 4648 2320 4718 dicens,
2371 4660 2425 4707 et
2471 4656 2706 4709 maxime
2753 4657 2881 4727 quia
2928 4670 3124 4729 pneter
3171 4667 3507 4733 propositum

1939 4754 2141 4806 meum,
2191 4743 2245 4797 in
2295 4752 2345 4798 te
2390 4745 2633 4814 ingerere
2681 4763 2801 4818 qum
2843 4753 3103 4809 merearis
3146 4757 3356 4813 audire.
3405 4758 3510 4815 Sed

1939 4832 2158 4886 redeam
2188 4835 2255 4888 ad
2288 4849 2423 4890 rem.
2449 4834 2658 4892 Memor
2693 4855 2812 4894 sum
2843 4843 2987 4897 enim
3016 4847 3508 4917 transformationis

1937 4928 2063 4985 ιιιίρ,
2086 4937 2193 4992 qua
2225 4923 2382 4992 dicis,
2408 4926 2537 4997 quia
2569 4926 2712 4984 Deus
2753 4932 3223 4994 transformaverit
3248 4956 3307 4996 se
3333 4943 3384 4995 in
3412 4943 3510 4998 ho-

1936 5013 2170 5082 minem,
2214 5016 2300 5071 vel
2350 5017 2406 5072 in
2449 5019 2656 5088 solem,
2703 5038 2769 5077 ex
2821 5026 2926 5082 hoc
2982 5031 3170 5087 volens
3225 5035 3512 5090 ostendere

1934 5101 2119 5160 Jesum
2152 5116 2399 5164 nostrum
2437 5110 2623 5167 habitu
2666 5115 2782 5170 solo
2809 5126 2863 5172 et
2890 5119 3005 5174 visu
3037 5121 3237 5186 factum
3263 5138 3381 5179 esse
3412 5125 3510 5178 ho-

2016 5220 2061 5254 “
2097 5220 2288 5279 Matth.
2327 5240 2409 5291 tu,
2458 5225 2546 5283 16.

1936 5328 2129 5411 itifeste
2169 5335 2542 5416 dissolverem.
2577 5358 2595 5389 ι
2648 5338 2752 5395 Sed
2801 5357 2865 5416 ex
2918 5342 3146 5400 Manetis
3198 5344 3505 5416 interroga.

1935 5402 2099 5484 tione,
2130 5406 2220 5485 cui
2266 5406 2568 5466 Archelaus
2613 5414 2935 5481 respondet,
2982 5431 3083 5470 nos
3126 5417 3273 5471 hunc
3322 5402 3505 5473 luc'im

1934 5482 2293 5531 ωειίῑυίιιιιιδ.

2003 5543 2119 5625 (7u)_
2131 5565 2177 5625 At
2206 5545 2605 5625 Respondeam,
2631 5573 2651 5605 ι
2683 5568 2799 5625 pro,
2832 5574 2850 5605 ι
2884 5554 3222 5623 respondebo
3251 5575 3263 5612 :
3302 5578 3322 5610 ι
3345 5559 3424 5615 sic
3447 5558 3503 5617 in

1936 5615 2199 5694 θρίξ-468,-
2222 5635 2239 5667 t
2270 5615 2554 5694 edoceam,
2589 5615 2606 5676 ἱ
2640 5615 2757 5694 pro,
2785 5615 2808 5676 '4
2836 5615 3094 5682 edocebo.
3128 5645 3148 5679 ι

2008 5684 2120 5760 (⁵77)
2161 5686 2492 5756 Casinensis,
2526 5684 2546 5744 ἀ
2579 5684 2654 5748 αι’
2679 5684 2855 5748 dicam
2900 5696 3068 5752 dilere
3115 5714 3223 5753 non
3261 5700 3444 5760 homo.
3469 5725 3488 5760 ι

1939 5750 2168 5811 Videant
2197 5760 2415 5826 eruditi,
2446 5750 2513 5816 ait
2546 5775 2690 5819 recte
2719 5750 3061 5821 emendatum
3099 5750 3192 5826 sit.

3115 5940 3192 5997 53
