3954 7108
511 367 648 426 1515
1497 365 1683 422 ACTA
1723 361 2251 423 DISPUTATIONIS
2295 361 2352 417 S.
2420 360 2765 418 ARCHELAI
3601 366 3740 422 ibin

507 487 708 541 minem
740 482 926 554 :quod
961 482 1101 537 absit
1138 481 1206 537 ab
1242 497 1569 553 unoquoque
1603 483 2058 538 fidelium'dicere.
2091 487 2138 544 Α
2164 480 2329 552 poris,
2365 480 2642 550 cooperire
2686 487 2738 534 te
2788 488 2840 534 et
2885 480 3222 537 circumdare
3253 490 3463 552 potest;
3502 493 3566 540 tu
3607 503 3742 541 vero

509 577 633 633 Haec
667 575 910 645 alioquin
941 573 1238 630 secundum
1275 583 1326 629 te
1358 575 1423 629 ad
1466 575 1740 628 somnium
1788 573 1946 628 nobis
1988 588 2074 629 re-

507 671 669 724 deant
701 667 976 732 universa,
1025 673 1079 721 et
1104 667 1334 736 ﬁguras;
1368 681 1476 720 non
1519 666 1698 720 solum
1748 673 1949 730 autem,
1982 665 2076 720 sed

507 761 772 815 adventus
816 773 1012 813 nomen
1061 757 1357 825 delebitur;
1396 766 1605 827 poterat
1644 757 1789 811 enim
1840 757 1896 810 in
1938 757 2075 812 coelo

507 851 718 919 positus
743 847 923 905 facere
958 863 1080 920 quae
1117 848 1380 914 voluerat,
1409 847 1453 902 si
1495 845 1754 915 Spiritum
1783 859 1905 899 eum
1931 860 2072 908 esse,

507 951 561 998 et
587 957 697 997 non
724 942 1023 1007 hominem,
1056 942 1222 997 dices.
1272 939 1378 995 Sed
1419 955 1526 994 non
1566 940 1640 994 ita
1677 948 1781 1003 est,
1815 938 2076 1008 quoniam

514 1054 532 1088 ι
563 1035 858 1090 exinanivit
877 1034 1246 1105 semetipsum,
1262 1031 1656 1088 formam'servi
1680 1033 1952 1101 accipiens
1972 1032 2036 1098 ¹⁶;
2051 1050 2069 1081 ι

507 1128 630 1183 dico
661 1137 840 1183 autem
869 1128 936 1182 de
965 1143 1052 1194 eo,
1096 1127 1188 1197 qui
1237 1141 1304 1181 ex
1353 1125 1518 1180 Maria
1565 1124 1741 1180 factus
1779 1125 2072 1179 est'homo.

508 1220 650 1287 Quid
684 1220 871 1274 enim?
896 1234 1003 1274 non
1031 1227 1340 1289 poteramus
1364 1229 1418 1273 et
1441 1234 1542 1273 nos
1586 1218 1756 1272 multo
1783 1216 1996 1272 facilius
2023 1225 2077 1272 et

506 1312 671 1365 latius
703 1312 807 1366 ista
848 1311 1114 1365 narrare?
1137 1310 1241 1366 Sed
1273 1297 1504 1365 absitut
1529 1325 1559 1363 a
1593 1309 1818 1364 veritate
1842 1309 2076 1364 decline-

508 1412 631 1452 mus
669 1399 779 1452 iota
821 1413 1012 1464 unum,
1055 1405 1148 1452 aut
1191 1398 1631 1474 unumapiecm.
1664 1397 1761 1453 Est
1799 1399 1944 1453 enim
1982 1398 2074 1468 qui

506 1489 572 1543 de
601 1488 767 1542 Maria
793 1499 953 1545 natus
982 1498 1066 1544 est
1101 1489 1290 1556 Filius,
1324 1489 1418 1559 qui
1451 1498 1621 1558 totum
1670 1491 1773 1544 hoc
1815 1506 1924 1559 quo
1959 1489 2072 1560 (78)

506 1595 766 1650 magnum
803 1589 886 1635 est
926 1580 1097 1635 voluit
1130 1578 1369 1650 perferre
1414 1587 1707 1645 certamen,
1755 1577 1937 1633 Iesus.
1977 1577 2076 1634 Hic

506 1681 590 1726 est
615 1671 862 1728 Christus
891 1671 1006 1738 Dei,
1058 1673 1151 1742 qui
1194 1671 1468 1726 descendit
1513 1686 1674 1740 super
1703 1686 1828 1725 eum
1872 1672 1964 1740 qui
2007 1670 2074 1725 de

506 1766 676 1820 Maria
722 1773 821 1821 est.
871 1764 1026 1831 Quod
1075 1765 1121 1819 si
1171 1779 1280 1818 non
1335 1763 1508 1818 credis
1563 1778 1736 1832 neque
1783 1762 1900 1817 voci
1955 1777 2074 1832 qua:

506 1859 721 1914 caelitus
746 1857 890 1913 facta
921 1867 1036 1924 est,
1077 1857 1424 1912 temerarium
1461 1858 1677 1927 aliquod
1729 1858 1841 1926 ipse
1873 1856 2074 1926 produ-

507 1951 618 2016 cis;
654 1959 728 2014 et,
765 1950 811 2005 si
861 1949 1084 2014 dixeris,
1136 1964 1298 2004 nemo
1347 1949 1548 2004 credet.
1596 1948 1787 2003 Statim
1834 1949 1978 2001 enim
2020 1947 2073 2001 iu

505 2043 780 2098 desertum
803 2058 835 2097 a
855 2042 1048 2112 spiritu
1071 2041 1264 2096 ductus
1303 2051 1386 2096 est
1425 2040 1602 2105 Jesus,
1631 2051 1689 2096 ut
1720 2049 2016 2094 tentaretur
2043 2056 2073 2094 a

505 2134 741 2202 diabolo,
783 2150 945 2204 quem
973 2150 1096 2189 cum
1131 2133 1380 2188 diabolus
1426 2133 1715 2204 ignoraret,
1747 2133 1956 2187 dicebat
1981 2131 2029 2185 ei
2057 2149 2068 2184 :

511 2247 531 2280 ι
563 2227 621 2282 Si
658 2226 829 2283 Filius
872 2242 932 2282 es
978 2225 1073 2281 Dei
1123 2226 1186 2281 ”.
1230 2245 1247 2277 ι
1295 2225 1578 2295 lgnorabat
1633 2234 1815 2280 autem
1859 2235 2073 2296 propter

453 2324 460 2331 '
507 2318 636 2388 quid
671 2319 948 2388 genuisset
983 2316 1180 2372 Filium
1214 2317 1330 2380 Dei,
1361 2317 1454 2386 qui
1488 2317 1811 2386 praedicabat
1844 2334 2068 2388 regnum

509 2410 794 2474 caelorum,
825 2410 970 2479 quod
995 2417 1113 2463 erat
1141 2408 1254 2477 (79)
1279 2408 1648 2462 habitaculum
1673 2423 1947 2478 maguum,
1972 2425 2070 2464 nec

506 2500 574 2553 ab
608 2500 717 2555 ullo
765 2499 871 2554 alio
910 2499 1090 2568 parari
1139 2500 1403 2569 potuisset
1435 2516 1448 2552 :
1483 2499 1625 2554 unde
1669 2498 1858 2553 aﬂixus
1897 2499 2066 2566 cruci,

506 2607 630 2647 cum
663 2591 1050 2646 resurrexisset
1080 2591 1147 2644 ab
1178 2589 1387 2654 inferis,
1438 2599 1749 2660 assumptus
1799 2600 1882 2645 est
1917 2591 2064 2656 illuc,

507 2682 596 2735 ubi
629 2681 878 2737 Christus
904 2680 1076 2736 Filius
1115 2679 1208 2735 Dei
1235 2681 1523 2750 regnabat;
1559 2691 1618 2735 ut
1653 2697 1774 2736 cum
1799 2681 2065 2752 judicium

505 2773 702 2828 habere
726 2774 969 2843 coeperit,
1015 2773 1069 2827 lii
1119 2773 1212 2843 qui
1263 2774 1647 2842 ignoraverunt
1677 2790 1821 2840 eum,
1852 2775 2068 2828 videant

504 2884 666 2936 quem
697 2868 1207 2937 compunxerunt".
1234 2865 1304 2920 Ut
1329 2875 1506 2920 autem
1535 2867 1743 2930 credas,
1764 2883 1887 2921 cum
1911 2866 2067 2922 disci-

504 2958 618 3026 puli
649 2957 766 3026 ejus
795 2973 889 3026 per
930 2971 1130 3010 annum
1178 2957 1445 3026 integrum
1484 2966 1802 3010 manserunt
1825 2971 1946 3011 cum
1975 2972 2060 3023 eo,

503 3064 673 3116 quare
712 3048 892 3102 nullus
931 3047 1173 3116 ipsorum
1215 3048 1444 3115 procidit
1480 3062 1641 3118 super
1669 3048 1858 3103 faciem
1885 3065 2059 3117 suam,

2175 589 2322 637 eum,
2350 574 2451 628 etsi.
2478 571 2903 639 conculcaveris,
2940 572 3078 628 nihil
3105 572 3272 628 laedis.
3306 574 3576 633 Dominus
3612 595 3742 634 vero

2175 679 2327 719 meus
2357 661 2532 730 Iesus,
2572 663 2619 718 si
2668 671 2848 718 tentus
2881 671 2984 730 est,
3025 673 3085 718 ut
3115 664 3276 720 homo
3316 665 3384 720 ab
3424 665 3742 727 hominibus

2175 764 2352 810 tentus
2371 763 2472 810 est.
2507 752 2563 808 Si
2589 769 2698 808 non
2733 762 2818 809 est
2849 755 3033 822 homo,
3065 770 3167 811 nec
3196 763 3372 813 tentus
3402 767 3506 813 est.
3545 758 3606 814 Si
3631 777 3740 816 non

2173 859 2256 902 est
2287 856 2480 914 tentus,
2525 862 2624 902 nec
2659 859 2855 916 passus
2894 859 3009 911 est,
3048 861 3147 902 nec
3188 847 3490 917 baptizatus
3536 860 3642 907 est.
3685 852 3745 907 Si

2175 941 2264 995 ille
2303 955 2412 994 non
2443 949 2525 994 est
2563 939 2889 1010 baptizatus,
2933 955 3106 1010 neque
3151 943 3440 1012 quisquam
3487 955 3742 999 nostrum

2175 1032 2474 1103 baptizatus
2504 1040 2604 1088 est.
2643 1031 2917 1102 Baptisma
2947 1041 3125 1088 autem
3155 1033 3200 1088 si
3232 1049 3338 1088 non
3363 1043 3470 1101 est,
3507 1050 3611 1090 nec
3639 1039 3743 1091 erit

2174 1125 2422 1180 remissio
2445 1123 2928 1194 peccatorum;'sed
2957 1123 3012 1205 in
3035 1125 3149 1179 suis
3171 1126 3408 1194 peccatis
3435 1129 3742 1196 unusquis-

2173 1230 2279 1286 que
2325 1216 2603 1270 morietur.
2637 1213 2820 1268 Manes
2856 1214 3035 1267 dixit:
3060 1213 3199 1286 Ergo
3222 1216 3490 1285 baptisma
3517 1227 3742 1287 propter

2175 1307 2548 1361 remissionem
2598 1316 2939 1376 peccatorum
2988 1307 3179 1361 datur?
3217 1308 3506 1361 Archelaus
3558 1311 3742 1364 dixit:

2174 1395 2370 1450 Etiam.
2409 1395 2588 1450 Manes
2631 1396 2809 1449 dixit:
2853 1395 2992 1467 Ergo
3023 1399 3262 1466 peccavit
3294 1397 3574 1465 Christus,
3610 1401 3742 1470 quia

2173 1487 2478 1557 baptizatus
2510 1488 2628 1544 est?
2659 1486 2943 1542 Archelaus
2975 1490 3110 1542 dixit
3137 1507 3154 1543 :
3179 1490 3359 1557 Absit;
3391 1491 3527 1560 quin
3557 1493 3745 1560 potius

2173 1594 2270 1648 pro
2303 1579 2458 1635 nobis
2491 1590 2770 1649 peccatum
2808 1580 2980 1636 factus
3019 1592 3121 1645 est,
3169 1589 3352 1636 nostra
3389 1593 3617 1651 peccata
3649 1599 3742 1637 su-

2175 1671 2410 1740 scipiens
2433 1672 2476 1702 ²⁰
2497 1690 2510 1738 ;
2535 1682 2752 1742 propter
2773 1673 2884 1744 (80)
2917 1673 3062 1742 quod
3093 1689 3160 1728 ex
3187 1674 3409 1728 muliere
3440 1683 3607 1728 natus
3630 1685 3739 1736 est,

2173 1770 2226 1814 et
2263 1770 2478 1832 propter
2507 1763 2650 1832 quod
2680 1763 2748 1817 ad
2780 1764 3040 1835 baptisma
3077 1763 3241 1830 venit,
3267 1773 3324 1817 ut
3360 1764 3526 1832 hujus
3563 1766 3739 1834 partis

2174 1851 2472 1920 perciperet
2499 1852 2948 1921 puriﬁcationem,
2981 1862 3042 1908 ut
3081 1853 3340 1923 Spiritum
3366 1855 3462 1924 qui
3499 1855 3737 1908 descen-

2173 1941 2325 1996 derat
2353 1943 2408 1996 in
2449 1943 2628 2012 specie
2658 1945 2946 2012 columbae,
2983 1959 3178 2015 corpus
3208 1945 3350 2015 quod
3387 1953 3738 2016 susceperat,

2173 2043 2384 2103 portare
2413 2035 2601 2103 possit.

2244 2126 2330 2182 L1.
2369 2127 2494 2183 Haec
2540 2145 2660 2184 cum
2691 2130 2912 2187 dixisset
2938 2129 3256 2206 Archelaus,
3279 2131 3547 2186 admirata:
3594 2142 3740 2187 sunt

2173 2220 2344 2274 turba:
2369 2221 2650 2275 veritatem
2680 2222 2935 2276 doctrina:
2962 2222 3102 2292 ejus,
3131 2232 3184 2276 et
3214 2223 3393 2277 laudes
3416 2223 3466 2277 ei
3493 2223 3738 2280 immeno

2173 2326 2260 2366 sas
2292 2327 2415 2365 cum
2447 2312 2776 2367 clamoribus
2810 2313 3187 2375 reddiderunt;
3226 2314 3295 2367 ita
3335 2322 3390 2367 ut
3413 2315 3560 2367 omni
3605 2324 3729 2367 stu-

2173 2402 2263 2456 dio
2295 2415 2622 2458 conarentur
2647 2445 2661 2469 ,
2713 2414 2768 2458 et
2803 2404 2912 2474 (81)
2969 2405 3102 2458 ultra
3152 2404 3200 2458 ei
3247 2420 3350 2459 non
3379 2405 3625 2460 sinerent
3659 2406 3732 2459 ad

2173 2492 2388 2563 propria
2443 2508 2682 2546 remeare
2734 2510 2745 2544 :
2805 2501 2858 2546 et
2903 2501 3032 2548 tunc
3073 2493 3287 2562 quidem
3332 2493 3730 2549 discesserunt.

2171 2583 2366 2639 Postea
2399 2599 2545 2645 vero,
2577 2583 2914 2653 congregatis
2939 2585 3037 2646 eis,
3056 2583 3347 2639 Archelaus
3374 2587 3738 2654 acquiescere

2170 2677 2294 2743 sibi,
2330 2686 2491 2746 atque
2515 2676 2703 2730 audire
2745 2676 2967 2729 verbum
2994 2676 3249 2730 suadebat
3274 2695 3288 2730 :
3314 2691 3421 2730 non
3444 2677 3597 2730 enim
3632 2678 3736 2730 soli

2167 2768 2407 2838 quicum
2444 2765 2678 2820 Diodoro
2702 2775 2874 2832 erant,
2906 2765 3194 2819 audiebant
3219 2780 3339 2819 eum
3359 2807 3373 2831 ,
3409 2767 3504 2821 sed
3535 2783 3737 2822 omnes

2166 2861 2476 2930 quicunque
2509 2872 2576 2912 ex
2606 2855 2884 2926 provincia
2917 2856 3034 2926 ejus
3077 2858 3300 2911 aderant
3341 2867 3506 2926 atque
3541 2874 3612 2912 ex
3654 2861 3735 2911 vi-

2165 2952 2303 3007 cinis
2347 2950 2517 3017 locis;
2568 2947 2818 3019 factoque
2851 2948 3096 3013 silentio,
3132 2950 3234 3004 hoc
3276 2951 3438 3004 modo
3468 2951 3542 3005 de
3573 2950 3737 3005 Mane

2168 3045 2346 3099 dicere
2376 3056 2654 3111 aggressus
2684 3050 2766 3096 est
2786 3057 2797 3092 :
2821 3039 3061 3106 Qualiter
3087 3055 3143 3094 se
3161 3039 3373 3109 quidem
3399 3041 3606 3096 habeat
3631 3057 3734 3096 no-

504 3143 647 3195 sicut
690 3141 852 3209 paulo
903 3147 1029 3194 ante
1078 3139 1317 3203 dicebas,
1369 3140 1460 3194 sed
1508 3140 1560 3194 in
1605 3156 1710 3196 una
1756 3144 1885 3199 liora
1936 3144 2024 3198 illa
2046 3186 2060 3210 ,
2095 3171 2135 3227 ο
2169 3140 2282 3189 stra
2314 3131 2559 3187 doctrina
2593 3131 2819 3186 audistis
2841 3169 2856 3196 ,
2887 3139 2938 3185 et
2972 3130 3091 3184 lidei
3126 3139 3319 3184 nostra:
3348 3132 3730 3200 experimenta

503 3233 722 3301 quando
753 3233 896 3286 sicut
938 3231 1019 3286 sol
1065 3231 1389 3300 resplenduit
1443 3233 1622 3287 vultus
1679 3235 1830 3302 ejus?
1882 3233 2068 3291 Nonne

504 3333 722 3394 propter
765 3324 1132 3378 habitaculum
1183 3325 1346 3391 illud,
1389 3325 1533 3394 quod
1581 3342 1648 3380 ex
1683 3325 1850 3382 Maria
1895 3327 2069 3383 fuerat

502 3417 793 3472 effectum?
825 3416 975 3472 Sicut
1005 3418 1147 3472 enim
1176 3416 1438 3472 Paracleti
1473 3421 1680 3488 pondus
1715 3421 1894 3475 nullus
1924 3421 2066 3474 alius

503 3509 670 3563 valuit
702 3508 988 3573 sustinere,
1021 3509 1124 3562 nisi
1163 3507 1264 3562 soli
1297 3507 1570 3577 discipuli,
1603 3518 1658 3564 et
1697 3508 1898 3565 Paulus
1940 3511 2065 3565 bea-

502 3610 620 3666 tus;
655 3601 729 3655 ita
755 3601 916 3654 etiam
949 3600 1209 3669 Spiritum
1253 3601 1346 3670 qui
1390 3602 1456 3655 de
1498 3601 1652 3656 coelis
1691 3601 2061 3670 descenderat,

501 3705 596 3760 per
636 3706 798 3760 quem
845 3705 948 3745 vox
991 3689 1220 3745 Paterna
1267 3700 1495 3746 testatur
1533 3691 1761 3746 dicens:
1797 3710 1814 3742 ι
1850 3690 1948 3746 Hic
1971 3703 2065 3751 ,est

501 3781 674 3836 Filius
709 3797 862 3836 meus
895 3783 1123 3838 dilectus
1148 3784 1211 3846 ",
1243 3801 1262 3834 ι
1304 3782 1485 3837 nullus
1513 3783 1650 3837 alius
1686 3793 1901 3852 portare
1927 3800 2064 3854 prae-

500 3875 693 3940 valuit,
725 3875 831 3929 nisi
875 3877 966 3944 qui
1011 3890 1077 3928 ex
1126 3873 1289 3927 Maria
1324 3884 1484 3929 natus
1527 3885 1628 3938 est,
1672 3890 1834 3944 super
1875 3891 2062 3930 omnes

501 3976 718 4022 sanctos
740 3965 918 4022 Jesus.
946 3967 1050 4021 Sed
1078 3977 1131 4021 et
1153 3969 1220 4021 ad
1247 3968 1360 4022 hazc
1384 3983 1503 4036 qua:
1529 3967 1746 4035 objicio,
1773 3969 2056 4038 responde.

502 4059 560 4114 Si
593 4059 777 4113 habitu
803 4074 926 4114 eum
963 4068 1016 4114 et
1046 4060 1225 4128 specie
1255 4059 1390 4114 dicis
1429 4075 1550 4114 esse
1593 4060 1887 4128 hominem,
1922 4076 2058 4129 quo-

501 4149 662 4203 modo
697 4149 764 4202 ab
799 4149 883 4202 his
909 4147 1002 4218 qui
1031 4163 1099 4202 ex
1128 4148 1244 4204 viro
1269 4157 1322 4202 et
1344 4149 1568 4203 muliere
1599 4149 1712 4203 nati
1747 4160 1892 4212 sunt,
1920 4147 2061 4202 Pha-

498 4240 694 4306 riszcis,
727 4240 897 4294 teneri
930 4239 1125 4309 potuit,
1159 4248 1213 4292 et
1241 4239 1306 4293 ad
1333 4240 1598 4308 judicium
1630 4241 1900 4310 protrahi;
1931 4256 2053 4294 cum

498 4331 778 4400 spirituale
808 4345 1004 4399 corpus
1030 4346 1058 4384 a
1087 4331 1451 4385 crassioribus
1485 4332 1803 4400 corporibus
1831 4347 1936 4385 non
1967 4348 2058 4385 va-

499 4423 603 4475 leat
631 4423 1052 4492 comprehendi?
1081 4421 1235 4488 Quod
1278 4423 1321 4478 si
1367 4423 1531 4478 habes
1572 4422 1773 4491 aliquid
1803 4423 1947 4492 quod
1990 4424 2056 4477 ad

2171 3224 2442 3294 coepistis;
2499 3231 2664 3291 prout
2707 3222 2857 3292 pomi
2885 3221 3028 3276 enim
3059 3222 3350 3291 intelligere
3381 3221 3727 3292 Scripturas,

2166 3331 2353 3370 coram
2383 3314 2636 3369 omnibus
2673 3314 2828 3369 vobis
2855 3313 3096 3382 exposui.
3149 3313 3249 3368 Sed
3278 3331 3418 3369 nunc
3450 3317 3731 3385 paucissi-

2166 3422 2250 3461 me
2282 3405 2396 3476 (8‘2)
2430 3406 2610 3460 dicere
2641 3405 2904 3458 volentem
2931 3405 3204 3473 deprecor,
3261 3413 3320 3458 ut
3343 3420 3468 3459 cum
3503 3407 3725 3461 silentio

2164 3498 2507 3565 audiatis;ut
2530 3496 2855 3568 agnoscatis,
2889 3496 2981 3566 qui
3008 3496 3074 3549 sit
3104 3505 3156 3549 et
3186 3497 3324 3550 unde
3346 3507 3399 3550 et
3434 3499 3619 3566 qualis
3653 3499 3726 3552 sit

2164 3589 2266 3644 iste
2291 3629 2306 3654 ,
2359 3590 2451 3659 qui
2498 3588 2748 3653 advenit,
2781 3589 2921 3642 sicut
2967 3586 3198 3641 Sisinius
3226 3588 3440 3658 quidam
3475 3605 3627 3643 unus
3655 3604 3721 3643 ex

2163 3681 2453 3736 comitibus
2503 3680 2622 3750 ejus
2665 3679 2920 3735 indicavit
2947 3679 3100 3745 mihi,
3126 3695 3285 3748 quem
3311 3681 3472 3734 etiam
3501 3680 3622 3750 (83)
3655 3681 3725 3734 ad

2164 3773 2535 3827 testimonium
2581 3788 2770 3828 eorum
2805 3789 2926 3842 qua:
2949 3789 2977 3827 a
3011 3788 3094 3827 me
3121 3771 3381 3839 dicentur,
3427 3774 3476 3826 si
3517 3774 3721 3842 placet,

2161 3880 2356 3919 vocare
2382 3873 2600 3934 paratus
2635 3881 2775 3921 sum.
2820 3865 2926 3920 Sed
2951 3882 3018 3920 ne
3045 3867 3158 3936 ipse
3179 3866 3392 3936 quidem
3417 3865 3608 3919 dicere
3643 3882 3702 3919 re

2164 3957 2375 4011 cusavit
2400 3956 2513 4027 (84)
2542 3957 2728 4011 eadem
2765 3973 2886 4026 quae
2912 3973 3009 4011 nos
3036 3959 3280 4024 dicimus,
3312 3965 3578 4026 praesente
3606 3955 3722 4009 Ma-

2162 4064 2258 4114 ne;
2315 4047 2542 4102 credidit
2595 4047 2739 4102 enim
2779 4048 3040 4102 doctrinae
3089 4057 3283 4103 nostra:
3326 4048 3717 4117 supradictus,

2161 4143 2300 4196 sicut
2331 4151 2382 4195 et
2411 4140 2550 4210 apud
2585 4156 2670 4195 me
2699 4140 2836 4195 alius
2862 4139 3043 4196 Turbo
3074 4142 3305 4195 nomine.
3355 4139 3717 4208 Quaecunque

2159 4250 2288 4303 ergo
2337 4233 2622 4288 contestati
2656 4242 2782 4288 sunt
2811 4234 2963 4301 mihi,
2998 4233 3089 4287 sed
3127 4242 3180 4286 et
3205 4248 3266 4286 ea
3306 4247 3426 4301 qua:
3470 4248 3575 4286 nos
3614 4232 3722 4301 ipsi

2160 4326 2608 4395 deprehendimus
2643 4325 2696 4378 in
2724 4326 2826 4379 hoc
2859 4327 2992 4390 viro,
3025 4340 3130 4379 non
3161 4323 3350 4378 faciam
3375 4323 3545 4377 latere
3575 4339 3719 4378 cen-

2162 4419 2438 4472 scientiam
2473 4426 2729 4470 vestram.
2765 4415 2918 4470 Tunc
2942 4431 3066 4470 vero
3088 4415 3256 4469 turbae
3276 4429 3339 4467 eo
3360 4413 3603 4482 amplius
3637 4414 3718 4466 in-

497 4514 720 4567 verbum
752 4523 912 4583 atque
934 4515 998 4568 ad
1028 4514 1366 4583 propositum
1395 4514 1744 4583 respondeas,
1787 4515 1882 4583 qui
1916 4531 2056 4568 nun-
2084 4515 2133 4573 D
2159 4511 2354 4573 citatas,
2389 4516 2723 4578 congregata:
2749 4517 2874 4561 sunt
2901 4508 2965 4561 ad
3000 4504 3320 4560 audiendum
3342 4504 3712 4568 Archelaum;

497 4620 658 4673 quam
713 4605 778 4658 ad
825 4609 1098 4676 proposita
1129 4605 1480 4674 respondisti,
1523 4621 1701 4676 perge,
1740 4621 1958 4674 (103350,
1999 4615 2053 4660 et

497 4696 756 4764 pugillum
787 4698 1003 4765 plenum
1037 4699 1168 4753 solis
1202 4698 1333 4752 mihi
1360 4697 1510 4762 affer,
1549 4707 1642 4751 aut
1674 4699 1911 4752 modium
1938 4699 2052 4767 ple-

484 4784 665 4839 num?
694 4783 808 4852 Ipse
837 4802 960 4840 vero
991 4787 1072 4841 sol
1102 4801 1199 4857 pro
1229 4801 1293 4841 eo
1328 4787 1471 4856 quod
1502 4787 1798 4843 subtilioris
1824 4798 1908 4842 est
1929 4804 2050 4843 eor-

2156 4609 2350 4661 etenim
2383 4622 2444 4662 ea
2472 4621 2592 4676 quae
2619 4606 2684 4659 ab
2708 4621 2773 4660 eo
2797 4605 3126 4665 dicebantur,
3145 4600 3426 4671 plurimam
3450 4599 3532 4676 eis
3559 4599 3716 4653 oble-

2158 4698 2448 4756 ctationem
2477 4698 2816 4766 praebebant;
2851 4704 3064 4764 pr0pter
3095 4691 3236 4762 quod
3263 4699 3315 4744 et
3339 4691 3587 4745 certatim
3616 4691 3715 4743 ad-

2157 4790 2512 4844 liortabantur
2540 4806 2661 4843 eum
2689 4789 2868 4842 dicere
2892 4798 3220 4856 quaecunque
3250 4783 3425 4846 vellet,
3443 4797 3714 4852 quacun-

569 4947 609 4976 η
648 4945 844 5015 Philip.
883 4963 941 5013 ιι,
975 4949 1024 5002 7.
1103 4950 1143 4981 ⁸⁷
1183 4950 1370 5006 Matth.
1421 4970 1494 5018 ιν,
1549 4953 1600 5007 1.
1707 4953 1748 4983 ’⁸
1783 4952 1979 5009 Joann.
2022 4973 2063 5010 χ]

2199 4956 2290 5012 '57.
2387 4957 2429 4988 ¹⁹
2483 4953 2668 5009 Matth.
2704 4970 2785 5020 ιιι,
2827 4953 2911 5008 l7.
3016 4953 3059 4982 ¹⁰
3099 4949 3139 5003 ΙΙ
3163 4950 3286 5004 Cor.
3314 4964 3365 5013 v,
3391 4947 3480 5000 2|.

562 5107 674 5178 (ἶδ)
714 5106 893 5178 Forte,
924 5127 941 5159 ‹
973 5112 1134 5177 quod.
1170 5131 1189 5162 ι

564 5176 676 5247 (79)
715 5176 918 5252 Locuui
959 5176 1101 5252 hunc
1133 5188 1318 5235 nostra
1351 5184 1661 5252 conjectura
1702 5184 1774 5238 ita
1807 5185 2045 5238 correxi-

486 5263 636 5318 mus,
673 5257 728 5301 ut
758 5249 951 5317 aliquis
982 5249 1103 5303 inde
1131 5265 1323 5306 sensus
1352 5249 1664 5318 eliceretur;
1700 5269 1824 5308 nam
1854 5255 1906 5306 in
1936 5255 2009 5308 Ca
2029 5284 2042 5294 -

485 5317 957 5391 sinensiscodicis
982 5319 1207 5391 lectione
1239 5336 1429 5391 magna
1455 5317 1758 5377 obscuritas
1783 5339 1844 5376 ex
1881 5325 2044 5378 libra-

486 5388 551 5464 rii
583 5388 858 5443 erroribus
890 5399 1109 5455 exorta;
1138 5389 1226 5464 _sic
1253 5388 1394 5464 enim
1435 5394 1696 5464 se_liabet
1724 5413 1736 5446 :
1775 5412 1791 5442 ι
1823 5397 2045 5464 Ignora-

485 5456 582 5533 bat
610 5466 790 5510 autem
820 5470 1034 5533 propter
1061 5460 1151 5527 qui
1181 5463 1454 5528 genuisset
1487 5461 1681 5517 Filium
1720 5464 1810 5518 Dei
1847 5456 2042 5533 praedio

485 5527 899 5601 cabatregnum
922 5527 1211 5601 'coelorum,
1237 5533 1328 5601 qui
1358 5541 1490 5598 erat,
1527 5553 1543 5583 ι
1577 5543 1679 5588 etc.
1847 5527 1862 5533 ’
1928 5542 1930 5544 ’

527 5596 675 5674 _(80)
713 5596 772 5651 lu
797 5601 982 5654 codice
1013 5596 1319 5674 Cas‘inensi,
1341 5617 1450 5670 quo
1481 5596 1562 5656 usi
1594 5620 1782 5658 sumus
1804 5645 1818 5668 ,
1854 5608 2045 5658 adver—

487 5663 662 5737 bium
691 5685 710 5716 ‹
755 5678 972 5737 propter
1029 5690 1046 5720 ι
1096 5663 1452 5736 desideratur,
1503 5675 1593 5726 sed
1655 5663 2039 5727 illud'librarii

485 5735 773 5858 olscillla‘ntia
821 5735 1082 5795 omissum
1117 5741 1285 5800 fuisse
1315 5735 1592 5814 sequentia
1641 5745 1783 5800 clare
1827 5746 2045 5799 demou-

485 5820 515 5858 ε
544 5820 598 5856 ra
666 5845 680 5858 .

484 5820 680 5860 Sll‘ilnl.

2226 5115 2337 5185 (8i)
2383 5113 2446 5168 Et
2477 5115 2564 5168 hic
2591 5112 2877 5182 particula,
2917 5119 3050 5185 «_et,
3079 5127 3096 5158 ι
3128 5108 3274 5185 deest
3305 5104 3576 5185 iii-codice
3603 5103 3715 5160 Ca-

2157 5175 2360 5240 sineusi
2383 5226 2397 5250 ,
2429 5175 2608 5253 quani'
2625 5194 2798 5236 tamen
2828 5181 3086 5236 orationis
3109 5178 3272 5234 series
3301 5175 3577 5229 evidenter
3609 5193 3712 5229 ex~

2151 5256 2344 5323 poscit.

2220 5325 2332 5390 (82)
2373 5322 2556 5382 Forte,
2592 5341 2609 5372 ι
2649 5319 3050 5392 paucissima.)
3276 5383 3290 5392 _
3349 5382 3361 5392 _
3425 5391 3430 5392 ν
3576 5380 3632 5392 η.

2221 5380 2332 5463 (85)
2367 5380 2550 5446 Codex
2575 5380 2885 5445 Casiniensis
2913 5387 3059 5463 nullo
3088 5382 3528 5463 sc.nsu_hal)etfhc

2155 5451 2282 5517 nius
2311 5451 2529 5532 quidam
2562 5478 2658 5514 vos
2690 5477 2751 5514 ex
2787 5458 3074 5514 comitibus
3108 5456 3223 5518 eius
3254 5451 3513 5508 indicavit
3547 5453 3706 5518 mihi,

2150 5551 2269 5603 qum
2293 5535 2452 5603 etiam
2489 5551 2506 5583 ι
2539 5542 2641 5586 etc.

2221 5604 2332 5672 (8.4)
2375 5601 2438 5654 Ει
2471 5603 2557 5655 hic
2594 5599 2996 5672 emendavimus
3037 5592 3586 5672 codicis-Casinensis
3622 5591 3706 5645 le-

2152 5664 2406 5737 ctionem,
2441 5673 2513 5724 ita
2544 5687 2601 5724 se
2633 5664 2948 5739 habentem:
2985 5685 3003 5719 ‹
3038 5667 3148 5737 ipse
3169 5664 3379 5735 quidem
3409 5678 3493 5717 me
3516 5664 3706 5716 dicere

2152 5745 2440 5806 recusavit,
2470 5761 2486 5791 ι
2524 5751 2622 5796 etc.
