3982 6346
339 402 477 461 1517

1434 403 1579 464 CUI!
1607 404 1884 462 MANETE
1923 404 2453 463 HERESIABCIIA.

3409 403 3550 462 1518

340 541 450 597 que
498 524 753 591 sentiret;
797 532 1015 595 paratos
1059 537 1119 580 se
1166 537 1287 581 esse
1332 522 1399 580 ad
1448 524 1798 584 audiendum.
1848 530 2062 589 etAut
2099 533 2155 580 et
2192 524 2286 580 alii
2313 538 2503 578 omnes
2555 522 2719 593 hujus
2766 522 3037 593 dogmatis
3077 528 3419 583 sectatores:
3454 519 3549 592 qui

342 628 517 685 usque
559 613 627 668 ad
671 627 954 682 vesperum
988 626 1325 682 permanere,
1354 612 1517 667 etiam
1546 613 1790 669 accensis
1813 613 1893 668 lu-

342 709 601 773 minibus,
638 707 1073 778 pollicebantur:
1108 722 1339 778 quorum
1383 706 1728 762 animositate
1756 706 1892 763 inci-

339 808 485 854 tatus
536 798 839 854 Archelaus
885 813 1007 854 cum
1042 797 1190 853 omni
1230 797 1427 852 ﬁducia
1453 796 1632 852 dicere
1668 811 1894 853 exorsus

338 897 425 947 est
457 909 469 944 :
503 889 616 945 Viri
674 887 900 950 fratres.
965 889 1271 959 superiores
1300 887 1534 971 ‘quidem
1567 902 1761 944 causas
1800 886 1897 942 Do-

338 981 475 1036 mini
508 981 614 1036 mei
644 978 770 1035 Jesu
802 980 1059 1046 audistis;
1111 978 1234 1033 dico
1279 987 1459 1033 autem
1502 993 1630 1043 eas,
1675 993 1797 1047 quae
1827 993 1895 1031 ex

339 1072 459 1141 lege
481 1079 538 1125 et
566 1070 845 1140 prophetis
870 1070 1217 1140 judicantur;
1255 1067 1535 1123 inferiores
1570 1084 1697 1124 vero
1715 1066 1897 1122 Domi-

234 1171 241 1177 '
344 1161 401 1215 ni
433 1160 540 1215 mei
567 1158 696 1216 Iesu
727 1159 927 1216 Christi
986 1158 1283 1214 Salvatoris
1324 1155 1496 1212 nostri
1531 1172 1635 1211 non
1682 1156 1897 1227 ignora-

340 1253 430 1308 tis.
464 1251 569 1307 Sed
598 1252 725 1322 quid
760 1250 951 1321 plura?
996 1250 1258 1320 Appellati
1287 1263 1478 1303 sumus
1506 1263 1573 1302 ex
1602 1245 1896 1301 Salvatoris

339 1342 613 1399 desiderio
633 1342 949 1406 Christiani,
980 1342 1120 1397 sicut
1146 1342 1431 1395 universus
1458 1338 1607 1393 orbis
1631 1346 1895 1393 terrarum

343 1433 713 1489 testimonium
741 1433 1005 1503 perhibet,
1034 1440 1195 1503 atque
1232 1430 1462 1501 apostoli
1488 1429 1746 1493 edocent;
1801 1427 1897 1482 sed

344 1533 397 1579 et
429 1524 667 1595 optimus
700 1524 1026 1579 architectus
1054 1524 1190 1592 ejus,
1220 1522 1629 1577 fundamentum
1659 1520 1771 1592 (85)
1800 1535 1897 1575 no-

342 1626 539 1681 strum,
572 1614 626 1671 id
652 1623 738 1670 est
761 1613 1044 1675 Ecclesiae,
1088 1612 1290 1669 Paulus
1319 1613 1499 1683 posuit
1526 1615 1567 1643 ἰ
1589 1654 1605 1678 ,
1643 1621 1696 1666 et
1725 1612 1894 1681 legem

341 1703 597 1770 tradidit,
633 1703 895 1759 ordinatis
918 1702 1031 1775 (86)
1059 1704 1343 1770 ministris,
1378 1714 1432 1759 et
1472 1705 1817 1775 presbyteris,
1845 1715 1898 1761 et

343 1795 616 1865 episcopis
642 1795 694 1849 in
720 1810 782 1851 ea
803 1836 818 1862 ,
858 1794 1170 1851 describens
1217 1811 1312 1866 per
1340 1796 1454 1850 loca
1480 1796 1687 1867 singula
1708 1837 1722 1861 ,
1759 1814 1897 1868 quo-

342 1887 507 1942 modo
532 1895 587 1942 et
613 1887 845 1956 qualiter
873 1896 1119 1957 oporteat
1150 1888 1429 1944 ministros
1461 1887 1588 1951 Dei,
1634 1890 1821 1959 quales
1844 1900 1897 1945 et

346 1979 581 2049 qualiter
612 1979 728 2034 fieri
760 1979 1117 2051 presbyteros,
1166 1980 1460 2051 qualesque
1506 1996 1627 2036 esse
1670 1981 1897 2036 debeant

342 2071 438 2141 qui
483 2069 851 2141 episcopatum
882 2069 1222 2136 desiderant;
1278 2086 1399 2140 quae
1428 2071 1609 2125 omnia
1640 2071 1773 2127 bene
1799 2089 1896 2126 no-

346 2160 433 2217 bis
465 2171 517 2217 et
544 2171 688 2218 recte
710 2161 988 2232 disposita,
1021 2176 1195 2230 usque
1222 2161 1277 2215 in
1309 2162 1648 2226 hodiernum,
1696 2171 1895 2218 statum

348 2267 511 2309 suum
539 2253 892 2316 custodiunt,
926 2260 980 2308 et
1004 2262 1283 2323 permanet
1314 2253 1455 2323 apud
1487 2268 1587 2308 nos
1616 2253 1779 2323 hujus
1812 2271 1896 2309 re-

339 2346 483 2415 gulae
514 2345 815 2414 disciplina.
852 2344 1012 2400 Istius
1041 2359 1171 2399 vero
1199 2345 1293 2414 qui
1321 2360 1465 2400 nunc
1491 2347 1649 2402 nobis
1675 2362 1741 2400 ex
1762 2345 1894 2401 Per-

342 2452 530 2493 sarum
563 2437 836 2507 provincia
880 2435 1157 2502 ebullivit,
1204 2434 1386 2491 Manes
1416 2437 1656 2502 nomine,
1704 2436 1895 2491 adver-

340 2547 467 2586 sum
514 2546 674 2601 quem
720 2529 851 2585 mihi
890 2528 1184 2599 disputatio
1217 2528 1330 2599 jam
1359 2529 1599 2583 secundo
1630 2536 1896 2584 commota

340 2633 446 2690 est,
478 2638 649 2694 genus
679 2622 831 2677 vobis
862 2623 1059 2688 dicam,
1112 2630 1164 2677 et
1193 2630 1401 2687 totum;
1456 2621 1548 2676 sed
1575 2631 1628 2676 et
1655 2620 1895 2677 doctrina

342 2715 463 2785 ejus
492 2715 636 2771 unde
661 2715 971 2780 descendat,
1001 2713 1331 2769 lucidissime
1352 2712 1757 2768 demonstrabo.
1792 2713 1897 2768 Isle

344 2825 451 2864 non
482 2820 566 2864 est
596 2808 804 2879 primus
832 2815 1021 2862 auctor
1055 2806 1427 2876 hujuscemodi
1468 2806 1762 2872 doctrinae,
1790 2820 1898 2880 nec

346 2903 533 2968 solus;
569 2901 662 2957 sed
686 2901 902 2971 quidam
925 2914 994 2953 ex
1025 2897 1265 2968 Scythia,
1295 2897 1624 2967 Scytbianus
1654 2895 1765 2967 (87)
1793 2910 1894 2951 no-

345 2994 512 3058 mine,
548 2982 932 3062 apostolorum‘
949 2998 1188 3058 tempore
1209 2988 1312 3044 fuit
1340 2990 1498 3045 secta:
1526 2988 1688 3058 hujus
1710 2998 1896 3044 auctor

343 3095 398 3140 et
423 3084 693 3155 princeps,
726 3082 869 3139 sicut
898 3091 952 3136 et
976 3081 1196 3136 fuerunt
1222 3090 1276 3135 et
1307 3081 1464 3135 multi
1495 3080 1585 3135 alii
1615 3089 1893 3150 apostalte,

341 3175 437 3248 qui
465 3174 731 3245 primatus
761 3172 864 3228 sibi
893 3171 1168 3229 vindicare
1199 3173 1496 3242 cupientes,
1519 3171 1654 3228 falsa
1677 3189 1774 3241 pro
1799 3189 1893 3228 ve-
1922 3202 1964 3260 α

343 3270 421 3327 ris
453 3268 894 3338 conscripserunt
942 3265 1093 3336 (88),
1145 3264 1503 3337 simpliciores
1547 3279 1793 3334 quosque
1825 3264 1893 3319 ad

266 3390 275 3393 κ
342 3374 499 3416 suam
545 3357 820 3413 libidinem
852 3362 1249 3428 pervertentes;
1299 3369 1530 3425 quorum
1573 3355 1791 3408 nomina
1840 3361 1894 3408 et

341 3451 594 3522 perﬁdiae
637 3450 818 3506 dicere
859 3463 1007 3504 nunc
1044 3456 1255 3517 tempus
1296 3460 1407 3501 non
1436 3445 1584 3502 sinit.
1646 3444 1746 3500 Hic
1771 3461 1898 3516 ergo

346 3536 677 3610 Scythianus
714 3536 1026 3593 dualitatem
1078 3536 1241 3591 istam
1275 3534 1569 3591 introducit
1607 3533 1718 3606 (89)
1769 3550 1899 3591 con-

340 3629 565 3685 trariam
601 3627 742 3696 sibi;
784 3628 928 3701 quod
969 3629 1083 3699 ipse
1120 3644 1149 3683 a
1177 3627 1481 3698 Pythagora
1500 3628 1757 3699 suscepit,
1789 3627 1895 3684 sic-

412 3743 458 3776 “
485 3737 738 3803 lComn,
759 3741 845 3797 10.

413 3856 527 3929 (83)
564 3856 746 3931 codex
780 3856 1097 3931 Casinensis
1128 3876 1141 3912 :
1183 3878 1201 3909 ο
1235 3856 1340 3915 Sed
1370 3868 1421 3915 et
1450 3859 1683 3931 optimos
1719 3860 1896 3915 archi-

345 3926 518 3983 tectos
566 3928 616 3982 ei
664 3926 1108 3999 fundamentum,
1152 3949 1169 3981 ›
1202 3931 1357 3999 cujus
1402 3926 1742 3986 manifestam
1771 3946 1894 3987 cor-

343 4000 648 4068 ruptionem
679 3997 889 4053 modica
918 4000 1217 4055 mutatione
1246 3997 1587 4055 sustulimus.

416 4065 527 4141 (86)
566 4065 741 4141 Locris
769 4069 1042 4141 notandus
1068 4070 1134 4122 de
1163 4070 1479 4141 hierarchia:
1513 4069 1896 4127 ecclesiaSticm

341 4137 532 4195 ordine
550 4137 618 4192 ab
638 4138 895 4211 apostolis
921 4139 1187 4193 instituto.
1225 4138 1519 4209 Episcopos
1544 4151 1745 4202 autem,
1775 4157 1897 4211 pre-

343 4213 601 4282 sbyteros
621 4220 674 4282 et
706 4208 1008 4282 ministros_
1035 4216 1243 4263 tantum
1278 4208 1520 4282 nominat
1552 4208 1849 4266 Archelaus
1875 4230 1890 4279 ;

342 4278 484 4350 quod
532 4278 941 4350 ministrorum,
995 4278 1099 4333 hoc
1141 4288 1225 4333 est
1278 4280 1629 4335 diaconorum
1679 4282 1895 4337 nomine

345 4347 533 4421 omnes
586 4347 727 4401 infra
774 4349 1201 4421 presbyteratum
1256 4350 1470 4405 ordines
1528 4352 1892 4421 antiquissimi

340 4420 533 4476 Patres
582 4418 1037 4487 comprehendere
1086 4421 1466 4473 consueverint
1503 4424 1616 4474 :ita
1646 4418 1894 4477 Clemens

340 4485 856 4559 Alexandrinusdib.
890 4505 943 4542 v1
971 4485 1312 4559 Stromalum,
1353 4504 1469 4559 pag.
1509 4489 1644 4556 667;
1679 4491 1891 4546 Tertul-

1992 630 2180 671 omnes
2226 614 2544 671 dualitatem
2593 613 2907 678 defendunt,
2937 613 3269 670 declinantes
3296 612 3547 682 Scriptu-

1992 722 2068 763 rae
2094 706 2236 759 viam
2261 705 2556 771 directam;
2592 704 2684 760 sed
2717 720 2822 759 non
2854 705 2907 759 in
2936 705 3167 774 amplius
3197 705 3496 774 proﬁcient.

2069 797 2177 853 LII.
2220 795 2411 851 Nullus
2440 807 2618 851 tamen
2651 797 2723 850 ita
2747 796 3081 866 impudenter
3107 796 3385 866 praevaluit
3406 796 3543 853 sicut

1995 891 2096 946 iste
2125 874 2471 961 Scytbianus.
2530 888 2847 943 Inimicitias
2875 889 3017 943 enim
3068 890 3205 943 inter
3237 888 3373 944 duos
3398 888 3549 959 inge-

1996 981 2138 1037 nites
2181 980 2518 1044 introduxit,
2571 989 2625 1035 et
2675 981 2856 1035 omnia
2903 982 3014 1035 haec
3056 996 3175 1052 qua:
3206 994 3547 1050 consequun-

1993 1080 2081 1125 tur
2110 1070 2223 1140 (90)
2261 1070 2633 1140 hujuscemodi
2669 1070 3039 1125 assertionem.
3068 1070 3278 1141 Quique
3304 1069 3548 1141 Scythia-

1995 1177 2099 1217 nus
2131 1161 2246 1230 ipse
2270 1177 2331 1216 ex
2365 1176 2562 1232 genere
2612 1161 3005 1216 Saracenorum
3039 1160 3158 1228 fuit,
3197 1169 3251 1216 et
3280 1163 3547 1230 captivam

1995 1253 2284 1324 quamdam
2334 1253 2542 1322 accepit
2589 1268 2812 1307 uxorem
2844 1254 2910 1306 de
2938 1254 3211 1319 superiore
3252 1250 3543 1316 Thebaide,

1994 1360 2115 1414 quae
2141 1359 2264 1401 eum
2292 1343 2465 1400 suasit
2495 1344 2738 1399 habitare
2769 1345 2821 1398 in
2843 1342 3072 1415 Egypto
3101 1345 3272 1415 magis
3303 1359 3464 1411 quam
3490 1344 3545 1398 in

1994 1437 2243 1491 desertis.
2309 1435 2487 1506 Atque
2509 1436 2715 1491 utinam
2749 1452 3026 1506 nunquam
3058 1451 3180 1490 eum
3208 1436 3298 1489 illa
3326 1435 3549 1503 provin-

1996 1526 2075 1580 cia
2104 1526 2459 1607 suscepisset,
2497 1527 2553 1580 in
2596 1539 2701 1595 qua
2746 1537 2869 1577 cum
2918 1536 3042 1575 eum
3088 1521 3388 1589 habitaret,
3423 1539 3547 1581 cum

1996 1617 2715 1691 Egyptiorumsapientiam
2748 1614 3024 1671 didicisset
3049 1614 3197 1684 (9i);
3232 1624 3346 1670 erat
3378 1616 3546 1682 enim,

1996 1718 2056 1763 ut
2081 1707 2225 1779 quod
2252 1722 2438 1762 verum
2463 1715 2545 1763 est
2569 1706 2817 1761 dicamus
2838 1746 2854 1770 ,
2887 1704 3041 1759 valde
3073 1706 3222 1759 dives
3252 1703 3466 1775 ingenio
3496 1713 3552 1759 et

1997 1803 2208 1874 opibus,
2239 1802 2379 1857 sicut
2412 1800 2466 1855 bi
2489 1799 2584 1870 qui
2620 1798 2861 1854 sciebant
2893 1811 3037 1860 eum,
3078 1810 3173 1865 per
3208 1794 3547 1850 traditionem

1929 1866 1971 1922 Β
1998 1866 2154 1951 nobis
2194 1866 2416 1963 quoque
2465 1866 2734 1947 testiﬁcati
2781 1898 2926 1943 sunt.
2994 1886 3327 1956 Discipulum
3368 1895 3547 1941 autem

1996 1987 2183 2042 habuit
2229 1984 2550 2056 quemdam,
2602 1982 2817 2038 nomine
2846 1978 3233 2036 Terebinthum
3268 1978 3410 2050 (92),
3454 1979 3549 2050 qui

1996 2078 2211 2147 scripsit
2236 2077 2286 2131 ei
2310 2084 2544 2146 quatuor
2572 2074 2773 2139 libros;
2799 2087 2866 2127 ex
2898 2071 3100 2141 quibus
3128 2085 3297 2124 unum
3329 2069 3547 2139 quidem

1995 2169 2281 2240 appellavit
2332 2167 2723 2237 Mysteriorum,
2772 2164 2937 2219 alium
2983 2177 3111 2217 vero
3162 2160 3548 2231 Cupitulorum,

1996 2264 2210 2318 tertium
2234 2271 2412 2317 autem
2437 2256 2811 2329 Evangelium;
2833 2264 2886 2310 et
2906 2254 3260 2310 novissimum
3282 2250 3547 2317 omnium,

2000 2340 2321 2409 Thesaur'um
2355 2349 2639 2422 appellavit
2671 2367 2684 2402 :
2725 2357 2779 2403 et
2816 2355 2971 2402 erant
3012 2345 3062 2400 ei
3095 2344 3185 2400 isti
3215 2354 3446 2414 quatuor
3477 2340 3547 2396 li—

1995 2445 2109 2511 hri,
2161 2456 2216 2499 et
2260 2459 2400 2498 unus
2441 2440 2741 2511 discipulus
2766 2436 2984 2494 nomine
3023 2434 3382 2491 Terebinthus
3409 2432 3546 2506 (95).

1996 2536 2132 2603 Quia
2161 2550 2290 2605 ergo
2314 2534 2649 2604 aliquantqu
2674 2529 2931 2601 temporis
2953 2543 3135 2584 secum
3157 2527 3246 2583 isti
3268 2526 3427 2582 ambo
3450 2524 3546 2580 de-

1996 2636 2275 2684 creverant
2306 2626 2408 2682 soli
2441 2624 2723 2690 habitare;
2767 2621 2974 2694 placuit
3002 2618 3296 2693 Scytbiano
3339 2618 3547 2673 discur-

1962 2756 1970 2763 .
1995 2732 2113 2772 rere
2130 2716 2192 2770 in
2216 2714 2477 2781 Judaeum,
2514 2722 2572 2768 ut
2600 2712 2673 2768 ibi
2701 2709 3118 2781 congrederetur
3138 2724 3273 2783 cum
3291 2707 3548 2763 omnibus

1995 2809 2306 2878 quicunque
2351 2806 2424 2861 ibi
2465 2805 2782 2860 videbantur
2807 2818 2926 2859 esse
2952 2802 3201 2858 doctores
3234 2820 3248 2855 :
3283 2808 3336 2855 et
3365 2815 3537 2870 perve-

1996 2898 2077 2951 nit
2100 2913 2222 2951 eum
2251 2895 2511 2950 continuo
2542 2894 2653 2949 vita
2685 2891 2926 2963 defungi,
2956 2907 3054 2947 nec
3083 2890 3326 2961 potuisse
3343 2889 3546 2959 aliquid

1997 3004 2333 3059 promovere.
2381 2985 2473 3042 Ille
2497 3000 2625 3041 vero
2654 2983 2953 3053 discipulus
2981 2984 3074 3053 qui
3110 2998 3233 3037 cum
3267 2996 3332 3037 eo
3375 2980 3548 3035 fuerat

1980 3062 2368 3146 conversatus,
2416 3078 2469 3132 in
2510 3076 2690 3147 fugam
2725 3091 2915 3130 versus
2946 3080 3031 3128 est
3060 3073 3203 3144 (94),
3233 3080 3287 3128 et
3317 3070 3547 3142 Babylo-

1994 3170 2141 3226 niam
2168 3168 2320 3241 petiit
2344 3210 2360 3236 ,
2409 3182 2530 3238 quae
2572 3180 2718 3221 nunc
2748 3162 3023 3235 provincia
3051 3163 3279 3218 habetur
3312 3173 3345 3213 a
3368 3157 3548 3216 Persis

1996 3260 2138 3330 (95),
2171 3275 2398 3331 quaeque
2420 3260 2572 3314 abest
2594 3272 2740 3313 nunc
2767 3272 2797 3311 a
2828 3256 2963 3312 locis
2988 3254 3186 3310 nostris
3212 3253 3404 3308 itinere
3427 3251 3547 3308 die.

1995 3369 2117 3411 rum
2146 3361 2199 3409 et
2226 3352 2464 3407 noctium
2494 3350 2662 3405 ferme
2689 3364 2783 3404 sex
2814 3365 2827 3402 :
2862 3361 2971 3418 quo
3006 3361 3130 3404 cum
3172 3345 3428 3412 venisset,
3460 3352 3546 3400 ta-

1994 3446 2102 3500 lem
2151 3446 2217 3497 de
2266 3457 2327 3497 se
2374 3440 2572 3495 famam
2626 3439 2955 3510 pervulgavit
3008 3437 3121 3506 ipse
3168 3435 3548 3504 Terebinthus,

1996 3538 2181 3593 dicens
2212 3533 2360 3590 omni
2391 3548 2447 3588 se
2472 3531 2734 3601 sapientia
2768 3527 3140 3600 Egyptiorum
3169 3528 3463 3597 repletum,
3494 3537 3546 3583 et

1996 3626 2179 3684 vocari
2202 3641 2308 3683 non
2319 3623 2434 3696 jam
2450 3621 2855 3687 Terebinthum,
2878 3619 2970 3676 sed
2991 3618 3156 3673 alium
3176 3616 3287 3690 (96)
3304 3616 3547 3674 Buddam

1997 3857 2117 3912 Vat.
2142 3897 2157 3923 ,
2209 3875 2228 3907 ι
2277 3854 2332 3908 in
2370 3865 2474 3922 qua
2506 3863 2629 3923 cum
2656 3846 2956 3923 habitaret,
3002 3854 3055 3900 et
3088 3841 3483 3923 Egyptiorum.
3521 3861 3540 3893 ι

1996 3929 2118 3983 Mox
2144 3915 2357 3994 ibid.”
2388 3915 2753 3994 "testati_sunt,
2794 3935 2814 3969 ι
2854 3918 2951 3994 pro
2984 3934 3002 3967 ‹
3040 3915 3541 3994 testiﬁcatiﬁunt...

2065 3997 2176 4067 (92)
2202 3983 2398 4067 Et'bic
2424 3983 2870 4067 manifestus__est
2893 3986 3275 4067 librariierror
3308 3984 3361 4037 in
3389 3983 3544 4038 codi-

1995 4055 2403 4126 ce‘Casinerisi,
2440 4063 2493 4115 in
2524 4076 2630 4130 quo
2656 4057 2909 4113 scribitur
2940 4075 2961 4130 ε
2995 4055 3326 4130 Terborietn_;
3364 4071 3384 4104 ι
3421 4068 3544 4106 nam

1994 4138 2227 4209 Cyrillus
2254 4124 2768 4209 llierosolymitanus
2796 4126 3134 4209 catechesif,
3161 4134 3215 4209 et
3239 4124 3332 4209 alii
3358 4138 3546 4209 omnes

1995 4194 2281 4282 Τέρᾷιγθογ
2321 4222 2369 4282 η(
2406 4194 2789 4282 Terbinthym,
2824 4216 2856 4282 r
2884 4212 2978 4282 se‘u
3004 4216 3031 4278 ὀ
3066 4194 3540 4282 Terebintlmmhp

1997 4262 2274 4351 chtliiani
2305 4272 2627 4342 discipulum
2657 4262 2883 4349 faciunt.
2915 4266 3055 4331 Quin
3081 4275 3134 4320 et
3160 4267 3212 4319 in
3243 4279 3395 4385 seth
3424 4262 3563 4325 ul)i-_

1997 4365 2100 4385 ηιω
2132 4368 2150 4385 ι
2187 4345 2516 4385 Τρι-ρνρηίιις
2555 4362 2571 4385 ι
2608 4340 2882 4385 ςρνίὴιιιιΐ-
2922 4337 3075 4385 Quod
3098 4350 3227 4385 vero
3254 4344 3327 4385 all.
3397 4333 3548 4385 relie-

1994 4333 2100 4418 (ιιιέ
2132 4368 2150 4399 ε
2187 4333 2516 4418 Tereventus
2555 4362 2571 4393 ι
2608 4340 2882 4418 scribitur.
2922 4333 3548 4418 QuodveroIOaitArche-

1994 4405 2133 4483 laus,
2160 4418 2305 4471 hunc
2327 4413 2619 4484 Scythiano
2647 4409 2940 4484 scripsisse
2958 4415 3192 4484 quatuor
3218 4405 3384 4484 libros
3408 4418 3547 4471 quos

1995 4475 2259 4551 recenset,
2291 4475 2621 4539 conirarium
2656 4488 2737 4535 est
2756 4475 2943 4549 Cyrilli
2974 4491 3098 4551 mox
3128 4475 3328 4529 laudati
3360 4486 3548 4527 narra-

339 4561 540 4624 lianus,
567 4557 643 4611 De
674 4559 951 4629 bapgismo,
984 4558 1099 4629 ca'p.
1131 4559 1230 4619 I7:
1276 4548 1744 4628 Origevnesmoinil.
1772 4562 1806 4615 2
1836 4563 1887 4614 in
1920 4558 1965 4612 Ι)
1993 4559 2150 4623 tioni,
2175 4548 2423 4625 aliisque,
2449 4555 2539 4622 qui
2570 4548 2920 4629 Scytbianum
2948 4548 3121 4629 solum
3141 4558 3332 4629 eorum
3360 4551 3547 4597 aucto-

338 4630 540 4711 Jercm.
572 4640 625 4684 et
651 4630 706 4683 in
745 4628 978 4683 Mattbaei
1020 4628 1140 4700 cap.
1185 4629 1282 4696 19,
1333 4645 1453 4701 pag.
1488 4630 1620 4697 565,
1667 4641 1721 4686 et
1762 4632 1887 4685 alibi

358 4716 564 4755 mssnm.

337 4715 663 4851 ιηῗὲεῧιᾨυί
681 4786 709 4849 ,ε
734 4765 1061 4851 Scythianus
1087 4787 1105 4820 ι
1136 4770 1275 4851 apud
1300 4783 1486 4851 omnes
1507 4769 1655 4851 alios
1684 4784 1888 4851 veteres

337 4837 434 4908 qui
460 4837 525 4893 de
552 4837 972 4892 Manichaeorum
1005 4837 1191 4892 haeresi
1226 4848 1542 4904 tractarunt,
1569 4841 1886 4908 appellatur,

340 4921 450 4963 tam
486 4908 573 4962 hic
597 4948 611 4970 ,
645 4924 807 4978 quam
838 4910 891 4962 in
925 4911 1271 4978 sequentibus
1313 4925 1342 4962 a
1373 4911 1532 4961 veteri
1580 4910 1885 4978 interprete.

345 4998 365 5029 ι
398 4976 687 5033 Scutianus
718 4997 735 5028 ι
767 4988 819 5032 et
861 4998 878 5030 ι
911 4976 1239 5033 Excutianus
1269 4998 1287 5028 ι
1325 4988 1580 5041 vocatur,
1627 4976 1734 5033 nisi
1765 4981 1885 5033 ubi-

340 5065 447 5118 que
481 5048 711 5116 imperiti
743 5046 947 5102 librarii
977 5049 1048 5102 sit
1074 5064 1242 5118 error.
1284 5047 1341 5101 In
1365 5049 1548 5102 codice
1578 5060 1754 5102 autem
1784 5064 1885 5103 ms.

342 5117 510 5190 Regio
536 5119 897 5190 Alexandrino
920 5117 1262 5190 Vat._legitur
1298 5136 1311 5171 :
1351 5137 1368 5168 ί
1406 5118 1662 5190 Quidam,
1683 5119 1883 5173 Stutia.

344 5187 447 5243 nus
479 5188 715 5253 nomine,
745 5190 839 5257 qui
862 5188 1249 5259 apostolorum,
1280 5207 1299 5239 ι
1326 5197 1429 5243 etc.
1469 5187 1559 5243 Sic
1584 5188 1722 5242 infra
1753 5206 1889 5244 sem-

338 5276 493 5329 perir
519 5259 823 5329 Stutianum
861 5277 879 5309 ι
921 5266 1093 5329 vocat.

414 5328 527 5399 (88)
566 5328 697 5384 Cod.
750 5328 1152 5401 Regius-Alex.
1201 5324 1345 5393 ναι,
1399 5347 1418 5380 ι
1457 5327 1593 5385 falsa
1619 5344 1718 5400 pro
1741 5330 1886 5385 veris

340 5401 698 5455 confixerunt.
735 5418 754 5451 ι

412 5469 524 5608 (89)
564 5469 743 5524 Codex
769 5468 1096 5547 Casinensis,
1133 5487 1152 5520 ι
1184 5469 1498 5526 introduxit.
1537 5491 1555 5524 ι

435 5539 526 5608 90)
568 5542 625 5593 In
670 5539 855 5594 eodem
884 5541 1086 5604 codice,
1140 5556 1158 5589 ι
1193 5554 1315 5608 quae
1341 5558 1464 5596 eum
1496 5557 1554 5597 se

338 5539 526 5663 M('90?
568 5542 625 5663 lin
670 5539 855 5594 eodem
884 5540 1086 5604 codice,
1140 5556 1158 5589 ι
1193 5554 1315 5608 quae
1341 5558 1464 5596 eum
1496 5551 1820 5612 sequuntur.
1863 5561 1880 5593 ι

395 5625 425 5662 a
448 5624 478 5662 a
522 5624 583 5663 ec
612 5625 683 5663 I0.

395 5619 478 5662 ala
506 5619 683 5665 lectio.

411 5682 525 5749 (9t)
566 5678 663 5735 Hic
691 5679 945 5733 nonnulla
972 5680 1161 5735 deesse
1189 5680 1365 5749 palam
1391 5692 1488 5736 est.
1539 5679 1735 5747 Forte,
1780 5701 1798 5730 ι
1834 5681 1888 5734 in

340 5765 447 5819 qua
482 5765 603 5803 cum
636 5751 726 5803 diu
764 5750 1047 5820 habitaret,
1078 5751 1399 5818 depravatus
1426 5761 1534 5813 est,
1569 5768 1691 5805 cum
1725 5749 1890 5820 Egy-

340 5821 576 5889 ptiorum
602 5819 921 5891 sapientiam
942 5818 1233 5876 didicisset.
1268 5820 1497 5876 r—Cod.
1526 5820 1679 5892 fit-3.,
1712 5818 1886 5886 Alex},

1990 4645 2102 4685 rem
2133 4615 2452 4698 agnoscunt.
2468 4615 2556 4698 '—_—
2587 4615 2729 4698 (Sed1
2751 4619 2905 4698 Reg”
2940 4616 3112 4698 Alex"
3141 4615 3281 4698 van,
3315 4632 3333 4664 ι
3363 4628 3548 4683 quem-

1989 4690 2289 4765 dam,'qui
2330 4695 2567 4762 scripsit.
2607 4710 2626 4743 ι
2692 4690 2860 4744 Paulo
2903 4694 3057 4759 post,
3116 4706 3133 4736 ι
3167 4690 3380 4741 tertium
3415 4699 3545 4739 vero

1989 4768 2357 4838 Evangelium.
2401 4783 2470 4838 θ*
2794 4826 2836 4838 ,,
2884 4837 2889 4838 ί
3194 4825 3205 4836 .

2062 4823 2171 4907 (95)
2209 4836 2391 4907 (iudex
2435 4830 2564 4899 Reg.
2598 4830 2759 4907 filex.
2794 4826 2916 4882 Vat.
2940 4870 2954 4893 ,
3006 4845 3027 4878 ι
3061 4825 3281 4907 nomine
3311 4823 3546 4907 Terybef

1990 4896 2166 4963 netis:
2211 4906 2347 4960 Cum
2393 4896 2527 4971 ergo
2565 4901 2923 4971 aliquantum,
2946 4896 3207 4971 temporis
3240 4910 3422 4950 secum
3456 4896 3543 4947 isti

1991 4979 2151 5033 ambo
2176 4967 2570 5037 decrevissent,
2620 4967 2725 5024 soli
2751 4969 2955 5037 placuit
2971 4967 3229 5022 Stutiano
3256 4979 3544 5037 ex_curr_ere

1990 5050 2044 5102 in
2092 5044 2354 5101 Iudaeam.
2402 5060 2424 5093 ι
2479 5033 2569 5095 Sic
2617 5033 2769 5094 intra
2794 5039 2997 5108 ubique
3047 5045 3203 5091 vocat
3253 5053 3271 5086 ι
3305 5033 3543 5105 Terybe-

1988 5132 2170 5173 neum.
2209 5134 2228 5168 ι

2060 5170 2171 5257 (94)
2210 5184 2351 5239 Idem
2380 5182 2543 5257 code}
2570 5221 2585 5244 ,
2624 5198 2642 5231 ι
2673 5179 2762 5234 ille
2794 5194 2920 5234 vero
2949 5177 3245 5257 discipulus
3288 5170 3542 5257 omnibus

1989 5243 2324 5329 quaecunque
2358 5255 2475 5323 ejus
2503 5252 2736 5316 fuerant,
2758 5243 3118 5320 congregatis,
3139 5250 3192 5301 in
3220 5243 3544 5365 fugamover-

1991 5345 2085 5365 ene
2120 5336 2198 5365 ρει
2257 5342 2275 5365 ι
2334 5322 2452 5365 Mn:
2525 5341 2543 5365 ι
2592 5323 2867 5365 utrm-invia
2912 5320 3237 5365 habitatura
3313 5327 3481 5365 ersts.
3514 5328 3535 5363 ι

1991 5320 2086 5383 sus
2120 5320 2275 5382 estC»
2334 5320 2485 5389 nm,
2525 5323 2869 5391 «(provincia
2912 5320 3237 5391 habitatur_a
3271 5320 3481 5391 lfersis,
3514 5328 3535 5363 ι

1988 5382 2088 5465 pro
2117 5416 2135 5448 ι
2169 5396 2413 5450 habetur.
2450 5382 2484 5445 ι’
2512 5392 2578 5465 Et
2594 5382 2760 5465 paulo
2786 5400 2927 5461 post,
2964 5407 2984 5440 ι
3015 5385 3194 5442 vocari
3232 5401 3251 5434 ι
3281 5382 3396 5454 jam
3430 5396 3542 5438 nou

1989 5463 2381 5539 Terybeneum,
2407 5466 2499 5519 sed
2524 5463 2783 5517 Buddam.
2817 5481 2861 5539 ι.
3003 5536 3011 5539 _
3110 5526 3123 5538 ο
3285 5522 3318 5536 η

2063 5522 2174 5607 (95)
2208 5534 2347 5590 Nota
2369 5522 2649 5606 quousque
2669 5531 3084 5607 extenderentur
3110 5522 3546 5607 imperiiltoma-

1991 5610 2046 5665 ni
2068 5594 2273 5688 limites
2302 5622 2367 5662 eo
2387 5594 2669 5675 'tempore,
2717 5616 2827 5672 quo
2855 5599 3149 5656 Archelaus
3180 5611 3303 5649 cum
3333 5594 3544 5649 Manetc.

1990 5683 2338 5818 dljg‘tiialillire
2365 5750 2457 5805 hic
2481 5761 2601 5804 sese
2626 5741 2823 5818 exserit
2842 5739 3047 5818 librarii
3077 5738 3168 5818 qui
3194 5734 3542 5818 casinensem

1995 5801 2231 5875 codicem
2265 5801 2875 5883 exaravityoscitantia;
2918 5801 3133 5881 scripsit
3170 5809 3311 5865 enim
3333 5848 3347 5873 ,
3398 5823 3417 5856 ι
3451 5801 3542 5860 scd
