3954 7108
17 3601 34 3716 ξ

19 3989 30 4162 ἓ

509 382 643 440 1519

1497 384 1677 441 ACTA
1720 377 2242 438 DISPUTATIONIS
2281 379 2336 432 S.
2378 374 2718 433 ARCHELAI

3579 375 3716 432 I530

505 498 744 568 nomine,
798 498 1009 570 sibique
1053 497 1156 553 hoc
1197 511 1394 552 nomen
1430 495 1773 566 impositum;
1821 509 1886 548 ex
1933 510 2066 564 qua-
2094 501 2137 558 Α
2167 489 2444 545 nisterium
2472 489 2661 552 voluit,
2695 495 2747 542 et
2780 485 3111 554 comparavit
3141 485 3243 540 sibi
3266 501 3492 556 puerum
3517 487 3598 556 (1)
3621 504 3717 542 an-

507 593 630 646 dam
671 602 848 647 autem
898 590 1106 662 virgine
1133 598 1319 644 natum
1373 604 1514 652 esse,
1567 587 1727 643 simul
1770 597 1822 642 et
1867 587 1935 641 ab
1965 604 2060 640 an-

511 685 628 751 gelo
659 682 771 753 (97)
806 681 860 736 in
890 681 1164 737 montibus
1191 679 1505 735 enutritum.
1548 677 1751 732 Parcus
1785 692 1913 732 vero
1937 676 2061 746 quin

511 773 634 827 dam
676 773 937 842 propheta
984 771 1116 843 (98),
1163 781 1217 827 et
1240 770 1518 826 Labdacus
1547 769 1753 823 Mith
1784 769 1944 831 lilius,
1976 785 2062 821 ar-

510 862 707 931 guebat
739 877 862 917 eum
893 864 1180 928 mendacii,
1215 873 1266 917 et
1293 872 1411 918 erat
1435 863 1513 917 eis
1543 861 1782 931 quotidie
1820 861 2058 914 animosa

508 955 850 1023 exaggeratio
876 955 942 1010 de
969 954 1288 1025 huiusmodi
1315 954 1546 1025 negotio.
1583 953 1685 1008 Sed
1713 953 1841 1022 quid
1867 953 2018 1023 plura
2041 953 2064 1004 ?

513 1045 658 1100 Licet
687 1045 1022 1116 frequentius
1057 1046 1454 1117 obiurgaretur,
1479 1056 1654 1099 tamen
1679 1045 1961 1098 nuntiabat
1981 1044 2062 1098 eis

512 1152 632 1204 quae
655 1145 778 1191 ante
808 1139 1063 1192 saxulum
1089 1147 1287 1200 essent,
1322 1145 1372 1190 et
1408 1137 1475 1190 de
1508 1135 1735 1206 sphzera,
1779 1146 1832 1188 et
1853 1133 2062 1188 duobus

514 1228 905 1295 luminarihus;
962 1230 1052 1284 Sed
1105 1238 1321 1299 etquo,
1357 1237 1409 1281 et
1435 1227 1706 1297 quomodo
1736 1224 2063 1280 animtedis-

512 1321 704 1375 eedant
732 1321 842 1392 (99)
870 1361 884 1385 ,
928 1330 981 1375 et
1011 1321 1242 1391 qualiter
1272 1322 1464 1376 iterum
1498 1328 1835 1375 revertantur
1861 1319 1914 1372 in
1947 1333 2063 1373 cor-

515 1426 665 1480 pora,
702 1422 755 1466 et
783 1413 886 1466 alia
914 1414 1083 1467 multa
1112 1411 1506 1482 hujuscemodi,
1537 1421 1590 1466 et
1616 1411 1808 1464 horum
1841 1410 2064 1480 nequio—

511 1516 568 1552 ra
590 1541 604 1566 ,
639 1501 688 1554 id
718 1510 800 1556 est
832 1503 1030 1556 bellum
1082 1488 1192 1556 Deo
1243 1512 1570 1557 commotum
1616 1517 1735 1557 esse
1775 1503 1827 1555 in
1862 1502 2062 1570 princi-

511 1592 635 1658 piis,
673 1600 731 1646 ut
755 1593 869 1662 ipse
895 1593 1150 1662 propheta
1179 1593 1506 1647 crederetur.
1569 1592 1674 1646 Pro
1709 1593 1906 1662 quibus
1932 1594 2059 1648 dum

511 1692 848 1752 argueretur,
883 1683 950 1737 ad
979 1682 1197 1737 viduam
1229 1686 1518 1754 quamdam
1549 1685 1774 1740 secessit
1802 1701 1922 1740 cum
1948 1687 2061 1742 suis

511 1786 744 1841 quatuor
792 1774 948 1829 libris
973 1815 988 1839 ,
1024 1775 1172 1830 nullo
1207 1775 1405 1830 ibidem
1455 1777 1722 1847 discipulo
1774 1777 2060 1849 acquisito,

2165 598 2356 636 norum
2385 581 2551 636 ferme
2575 591 2803 651 septem,
2840 576 3149 632 Corbicium
3178 578 3251 648 (5)
3276 579 3494 633 nomine
3513 621 3527 642 ,
3556 595 3716 649 quem

2162 674 2342 728 statim
2374 673 2691 728 manumisit
2722 687 2784 726 ac
2814 671 3008 726 litteris
3039 669 3288 724 erudivit.
3341 669 3558 739 Quique
3593 686 3716 724 cum

2162 768 2440 822 duodecim
2491 781 2758 821 annorum
2807 773 2952 820 esset
2990 763 3245 828 ell'ectus,
3292 779 3428 817 anus
3455 763 3544 816 illa
3577 762 3718 817 diem

2163 857 2318 923 obiit,
2337 858 2547 927 ipsique
2578 857 2653 926 (6)
2683 856 2936 911 universa
2961 854 3101 908 bona
3124 870 3221 908 sua
3246 854 3487 919 tradidit,
3517 864 3572 906 et
3597 869 3720 907 cum

2162 948 2370 1002 caneris
2417 948 2640 1017 reliquis
2686 946 2792 1016 (7),
2849 945 3013 999 etiam
3060 952 3292 1013 quatuor
3340 943 3463 997 illos
3513 943 3721 997 libellos

2163 1053 2301 1108 quos
2323 1037 2646 1108 Scythianus
2671 1039 2982 1108 scripserat,
3010 1051 3112 1090 non
3140 1035 3428 1089 multorum
3459 1049 3719 1088 versuum

2162 1131 2422 1199 singulos.
2461 1128 2612 1184 Tune
2636 1145 2765 1199 ergo
2791 1127 3092 1191 Corbicius,
3117 1126 3322 1194 sepulta
3352 1125 3601 1188 domina,
3624 1124 3721 1178 bo-

2165 1220 2248 1273 nis
2299 1219 2400 1273 sibi
2447 1220 2718 1274 derelictis
2749 1218 3001 1272 omnibus
3027 1217 3105 1270 uti
3138 1217 3334 1285 coepit,
3379 1224 3431 1268 et
3463 1214 3720 1285 migravit

2162 1310 2228 1365 ad
2276 1311 2511 1365 medium
2562 1312 2793 1365 civitatis
2840 1311 3019 1363 locum
3070 1309 3121 1362 in
3169 1323 3277 1377 quo
3323 1308 3580 1361 manebat
3625 1321 3718 1359 rex

2161 1400 2482 1468 Persarum;
2519 1410 2572 1455 et
2596 1409 2929 1456 commutato
2976 1400 3079 1454 sibi
3111 1399 3346 1462 nomine,
3381 1399 3594 1452 Manent
3631 1413 3721 1452 se-

2163 1493 2445 1563 metipsum
2486 1507 2580 1561 pro
2604 1492 2852 1548 Corbicio
2877 1492 3196 1561 appellavit;
3230 1505 3327 1544 nec
3354 1489 3592 1554 Martem,
3625 1493 3720 1546 sed

2161 1582 2376 1650 Manes;
2407 1583 2691 1638 Persarum
2727 1585 2870 1638 enim
2921 1585 3102 1653 lingua
3149 1581 3238 1636 tali
3276 1583 3443 1636 utitur
3477 1583 3721 1636 declina-

2163 1677 2330 1732 tione.
2378 1675 2611 1731 Ell‘eetus
2659 1676 2822 1743 igitur
2866 1692 2996 1745 puer
3022 1676 3108 1729 ille
3136 1690 3400 1728 annorum
3430 1689 3600 1744 pr0pe
3629 1689 3717 1727 se.

2164 1769 2381 1838 xaginta
2408 1769 2483 1836 (8)
2507 1808 2521 1832 ,
2573 1769 2815 1823 eruditus
2841 1767 3134 1823 secundum
3174 1768 3475 1821 doctrinam
3509 1782 3632 1835 quae
3663 1766 3718 1820 in

509 1876 701 1936 praeter
733 1881 897 1921 anum
945 1867 1113 1921 solam
1161 1881 1281 1936 qua:
1321 1868 1440 1936 eius
1484 1869 1749 1938 particeps
1791 1847 1929 1923 facta
1957 1877 2056 1925 est.
2092 1847 2132 1902 Β
2163 1860 2295 1914 Ιοοίε
2335 1860 2440 1914 illis
2473 1869 2555 1914 εει
2579 1902 2593 1925 9
2645 1869 2697 1914 ει
2725 1875 2872 1929 [mne
2904 1860 3130 1913 dixerim
3183 1875 3345 1928 super
3372 1875 3593 1913 omnem
3621 1859 3720 1911 ho‘

511 1955 664 2010 Tunc
723 1958 800 2027 (1)
843 1957 1035 2012 deinde
1083 1973 1240 2013 mane
1296 1960 1472 2028 primo
1518 1961 1758 2014 ascendit
1804 1962 2059 2016 solarium

509 2049 777 2116 quoddam
813 2050 1111 2114 excelsum,
1147 2050 1236 2104 ubi
1264 2053 1483 2107 nomina
1513 2055 1756 2123 quaedam
1785 2056 1946 2124 coepit
1979 2055 2061 2109 in-

508 2155 736 2206 vocare,
787 2157 907 2208 qua:
947 2141 1102 2196 nobis
1128 2140 1310 2196 Turbo
1345 2143 1510 2210 dixit,
1546 2145 1691 2199 solos
1718 2155 1920 2216 septem
1955 2146 2062 2201 ele-

510 2240 625 2285 ctos
674 2231 945 2286 didicisse.
1006 2230 1140 2286 Cum
1184 2248 1313 2303 ergo
1360 2233 1691 2290 ascendisset
1721 2237 1856 2292 ritus
1881 2238 2062 2293 nescio

507 2319 703 2388 cuius,
738 2321 821 2374 vel
867 2320 1077 2376 artiﬁcii
1113 2325 1316 2394 gratia;
1371 2326 1520 2380 solus
1572 2337 1753 2382 autem
1797 2330 2058 2395 ascendit,

509 2423 576 2461 ne
604 2408 726 2462 inde
755 2409 822 2462 ab
857 2410 1036 2479 aliquo
1071 2415 1317 2468 convinci
1348 2425 1530 2484 posset
1555 2416 1665 2486 (Ξ),
1701 2417 1844 2488 quod
1879 2419 1922 2472 si
1951 2419 2062 2474 dis-

508 2501 817 2556 simulasset
855 2502 937 2558 vel
985 2519 1084 2573 pro
1126 2505 1296 2559 nihilo
1342 2507 1606 2574 duxisset,
1638 2509 1907 2579 cogitabat
1948 2527 2006 2566 se
2031 2528 2059 2566 a

511 2592 652 2645 veris
678 2591 1014 2662 principibus
1043 2596 1218 2664 pteuis
1247 2613 1368 2652 esse
1397 2599 1692 2655 subditum.
1732 2599 1854 2657 Haec
1880 2618 1944 2657 eo
1969 2618 2060 2658 co-

507 2684 706 2752 gitantc
737 2683 811 2754 (5)
835 2725 850 2750 ,
900 2685 1238 2754 iustissimus
1283 2687 1424 2744 Deus
1456 2691 1556 2745 sub
1601 2700 1774 2748 terras
1809 2709 1933 2748 eum
1963 2694 2049 2749 de-

509 2775 651 2827 trudi
701 2791 796 2845 per
844 2776 1091 2846 spiritum
1137 2779 1291 2848 iubet
1323 2800 1335 2835 :
1371 2791 1424 2837 et
1451 2783 1708 2838 continuo
1740 2785 1805 2839 de
1849 2801 2060 2840 summo

508 2867 787 2936 deiectus,
838 2871 1088 2926 exanime
1125 2888 1322 2943 corpus
1376 2874 1627 2929 deorsum
1673 2877 2058 2946 praecipitatum

507 2970 608 3022 est,
645 2961 788 3029 quod
823 2977 960 3018 anus
989 2963 1078 3018 illa
1109 2967 1328 3020 miserta
1360 3007 1375 3032 ,
1409 2968 1690 3022 collectum
1725 2969 1856 3024 locis
1889 2971 2060 3026 solitis

510 3053 737 3122 sepeliit.

2164 1953 2360 2006 minem
2385 1970 2400 2018 ;
2443 1952 2751 2022 diligentius
2781 1961 2956 2006 tamen
2991 1951 3103 2005 haec
3130 1950 3343 2012 didicit,
3371 1966 3492 2020 qua:
3521 1951 3577 2004 in
3614 1951 3719 2007 illis

2167 2053 2400 2113 quatuor
2426 2043 2619 2097 libellis
2637 2044 3079 2098 continebantur:
3108 2042 3390 2110 acquisivit
3411 2043 3572 2095 etiam
3601 2043 3719 2096 dis-

2162 2133 2369 2202 cipulos
2422 2142 2529 2186 tres
2561 2132 2635 2203 (9)
2658 2176 2671 2198 ,
2707 2148 2937 2202 quorum
2969 2133 3186 2187 nomina
3233 2142 3358 2188 sunt
3383 2134 3486 2188 hac
3517 2152 3532 2186 :
3560 2131 3721 2186 Tho-

2162 2239 2312 2290 mas,
2346 2225 2527 2278 Addas
2556 2233 2610 2279 et
2642 2223 2886 2278 Hermas.
2942 2223 3095 2277 Tune
3135 2225 3364 2278 assumit
3404 2225 3515 2278 illos
3549 2225 3715 2279 libel-

2162 2315 2262 2380 los,
2295 2325 2349 2369 et
2377 2315 2633 2370 transfert
2661 2331 2774 2377 eos,
2807 2316 2876 2369 ita
2904 2323 2962 2368 ut
2992 2317 3160 2369 multa
3185 2315 3296 2384 (10)
3337 2317 3436 2370 alia
3464 2331 3492 2369 a
3518 2327 3712 2370 semet-

2164 2413 2281 2482 ipso
2309 2413 2568 2468 insereret
2590 2413 2690 2479 eis,
2722 2428 2842 2482 qua:
2863 2413 3094 2467 anilibus
3117 2411 3312 2466 fabulis
3342 2413 3540 2468 similia
3566 2423 3712 2466 sunt.

2163 2505 2401 2560 Habebat
2432 2521 2558 2576 ergo
2587 2517 2698 2561 tres
2743 2506 2877 2561 istos
2920 2506 3212 2575 discipulos
3260 2507 3509 2562 conscios
3544 2509 3716 2560 malo-

2161 2613 2279 2651 rum
2312 2613 2567 2660 suorum;
2607 2612 2802 2651 nomen
2833 2611 2962 2650 vero
2991 2596 3184 2650 libellis
3217 2598 3493 2665 proprium
3544 2598 3720 2651 ascri-

2163 2688 2257 2752 bit,
2293 2688 2488 2756 prioris
2516 2687 2736 2741 nomine
2761 2687 2955 2750 deleto,
2990 2696 3242 2755 tanquam
3273 2688 3316 2740 si
3341 2703 3437 2742 eos
3470 2689 3626 2742 solus
3657 2705 3724 2742 ex

2161 2781 2450 2849 semetipso
2473 2779 2878 2849 conscripserit.
2939 2777 3089 2832 Tune
3118 2780 3290 2834 visum
3317 2790 3399 2834 est
3424 2779 3473 2834 ei
3507 2782 3725 2835 mittere

2159 2872 2451 2940 discipulos
2499 2888 2628 2926 suos
2667 2886 2788 2924 cum
2842 2869 2926 2925 his
2953 2885 3072 2939 qua:
3103 2873 3501 2940 conscripserat
3551 2871 3608 2925 in
3656 2874 3723 2925 li-

2160 2963 2336 3029 bellis,
2367 2965 2433 3016 ad
2463 2963 2741 3032 superiora
2779 2962 2923 3016 illius
2947 2962 3236 3030 provinciae
3261 2963 3402 3026 loca,
3431 2972 3487 3017 et
3521 2979 3612 3032 per
3643 2965 3729 3018 di-

2160 3069 2343 3108 vcrsas
2371 3054 2615 3108 civitates
2641 3064 2694 3108 et
2725 3054 2875 3108 vicos
2897 3095 2912 3118 ,
2961 3063 3019 3108 ιιι
3046 3054 3264 3108 haberet
3296 3055 3513 3124 aliquos
3547 3072 3608 3109 se
3634 3072 3723 3110 se-

581 3145 708 3199 Llll.
751 3145 904 3201 Tune
952 3148 1131 3201 omnia
1180 3147 1268 3202 illa
1318 3164 1438 3218 qua),
1490 3165 1672 3204 secum
1716 3151 1782 3206 de
1825 3150 2057 3226 [Egypto
2087 3184 2130 3243 Ο
2162 3157 2420 3216 quentes;
2475 3154 2527 3199 et
2573 3145 2810 3199 Thomas
2835 3145 3052 3214 quidem
3090 3155 3270 3215 partes
3300 3145 3518 3217 Egypti
3552 3148 3723 3202 voluit

511 3238 834 3304 pertulerat,
866 3247 1182 3294 manserunt
1205 3242 1343 3308 apud
1373 3256 1527 3308 eam;
1563 3254 1616 3296 et
1640 3244 1819 3314 gavisa
1851 3257 1931 3300 est
1956 3248 2060 3301 val~

510 3328 575 3379 de
606 3327 669 3380 te
696 3334 865 3380 morte
908 3325 1047 3393 eius,
1086 3327 1287 3396 duplici
1317 3344 1478 3383 causa
1507 3347 1518 3382 :
1550 3330 1746 3399 primo,
1775 3333 1918 3400 quod
1950 3348 2056 3387 non

509 3417 737 3472 libenter
763 3418 1025 3487 aspiceret
1052 3429 1193 3474 artes
1219 3419 1390 3487 illius;
1415 3422 1672 3486 secundo,
1697 3438 1797 3493 pro
1825 3425 1910 3480 his
1940 3441 2059 3495 qua:

510 3511 576 3563 de
605 3511 912 3564 haereditate.
941 3510 1465 3578 lueratconsecuta;
1501 3525 1618 3568 erat
1657 3517 1798 3570 enim
1827 3518 2057 3572 multum

512 3603 688 3670 pretii.
727 3601 856 3668 Quae
883 3617 1006 3658 cum
1035 3603 1147 3658 sola
1176 3614 1337 3670 esset,
1372 3605 1570 3660 habere
1599 3607 1831 3676 aiiquem
1865 3610 1930 3664 ad
1959 3614 2058 3664 mi-

507 3781 650 3834 aliud
700 3782 982 3849 cujusdam
1018 3783 1270 3852 nomine;
1310 3803 1328 3835 ι
1383 3783 1661 3852 legendum
1700 3794 1878 3840 autem
1916 3802 2055 3851 esse,

516 3871 532 3900 ι
573 3852 663 3928 sed
678 3853 857 3928 ἒΙξυξη
888 3851 1382 3928 B‘udda‘mnomine,
1416 3851 1650 3928 {Cyrilli
1681 3853 2060 3928 Hierosolymi-

509 3921 640 3982 tani.
673 3921 953 3992 Epiphanii
990 3934 1043 3977 et
1075 3923 1302 3977 aliorum
1334 3921 1671 3979 narrationes
1705 3925 1879 3994 palam
1910 3921 2059 3982 evin-

510 4001 657 4045 eunt.

580 4061 693 4129 (97)
733 4061 863 4116 Cod.
898 4059 1052 4132 Reg.,
1083 4062 1259 4125 Alcx.,
1296 4061 1436 4125 Vat.,
1471 4082 1488 4114 ‹
1525 4080 1581 4118 se
1605 4079 1722 4119 esse
1744 4064 2054 4132 simulabat,

507 4132 650 4184 etab
679 4132 887 4200 angelo.
947 4150 964 4182 ι
1006 4132 1126 4186 Mox
1159 4148 1307 4198 vero,
1353 4151 1371 4185 ι
1419 4134 1702 4188 Labdacus
1731 4133 1886 4188 Metri
1920 4137 2058 4193 ﬁlius

509 4211 624 4271 (pro
657 4200 979 4271 Mithrae)...
1009 4202 1246 4270 quotidie
1275 4205 1407 4258 satis
1451 4205 1694 4259 animosa
1738 4207 1964 4260 certatio
1993 4209 2058 4262 de

511 4271 823 4336 huiusmodi
856 4274 1089 4340 negotio.
1132 4291 1149 4322 ι

580 4341 700 4414 (98)
733 4341 806 4414 De
835 4342 918 4395 his
946 4341 1230 4397 Persarum
1260 4342 1797 4414 sacerdotibus,ivide
1827 4344 2058 4414 Epipha-

509 4411 743 4531 [Illiilllli'n
776 4411 877 4465 hac
899 4414 1086 4468 haeresi
1113 4429 1258 4466 num.
1288 4414 1338 4478 5,
1368 4423 1419 4466 et
1445 4429 1543 4468 nos
1569 4415 1620 4468 in
1646 4411 2055 4470 Manichieorum

566 4492 772 4531 ιειοηα.

566 4492 772 4535 ιειοηα.

894 4551 1022 4629 Reg.
1055 4551 1202 4629 Alex.
1244 4551 1387 4612 Vat.,
1433 4570 1451 4604 t
1490 4563 1542 4629 et
1572 4552 1637 4608 de
1662 4553 1873 4629 duobus
1906 4555 2059 4629 lumi-
2088 4518 2132 4573 Β

509 4620 676 4674 uariis
722 4620 999 4690 mysteria.
1065 4621 1168 4675 Sed
1196 4631 1249 4676 et
1275 4622 1546 4690 quomodo
1599 4623 1790 4686 anima:
1817 4626 2057 4682 discede-

510 4689 658 4743 bant.
697 4709 716 4741 ι
753 4681 816 4742 Et
843 4708 987 4756 mox,
1025 4710 1042 4742 ι
1076 4681 1496 4746 revertebantur.
1535 4712 1552 4745 ι

578 4759 653 4826 (1)
694 4757 751 4812 1η
776 4762 958 4831 codice
992 4763 1273 4817 Casiuensi
1305 4764 1590 4827 scribitur,
1631 4780 1649 4814 ι
1688 4761 1872 4831 Nunc;
1911 4785 1928 4817 ι
1965 4767 2055 4821 sed

513 4846 530 4878 ι
563 4839 740 4904 uiue)
776 4830 1054 4904 legendum
1083 4847 1202 4904 esse
1232 4848 1336 4904 non
1365 4834 1598 4904 ambigo.

578 4898 660 4976 (2)
692 4897 870 4976 codex
905 4901 1216 4976 Qasitiensis
1241 4903 1419 4976 habet,
1473 4923 1490 4954 t
1512 4897 1581 4958 iit
1607 4903 1732 4959 inde
1759 4906 1827 4960 ab
1875 4907 2057 4976 aliquo

507 4967 754 5046 convinci
799 4971 1044 5046 possit.)
1098 4971 1639 5046 Contrariusjam‘en
1674 4991 1866 5046 sensus
1895 4967 2055 5046 quem

507 5037 895 5112 espressimus,
911 5041 1084 5094 verior
1103 5051 1214 5108 est;
1239 5059 1370 5112 nam
1400 5043 1450 5097 id
1475 5044 1578 5098 sibi
1605 5045 1718 5099 vult
1738 5037 2052 5112 Archelaus,
2101 5070 2107 5078 ι

508 5107 773 5185 Bianetem
803 5111 976 5185 solum
1001 5151 1015 5175 ,
1063 5111 1344 5185 cujusdam
1390 5114 1645 5185 prmstigii
1675 5130 1868 5182 causa,
1915 5107 2056 5171 sola;

508 5179 646 5230 rium
679 5180 1005 5243 ascendisse,
1039 5196 1104 5234 ne
1134 5196 1162 5233 a
1190 5179 1358 5235 Pareo
1383 5179 1437 5236 et
1462 5179 1709 5238 Labdaco
1737 5179 1944 5240 Mithrae
1970 5203 2056 5241 sa-

506 5249 814 5326 cerdotibus
863 5249 913 5303 id
943 5249 1133 5326 egisse
1167 5251 1584 5326 deprehensus,
1621 5255 1826 5326 debitas
1867 5271 2054 5326 pinnas

508 5314 796 5394 Persarum
846 5323 962 5394 regi
994 5314 1450 5394 persolve'ret.A_—
1478 5314 1609 5378 Cod.
1661 5323 1792 5394 Reg.
1819 5367 1833 5391 ,
1869 5314 2050 5394 'Alcx.,

506 5383 654 5462 Va_t_.,
697 5408 730 5462 ε
750 5383 1103 5462 θξοςῃῖὶὶιξιιι
1131 5391 1288 5462 ne_ab
1312 5391 1512 5462 aliquo.
1547 5413 1565 5445 ι

577 5459 652 5527 (5)
691 5458 824 5532 Qod.
854 5459 984 5530 Reg.
1018 5461 1167 5516 Alex.
1205 5459 1325 5516 Vat.
1348 5503 1361 5524 ,
1403 5458 1429 5514 ⁷(
1465 5465 1639 5532 poenis
1672 5481 1792 5520 esse
1822 5467 2054 5521 subden-

505 5528 652 5608 dum.
719 5529 842 5608 llaec
866 5528 955 5585 illo
983 5533 1272 5608 cogitante.
1310 5553 1328 5585 ι
1359 5528 1528 5608 Paulo
1544 5548 1700 5608 post,
1737 5554 1756 5587 ‹
1792 5537 1858 5590 de.
1893 5537 2055 5608 Egy-

505 5550 652 5582 uuut.
719 5550 842 5584 tunc
866 5550 954 5585 tuo
983 5550 1272 5656 COﬁItallle.
1310 5553 1328 5585 t
1359 5550 1528 5586 rauto
1551 5550 1700 5602 post,
1737 5554 1756 5587 t
1792 5550 1858 5590 de
1893 5550 2055 5608 mgy-

505 5606 597 5678 pto
617 5599 968 5678 protulerant.
1002 5622 1019 5654 »
1099 5612 1118 5657 ι
1141 5619 1286 5670 mox,
1310 5623 1328 5656 ε
1362 5602 1558 5673 duplici
1586 5621 1651 5678 ex
1679 5621 1910 5662 causa...
1935 5624 2055 5678 quae

507 5668 819 5748 inmeditate
841 5672 1014 5748 luerat
1033 5668 1324 5730 consecuta
1355 5693 1367 5729 :
1402 5668 1518 5728 erat
1538 5676 1678 5730 enim
1703 5681 1932 5733 multum
1950 5668 2054 5748 ’ρε-

504 5740 676 5809 cunire
703 5741 876 5795 avida.
912 5740 1042 5807 Quae.
1069 5760 1213 5809 cum,
1252 5765 1270 5798 ›
1301 5756 1402 5800 etc.

577 5805 652 5875 (4)
691 5809 832 5866 ldem
869 5805 1032 5868 codex
1056 5856 1069 5880 ,
1107 5834 1124 5866 ‹
1175 5805 1478 5886 puerulum.
1524 5835 1544 5869 ι
1601 5816 1756 5889 Mox,
1811 5838 1828 5872 ι
1866 5835 2053 5889 quem-

2161 3252 2458 3306 oecupare,
2500 3236 2678 3290 Addas
2729 3251 2857 3290 vero
2890 3234 3118 3306 Scythia:
3146 3237 3293 3306 (ll),
3343 3238 3498 3292 solus
3539 3250 3720 3293 autem

2159 3327 2383 3382 Ilernias
2406 3327 2642 3382 residere
2667 3343 2789 3382 cum
2819 3343 2883 3382 eo
2904 3328 3082 3397 elegit.
3109 3328 3242 3381 Cum
3265 3345 3394 3398 ergo
3425 3330 3505 3382 illi
3533 3341 3722 3385 essent

2158 3417 2401 3491 preteeti,
2450 3419 2593 3490 regis
2634 3419 2777 3474 filius
2823 3419 3136 3488 mgritudine
3179 3421 3414 3490 quadam
3460 3432 3719 3492 arreptus

2157 3522 2270 3577 est;
2300 3527 2457 3581 quem
2481 3527 2574 3566 rex
2601 3512 2778 3566 curari
2805 3511 3140 3579 desiderans,
3167 3514 3402 3567 edictum
3429 3516 3722 3585 proposuit

2159 3604 2213 3658 in
2244 3604 2352 3658 vita
2393 3603 2538 3675 (12),
2593 3604 2639 3658 si
2681 3603 2803 3674 quis
2845 3619 2968 3658 eum
3001 3619 3192 3660 curare
3229 3607 3433 3675 possit,
3471 3607 3721 3676 accipere

2159 3797 2263 3853 que
2293 3783 2494 3853 statim.
2531 3799 2560 3853 »γ
2583 3780 2649 3835 Ει
2681 3781 2840 3851 paulo
2863 3791 3004 3853 post,
3040 3799 3058 3832 ι
3100 3781 3203 3846 Qui
3226 3796 3371 3834 eum.
3405 3799 3422 3832 ι

2229 3853 2302 3920 (5)
2349 3871 2366 3902 t
2403 3852 2726 3922 (lubricum,
2753 3872 2770 3902 ι
2809 3851 3127 3922 Κούϐρῳεον,
3164 3853 3334 3912 hunc,
3368 3867 3477 3904 non
3521 3871 3540 3904 ε
3579 3851 3721 3908 Cor-

2159 3922 2378 3986 bicium,
2415 3941 2449 3992 li
2472 3931 2665 3992 voe_ant
2692 3921 2942 3992 Cyrinus,
2964 3921 3308 3992 Epiphanius
3340 3931 3393 3992 et
3418 3923 3536 3974 alii.

2231 3993 2306 4059 (6)
2343 3991 2523 4045 Codex
2557 3990 2685 4059 Reg.
2713 3989 2862 4062 Alex.
2896 3989 3055 4055 VatC,
3080 3989 3093 3992 ⁷
3120 4011 3136 4041 ε
3175 4007 3309 4045 auus
3342 3991 3431 4044 die
3479 3993 3572 4046 illa
3613 4009 3720 4062 qua

2158 4063 2308 4120 obiit.
2329 4062 2555 4130 ipsique,
2582 4079 2599 4111 ι
2622 4070 2722 4115 etc.
2760 4061 2902 4125 Mox,
2939 4080 2956 4112 ι
2982 4063 3188 4116 caneris
3212 4061 3478 4131 reliquiis.
3519 4083 3538 4113 ι
3577 4061 3722 4117 Pau-

2158 4133 2343 4202 eisque
2392 4131 2715 4202 interiectis,
2774 4149 2792 4183 ι
2841 4133 2894 4185 in
2936 4147 3042 4202 qua
3086 4131 3338 4186 manebat
3388 4148 3486 4186 rex
3519 4131 3723 4190 Persa-

2158 4219 2300 4258 I'Uﬂl.
2353 4219 2371 4252 ι

2230 4274 2308 4343 (7)
2347 4271 2504 4325 Forte
2542 4296 2559 4321 ι
2586 4270 2847 4338 reliquiis.
2881 4290 2898 4323 i

2229 4341 2304 4413 (8)
2347 4345 2420 4398 lla
2453 4350 2771 4413 constanter
2793 4343 2844 4393 in
2871 4343 3152 4398 Casiuensi
3187 4341 3370 4399 codice
3411 4343 3720 4411 scribitur;

2157 4410 2346 4468 VCPCQI‘
2379 4423 2553 4465 tamen
2585 4427 2652 4464 ne
2681 4410 2732 4463 111
2762 4411 2862 4464 ilOC
2890 4429 3156 4468 annorum
3185 4427 3410 4467 numero
3452 4410 3722 4469 mendum

2160 4484 2248 4538 sit.
2276 4516 2352 4555 -—W
2367 4481 2548 4536 Codex
2578 4480 2706 4550 Reg.
2732 4480 2882 4536 Alex.
2915 4483 3058 4546 Vat.,
3117 4502 3136 4535 α
3171 4483 3404 4538 Elfectus
3433 4495 3518 4538 est
3554 4487 3723 4555 igitur

2159 4569 2292 4622 puer
2323 4554 2410 4624 ille
2439 4567 2700 4624 annorum
2716 4565 2888 4624 prope
2914 4556 3267 4624 septuaginta.
3301 4573 3320 4606 ι

2229 4625 2303 4695 (9)
2345 4623 2494 4695 Idem
2518 4622 2682 4675 codex
2712 4619 2840 4690 Reg.
2875 4619 3024 4679 Alex.
3049 4667 3064 4688 .
3107 4619 3143 4674 ἰ
3188 4625 3240 4678 in
3293 4622 3430 4695 locis
3473 4623 3587 4679 illis
3616 4637 3720 4690 est,

2157 4692 2292 4762 pene
2328 4692 2554 4763 dixerim
2602 4705 2762 4759 super
2792 4707 3002 4763 omnem
3044 4695 3318 4748 hominem
3349 4693 3674 4763 diligentius
3705 4716 3719 4750 :

2157 4773 2335 4818 tamen
2367 4762 2552 4816 didicit
2573 4776 2634 4815 ea
2664 4775 2782 4828 qua:
2809 4762 2860 4814 in
2892 4773 3125 4832 quatuor
3163 4766 3268 4818 illis
3303 4762 3500 4818 libellis
3534 4769 3722 4820 couti-

2159 4835 2441 4904 nebantur.
2479 4831 2966 4904 Acquisivit_etiam
2998 4835 3111 4904 ipse
3139 4834 3458 4903 discipulos.
3503 4855 3525 4888 ι

2228 4903 2337 4972 (10)
2377 4902 2433 4957 1η
2478 4903 2661 4972 eodem
2708 4901 3032 4972 cpd.7Vat.,'
3078 4923 3095 4955 ι
3135 4915 3194 4957 ut
3229 4901 3552 4960 transferret
3598 4923 3723 4972 eos,

2158 4969 2318 5027 itaut
2344 4973 2444 5027 alia
2475 4971 2659 5025 multa.
2687 4989 2703 5022 ι
2731 4969 2897 5045 Paulo
2925 4969 3065 5042 post,
3101 4993 3120 5026 ι
3148 4990 3213 5029 ex
3244 4976 3544 5045 semetipso
3576 4969 3721 5032 seri;

2155 5045 2345 5112 pserit,
2381 5062 2398 5096 ι
2434 5057 2532 5112 pro
2562 5044 3010 5112 «conscripserit.
3053 5063 3071 5096 ι

2227 5115 2273 5184 (1
2290 5116 2333 5185 ι)
2352 5111 2502 5186 idem
2521 5111 2744 5186 eodex,__t
2769 5111 2946 5186 partes
2964 5113 3338 5186 IEgyptiorum
3352 5115 3528 5170 voluit
3550 5130 3726 5171 occu-

2156 5181 2514 5253 pare.'Abdas
2543 5196 2670 5253 vero
2703 5181 2893 5253 Syrize.
2928 5203 2946 5236 ι

2227 5256 2355 5327 (12)
2378 5252 2680 5327 Legendum
2731 5252 2991 5327 fortasse,
3033 5255 3340 5327 «inritans.
3382 5276 3402 5309 ι
3431 5287 3502 5296 —
3534 5257 3724 5327 Atque

2155 5324 2318 5396 hanc
2345 5324 2624 5396 lectionem
2671 5323 2953 5396 conﬁrmat
2993 5326 3156 5378 codex
3195 5325 3326 5396 Reg.
3377 5330 3539 5382 Alex.
3591 5323 3719 5382 Vat.

2155 5396 2277 5448 Mox
2310 5395 2360 5449 in
2387 5394 2572 5467 eodem
2599 5393 2742 5467 eod._.
2770 5411 2788 5445 ι
2819 5410 3008 5467 eu_rare
3037 5406 3235 5464 posset,
3253 5393 3563 5459 accederet,
3585 5416 3724 5467 pra:-

2155 5467 2263 5538 mio
2296 5465 2473 5538 multo
2511 5464 2802 5532 proposito.
2868 5463 3166 5538 'l‘utieiste,
3203 5468 3345 5522 sicut
3370 5467 3450 5522 illi
3481 5463 3722 5538 quieu-

2155 5537 2303 5603 buin,
2335 5535 2476 5605 quod
2503 5543 2813 5607 nonien__est
2853 5535 3000 5599 aleae,
3026 5536 3208 5592 ludere
3231 5538 3427 5603 solent,
3467 5535 3724 5607 prasen-

2156 5607 2284 5678 tiam
2319 5603 2401 5660 sui
2429 5604 2642 5659 exhibet
2694 5603 2892 5678 Manes.
2925 5624 2944 5656 ι
3006 5607 3109 5678 ista
3136 5622 3260 5662 vera
3287 5616 3370 5662 est
3403 5603 3576 5678 huius
3605 5610 3718 5664 loci

2155 5677 2332 5741 lectio,
2378 5690 2537 5745 quant
2584 5687 2682 5729 nos
2715 5675 3180 5743 subodoravimus,
3219 5687 3277 5733 ut
3307 5680 3362 5733 in
3393 5675 3608 5736 nostris
3645 5681 3718 5736 ad

2156 5747 2300 5804 hunc
2325 5747 2499 5802 locum
2537 5745 2676 5800 notis
2706 5745 2870 5800 videri
2901 5755 3093 5817 potest.
