3954 7108
7 4633 23 4666 ὃ

7 4777 18 4808 Ι]

481 408 616 465 ιδεδ

1466 400 1646 456 ACTA
1681 392 2199 455 DISPUTATIONIS
2239 390 2296 445 S.
2337 389 2676 446 ARCHELAI

3524 383 3549 436 1
3562 382 3668 436 524

479 529 623 583 tione
655 531 924 579 teneretur
951 518 1086 592 (‘28),
1119 518 1336 588 quidam
1368 525 1542 573 tamen
1572 517 1755 572 crebre
1786 515 2014 570 insecuti
2043 517 2088 575 Α
2116 526 2205 566 sas
2227 509 2383 563 etiam
2411 507 2673 562 Basilides
2696 505 2916 575 quidam
2945 501 3219 572 antiquior
3243 501 3374 570 (55),
3405 515 3512 552 non
3549 499 3670 551 lon-

478 626 607 674 sunt
634 625 755 689 post
779 630 921 669 eum.
984 612 1085 667 Sed
1113 611 1199 665 ille
1226 613 1340 665 vias
1371 612 1567 681 quibus
1592 617 1830 675 venerat,
1865 622 2016 676 repe—

477 720 596 765 tens
621 749 636 775 ,
671 710 897 762 transito
927 704 1090 759 ﬂuvio
1127 703 1193 756 ad
1219 703 1498 757 Arabionis
1525 701 1800 756 castellu'm
1840 699 2016 766 rediit,

478 801 569 856 ubi
601 807 784 870 postea
812 796 1263 866 comprehensus,
1297 793 1507 848 oblatus
1533 802 1612 847 est
1635 793 1778 862 regi;
1821 793 2019 861 quique

476 892 707 962 plurima
774 890 1031 944 adversus
1096 903 1217 941 eum
1285 885 1647 956 indignatione
1695 891 2017 948 commotus,

476 982 612 1037 duas
637 989 836 1036 mortes
867 981 919 1032 in
956 995 1079 1032 eum
1114 977 1386 1033 vindicare
1429 977 1670 1047 cupiens,
1706 991 1866 1028 unam
1902 974 2016 1039 ﬁlii,

477 1075 701 1128 alteram
735 1071 1045 1136 carcerarii,
1091 1069 1256 1139 jussit
1283 1084 1404 1123 eum
1433 1077 1555 1122 ante
1584 1075 1791 1137 portam
1833 1065 2019 1120 civita-

475 1167 545 1221 tis
574 1166 906 1221 excoriatum
941 1163 1229 1232 suspendi;
1277 1170 1329 1215 et
1356 1161 1544 1230 pellem
1585 1160 1734 1230 ejus,
1787 1159 2020 1214 medica-

477 1259 673 1312 mentis
721 1256 970 1310 infectam
999 1295 1014 1320 ,
1074 1253 1283 1318 inﬂari;
1336 1267 1524 1306 carnes
1559 1267 1684 1306 vero
1716 1251 2019 1305 volucribus

476 1346 593 1400 dari
632 1346 796 1417 jussit
843 1345 972 1414 (‘29).
1033 1343 1240 1410 Quibus
1286 1351 1469 1413 postea
1508 1341 1703 1412 agnitis
1727 1339 2019 1393 Archelaus

476 1437 672 1506 adjecit
711 1451 771 1489 ea
802 1437 970 1504 priori
1018 1434 1410 1503 disceptationi,
1449 1444 1507 1486 ut
1531 1431 1782 1486 omnibus
1807 1431 2017 1484 innote-

477 1535 670 1592 sceret,
705 1528 844 1581 sicut
867 1541 986 1596 ego,
1021 1526 1112 1594 qui
1153 1524 1402 1594 inscripsi
1450 1523 1504 1576 in
1545 1521 1817 1592 prioribus
1851 1535 2019 1590 expo-

477 1620 583 1675 sui.
643 1619 994 1688 Congregatis
1023 1617 1185 1686 igitur
1213 1616 1465 1670 omnibus
1505 1614 1824 1669 Christianis
1847 1653 1862 1676 ,
1891 1613 2018 1668 ferri

477 1711 734 1766 adversus
772 1724 893 1763 eum
927 1707 1246 1762 sententiam
1292 1709 1512 1778 placuit,
1545 1708 1708 1761 veluti
1751 1707 2019 1778 epilogum

477 1801 762 1873 quemdam
817 1800 978 1854 morti
1028 1800 1144 1869 ejus
1189 1799 1301 1870 (50)
1334 1799 1789 1861 transmittentes,
1826 1813 2020 1852 conso-

477 1903 696 1948 nantem
746 1892 968 1963 reliquis
1012 1893 1134 1945 vitze
1163 1891 1279 1959 ejus
1309 1891 1551 1960 negotiis.
1606 1889 1821 1945 Addidit
1857 1890 2015 1944 etiam

475 1989 579 2042 hoc
597 1987 893 2041 Archelaus
918 1987 1103 2040 dicens
1133 2001 1147 2038 :
1173 1982 1282 2037 Viri
1314 1983 1528 2047 fratres,
1550 1998 1618 2036 ne
1637 1983 1759 2053 quis
1780 1991 2016 2037 vestrum

474 2078 781 2132 incredulus
823 2078 892 2131 sit
925 2076 1008 2130 his
1037 2090 1156 2144 quae
1183 2090 1212 2128 a
1263 2091 1349 2128 me
1393 2075 1530 2130 dicta
1575 2083 1701 2129 sunt
1748 2095 1761 2127 :
1812 2075 1866 2127 id
1938 2082 2019 2129 est

474 2168 617 2237 quod
660 2183 766 2221 non
801 2168 916 2236 ipse
947 2167 1155 2236 primus
1201 2175 1390 2221 auctor
1437 2165 1679 2220 scelerati
1717 2165 1879 2235 hujus
1924 2165 2018 2219 do—

474 2259 669 2328 gmatis
719 2259 984 2314 exstiterit
1037 2259 1247 2325 Manes;
1303 2258 1394 2313 sed
1446 2266 1686 2322 tantum,
1732 2257 1877 2326 quod
1925 2271 2020 2326 per

472 2351 652 2419 ipsum
701 2349 970 2419 aliquibus
1005 2358 1160 2403 terrm
1204 2349 1446 2418 partibus
1490 2347 1890 2402 manifestatum
1926 2349 2012 2402 sit.

474 2442 580 2496 Sed
617 2457 722 2494 non
753 2441 932 2496 statim
962 2441 1008 2495 is
1037 2441 1127 2509 qui
1170 2440 1369 2509 aliqu-id
1415 2453 1737 2508 quocunque
1767 2447 2017 2508 portave-

472 2533 564 2600 rit,
593 2543 781 2589 auctor
809 2532 926 2602 ejus
945 2533 1215 2603 putandus
1231 2544 1331 2597 est,
1362 2533 1451 2587 sed
1480 2532 1570 2602 qui
1597 2531 1878 2587 invenerit.
1910 2532 2020 2586 Sic-

471 2635 536 2681 ut
567 2627 708 2681 enim
752 2626 1075 2696 gubernator
1119 2633 1392 2695 acceptam
1440 2640 1631 2679 navem
1676 2640 1836 2694 quam
1880 2625 2018 2679 alius

470 2720 619 2786 fecit,
651 2721 717 2773 ad
746 2735 1081 2790 quaecunque
1111 2720 1227 2774 loca
1258 2718 1484 2772 voluerit
1526 2719 1816 2787 perducere
1838 2761 1853 2781 ,
1887 2719 2017 2773 alie-

473 2828 577 2867 nus
606 2822 686 2868 est
718 2821 893 2866 tamen
941 2812 1088 2866 omni
1133 2825 1326 2880 genere
1366 2826 1396 2864 a
1435 2811 1834 2865 constructione
1861 2809 2016 2878 ejus;

470 2903 545 2956 ita
573 2901 950 2971 intelligendus
978 2910 1130 2956 estet
1154 2900 1253 2955 iste
1281 2919 1294 2954 :
1323 2915 1428 2952 non
1453 2899 1597 2952 enim
1623 2914 1688 2952 ex
1717 2898 1870 2952 initio
1894 2899 2018 2953 huic

471 2993 550 3046 rei
585 2992 700 3061 ipse
733 2991 991 3062 originem
1028 2991 1203 3054 dedit;
1241 2989 1331 3042 sed
1356 3003 1417 3042 ea
1437 2995 1644 3040 tantum
1669 2989 1778 3057 (51)
1804 3004 1923 3057 quae
1951 2989 2018 3042 ab

469 3085 564 3140 illo
593 3084 805 3139 fuerant
835 3085 1069 3145 inventa,
1104 3096 1197 3151 per
1225 3095 1282 3135 se
1311 3078 1498 3133 detulit
1533 3078 1870 3145 hominibus',
1908 3081 2013 3134 sic-

2119 618 2183 672 ge
2221 610 2340 669 post
2382 608 2691 654 nostrorum
2742 595 3110 666 apostolorum
3156 601 3428 660 tempora;
3474 589 3572 658 qui
3617 597 3672 642 et

2117 695 2232 762 ipse
2264 707 2387 746 cum
2416 699 2560 747 esset
2587 698 2862 752 versutus,
2893 696 2947 742 et
2973 685 3193 740 vidisset
3236 683 3380 752 quod
3411 696 3478 735 eo
3525 691 3671 734 tem-

2115 800 2247 856 pore
2286 784 2394 852 jam
2444 791 2622 838 essent
2673 781 2857 835 omnia
2887 786 3258 849 praeoccupata
3283 815 3299 837 ,
3346 774 3671 828 dualitatem

2118 879 2277 933 istam
2307 875 2477 930 voluit
2504 874 2788 939 afﬁrmare,
2821 887 2941 942 quae
2960 871 3120 924 etiam
3145 869 3286 938 apud
3311 866 3674 939 Scythianum

2116 979 2250 1022 erat.
2319 964 2558 1035 Denique
2604 979 2728 1018 cum
2773 962 2908 1016 nihil
2948 961 3195 1023 haberet,
3227 959 3366 1028 quod
3397 964 3676 1012 assereret

2117 1063 2433 1133 preprium,
2483 1061 2603 1114 aliis
2646 1059 2805 1113 dictis
2839 1055 2950 1127 (54)
2995 1053 3273 1125 proposuit
3314 1047 3669 1105 adversariis.

2117 1152 2184 1206 Et
2209 1166 2398 1206 omnes
2437 1151 2552 1220 ejus
2589 1149 2711 1204 libri
2739 1147 2972 1203 diﬂicilia
3013 1145 3254 1214 quaedam
3287 1151 3339 1196 et
3366 1139 3670 1209 asperrima

2118 1243 2412 1298 continent.
2470 1239 2658 1295 Exstat
2689 1247 2870 1292 tamen
2894 1236 3084 1291 tertius
3113 1234 3351 1288 decimus
3382 1232 3520 1284 liber
3553 1239 3669 1283 tra-

2118 1344 2359 1389 ctatuum
2389 1332 2530 1402 ejus,
2555 1332 2708 1400 cujus
2735 1331 2944 1385 initium
2972 1327 3077 1382 tale
3103 1335 3186 1380 est
3209 1342 3223 1378 :
3265 1343 3284 1376 ι
3311 1323 3556 1378 Tertium
3581 1321 3673 1374 de-

2119 1428 2318 1483 cimum
2358 1425 2516 1480 nobis
2553 1431 2876 1478 tractatuum
2906 1418 3267 1476 scribentibus
3299 1417 3498 1469 librum
3518 1455 3534 1478 ,
3570 1427 3672 1466 ne-

2118 1521 2415 1578 cessarium
2467 1531 2771 1574 sermonem
2823 1515 3149 1581 uberemque
3191 1494 3440 1565 salutaris
3481 1517 3672 1559 sermo

2118 1616 2413 1685 praestavit.
2451 1632 2469 1665 ι
2527 1611 2630 1666 Per
2651 1611 2927 1680 parvulam
2959 1605 3142 1659 divitis
3164 1644 3178 1669 ,
3210 1611 3262 1656 et
3285 1600 3540 1671 pauperis
3567 1613 3672 1651 na-

2118 1717 2294 1762 turam
2329 1706 2444 1760 sine
2474 1703 2655 1757 radice
2675 1742 2690 1766 ,
2721 1709 2772 1755 et
2800 1699 2914 1753 sine
2936 1698 3056 1751 loco
3079 1694 3240 1749 rebus
3281 1689 3668 1761 supervenien-

2120 1808 2246 1863 tem,
2281 1796 2422 1851 unde
2453 1789 2792 1864 pullulaverit
2837 1787 3054 1842 indicat.
3122 1783 3235 1839 Hoc
3265 1793 3442 1837 autem
3489 1782 3666 1836 solum

2117 1901 2278 1962 caput
2304 1889 2440 1944 liber
2469 1885 2725 1943 continet.
2785 1880 2975 1936 Nonne
3002 1878 3242 1934 continet
3263 1886 3316 1932 et
3341 1875 3511 1930 alium
3543 1889 3666 1928 ser-

2116 1996 2353 2045 monem,
2377 1987 2430 2033 et
2455 1977 2598 2032 sicut
2625 1973 2826 2044 opinati
2859 1980 2986 2027 sunt
3013 1969 3254 2040 quidam,
3276 1981 3453 2021 nonne
3471 1979 3670 2018 omnes

2117 2071 2457 2129 oﬂ‘endemini
2491 2070 2608 2139 ipso
2633 2068 2794 2130 libro,
2822 2063 2978 2134 cujus
3005 2062 3215 2116 initium
3246 2068 3364 2114 erat
3389 2057 3523 2111 hoc?
3547 2053 3665 2109 Sed

2117 2168 2182 2222 ad
2209 2162 2566 2221 rem-rediens
2593 2159 2872 2224 Basilides,
2899 2153 3193 2224 interjectis
3218 2152 3339 2222 plus
3367 2150 3536 2204 minus
3566 2148 3661 2202 vel

2116 2260 2425 2332 quingentis
2469 2255 2715 2312 versibus
2750 2253 2826 2307 ait
2865 2270 2877 2304 :
2921 2269 2940 2302 ι
2973 2248 3166 2303 Desine
3205 2246 3273 2300 ab
3318 2243 3454 2298 inani
3478 2251 3530 2296 et
3553 2256 3656 2296 cu-

2117 2330 2266 2406 riosa
2289 2348 2546 2402 varietate
2576 2364 2590 2400 :
2636 2343 2976 2413 requiramus
3002 2347 3179 2392 autem
3205 2335 3376 2404 magis
3397 2374 3414 2397 ,
3440 2347 3557 2403 quae
3587 2330 3656 2384 de

2116 2441 2272 2495 bonis
2320 2447 2374 2493 et
2417 2436 2576 2491 matis
2625 2434 2786 2489 etiam
2829 2429 3042 2485 barbari
3081 2425 3476 2496 inquisierunt,
3521 2430 3578 2475 et
3603 2420 3664 2474 in

2117 2547 2252 2602 quas
2285 2529 2567 2600 Opiniones
2599 2527 2665 2580 de
2693 2525 2776 2580 his
2801 2522 3050 2579 omnibus
3094 2524 3473 2589 pervenerunt.
3532 2511 3668 2578 Qui-

2117 2627 2240 2679 dam
2266 2623 2410 2678 enim
2440 2621 2630 2674 horum
2656 2618 2926 2680 dixerunt,
2949 2612 3099 2667 initia
3121 2608 3358 2663 omnium
3386 2606 3494 2659 duo
3519 2619 3665 2668 esse,

2117 2717 2313 2785 quibus
2343 2714 2484 2767 bona
2510 2721 2564 2766 et
2597 2710 2737 2764 mala
2787 2705 3218 2764 associaverunt,
3269 2699 3385 2766 ipsa
3420 2697 3670 2751 dicentes

2117 2809 2268 2863 initia
2301 2821 2419 2862 esse
2463 2813 2516 2860 et
2561 2801 2827 2872 ingenita,
2869 2797 2924 2852 id
2963 2805 3044 2852 est
3081 2796 3133 2849 in
3171 2790 3450 2864 principiis
3482 2790 3669 2844 lucem

2117 2900 2284 2955 fuisse
2306 2941 2320 2965 ,
2352 2913 2414 2952 ac
2445 2895 2692 2951 tenebras
2715 2934 2728 2956 ,
2766 2906 2885 2962 quae
2908 2905 2973 2944 ex
3002 2886 3299 2956 semetipsis
3323 2891 3480 2939 erant
3503 2923 3521 2948 ,
3557 2895 3669 2934 non

2117 3007 2236 3063 quae
2278 3005 2398 3045 esse
2447 2987 2782 3043 dicebantur.
2843 2980 2967 3036 Hmc
3016 2994 3138 3034 cum
3187 2976 3323 3046 apud
3371 2973 3671 3040 semetipsa

2117 3092 2330 3147 essent,
2364 3080 2636 3152 propriam
2669 3073 3084 3143 unumquodque
3118 3083 3302 3124 eorum
3332 3067 3501 3119 vitam
3535 3078 3671 3133 age-

470 3184 533 3230 ut
574 3177 736 3232 certis
783 3173 1101 3229 testimoniis
1158 3180 1342 3225 notum
1387 3179 1470 3224 est
1500 3188 1512 3221 :
1544 3169 1738 3238 quibus
1772 3173 2018 3241 proposi-
2044 3187 2086 3243 ο
2119 3176 2238 3241 bat,
2285 3189 2446 3244 quam
2477 3171 2670 3235 vellet,
2720 3179 2773 3221 et
2796 3164 2970 3237 qualis
3014 3163 3117 3217 sibi
3159 3165 3484 3227 competeret
3510 3154 3670 3223 (55);

468 3275 585 3322 tum
637 3274 718 3320 est
754 3265 905 3320 vobis
955 3263 1264 3326 ostendere,
1314 3277 1420 3316 non
1475 3277 1538 3315 ex
1568 3262 1721 3316 Mane
1750 3264 2008 3333 originem

470 3357 597 3412 mali
626 3356 787 3426 hujus
820 3370 1067 3410 manasse
1105 3353 1249 3425 (3‘3);
1286 3354 1375 3408 sed
1404 3355 1472 3407 ab
1500 3353 1625 3416 alio,
1648 3363 1701 3409 et
1727 3365 1848 3409 ante
1875 3356 2014 3410 mul-

468 3457 584 3503 tum
619 3446 876 3515 temporis
908 3462 936 3499 a
966 3445 1194 3499 barbaro
1223 3445 1452 3514 quodam
1504 3457 1712 3511 exorta,
1761 3447 1813 3500 iu
1853 3449 2015 3503 silen-

469 3539 547 3593 tio
577 3539 786 3604 habita;
821 3538 888 3592 ab
914 3539 1018 3594 isto
1047 3553 1173 3592 vero
1201 3538 1378 3607 ignote
1409 3535 1624 3590 latentia
1648 3579 1662 3602 ,
1691 3539 1854 3592 veluti
1888 3555 2012 3608 pro--

468 3634 588 3704 pria
617 3633 735 3702 ejus
767 3649 885 3689 esse
913 3633 1118 3702 prolata
1143 3671 1159 3695 ,
1207 3630 1382 3686 deleto
1427 3633 1809 3698 conscriptoris
1839 3632 2010 3696 titulo,

470 3725 610 3784 sicut
652 3726 901 3797 superius
925 3726 1170 3796 exposui.
1231 3726 1355 3780 Fuit
1377 3727 1696 3798 praedicator
1721 3725 1862 3795 apud
1887 3724 2017 3778 Pero

2118 3265 2369 3320 omnibus
2399 3263 2543 3317 enim
2574 3258 2806 3314 amicum
2838 3262 2920 3310 est
2939 3295 2954 3318 ,
2980 3251 3122 3321 quod
3149 3257 3226 3303 est
3254 3244 3538 3316 proprium
3565 3283 3579 3307 ,
3616 3249 3673 3294 et

2119 3357 2251 3411 nihil
2295 3355 2395 3410 sibi
2426 3355 2601 3422 ipsum
2642 3351 2839 3404 malum
2883 3347 3112 3400 videtur.
3164 3339 3454 3407 Postquam
3483 3343 3668 3388 autem

2119 3447 2186 3501 ad
2227 3445 2544 3500 alterutrum
2581 3440 2907 3511 agnitionem
2943 3444 3169 3502 uterque
3192 3427 3470 3500 pervenit,
3503 3434 3559 3478 et
3588 3433 3670 3477 te-

2119 3538 2296 3592 nebra:
2323 3534 2690 3603 contemplata
2715 3542 2839 3584 sunt
2865 3529 3034 3582 lucem
3065 3521 3178 3593 (56)
3201 3561 3214 3583 ,
3253 3528 3512 3587 tanquam
3542 3529 3666 3567 me-

2119 3629 2270 3684 lioris
2302 3628 2378 3682 rei
2412 3633 2624 3694 sumpta
2650 3616 3083 3690 concupiscentia
3102 3651 3120 3680 ,
3160 3609 3571 3668 insectabantur
3601 3621 3667 3660 ea

2120 3720 2480 3777 commisceri.
2528 3735 2548 3768 ι

1689 3860 1957 3916 Nonnulla
1997 3861 2218 3930 fortasse
2253 3861 2456 3915 desunt.

541 4014 652 4085 (28)
687 4014 818 4071 Cod.
845 4014 973 4086 Reg.
1004 4016 1155 4070 Alex.
1187 4013 1312 4086 Vat.
1329 4055 1343 4078 ,
1369 4032 1401 4086 _t
1425 4015 1560 4086 dum
1589 4029 1815 4086 neeum
1867 4015 2040 4084 inse-j

469 4084 726 4156 queretur
759 4087 804 4139 is
836 4084 1086 4154 populus,
1114 4092 1167 4139 et
1192 4084 1451 4156 Archelai
1473 4099 1629 4152 quem
1669 4084 1894 4156 libenter
1915 4100 2013 4137 au-

467 4153 701 4218 diebant,
721 4153 978 4210 relatione
999 4163 1324 4209 tenerentur.
1353 4173 1370 4205 »
1404 4153 1524 4207 Mox
1561 4173 1578 4204 ‹
1613 4154 1829 4214 crebro,
1865 4174 1881 4205 ι
1919 4169 2015 4222 pro

474 4245 494 4276 ι
528 4226 733 4280 crebre.
772 4245 789 4275 ι
815 4224 981 4278 Paulo
1007 4233 1146 4293 post,
1189 4240 1208 4273 ‹
1244 4233 1786 4293 veneratLrepetans,
1839 4231 2019 4277 trans-

468 4295 546 4348 ito
610 4294 773 4348 ﬂuvio
811 4292 1132 4349 AdrabiOnis
1177 4293 1351 4346 rediit.
1389 4312 1407 4344 ι
1465 4292 1596 4346 Vide
1638 4308 1703 4346 an
1733 4293 2017 4362 legendum
2066 4332 2080 4344 .

469 4365 542 4418 sit
581 4383 598 4415 ‹
628 4365 908 4430 repedans.
951 4382 968 4415 ι

542 4433 655 4514 (29)
695 4435 750 4488 ln
784 4433 1092 4514 his_verbis,
1137 4451 1163 4514 ι⁹
1193 4431 1641 4514 volucribusdari
1663 4431 1844 4514 j‘ussit,
1873 4452 1891 4484 ι
1928 4432 2021 4486 de-
2057 4469 2062 4475 -

467 4501 598 4557 sinit
637 4501 1002 4574 apographum
1037 4501 2017 4574 Regio-Alergandrinumjvaticanum,

466 4572 714 4640 excerpta
748 4574 990 4641 quaadam
1025 4589 1090 4627 ex
1130 4572 1274 4624 Actis
1314 4572 1685 4639 disputationis
1718 4572 1957 4625 Archelai
1991 4587 2020 4624 a

2121 4013 2439 4084 praedicasse
2478 4013 2638 4084 dicat.
2697 4010 2839 4084 Fieri
2881 4009 3025 4065 cnim
3070 4013 3351 4084 potest_ut
3400 4001 3676 4084 Basilides

2121 4072 2443 4138 Alexandria
2469 4083 2762 4152 digressus,
2792 4080 2984 4134 Persas
3019 4072 3248 4152 quoque
3265 4073 3532 4152 haereticis
3567 4072 3673 4126 do-

2123 4155 2390 4222 gmatibus
2419 4141 2635 4206 inficere
2684 4141 2960 4222 tentasset.
3025 4141 3165 4201 Sane
3211 4144 3471 4222 Basilidis
3491 4141 3678 4222 Persa:

2121 4210 2268 4276 nulla
2290 4264 2304 4286 ,
2336 4223 2475 4290 quod
2506 4223 2702 4283 sciam,
2741 4221 3114 4290 apudrveteres
3153 4215 3371 4290 meptio.
3421 4210 3679 4290 _§cripsit

2123 4282 2300 4347 autem
2328 4282 2584 4347 Basilides
2623 4282 3012 4344 Alexandrinus
3041 4286 3204 4341 libros
3233 4283 3300 4337 24
3337 4283 3389 4335 in
3421 4282 3678 4351 Evange-

2123 4362 2276 4425 lium,
2312 4363 2496 4416 eodem
2522 4361 2751 4415 Eusebio
2779 4369 2929 4424 teste,
2965 4357 3056 4429 qui
3085 4372 3190 4429 non
3215 4353 3302 4429 alii
3329 4367 3449 4429 esse
3481 4352 3680 4404 viden-

2123 4443 2211 4486 tur
2237 4422 2271 4486 a'
2298 4442 2619 4486 tractatuum
2649 4431 2800 4484 libris
2820 4471 2834 4494 ,
2876 4422 3012 4498 quos
3035 4422 3579 4498 plaudat_Archelaus_.
3626 4429 3680 4474 et

2125 4504 2194 4556 ab
2216 4502 2499 4566 exegeticis
2522 4501 2648 4562 illis,
2682 4515 2747 4554 ex
2773 4491 3001 4568 quorum
3016 4497 3166 4568 libro
3185 4495 3253 4546 25
3275 4492 3520 4568 quaedam
3549 4491 3678 4568 loca

2126 4571 2287 4626 refert
2315 4560 2562 4624 Clemens
2587 4560 2980 4623 Alexandrinus
3008 4567 3333 4620 Stromatum
3361 4561 3452 4613 lib.
3481 4560 3538 4612 4.
3588 4561 3674 4612 An

466 4656 585 4710 cap.
618 4630 677 4696 51
714 4630 779 4696 ad
808 4644 875 4698 55
907 4644 1218 4706 continens;
1253 4630 1408 4694 unde'
1423 4642 1598 4695 varias
1644 4643 1898 4696 lectiones
1927 4641 2021 4695 de-
2053 4632 2098 4690 D
2125 4652 2302 4695 autem
2339 4640 2682 4708 Evangelium
2724 4639 2870 4710 illud“
2891 4638 2945 4710 in_
2973 4636 3118 4710 quod
3141 4632 3399 4710 Basilides
3428 4630 3676 4710 scripsit,

467 4711 803 4791 scripsimus,
838 4729 1067 4783 quarum
1092 4727 1191 4782 ope
1228 4711 1472 4780 quaedam
1506 4712 1753 4766 Archelai
1793 4713 1908 4766 loca
1943 4726 2022 4765 re-

466 4789 784 4836 Stiluuntur.

535 4850 648 4920 (50)
688 4849 868 4921 Forte,
906 4871 924 4902 ε
956 4852 1147 4921 mortis
1172 4852 1308 4921 ejus.
1347 4869 1367 4903 ι

534 4919 647 4986 (51)
686 4919 822 4974 Male
844 4923 1011 4974 codex
1036 4919 1369 4983 Casineusis,
1411 4942 1429 4974 ‹
1465 4923 1556 4977 sed
1579 4923 1761 4976 etiam.
1802 4941 1820 4973 ι

496 4989 644 5072 ,(52)
683 4989 792 5071 _Aut
819 4990 952 5072 nihil
986 4991 1160 5072 video,
1195 5003 1288 5046 aut
1309 4995 1379 5072 ita
1411 4993 1724 5072 Corrigenda
1749 5001 1831 5046 est
1857 4991 2009 5046 codi-

461 5060 540 5130 cis
571 5060 884 5130 Casinensis
925 5059 1118 5130 lectio,
1162 5077 1283 5130 quas
1329 5065 1409 5119 sic
1452 5078 1508 5116 se
1539 5059 1716 5127 habet,
1753 5081 1769 5112 ι
1807 5078 1913 5116 ιιοη
1945 5078 2012 5116 ex

460 5129 652 5183 Manen
683 5129 943 5199 originem
972 5129 1096 5182 mali
1129 5129 1291 5199 hujus
1321 5133 1502 5186 Manes
1523 5146 1660 5185 esse.
1704 5151 1721 5181 ι

532 5201 643 5270 (55)
687 5198 798 5254 Etsi
832 5199 1118 5270 Basiliden!
1165 5201 1256 5268 qui
1287 5204 1446 5270 paulo
1486 5211 1605 5269 post
1650 5202 2010 5270 apostolorum

458 5279 705 5349 tempora
729 5270 974 5349 haeresim
1021 5269 1238 5349 docuit_,
1268 5269 1698 5349 Alexandrinum
1731 5272 1896 5349 fuisse
1917 5311 1932 5333 ,
1963 5279 2018 5324 et

461 5341 514 5418 in
545 5339 776 5463 Egﬂpto
807 5340 1020 5394 scholas
1053 5339 1252 5392 erroris
1277 5341 1567 5410 aperuisse,
1594 5350 1820 5395 testetur
1847 5340 2016 5394 Euse-

459 5406 582 5462 lnus
614 5409 646 5460 li
693 5448 706 5462 .
736 5425 786 5461 Iv
821 5409 1023 5463 Hister.
1055 5408 1342 5463 ecclesiast.
1363 5451 1377 5463 .
1405 5426 1524 5463 can.
1552 5411 1615 5463 7:
1662 5411 2015 5463 nihilominus

477 5425 582 5462 .HUS
614 5425 706 5462 Ill).

459 5479 553 5546 qui
585 5479 654 5559 ab
675 5478 941 5534 Archelao
972 5489 1321 5559 memoratur,
1354 5481 1584 5559 idemae
1606 5480 1868 5534 Basilides
1894 5480 2016 5532 Alc-

394 5557 399 5562 ‘
461 5548 762 5609 xandrinus
793 5565 914 5612 esse
945 5549 1186 5618 videtur,
1219 5550 1342 5606 licet
1377 5551 1516 5620 apud
1547 5548 1738 5607 Persas
1767 5550 2012 5606 l'iaaresim

736 5425 786 5461 Iv
821 5409 1023 5463 Hister.
1055 5408 1342 5463 ecclesiasi.
1363 5451 1377 5474 ,
1405 5426 1524 5478 cap.
1552 5411 1615 5472 7;
1662 5411 2015 5464 nihilominus
2058 5422 2072 5436 '

2126 4701 2680 4780 apostolorumvesset,
2711 4723 2787 4780 an
2805 4707 2949 4760 aliud
2979 4701 3120 4780 quod
3148 4718 3246 4780 s_u_o
3268 4707 3439 4780 marte
3462 4701 3682 4780 contin-

2113 4768 2208 4846 xi‘t,
2242 4782 2396 4849 cujus
2428 4768 2676 4834 meminit
2701 4775 2955 4845 Origenes
2985 4768 3177 4849 homJ
3213 4773 3263 4824 in
3294 4769 3520 4849 Lucam,
3553 4768 3681 4849 llie~

2111 4837 2370 4922 ronymus
2401 4851 2454 4922 in
2485 4849 2712 4922 prologo
2753 4837 2974 4922 suorum
3004 4841 3386 4922 _Comntent.‘itt
3417 4837 3680 4922 Marthae-

2112 4907 2302 4985 um,‘et
2326 4907 2722 4973 Ambr'osiusvin
2747 4916 2968 4985 prologo
3002 4915 3056 4967 in
3099 4909 3444 4980 Evangelium
3475 4907 3669 4971 Lucae,

2113 5005 2219 5043 non
2255 4991 2385 5044 satis
2410 4989 2611 5057 liquido
2640 4995 2867 5041 constat.

2188 5055 2521 5128 (54)‘Fort’e.
2560 5077 2578 5108 ‹
2613 5057 2840 5128 aliorum
2871 5055 3031 5128 dicta.
3071 5072 3088 5102 ι

2189 5117 2300 5200 (55)
2340 5129 2398 5182 In
2422 5129 2604 5182 codice
2649 5125 2951 5186 Casineusi,
3002 5143 3018 5174 ι
3055 5133 3107 5175 et
3132 5119 3317 5190 quales
3348 5117 3420 5170 ibi
3446 5131 3680 5184 compc-

2115 5208 2312 5255 terent.
2363 5218 2380 5249 ι

2187 5268 2300 5338 (56)
2337 5267 2606 5322 Tenebras
2649 5261 3096 5338 desiderio_lucis
3134 5257 3490 5338 adipiscenda
3518 5264 3680 5308 actas

2118 5327 2292 5394 fuisse
2336 5338 2517 5392 Manes
2545 5350 2758 5404 quoque
2781 5333 2973 5388 asserit
2997 5333 3051 5384 in
3083 5345 3199 5404 cap.
3230 5327 3296 5380 15
3340 5327 3508 5404 hujus
3538 5339 3680 5404 ppe-

2119 5410 2216 5475 ris,
2242 5419 2295 5462 et
2325 5395 3032 5477 apudiTit'uijostrensem
3062 5395 3304 5453 aduersus
3339 5395 3680 5450 Manicheos

2118 5471 2211 5533 lib.
2239 5493 2278 5547 ι,
2312 5471 2431 5550 pag.
2461 5476 2527 5530 47
2555 5474 2807 5532 editionis
2835 5471 3153 5528 Casinianaa.
