3954 7108
0 83 109 5677 ξ

310 224 379 289 φ

510 286 652 402 im

1264 340 1450 399 ACTA
1485 337 2005 399 DISPUTA'HONIS
2044 341 2105 397 S.
2144 339 2484 400 ARCIIELAI
2506 342 2655 402 CUM
2692 341 2991 400 MANE'I'E.

3598 344 3739 401 15ξό
3790 338 3795 349 ’

511 464 635 521 laus
668 472 848 520 autem
886 464 990 519 hoc
1015 461 1272 534 praeclare
1307 463 1595 520 refellens:
1627 463 1758 532 Quae
1791 464 2050 535 paululun

2170 464 2514 535 Εὑαγγελίου.
2554 486 2573 519 ι
2617 466 2675 521 Ὀ
2709 466 2765 520 δέ
2800 467 3121 539 Ἀρχέλαος,
3157 464 3336 530 καλῶς
3369 466 3735 537 ὀποκροῦσαςο

515 556 861 621 antecedunt,
900 554 1096 624 inquit,
1124 553 1278 624 lege:
1323 572 1341 607 ι
1365 553 1517 620 Quod
1549 556 1594 611 si
1619 557 1781 611 etiam
1822 566 2070 626 opertum

512 655 598 701 est
649 644 998 715 Evangelium
1031 653 1312 712 nostrum,
1368 646 1421 699 in
1452 646 1521 702 iis
1576 647 1670 717 qui
1725 657 1947 718 pereunt
1989 654 2073 703 est

512 749 761 807 opertum
787 736 853 791 ³⁸.
893 755 913 788 ι
962 733 1199 791 Videsne
1243 737 1593 806 pereuntibus
1641 738 1912 794 obtectum
1962 738 2071 793 dici

514 826 902 898 Evangelium?
948 824 1067 880 Non
1113 825 1260 881 enim
1304 826 1480 881 danda
1524 836 1652 882 sunt
1699 837 1883 882 sancta
1923 828 2075 883 cani-

512 921 615 977 bus
631 921 694 976 “.
736 920 1000 976 Praeterea
1021 961 1037 986 ,
1081 921 1301 975 solusne
1341 920 1534 976 veteris
1567 922 1896 977 Testamenti
1927 922 2068 979 Deus

512 1012 805 1067 cxczecavit
839 1011 1196 1082 cogitationes
1223 1010 1518 1066 infidelium
1540 1013 1563 1065 ’ἒ
1584 1009 1742 1069 Jesus
1768 1014 1928 1069 etiam
1957 1015 2070 1085 ipse

513 1121 693 1160 nonne
723 1104 901 1159 dixit:
951 1122 970 1155 ι
1005 1101 1129 1157 Ideo
1169 1102 1300 1171 ipsis
1332 1102 1385 1157 in
1429 1104 1703 1173 parabolis
1747 1105 1974 1176 loquor.
2012 1116 2070 1162 ut

510 1197 754 1251 videntes
780 1211 889 1250 non
919 1194 1137 1249 videant
1162 1194 1208 1226 ³⁸
1226 1194 1249 1247 ?
1282 1213 1300 1246 ι
1340 1193 1545 1249 Odione
1575 1210 1668 1250 eos
1711 1210 2065 1267 prosequens,

510 1289 726 1343 volebat
757 1296 815 1343 ut
846 1302 953 1342 non
998 1286 1281 1341 viderent?
1307 1286 1388 1340 An
1434 1288 1565 1356 quia
1606 1288 1887 1358 indignum
1926 1299 2065 1357 erat,

510 1378 768 1451 quoniam
809 1379 997 1434 oculos
1024 1378 1125 1447 ipsi
1173 1395 1303 1435 suos
1349 1380 1734 1435 occluserant?
1779 1379 1880 1435 Ubi
1922 1382 2065 1437 enim

507 1470 811 1525 voluntaria
867 1469 1070 1523 malitia
1103 1511 1118 1535 ,
1167 1470 1276 1525 illic
1314 1478 1368 1525 et
1412 1471 1597 1541 gratia)
1640 1470 1843 1526 donum
1892 1473 2062 1528 abest.

514 1582 531 1614 ι
571 1560 797 1616 Habenti
838 1559 982 1614 enim
1027 1560 1243 1615 dabitur
1279 1580 1293 1617 :
1347 1562 1416 1616 ab
1458 1577 1524 1617 co
1583 1571 1759 1617 autem
1816 1564 1906 1633 qui
1956 1580 2063 1619 non

507 1653 691 1717 habet,
720 1652 882 1707 etiam
911 1651 1054 1722 quod
1088 1666 1146 1721 se
1176 1660 1331 1722 putat
1366 1652 1585 1717 habere,
1609 1652 1884 1709 auferetur
1908 1654 1972 1707 ³⁸.
2004 1673 2021 1706 ι

578 1744 666 1800 lii.
705 1745 761 1799 Si
789 1754 993 1808 autem,
1034 1753 1093 1798 ut
1125 1744 1543 1814 interpretantur
1577 1746 1842 1808 nonnulli,
1878 1746 2063 1801 dicen-

2171 554 2575 627 Προανάγνωθι,
2610 558 2795 629 φησὶν,
2836 557 3047 627 ὀλίγον’
3093 576 3110 609 ι
3142 558 3205 611 Et
3231 558 3287 612 δὲ
3325 559 3742 631 κεκαλυμμένον

2173 647 2288 700 ἐστὶ
2310 646 2369 700 τὸ
2402 646 2728 717 Εὑαγγέλιον
2766 647 2940 718 ἡμῶν,
2970 650 3029 702 ἐν
3052 651 3163 713 τοῖς
3194 648 3591 720 ἀπολλυμένοις
3623 653 3743 706 ἐστὶ

2172 740 2593 812 κεκαλυμμένον.
2634 759 2655 792 ι
2703 739 2896 812 Ὁρᾷς.
2949 741 3029 794 ὅτι
3083 743 3141 795 ἐν
3189 744 3300 806 τοῖς
3344 743 3742 814 ἀπολλυμένοις

2172 833 2525 887 κεκάλυπται.
2555 833 2627 886 Οὐ
2662 832 2744 886 δεῖ
2763 831 2872 905 γὰρ
2899 833 3095 887 διδόναι
3132 833 3199 887 τὰ
3238 834 3365 902 ἅγια
3402 837 3519 899 τοῖς
3558 838 3739 889 κυσίν.

2171 919 2333 988 Εἶτα,
2370 918 2478 996 ἆρα
2523 924 2679 995 μόνος
2714 925 2741 977 ὁ
2768 924 2867 995 τῆς
2907 923 3146 988 Παλαιᾶς
3174 924 3305 987 Θεὸς
3345 926 3627 993 ἐτύςρλωσε
3676 929 3742 980 τὰ

2170 1015 2414 1086 νοήματα
2454 1014 2559 1068 τῶν
2602 1014 2872 1080 ἀπίστωνς
2926 1013 3129 1085 Ἰησοῦς
3169 1012 3225 1068 δέ
3268 1016 3374 1085 (45)
3422 1015 3591 1081 αὐτὸς
3641 1019 3741 1071 οἰκ

2170 1108 2354 1177 εἴρηκε
2374 1124 2387 1137 ⁸
2421 1125 2439 1158 ι
2467 1106 2562 1161 Διὰ
2590 1107 2747 1161 τοῦτο
2786 1107 2969 1172 αὐτοῖς
2998 1110 3054 1161 ἐν
3086 1107 3419 1179 παραϐολαῖς
3454 1109 3626 1171 λαλῶ,
3653 1110 3739 1162 ἶνα

2171 1197 2458 1269 βλέποντες
2488 1198 2561 1269 μὴ
2580 1198 2850 1269 βλέπωσι;
2879 1217 2897 1250 ι
2925 1198 3014 1269 Μὴ
3042 1198 3212 1269 μισῶν
3235 1198 3450 1263 αὐτοὺς,
3482 1199 3741 1254 ἐϐούλετο

2173 1289 2245 1361 μὴ
2274 1290 2523 1361 βλέπειν;
2556 1293 2625 1345 Ἦ
2661 1291 2748 1345 διὰ
2788 1291 2848 1345 τὸ
2877 1291 3113 1358 ἀνάξιον,
3144 1291 3326 1363 ἐπειδὴ
3364 1295 3493 1356 τοὺς
3540 1293 3741 1361 6:56:1-

2171 1383 2303 1453 μους
2332 1383 2507 1438 αὐτῶν
2533 1384 2852 1456 ἐκάμμυσαν
2878 1402 2892 1449 ;
2928 1386 3099 1438 Ὅπου
3137 1383 3244 1455 γὰρ
3280 1385 3741 1457 αὐτοπροαίρετος

2170 1478 2423 1547 πονηρία,
2448 1477 2565 1530 ἐκεῖ
2598 1477 2690 1531 καὶ
2716 1476 2890 1548 ἀποχὴ
2922 1475 3023 1546 τῆς
3059 1476 3279 1548 χάριτος
3303 1475 3433 1546 (44).
3463 1495 3483 1527 ι
3507 1476 3600 1547 Τῷ
3629 1478 3739 1549 γὰρ

2168 1566 2340 1636 ἔχοντι
2374 1567 2655 1638 δοθήσεται
2675 1585 2687 1598 °
2720 1568 2825 1622 ἀπὸ
2845 1567 2902 1621 δέ
2923 1568 3017 1622 τοῦ
3060 1567 3135 1640 μὴ
3174 1568 3386 1640 ἔχοντος
3413 1570 3510 1623 καὶ
3536 1570 3565 1622 ὃ
3591 1570 3742 1623 δοκεῖ

2167 1656 2312 1727 ἔχειν
2335 1658 2647 1730 ἀρθήσεται.
2674 1678 2692 1709 ι

2234 1750 2299 1803 Εἰ
2336 1750 2392 1804 δὲ
2418 1750 2499 1804 δεῖ
2528 1752 2622 1805 καὶ
2659 1750 2734 1814 ὥς
2761 1750 2867 1823 (45)
2899 1769 3043 1815 τινες
3073 1749 3422 1823 ἐξηγοῦνται,
3469 1750 3633 1805 τοῦτο
3662 1752 3739 1805 εῖ-

505 1837 635 1891 dum
683 1845 767 1892 est
816 1836 947 1891 illud
993 1836 1226 1906 (horum
1273 1837 1418 1890 enim
1449 1851 1559 1891 non
1607 1846 1690 1892 est
1736 1838 2050 1893 illaudabilis

2165 1843 2284 1894 πεῖν
2329 1839 2418 1909 (οὐ
2491 1841 2692 1911 φαῦλον
2730 1842 2838 1915 γὰρ
2879 1842 2938 1897 τὸ
2977 1843 3189 1915 ρἦα)’
3226 1844 3276 1896 ει
3324 1844 3417 1896 καλ⁸
3455 1843 3733 1914 ἐτύφλωσε

506 1927 727 1998 oratio).
765 1927 981 1983 etiamsi
1035 1926 1322 1983 excaecarit
1372 1927 1669 1983 infidelium
1703 1940 1907 1986 mentes
1932 1971 1947 1995 ,
1996 1932 2050 1987 ad

2161 1933 2270 1986 τῶν
2296 1932 2537 1990 ἀπίστων
2570 1934 2637 1989 τὰ
2672 1937 2938 2007 νοήματα,
2963 1936 3054 1989 ἐπὶ
3095 1934 3244 2006 καλῷ
3283 1935 3615 2004 ἐτύφλωσεν,
3648 1936 3734 1988 ἵνα

507 2037 619 2075 rem
650 2021 844 2076 bonam
875 2019 1185 2085 exemeavit,
1217 2029 1277 2075 ut
1299 2019 1365 2075 ad
1396 2029 1584 2077 saneta
1610 2022 1919 2093 respiciant.
1945 2021 2050 2078 Non

2178 2027 2258 2090 εἰς
2290 2026 2359 2079 τὰ
2410 2027 2537 2096 ἆγια
2563 2025 2951 2097 ἀναϐλέψωσιν.
2982 2027 3054 2085 Οὐ
3081 2027 3189 2099 γὰρ
3229 2022 3380 2081 εἶπεν
3400 2046 3414 2058 ο
3453 2027 3731 2098 Ἐτύφλω-

504 2114 648 2167 enim
678 2112 817 2168 dixit
845 2131 859 2168 :
895 2111 1201 2168 Exeaecavit
1233 2127 1422 2168 eorum
1450 2115 1706 2181 animam,
1739 2116 1831 2171 sed
1867 2135 1885 2168 ι
1911 2118 2050 2185 cogi-

2164 2134 2253 2171 σεν
2293 2118 2470 2171 αὐτῶν
2505 2118 2601 2190 τὴν
2635 2117 2830 2190 ψυχὴν,
2865 2118 3001 2172 ἀλλά
3036 2137 3053 2169 ι
3081 2118 3150 2171 τά
3185 2118 3425 2190 νοήματα
3456 2118 3561 2171 τῶν
3594 2119 3734 2172 ἀπί-

504 2206 737 2261 taliones
776 2204 1095 2260 infidelium.
1137 2223 1155 2257 ι
1189 2203 1358 2275 Cujus
1386 2204 1514 2260 dicti
1545 2221 1758 2271 sensus,
1794 2206 2050 2277 ejusmodi

2163 2226 2372 2271 στων.)
2411 2209 2483 2263 Τὸ
2523 2209 2579 2264 δὲ
2620 2210 2906 2282 λεγόμενον
2949 2209 3207 2281 τοιοῦτόν¹
3232 2211 3383 2262 ἐστι’
3429 2209 3729 2277 Τύφλωσον

503 2307 623 2353 est:
658 2296 881 2352 Excaeca
927 2297 1244 2353 scortatoris
1288 2297 1562 2353 scortandi
1596 2299 1972 2370 cogitationes,
2008 2310 2063 2357 et

503 2398 747 2444 servatus
796 2397 874 2443 est
925 2388 1123 2454 homo;
1178 2404 1387 2444 excazca
1433 2389 1657 2446 latronis
1713 2392 1953 2459 rapiendi
2008 2401 2062 2448 et

502 2475 858 2531 latrocinandi
887 2476 1147 2543 studium,
1167 2485 1219 2531 et
1238 2477 1417 2533 salvus
1432 2487 1513 2532 est
1536 2479 1717 2533 homo.
1740 2479 1931 2534 Verum
1958 2483 2060 2538 hoc

500 2568 662 2621 modo
679 2582 784 2621 non
797 2567 880 2621 vis
895 2568 1191 2640 intelligere
1204 2569 1227 2622 ῖ
1242 2567 1337 2623 Est
1352 2578 1404 2622 et
1416 2570 1520 2624 alia
1539 2571 1929 2641 interpretatio.
1955 2573 2061 2627 Ex-

392 2710 395 2713 ,
502 2665 668 2711 caecat
692 2669 746 2712 et
774 2658 853 2712 sol
886 2658 1135 2713 obtusam
1163 2659 1445 2714 oculorum
1475 2661 1670 2727 aciem,
1693 2672 1746 2717 et
1777 2664 2057 2719 oculorum

501 2749 863 2804 imbecillitate
879 2750 1187 2805 laborantes
1203 2759 1543 2806 exerceantur
1561 2753 1765 2808 lumine
1790 2756 2021 2824 perculsi
2042 2774 2055 2811 :

499 2855 608 2894 non
639 2840 782 2910 quod
812 2841 890 2895 sol
917 2841 1222 2897 exemeandi
1274 2841 1527 2899 facultate
1558 2845 1629 2899 sit
1658 2846 1934 2914 praditus,
1964 2847 2057 2904 sed

498 2931 643 3000 quod
663 2931 944 2986 oculorum
980 2940 1152 2988 status
1187 2949 1218 2988 a
1250 2934 1483 2989 videndo
1512 2934 1866 3004 impediatur;
1900 2939 1978 2993 sie
2004 2947 2059 2993 et

498 3023 694 3090 quibus
714 3024 875 3077 corda
901 3023 1148 3078 laborant
1167 3023 1562 3087 incredulitate,
1586 3026 1620 3079 ii
1644 3027 1943 3085 divinitatis
1969 3045 2057 3084 ra-

2158 2299 2250 2352 τοῦ
2295 2300 2490 2372 πόρνου
2540 2300 2609 2355 τὰ
2657 2301 2886 2374 πορνικά
2932 2303 3210 2373 νοήματα,
3263 2301 3361 2354 καὶ
3404 2300 3662 2354 σέσωσται
3687 2304 3721 2355 ὁ

2159 2390 2441 2463 ἄνθρωπος
2461 2409 2473 2424 ·
2508 2393 2785 2462 τύφλωσον
2816 2393 2910 2448 τοῦ
2936 2392 3130 2466 λῃστοῦ
3168 2394 3231 2447 τὸ
3253 2393 3591 2465 ἁρπακτικὸν
3627 2394 3723 2445 καὶ

2158 2485 2469 2556 λῃστρικὸν,
2494 2486 2587 2539 καὶ
2614 2485 2877 2539 σέσωσται
2906 2486 2935 2537 ὁ
2961 2484 3259 2558 ἄνθρωπος.
3304 2483 3447 2537 Ἀλλ’
3467 2485 3525 2537 οὐ
3551 2483 3725 2549 θέλεις

2159 2576 2301 2630 οῦτω
2325 2577 2547 2647 νοῆσαι;
2588 2575 2703 2629 ἔστι
2745 2576 2837 2630 καὶ
2875 2575 3008 2647 ἄλλη
3044 2575 3333 2647 ἐξήγησις·
3361 2574 3559 2644 τυφλοῖ
3583 2575 3678 2627 καὶ
3697 2574 3729 2626 6

2156 2668 2305 2740 ἥλιος
2366 2669 2492 2731 τοὺς
2549 2658 3039 2738 ἀμϐλυωποῦντας,
3083 2667 3177 2721 καὶ
3231 2668 3278 2720 οἱ
3317 2665 3733 2736 ὀφθαλμιῶντες

2156 2758 2514 2827 τυφλοῦνται,
2570 2758 2924 2830 βλαπτόμενοι
2981 2757 3085 2812 ὑπὸ
3118 2757 3212 2811 τοῦ
3253 2758 3463 2826 φωτόςο
3497 2757 3605 2827 οὐχ
3646 2757 3732 2809 ὅτι

2155 2848 2488 2917 τυφλωτικός
2541 2848 2687 2900 ἐστιν
2733 2846 2762 2898 ὁ
2806 2846 2989 2917 ἥλιος,
3045 2846 3157 2899 ἀλλ’
3212 2845 3293 2898 ὅτι
3344 2845 3378 2915 ή
3428 2842 3731 2906 ὑπόστασις

2155 2938 2261 2992 τῶν
2308 2938 2567 3009 ὀμμάτων
2604 2938 2662 2990 οὐ
2707 2935 2928 3008 βλέπει’
2970 2935 3110 2989 οὕτω
3138 2934 3233 2988 καὶ
3272 2935 3320 2989 οἱ
3366 2934 3601 3004 ἀπιστίᾳ
3644 2949 3733 2985 νο-

2158 3029 2373 3094 σοῦντες
2437 3032 2559 3093 ταῖς
2609 3028 2856 3100 καρδίαις
2881 3070 2897 3095 ,
2958 3029 3017 3082 οὐ
3072 3026 3326 3081 δύνανται
3351 3026 3553 3081 ἐνιδεῖν
3607 3025 3731 3087 ταῖς

496 3114 614 3169 dios
632 3115 878 3169 contueri
899 3130 1007 3168 non
1026 3124 1271 3184 possunt.
1291 3114 1399 3170 Nec
1413 3116 1574 3171 dixit:
1596 3116 1893 3174 Exexcavit
1908 3122 2050 3192 cogi-

2161 3118 2254 3190 τῆς
2307 3117 2557 3191 θεότητος
2600 3118 2795 3171 ἀκτῖσι.
2862 3116 2970 3170 Καὶ
3012 3116 3111 3168 οὐκ
3165 3109 3347 3167 εἶπενο
3410 3111 3730 3182 Ἐτῦφλωσε

495 3208 728 3262 taliones
763 3222 832 3261 ne
874 3207 1094 3262 audiant
1125 3205 1508 3278 Evangelium;
1555 3210 1647 3265 sed
1688 3230 1706 3263 ι
1745 3228 1812 3266 ne
1855 3212 2050 3285 fulgeat

2161 3209 2222 3263 τά
2246 3211 2491 3281 νοήματα
2532 3211 2611 3273 εἰς
2643 3208 2703 3261 τὺ
2744 3207 2818 3280 μὴ
2846 3205 3072 3261 ἀκοῦσαι
3108 3205 3169 3259 τὸ
3213 3204 3569 3274 Εὑαγγέλιον,
3608 3202 3727 3255 ἀλλ’

497 3300 550 3353 in
587 3298 693 3353 illis
722 3299 1049 3353 illuminatio
1092 3299 1275 3370 gloria:
1309 3298 1584 3370 Evangelii
1622 3300 1835 3358 Domini
1884 3307 2053 3362 nostri

495 3388 622 3446 Jesu
650 3390 849 3446 Christi
869 3391 935 3447 ³⁷.
963 3409 982 3443 ι
1020 3389 1152 3445 Nam
1185 3390 1535 3463 Evangelinm
1568 3394 1759 3452 audire
1787 3397 1855 3453 ab
1879 3400 2056 3454 omni-

493 3481 596 3535 bus
649 3479 959 3550 expetitur:
1015 3487 1071 3534 at
1122 3478 1396 3551 Evangelii
1449 3480 1620 3550 gloria
1666 3483 1798 3540 solis
1850 3482 2053 3539 Christi

493 3573 766 3644 germanis
813 3571 1151 3642 sineerisque
1194 3570 1519 3644 (discipulis)
1558 3575 1833 3629 tribuitur.
1870 3574 2054 3630 Domi-

495 3682 598 3720 nus
626 3665 809 3736 itaque
853 3665 1177 3736 loquebatur
1201 3661 1257 3716 in
1303 3665 1579 3733 parabolis
1610 3667 1680 3723 iis
1707 3667 1926 3737 quidem
1957 3670 2051 3738 qui

493 3774 601 3814 non
632 3767 880 3830 poterant
912 3760 1136 3825 audire;
1159 3760 1442 3832 discipulis
1464 3775 1592 3814 vero
1614 3760 1863 3832 privatim
1895 3777 2053 3832 para-

491 3850 646 3906 bolas
705 3860 758 3906 et
815 3851 1202 3909 similitudines
1261 3852 1585 3922 explicabat.
1655 3851 1853 3907 Gloriae
1905 3853 2049 3908 enim

491 3939 670 4012 fulgor
700 3954 889 3994 eorum
911 3947 1015 4006 est,
1048 3940 1140 4010 qui
1172 3940 1285 4011 jam
1318 3940 1574 3996 illustrati
1622 3949 1782 4007 sunt;
1811 3957 2051 3998 excaeca-

489 4030 568 4083 tio
610 4028 927 4091 infidelium.
979 4027 1106 4084 Hac
1154 4029 1413 4101 mysteria
1456 4043 1602 4084 nunc
1643 4029 1740 4082 tibi
1797 4027 2051 4099 patefacit

491 4119 731 4176 Ecclesia
779 4136 843 4175 ex
895 4122 1408 4177 catechumenorum
1464 4129 1611 4175 sorte
1665 4130 2043 4192 transgresso:

490 4212 780 4282 gentilibus
801 4226 1071 4281 exponere
1095 4225 1215 4266 mos
1252 4226 1362 4265 non
1395 4217 1495 4265 est.
1530 4208 1650 4265 Non
1681 4212 1824 4265 enim
1860 4211 2047 4282 gentili

489 4304 742 4372 cuiquam
775 4304 841 4358 de
868 4300 1028 4358 Patre
1059 4311 1113 4358 et
1150 4301 1289 4359 Filio
1312 4309 1367 4358 et
1395 4299 1601 4371 Spiritu
1631 4310 1822 4357 sancto
1849 4318 2046 4358 arcana

489 4396 742 4466 mysteria
764 4393 1140 4450 declaramus:
1183 4407 1357 4464 neque
1396 4392 1575 4462 palam
1609 4393 1751 4463 apud
1792 4394 2048 4448 catechu-

2159 3323 2178 3355 ι
2210 3304 2288 3367 εἰς
2309 3301 2369 3355 τδ
2411 3301 2483 3373 μὴ
2513 3301 2800 3371 διαυγὰσαι
2845 3300 2935 3355 τὸν
2977 3298 3254 3370 φωτισμὸν
3296 3298 3395 3369 τῆς
3421 3296 3590 3366 δόξης
3630 3294 3725 3349 τοῦ

2152 3391 2479 3462 Εὐαγγελίου
2530 3389 2623 3445 τοῦ
2673 3389 2871 3462 Κυρίου
2893 3389 3045 3461 ήμῶν
3084 3387 3259 3460 Ἰησοῦ
3300 3385 3579 3460 Χριστοῦο
3611 3404 3633 3439 ι
3662 3384 3724 3438 τὸ

2157 3485 2380 3557 μὲνγὰρ
2426 3482 2654 3537 ἀκοῦσαι
2687 3481 2781 3536 τοῦ
2818 3480 3149 3551 Εὐαγγελίου
3187 3481 3349 3534 πᾶσιν
3391 3478 3644 3547 ἐφίεται·
3685 3477 3722 3547 ἡ

2150 3576 2274 3641 δόξα
2303 3576 2359 3629 δὲ
2388 3573 2481 3628 τοῦ
2509 3573 2840 3642 Εὑαγγελίου
2868 3575 2980 3635 τοῖς
3000 3568 3234 3644 Χριστοῦ
3263 3568 3443 3641 μόνοις
3478 3567 3725 3639 γνησίοις

2152 3667 2472 3740 ἀφώρισται.
2502 3666 2724 3735 Ἔλεγεν
2754 3660 2845 3719 οῦν
2876 3668 2904 3719 ὁ
2938 3663 3160 3734 Κύριος,
3201 3664 3313 3727 τοῖς
3351 3662 3452 3733 μιν
3488 3659 3724 3714 ἀκοῦσαι

2155 3759 2226 3831 μὴ
2250 3758 2585 3829 δυναμένοις,
2601 3756 2660 3811 ἐν
2678 3754 3011 3826 παραϐολαῖς
3028 3770 3044 3785 ·
3069 3756 3180 3818 τοῖς
3204 3752 3259 3806 δὲ
3298 3750 3573 3823 μαθηταῖς
3595 3749 3723 3804 ἐπέ-

2149 3850 2241 3904 λυε
2272 3849 2390 3903 κατ’
2424 3849 2557 3903 ἰδίαν
2582 3847 2681 3912 τὰς
2714 3846 3065 3919 παραϐολάς
3086 3844 3145 3899 Ὀ
3173 3841 3455 3915 αὖγασμδς
3479 3841 3596 3913 γάρ
3619 3841 3723 3912 τῆς

2147 3942 2302 4014 δόξης
2323 3944 2432 4006 τοῖς
2459 3940 2905 4012 πεφωτισμένοις,
2934 3939 2967 4010 ή
2997 3937 3267 4008 τύφλωσις
3298 3938 3411 3999 τοῖς
3436 3935 3719 3997 ἀπίστοις.

2148 4033 2331 4087 Ταῦτα
2353 4032 2421 4087 τὰ
2448 4034 2720 4105 μυστήρια
2744 4032 2780 4088 ἃ
2820 4031 2917 4086 νῦν
2948 4033 2982 4103 ἡ
3016 4031 3304 4102 Ἐκκλησία
3333 4028 3611 4101 διηγεῖταί
3639 4046 3721 4083 σοι

2146 4124 2223 4197 τῷ
2261 4127 2324 4179 ἐκ
2348 4125 2765 4196 κατηχουμένων
2792 4122 3257 4196 μεταϐαλλομένῳ,
3288 4121 3387 4175 οὐκ
3415 4121 3573 4174 ἔστιν
3598 4119 3721 4183 ἔθος

2145 4216 2375 4280 ἐθνικοῖς
2399 4214 2717 4287 διηγεῖσθαι.
2765 4215 2838 4269 Οὐ
2865 4215 2974 4287 γὰρ
2999 4212 3193 4285 ἐθνικῷ
3229 4212 3298 4267 τὰ
3331 4212 3463 4284 περὶ
3499 4213 3726 4285 Πατρὶς

2145 4312 2239 4364 καὶ
2263 4308 2390 4364 Υἱοῦ
2417 4308 2509 4362 καὶ
2531 4306 2685 4377 ἁγίου
2712 4305 2852 4360 Πνεύ
2861 4323 3027 4378 ματος
3046 4303 3377 4377 διηγούμεθα
3401 4304 3687 4376 μυστήρια
3702 4320 3719 4335 ·

2145 4402 2264 4456 οὐδὲ
2296 4400 2404 4455 τῶν
2446 4400 2755 4471 μυστηρίων
2793 4398 2886 4452 ἐπὶ
2916 4396 3330 4470 κατηχουμένων
3371 4394 3593 4460 λευκῶς
3622 4395 3719 4449 λα-

488 4503 677 4544 menos
704 4488 771 4543 de
800 4488 1073 4561 mysteriis
1099 4486 1263 4542 verba
1294 4484 1549 4551 facimus,
1582 4484 1676 4541 sed
1711 4484 1877 4541 multa
1904 4501 2046 4557 saepe

2161 4491 2342 4565 ιοῦμεν
2361 4532 2375 4556 ,
2416 4490 2550 4545 ἀλλά
2589 4490 2845 4555 πολλάκις
2888 4488 3117 4561 λέγομεν
3167 4486 3717 4558 ἐπικεκαλυμμὲνως,

484 4578 759 4643 loquimur
804 4577 1054 4634 occulte:
1108 4585 1168 4632 ut
1196 4576 1380 4633 fideles
1416 4575 1523 4646 .qui
1571 4591 1686 4632 rem
1730 4585 1933 4645 tenent,
1959 4577 2043 4634 in-

484 4669 765 4739 telligant;
793 4680 847 4727 et
878 4672 972 4741 qui
1001 4685 1109 4726 non
1140 4676 1342 4736 tenent,
1374 4684 1443 4726 ne
1472 4669 1759 4726 laedantur.
1974 4682 1987 4727 ι

558 4785 602 4818 ³³
623 4786 671 4838 Il
692 4785 816 4840 Cor.
841 4801 915 4852 tv,
945 4786 1000 4841 5.
1074 4785 1121 4818 ³⁵
1146 4782 1334 4841 Matth.
1362 4799 1456 4852 vn,
1487 4784 1541 4839 6.
1616 4784 1661 4815 ³⁸
1694 4782 1880 4841 Matth.
1911 4800 2038 4849 xm;

2225 4784 2271 4817 “
2301 4783 2488 4840 Matth.
2523 4798 2649 4849 xxv,
2671 4783 2761 4839 29.

480 4880 755 4955 Χριστοῦ·
786 4899 805 4933 ι
832 4878 903 4936 Ut
921 4881 1257 4955 nonfuigcat
1284 4880 1417 4955 illis
1438 4879 2049 4955 illuminatio‘seientia:

484 4950 670 5021 gloria:
703 4950 977 5021 Evangelii
1012 4950 1236 5007 Christi.
1262 4972 1280 5004 ι
1316 4952 1420 5007 Sed
1447 4967 1513 5006 ex
1546 4952 1616 5005 iis
1636 4951 2050 5021 quaajiabentur

485 5018 633 5078 inim.
666 5037 779 5089 seq.
800 5018 947 5091 patet
974 5021 1180 5091 Martem
1218 5038 1331 5091 non
1354 5023 1430 5091 ita
1455 5018 1731 5091 citavisse.
1760 5018 1975 5091 Tou'r'r.

554 5094 667 5185 (4.5)
709 5089 947 5185 Ἰηὲξρῦς
967 5089 1069 5185 ρξ’,
1100 5109 1219 5173 mf.
1237 5092 1285 5144 λ.
1308 5090 1448 5185 ,Baae
1479 5092 1642 5185 paulo
1666 5090 1824 5177 aliter
1854 5090 2048 5185 Petrus

484 5160 741 5221 Sicinius:
776 5160 855 5216 Ἦ
897 5163 995 5232 καὶ
1023 5161 1226 5232 Ἰησοῦς
1272 5160 1520 5232 αὐτόςηξ.
1562 5160 1921 5232 οὐκΑεῖρηκεο
1949 5160 2049 5214 Διά

482 5234 640 5305 τοῦτο
679 5235 738 5288 ἐν
774 5229 1106 5305 παραϐολαῖς
1142 5232 1323 5305 αὐτοῖς
1348 5231 1521 5305 λαλῶ,
1547 5233 1628 5305 ὅτι
1669 5229 1951 5305 βλέποντες
1985 5232 2044 5284 οὐ

481 5303 775 5428 βλέπουσα
807 5324 825 5355 ι
851 5300 1044 5357 Annon
1070 5300 1311 5356 et‘lesus
1345 5302 1552 5372 ipse....
1579 5303 1652 5356 ita
1672 5300 1891 5356 loeutus
1921 5310 2004 5354 est.
2029 5317 2043 5353 :

531 5383 774 5428 routerea
820 5374 872 5428 in
901 5372 1173 5428 parabolis
1213 5372 1344 5428 insis
1381 5374 1600 5428 loouor.
1646 5371 1774 5428 unia
1805 5372 2043 5425 videntes

531 5383 774 5443 ropterea
820 5374 872 5428 in
901 5372 1173 5443 parabolis
1213 5372 1344 5443 ipsis
1369 5371 1600 5443 loquor,
1646 5371 1774 5441 quia
1805 5372 2045 5425 videntes

481 5441 832 5498 non‘vident?
854 5466 871 5494 ι
896 5441 964 5498 λι
981 5442 1245 5508 Raderus,
1271 5441 1437 5499 Siculi
1468 5442 2043 5511 interpres,quo_modo

481 5514 536 5568 in
562 5514 749 5585 Cyrilli
776 5523 947 5579 textu,
988 5533 1005 5564 ι
1031 5522 1090 5568 ιιι
1116 5514 1377 5585 videntes
1401 5528 1507 5585 non
1552 5509 1834 5566 videant.»
1871 5509 2039 5565 Siculi

480 5581 730 5647 allegatio
784 5586 1077 5653 evangelici
1126 5583 1257 5638 dicti
1310 5581 1518 5637 fidelior
1565 5593 1666 5644 est,
1716 5591 1768 5636 et
1830 5589 2037 5634 textum

480 5653 714 5710 Matthaai
752 5655 816 5709 ad
848 5656 1108 5710 amussim
1155 5661 1503 5724 repraesentat
1529 5670 1542 5707 :
1565 5664 1775 5724 contra,
1810 5665 2036 5724 ea_quzn

479 5726 536 5782 in
572 5734 718 5780 texru
753 5733 856 5786 est,
909 5727 1102 5793 partim
1147 5719 1501 5786 eat—Matthxi,
1534 5722 1727 5789 partim
1773 5719 2035 5793 εχιυυω

476 5794 658 5851 verbis
691 5810 805 5869 cap.
826 5791 944 5861 vni,
970 5794 1054 5860 l0,
1086 5796 1460 5853 consarcinata
1487 5801 1602 5850 est:
1627 5802 1787 5865 atque
1812 5791 2034 5857 idcirco.

2149 4586 2236 4640 ἵνα
2261 4586 2308 4638 οἱ
2340 4584 2536 4648 εἰδότες
2569 4584 2749 4638 πιστοὶ
2786 4582 3038 4655 νοήσωσι,
3072 4580 3166 4635 καὶ
3187 4580 3237 4633 οι
3278 4577 3355 4652 μὴ
3393 4578 3608 4644 ειδότες
3640 4581 3721 4651 μὴ

2152 4673 2411 4745 βλαϐὦσι.

2867 4781 2912 4814 ³⁷
2944 4782 2988 4835 Il
3016 4780 3147 4837 Cor.
3177 4796 3248 4847 Iv,
3274 4780 3329 4836 ι.

2155 4896 2240 4934 me
2259 4879 2462 4949 judice,
2493 4877 3013 4949 minus_mutationis
3043 4883 3141 4931 aut
3178 4875 3582 4932 emendationis
3621 4893 3719 4934 su-

2150 4947 2389 5020 spicione
2418 4951 2642 5020 laborat.
2676 4947 2751 5002 In.

2220 5021 2331 5091 (44)
2378 5019 2490 5091 Τῆς
2518 5017 2771 5091 χάριτος.
2811 5014 3183 5091 εἰοιιιιισητῆς
3219 5013 3569 5086 φωτιξούσης
3613 5017 3721 5088 χά-

2150 5086 2322 5161 ριτος,’
2357 5109 2373 5141 ι
2401 5086 2759 5161 illuminantis
2781 5087 2984 5161 gratiae.
3008 5105 3028 5138 ι
3062 5086 3138 5161 In.

2221 5152 2332 5226 (45)
2373 5162 2442 5214 El
2467 5158 2534 5212 δὲ
2559 5158 2649 5212 δεῖ
2670 5152 2886 5223 καὶ
2920 5154 2977 5209 In
3009 5156 3167 5226 codd.
3206 5152 3323 5211 Roe
3363 5164 3421 5226 et
3461 5154 3714 5212 Casaub.

2145 5246 2209 5284 ex
2229 5224 2429 5283 δεῖκαὶ
2447 5229 2520 5292 ὡς
2550 5243 2718 5282 unum
2748 5228 2970 5282 verbum
2998 5224 3222 5290 δικαίως
3246 5224 3561 5280 confectum
3587 5239 3680 5280 est
3702 5245 3714 5279 :

2148 5312 2203 5354 at
2253 5302 2323 5354 ita
2377 5307 2559 5353 manet
2604 5313 2794 5352 manca
2840 5296 3191 5352 constructio.
3236 5293 3433 5350 Petrus
3482 5294 3717 5350 Siculus

2148 5370 2273 5440 legit
2296 5369 2514 5445 quidem
2554 5367 2795 5445 δικαίως.
2840 5367 2933 5422 sed
2967 5365 3207 5445 phrasim
3232 5364 3412 5445 paulo
3450 5379 3719 5445 commu-

2147 5434 2259 5494 tat:
2296 5434 2357 5494 Et
2394 5438 2451 5492 δὲ
2492 5439 2584 5493 καὶ
2620 5438 2839 5501 δικαίως
2879 5437 3021 5499 τινὲς
3067 5434 3408 5504 ἐξηγοῦνται,
3455 5434 3577 5489 ἐστι
3614 5437 3715 5489 καὶ

2142 5509 2313 5573 οὕτως
2354 5509 2526 5580 εἰπεῖν
2582 5508 2673 5580 (οὐ
2710 5507 2906 5580 φαῦλον
2954 5505 3062 5578 γὰρ
3102 5503 3165 5558 τδ
3194 5504 3391 5576 ῥῆμα),
3435 5522 3514 5580 κ.Δ
3546 5522 3611 5580 τ.
3657 5505 3710 5559 λ.

2147 5599 2166 5631 ι
2192 5580 2344 5646 Quod
2371 5580 2415 5634 si
2445 5574 2606 5633 etiam
2651 5574 2794 5634 recte
2820 5574 3543 5646 interpretantur-nonnulli.
3575 5575 3713 5646 licet

2138 5642 2353 5719 quoque
2381 5650 2460 5704 sic
2490 5650 2668 5707 dicere
2698 5650 2837 5719 (non
2862 5642 3004 5704 enim
3031 5645 3266 5703 absurda
3323 5651 3411 5701 est
3459 5642 3707 5712 oratio).

2139 5717 2242 5776 etc.
2270 5717 2294 5772 ίι
2329 5717 2407 5775 l0.
