1977 3554
156 214 1764 236 _—_—_————
530 229 536 233 _
541 229 547 233 _
572 229 577 233 _
583 228 1762 236 ____.___.——_—._______.__—_

724 301 815 323 ClﬂCA

841 302 951 323 ANNL'M
978 302 1091 323 DOMLVI
1113 302 1205 324 CCXC.

567 392 651 480 S.
715 388 1340 481 PAMPHILUS

195 548 491 594 ECCLESIIE
540 546 937 593 C/ESABIENSIS
972 548 1319 596 PRESBYTER
1365 552 1440 597 ET
1476 553 1722 599 MARTYB

818 731 1116 788 NOTITIA

591 839 733 871 (Gutum.
743 842 792 866 Vel.
807 841 877 865 Patr.
902 839 1025 871 Biblioth..
1039 844 1055 866 t.
1077 841 1118 872 IV,
1133 842 1242 874 Proleg.,
1253 850 1276 875 p.
1290 843 1334 875 ιιι.)

154 991 179 1018 1.
193 991 256 1024 Quis
272 996 296 1018 et
308 995 420 1028 quantus
442 991 482 1028 uir
506 990 662 1025 Pamphilus
674 1012 682 1024 ,
700 989 783 1018 Pierii
794 990 964 1017 Alexandrini
976 990 1129 1025 discipulus.
1148 990 1271 1018 Ecclesia:
1285 991 1455 1019 Ctzsariensis
1478 993 1609 1028 presbyter
1628 999 1653 1021 et
1678 1003 1758 1022 orna-

192 1031 316 1053 mentum.
334 1026 504 1053 Beatissimus
515 1032 625 1061 martyr.

157 1059 192 1088 ll.
208 1061 509 1101 _Sac_rarn_n_i.litterarum
522 1059 738 1090 studiosissimus.
753 1061 920 1089 Bibliotheca.-
934 1060 1103 1088 Caesariensis
1118 1061 1247 1088 conditor.
1264 1062 1303 1088 An
1316 1062 1416 1097 aliquid
1433 1062 1531 1101 proprii
1549 1064 1632 1098 operis
1648 1065 1758 1099 scripse-

191 1097 236 1123 rit.
252 1096 357 1123 Eusebii
373 1096 444 1124 locus
456 1104 590 1131 expensus.

216 1131 352 1165 Expositio
367 1132 485 1166 capitum
507 1131 622 1159 Actuum
639 1132 831 1166 apostolorum,
845 1139 906 1157 num
923 1130 1047 1157 Euthalio
1062 1131 1226 1158 ascribenda.
1247 1130 1385 1167 Pamphilo
1398 1133 1535 1160 asseritur.

154 1165 200 1201 iV.
210 1167 315 1201 iAuc'tor
324 1165 422 1201 quoque
436 1166 560 1201 Origenis
576 1165 741 1201 Apologetici
756 1174 787 1193 ex
799 1171 911 1193 veterum
929 1167 1083 1193 testimoniis
1102 1166 1182 1200 fuisse
1194 1165 1352 1201 perhibemr.

157 1199 188 1228 ν.
198 1200 243 1237 ᾼΕο
255 1201 283 1237 in
293 1199 366 1235 opere
376 1199 540 1237 potissimum
556 1199 697 1233 prtéctarits
713 1202 857 1228 divinitatis
872 1201 969 1237 Christi
983 1199 1205 1237 assertor'beatus:
1212 1208 1312 1235 martyr
1324 1203 1514 1236 comprobatur.
1530 1201 1682 1237 Interpretis
1700 1203 1753 1230 Ru-

188 1235 309 1273 finiﬁdes
323 1237 463 1273 astruitur.
477 1236 628 1273 Novissima
641 1236 756 1270 ejusdem
767 1236 931 1272 Apologetici
944 1236 1076 1263 luculenta
1090 1236 1170 1263 editio
1189 1236 1348 1264 Parisiensis
1367 1237 1509 1265 exhibetur.
1534 1235 1607 1265 Acta'
1619 1239 1749 1273 passionis

188 1269 218 1297 Β.
233 1270 365 1305 Pamphili
376 1279 407 1298 ex
421 1280 468 1299 ms.
484 1271 599 1298 Mediceo
614 1269 787 1306 adjiciuntur.

187 1329 208 1355 1.
223 1327 379 1363 Pamphilus
402 1333 480 1364 gente
505 1329 658 1357 Phosnicius
684 1337 716 1357 ex
743 1329 928 1365 Berytensium
943 1333 966 1361 Α
980 1333 1009 1356 ut
1026 1336 1085 1356 eam
1104 1330 1206 1357 medias
1221 1329 1292 1357 inter
1303 1329 1448 1365 Egyptum
1472 1334 1498 1357 et
1518 1330 1687 1358 Antiochiam
1706 1330 1755 1357 Ec-

151 1374 228 1407 orbe,
244 1375 326 1402 nobili
334 1383 432 1410 genere
446 1380 522 1403 ortus
532 1397 539 1409 ,
555 1376 667 1403 illustris
678 1384 786 1411 quoque
808 1375 858 1403 fuit
870 1384 929 1402 nni-

151 1422 261 1449 neribus
278 1422 305 1449 in
322 1422 408 1457 patria
426 1422 533 1457 publice
548 1422 630 1457 gestis
647 1422 695 1457 (l).
709 1421 807 1448 Verum
825 1421 927 1448 relictis

149 1469 327 1497 saecularibus
340 1469 423 1502 curis,
452 1468 642 1496 Alexandriam
670 1475 699 1496 se
726 1468 861 1500 contulit;
883 1467 927 1495 ubi

149 1514 270 1543 Pierium
286 1516 357 1543 illius
374 1515 500 1543 Ecclesiae
525 1515 711 1550 presbyterum
724 1533 731 1544 ,
754 1514 842 1541 virum
868 1515 927 1541 exi-

150 1562 248 1594 mium,
261 1562 287 1588 in
302 1569 441 1589 sacrarum
457 1561 608 1588 litterarum
624 1560 714 1588 studio
728 1560 864 1587 doctorem
879 1560 927 1586 ha-

149 1607 219 1640 buit,
233 1612 264 1635 ut
273 1607 366 1635 scribit
374 1607 487 1634 Photius
499 1607 548 1642 (2).
565 1606 694 1641 Deinceps
705 1613 768 1633 vero
778 1605 927 1632 Cresaream

149 1652 300 1680 PaL-estina:
316 1653 491 1684 contendens,
507 1657 587 1687 atque
598 1652 632 1679 ad
645 1650 803 1686 presbyterii
814 1650 925 1686 gradum

148 1702 270 1729 evectus,
285 1696 461 1724 Caesariensis
474 1696 600 1724 Ecclesiae
608 1700 796 1723 ornamentum
807 1695 926 1727 etstitit;

149 1743 241 1777 ibique
253 1743 370 1770 maxime
395 1743 538 1774 inclaruit,
566 1749 620 1776 quo
635 1746 754 1776 tempore
771 1741 925 1768 cathedram

149 1787 224 1815 illam
239 1788 418 1824 episcopalem
442 1793 502 1823 post
518 1787 701 1814 Theotecnum
722 1786 830 1814 tenebat
853 1786 921 1822 Λεὼ

148 1832 221 1866 pius.
246 1831 339 1860 Virum
366 1832 577 1860 disertissimum
604 1831 780 1866 moribusque
797 1839 828 1859 ac
844 1832 925 1867 gestis

148 1885 212 1905 vere
227 1878 430 1913 philosophum,
443 1877 654 1913 ὲλλογιμώτατον
667 1877 741 1912 αὐτῷ
751 1886 780 1903 τε,
794 1877 844 1912 βίῳ
854 1877 927 1912 φιλό-

150 1933 231 1959 σοφον
256 1924 343 1960 ἀληθῆ
359 1944 367 1956 ,
391 1924 560 1959 Pamphilum
589 1929 711 1952 nostrum
742 1928 820 1951 vocat
842 1923 927 1952 Euse-

149 1971 210 1998 hius
225 1970 263 2006 (5)
279 1980 286 1998 :
303 1970 349 2005 qui
368 1970 450 1998 etiam
469 1970 574 2005 singula
592 1978 653 2005 quae
664 1970 697 1998 ad
712 1970 784 1998 illius
801 1969 885 1997 vitam
900 1974 926 1998 et

147 2016 182 2043 ad
194 2016 314 2044 scholam
337 2016 371 2043 ab
387 2015 482 2043 eodem
507 2015 656 2043 institutam
675 2015 826 2050 pertinent;
850 2014 923 2042 varia

980 1375 1076 1402 clesias
1095 1375 1121 1402 in
1141 1383 1311 1403 communem
1324 1383 1402 1402 usum
1416 1376 1548 1410 recepisse
1563 1380 1674 1403 testetur
1690 1384 1756 1403 san-

981 1424 1040 1447 ctus
1051 1419 1230 1455 Hieronymus
1245 1420 1293 1455 (5).
1315 1420 1445 1447 Mittimus
1466 1421 1544 1448 etiam
1560 1429 1619 1455 (μω
1635 1422 1667 1448 de
1696 1422 1754 1456 ipso

979 1465 1120 1501 Pamphilo
1136 1465 1205 1493 idem
1219 1465 1313 1493 doctor
1329 1467 1463 1493 maximus
1478 1472 1539 1501 post
1553 1466 1695 1494 Eusebium
1714 1468 1752 1503 (6)

979 1512 1041 1539 alibi
1055 1516 1162 1539 enarrat
1176 1511 1214 1547 (7)
1231 1521 1237 1538 :
1257 1511 1331 1538 illum
1347 1512 1488 1544 videlicet,
1516 1521 1574 1539 cum
1591 1513 1751 1540 Demetrium

978 1557 1135 1584 Phalereum
1167 1561 1191 1584 et
1223 1556 1394 1584 Pisistratum
1421 1558 1449 1584 in
1480 1566 1562 1585 sacra:
1594 1558 1753 1586 bibliotheca:

977 1604 1066 1631 studio
1087 1603 1161 1631 uellet
1184 1612 1286 1638 requare
1299 1625 1306 1636 ,
1325 1603 1499 1639 imaginesque
1522 1604 1682 1639 ingeniorum
1696 1613 1754 1640 qua:

978 1658 1038 1677 uera
1049 1655 1109 1676 sunt
1124 1654 1148 1676 et
1162 1654 1260 1676 ceterna
1277 1655 1455 1682 monumenta,
1476 1654 1530 1676 toto
1550 1650 1609 1677 orbe
1621 1652 1752 1685 perquire-

979 1701 1026 1728 ret,
1042 1700 1102 1722 tunc
1119 1695 1158 1722 rel
1180 1695 1292 1722 maxime
1308 1695 1428 1730 Origenis
1438 1696 1519 1722 libros
1533 1697 1676 1730 impensius
1691 1704 1753 1731 pro-

977 1747 1102 1774 secutum,
1119 1741 1274 1769 Ctrsariensi
1292 1740 1413 1768 Ecclesiae
1429 1741 1583 1772 dedicasse;
1608 1748 1752 1776 prmlerea-

977 1795 1030 1821 que
1041 1787 1078 1821 (8)
1091 1787 1276 1814 Caesariensem
1294 1785 1474 1813 bibliothecam
1488 1782 1677 1813 studiosissime
1690 1795 1752 1813 cou-

977 1833 1078 1868 fecisse.

1012 1879 1044 1906 Et
1059 1879 1115 1906 haec
1127 1879 1234 1914 quidem
1249 1878 1320 1906 beati
1336 1878 1462 1913 martyris
1481 1877 1602 1905 studium
1619 1878 1644 1904 in
1665 1878 1751 1905 sacris

976 1926 1121 1961 praesertim
1131 1925 1228 1952 litteris
1238 1925 1390 1952 excolendis
1399 1925 1464 1952 satis
1473 1924 1599 1959 produnt.
1610 1923 1668 1957 Ipse
1676 1932 1749 1955 vero,

977 1970 1201 2006 inquitEusebius
1212 1971 1281 2005 apud
1291 1970 1481 2006 Hieronymum
1495 1970 1542 2005 (9),
1557 1970 1655 2004 proprii
1666 1971 1751 2005 operis

977 2017 1042 2044 nihil
1055 2017 1159 2043 omnino
1171 2017 1285 2051 scripsit,
1300 2016 1413 2051 exceptis
1425 2015 1550 2050 Epistolis
1561 2024 1624 2051 quas
1637 2016 1671 2043 ad
1684 2017 1750 2043 ami-

147 2070 257 2098 quoque
269 2062 471 2091 confessionum
483 2062 631 2089 certamina
645 2061 840 2096 persecutionis
855 2065 924 2089 tem-
942 2071 962 2098 Β
978 2071 1020 2089 cos
1040 2063 1107 2097 forte
1119 2063 1254 2089 mittebat:
1267 2063 1293 2089 in
1309 2067 1411 2089 tantum
1419 2070 1445 2089 se
1453 2063 1599 2089 humilitate
1610 2063 1748 2097 dejecerat.

147 2116 215 2144 pore
230 2108 264 2136 ab
274 2116 306 2136 eo
325 2108 454 2141 tolerata;
474 2116 507 2135 ac
533 2112 670 2143 postremo
684 2109 844 2145 martyrium
871 2117 926 2144 quo

147 2159 296 2183 coronatus
315 2159 367 2187 est,
390 2155 519 2190 peculiari
549 2162 630 2190 opere
656 2156 813 2190 complexus
841 2156 925 2183 fuisse

148 2201 306 2235 perhibetur
319 2210 326 2228 :
340 2201 412 2236 quod
425 2205 515 2229 tamen
533 2200 701 2228 intercidisse
714 2221 722 2233 ,
743 2201 805 2236 jure
829 2201 924 2229 dolen-

147 2247 224 2274 dum.
235 2245 333 2274 Passus
346 2251 383 2274 est
400 2246 527 2274 σίτων-ιω
538 2246 688 2275 Paltestinte
695 2247 741 2274 sub
750 2248 926 2281 persecutione

149 2291 302 2325 Maximini,
314 2296 380 2319 teste
392 2291 554 2328 Hieronymo
569 2292 607 2327 (4)
618 2312 626 2325 ,
645 2300 716 2320 anno
731 2292 782 2319 309
804 2292 923 2320 ineunte.

184 2337 216 2365 ll.
231 2339 270 2366 Ad
284 2343 457 2366 monumenta
470 2346 533 2366 vero
548 2338 698 2366 litterarum
708 2338 841 2374 Pamphili
851 2339 923 2373 quod

149 2385 253 2418 attinet,
265 2385 335 2412 nulla
347 2385 391 2412 hic
401 2385 501 2412 mentio
511 2385 544 2412 de
557 2385 686 2412 Lxxvirali
705 2385 832 2417 editione,
843 2393 924 2420 quam

149 2435 260 2458 sanctus
276 2434 377 2465 martyr
388 2438 440 2457 una
456 2437 518 2457 cum
533 2429 648 2457 Eusebio
660 2430 820 2464 descripsit,
845 2435 925 2465 prout

150 2477 185 2503 ah
194 2475 308 2511 Origene
322 2475 458 2504 asteriscis
471 2475 591 2510 suppleta
599 2475 739 2510 obelisque
750 2475 854 2502 conﬁxa
867 2475 924 2502 fue-

150 2526 214 2548 runt
229 2531 235 2548 :
250 2529 310 2556 qua:
325 2521 432 2556 quidem
453 2521 546 2552 editio.
562 2522 641 2556 vulgo
657 2521 800 2548 Pallestina
820 2529 924 2548 nuncu-

150 2572 211 2601 pata
226 2588 233 2600 ,
252 2575 337 2602 usque
354 2568 420 2594 adeo
446 2567 619 2601 comprobata
640 2566 724 2595 fuisse
738 2568 902 2601 comperitur
914 2586 921 2599 ,

186 2676 224 2712 (i)
242 2676 304 2712 _Vid.
320 2676 382 2703 inl'r.
399 2676 458 2703 Act.
473 2675 588 2712 pars.
605 2674 732 2711 Pamph.,
751 2675 783 2712 §§
798 2677 814 2704 3
829 2681 856 2704 et
872 2676 896 2704 7.

185 2711 223 2744 (2)
236 2709 306 2738 Bibl.
322 2712 381 2738 cod.
397 2720 452 2744 crx,
469 2719 528 2746 pag.
539 2710 602 2737 299.

183 2747 221 2781 (5)
239 2746 308 2773 Hist.
325 2747 386 2773 ecct.
404 2747 449 2774 lib.
468 2745 515 2777 vn,
535 2745 650 2781 cap.52.

185 2782 224 2815 (ι)
241 2781 277 2809 De
290 2781 338 2809 vir.
359 2782 456 2809 ittustr.
468 2802 475 2813 ,
492 2789 550 2815 cap.
566 2780 610 2807 75.

187 2817 225 2852 (5)
239 2816 317 2852 Praef.
330 2817 357 2844 in
373 2817 420 2844 lib.
434 2817 550 2851 Paralip.

185 2850 223 2888 (6)
237 2851 306 2879 Hist.
318 2852 380 2880 ecct.
397 2852 442 2880 lib.
456 2860 482 2879 vt
493 2872 500 2886 ,
516 2859 574 2887 cap.
588 2850 633 2879 32.

977 2109 1085 2136 Interim
1099 2113 1189 2135 tamen
1207 2108 1361 2143 hujusmodi
1385 2108 1504 2143 episcopi
1519 2108 1694 2136 Caesariensis
1709 2113 1749 2135 te-

977 2155 1133 2182 stimonium
1165 2154 1231 2181 nihil
1259 2154 1389 2189 impedit,
1420 2154 1566 2189 quominus
1593 2153 1750 2189 Pamphilus

975 2201 1105 2235 opuscula
1117 2201 1171 2228 duo
1183 2208 1243 2235 qum
1261 2200 1350 2227 adhuc
1363 2204 1493 2235 superant
1511 2201 1653 2235 scripsisse
1665 2222 1673 2234 ,
1692 2200 1748 2227 E1-

974 2247 1128 2281 positionem
1146 2246 1273 2273 nimirum
1291 2247 1404 2281 capitum
1430 2247 1543 2274 Actuum
1573 2246 1748 2281 apostolorum

975 2297 999 2319 et
1017 2291 1136 2327 Origenis
1161 2291 1354 2326 Apologeticum
1367 2312 1375 2325 ,
1399 2292 1496 2319 merito
1510 2291 1688 2319 existimetur.
1706 2292 1749 2319 Si-

975 2339 1094 2371 quidem.
1109 2342 1138 2366 ut
1153 2339 1235 2373 probe
1246 2338 1380 2373 perspexit
1395 2338 1595 2366 eruditissimus
1618 2338 1748 2366 Fontani-

976 2373 1037 2410 nius
1053 2382 1119 2418 (l0).
1136 2382 1269 2410 Eusebius
1288 2387 1360 2410 certe
1383 2390 1437 2409 non
1463 2382 1553 2415 dixit,
1577 2382 1746 2418 Pamphilum

975 2429 1042 2456 nihil
1050 2431 1143 2464 operis,
1153 2429 1199 2457 sed
1208 2429 1272 2456 nihil
1280 2436 1383 2455 PROPR"
1390 2429 1472 2463 operis
1484 2430 1588 2455 omnino
1595 2429 1746 2463 scripsisse:

976 2477 1027 2510 vel,
1046 2477 1068 2504 si
1082 2477 1177 2509 mavis,
1197 2476 1256 2511 ipso
1268 2475 1431 2510 Hieronymo
1444 2475 1596 2510 interprete,
1606 2475 1671 2501 nihil
1683 2482 1730 2501 rno

974 2530 1026 2549 rnu
1036 2523 1175 2557 quidquam
1187 2522 1330 2548 condidisse
1341 2529 1480 2550 senatus.
1490 2521 1571 2556 Atqui
1582 2521 1655 2555 prius
1679 2528 1720 2553 op‘

974 2568 1079 2594 sculum
1103 2566 1276 2594 eonscribens
1292 2565 1456 2601 Pamphilus,
1472 2566 1538 2593 nihil
1554 2566 1652 2600 proprii
1663 2572 1700 2599 op'

969 2671 973 2674 ’
1011 2678 1049 2712 (7)
1060 2677 1269 2712 Hieron..epist.
1279 2677 1322 2710 54,
1335 2677 1370 2704 al.
1383 2677 1442 2708 ut,
1454 2677 1485 2703 ad
1495 2676 1622 2708 Marcell.,
1633 2683 1645 2701 η

1021 2713 1047 2746 8)
1061 2712 1098 2739 Id.
1117 2712 1154 2739 De
1169 2713 1217 2739 vir.
1235 2712 1346 2745 illustr.,
1363 2720 1422 2746 cap.
1434 2712 1459 2737 5.

1010 2745 1046 2782 (9)
1062 2747 1115 2780 ld.,
1132 2748 1203 2782 ljb.|
1241 2747 1351 2782 Apotog.
1376 2745 1458 2773 contr.
1483 2745 1589 2779 Ruﬁn.,
1615 2754 1618 2761 ν

974 2784 1040 2817 Opp.
1058 2787 1122 2817 tom.
1136 2781 1168 2813 ll,
1183 2790 1244 2816 pag.
1261 2782 1322 2809 465.

1009 2814 1063 2852 (10)
1082 2816 1153 2844 Hist.
1168 2814 1248 2845 li'tteyr.
1265 2817 1353 2852 Aquit.
1373 2815 1419 2844 lib.
1434 2823 1460 2848 v,
1475 2821 1524 2851 cap
1544 2814 1589 2848 5,}
