3982 6346
481 342 610 397 1351

1684 340 1742 396 8.
1780 340 2099 397 PAMPHILI
2137 340 2492 398 MARTYRIS

3550 349 3694 409 15%!

480 459 721 531 protulit,
750 475 849 516 nec
877 459 1170 530 quidquam
1215 458 1458 514 condidit
1501 461 1700 527 proprii
1727 462 1981 515 sermonis
2010 475 2028 515 :
2060 465 2104 521 Α
2132 459 2284 526 Acta,
2324 470 2484 530 atque
2511 461 2566 515 in
2602 462 2915 518 melioribus
2947 461 3083 519 Novi
3108 462 3439 521 Testameuti
3491 468 3693 525 editio-

481 552 611 607 illud
625 553 767 606 enim
792 552 1052 606 duntaxat
1068 566 1134 606 ex
1157 551 1389 606 summis
1403 564 1582 605 rerum
1606 551 1873 620 capitibus
1896 566 2033 621 quas

481 645 535 699 in
549 645 840 715 apostolica
863 643 1086 698 historia
1099 643 1261 698 tradit
1277 652 1495 698 sanctus
1519 642 1874 712 Lucas,~patet
1886 642 1954 698 ab
1968 657 2033 696 eo

481 744 811 790 contextum.
840 733 1026 804 Neque
1069 748 1232 803 porro
1260 734 1530 804 posterius
1568 734 1861 803 quidquam
1907 749 2031 802 pro-

479 828 583 895 prii
605 826 771 895 operis
791 826 902 879 sive
922 824 1173 878 sermonis
1195 824 1391 878 habere
1407 824 1734 893 comperitur
1754 814 1769 877 Ξ
1790 823 2033 892 quando-

482 917 723 987 quidem,
762 925 824 971 ut
860 917 935 970 ait
976 917 1060 969 vir
1087 917 1181 980 cl.,
1235 916 1424 970 beatus
1453 922 1654 984 martyr
1695 923 1881 969 contra
1917 929 2032 967 ma-

480 1007 587 1061 lam
619 1007 921 1061 doctrinam
957 1004 1179 1075 Origeni
1211 1004 1473 1073 objectam
1497 1045 1510 1070 ,
1543 1018 1724 1056 veram
1758 1002 1878 1071 ejus
1929 1003 2031 1056 do-

479 1096 707 1150 ctrinam
744 1095 876 1163 ipsis
893 1092 1232 1164 Origenianis
1253 1092 1431 1146 verbis
1445 1105 1756 1161 expressam
1777 1091 2026 1161 opponit;

481 1197 543 1243 ut
589 1202 655 1240 ex
698 1185 981 1254 utriusque
1031 1195 1220 1239 mutuo
1269 1183 1474 1238 collatae
1526 1182 1841 1238 discrimine
1889 1184 2030 1239 clare

477 1279 775 1340 cvincatur.
817 1277 1061 1346 Origenis
1090 1277 1287 1347 scripta
1318 1275 1385 1330 ab
1416 1275 1682 1330 haereticis
1703 1274 1873 1331 fuisse
1902 1291 2027 1330 cor-

478 1380 635 1442 rupta
666 1389 680 1434 ;
737 1386 858 1425 cum
892 1371 1030 1425 hanc
1078 1384 1241 1424 unam
1280 1368 1636 1438 quaestionem
1687 1374 1978 1437 pertractet
2008 1410 2025 1436 ,

480 1464 751 1519 fuerintne
773 1463 1017 1532 Origenis
1049 1462 1168 1515 libri
1200 1459 1460 1530 corrupti,
1493 1475 1660 1515 necne
1686 1478 1700 1514 :
1732 1461 1876 1530 quod
1899 1476 2029 1517 sane

477 1574 585 1611 non
617 1566 698 1611 est
727 1556 925 1625 proprii
965 1555 1131 1624 operis
1165 1553 1367 1621 aliquid
1396 1551 1646 1608 condere.

549 1644 631 1700 lll.
667 1645 759 1701 His
792 1655 970 1700 autem
1021 1645 1211 1714 positis
1244 1645 1311 1699 ad
1366 1654 1659 1713 utrumque
1706 1641 2028 1713 opusculum

2136 552 2295 607 nibus
2319 551 2537 607 Roberti
2563 550 2844 623 Stephani,
2873 552 3098 610 Joannis
3126 554 3345 611 Henrici
3375 550 3618 613 Boecleri
3640 573 3693 617 et

2131 640 2355 698 Joannis
2387 642 2535 698 Millii
2566 660 2580 708 ;
2617 658 2828 699 necnon
2876 644 2929 699 in
2958 644 3197 701 Danielis
3225 646 3433 703 Heinsii
3467 650 3538 702 ad
3571 648 3693 705 Na-

2131 750 2249 788 vum
2296 733 2677 789 Testamentum
2698 736 3176 790 exercitationibus.
3202 736 3327 793 Haec
3348 738 3637 796 Fabricius
3675 785 3691 802 .

2130 826 2223 894 qui
2246 834 2299 880 et
2320 826 2435 895 ipse
2467 826 2503 879 l.
2536 841 2585 881 c.
2613 827 2753 880 hanc
2795 824 3063 895 Pamphili
3110 825 3507 896 Expositionem
3561 846 3687 885 cum

2132 915 2447 970 Euthaliana
2481 917 2726 971 collatam
2757 917 2896 988 typis
2926 918 3292 974 excutiendam
3311 921 3494 975 denuo
3522 937 3685 976 cura-

2131 1009 2225 1061 vit.
2258 1006 2389 1073 Qua:
2425 1023 2551 1064 cum
2574 1009 2647 1062 ita
2675 1023 2734 1063 se
2760 1009 3015 1076 habeant,
3057 1012 3482 1067 existimaverim
3529 1016 3685 1085 eqni-

2129 1098 2248 1153 dem
2310 1099 2701 1155 Wetstbenium
2736 1100 2917 1156 minus
2945 1103 3189 1157 consulte
3213 1119 3381 1158 unum
3414 1105 3681 1175 ejusmodi

2129 1191 2314 1261 opella:
2341 1202 2609 1247 auctorem
2640 1190 2949 1247 Euthalium
2992 1209 3286 1264 agnoscere
3314 1197 3427 1267 (15)
3462 1215 3477 1263 ;
3533 1198 3681 1253 nullo

2130 1295 2261 1337 sane
2292 1292 2609 1355 argumento
2636 1286 2768 1341 satis
2795 1286 2975 1353 firmo,
3011 1302 3120 1358 quo
3175 1288 3228 1342 in
3256 1304 3410 1344 suam
3456 1300 3679 1347 senten-

2129 1374 2257 1427 tiam
2290 1390 2389 1430 nos
2415 1375 2706 1446 pertrahat,
2733 1376 2786 1430 iu
2817 1376 3056 1432 medium
3086 1378 3336 1434 adducto.

2199 1465 2288 1519 IV.
2324 1466 2393 1520 De
2422 1468 2592 1521 altero
2618 1476 2794 1521 autem
2824 1466 3093 1537 Pamphili
3137 1471 3421 1537 opusculo,
3472 1472 3683 1527 scilicet

2133 1556 2370 1626 Origenis
2399 1558 2750 1628 Apologetico,
2782 1574 2887 1612 non
2928 1569 3012 1614 est
3041 1560 3316 1615 enimvero
3369 1577 3468 1616 cur
3517 1565 3682 1618 verba

2128 1646 2390 1702 faciamus
2422 1666 2434 1701 :
2468 1648 2606 1702 hanc
2623 1649 2763 1702 enim
2784 1649 3115 1718 provinciam
3134 1665 3322 1720 cepere
3357 1651 3680 1719 jamdudum

476 1736 757 1808 Pamphilo
783 1737 1155 1802 astruendum,
1182 1735 1248 1791 de
1273 1736 1453 1806 priore
1478 1735 1695 1806 quidem
1725 1735 1806 1791 sic
1845 1732 2029 1804 prolo—
2058 1808 2093 1814 _
2129 1738 2267 1793 inter
2309 1738 2636 1793 recentiores
2685 1739 2788 1793 viri
2820 1739 3120 1794 doctissimi
3146 1780 3163 1804 ,
3199 1739 3425 1799 Huetius
3467 1743 3522 1797 in
3564 1745 3680 1814 pri-

476 1831 660 1899 quitur
695 1829 1045 1885 doctissimns
1074 1828 1513 1884 Montfauconius
1543 1870 1558 1895 ,
1611 1829 1703 1899 qui
1735 1844 1801 1883 ex
1836 1825 2027 1883 codice
2058 1808 2101 1865 Β
2129 1825 2234 1880 mis
2264 1826 2374 1898 (14)
2400 1867 2416 1893 ,
2443 1825 2822 1882 Tillemontius
2868 1826 2978 1899 (15)
3034 1837 3090 1883 et
3118 1828 3472 1887 Fontaninius
3523 1808 3679 1904 (f6);

475 1921 810 1977 Coisliniano
838 1921 968 1975 illud
1023 1921 1233 1990 primus
1292 1921 1348 1974 in
1401 1920 1596 1990 vulgus
1646 1920 1823 1976 emisit
1864 1921 2024 1992 (11);

481 2030 502 2064 ι
549 2011 943 2081 Expositionem
972 2012 1203 2081 capitum
1234 2012 1461 2065 Actuum
1490 2012 1847 2081 apostolorum
1905 2027 2027 2069 esse

476 2120 599 2159 vere
618 2104 883 2174 Pamphili
924 2104 1213 2174 martyris,
1255 2119 1364 2157 non
1395 2111 1477 2159 est
1503 2104 1646 2174 quod
1693 2103 2021 2160 dubitemus.

471 2195 607 2252 Nam
641 2198 695 2250 in
722 2212 786 2250 eo
807 2194 916 2250 fere
939 2204 1101 2249 totam
1128 2203 1337 2249 aetatem
1361 2195 1613 2251 contrivit
1635 2204 1853 2251 sanctus
1879 2211 2025 2252 mar-

474 2298 559 2360 tyr
581 2328 596 2353 ,
633 2297 694 2343 ut
727 2286 1019 2357 Scripturae
1051 2302 1218 2342 sacra:
1245 2287 1412 2342 libros
1438 2303 1604 2344 manu
1626 2304 1725 2344 sua
1748 2289 2023 2345 describe-

473 2390 576 2444 ret,
609 2388 827 2434 oruaret
858 2378 1025 2433 titulis
1052 2387 1217 2447 atque
1246 2378 1487 2444 scholiis,
1522 2389 1583 2434 ut
1628 2380 1786 2435 docet
1830 2379 2023 2435 Hieme

473 2486 691 2542 nymus,
734 2468 808 2522 De
835 2469 1177 2539 scriptoribus
1221 2470 1613 2524 ecclesiasticis.
1662 2469 1866 2524 Iudicat
1896 2470 2022 2525 item

473 2571 604 2616 nota
624 2560 825 2615 codicis
856 2558 978 2633 VRB.
1031 2558 1133 2613 PP.
1172 2557 1499 2616 Jesuitarum
1530 2602 1543 2623 ,
1592 2560 1683 2630 qui
1734 2561 2022 2631 prophetas

472 2668 661 2708 omnes
691 2652 945 2707 continet.
980 2651 1415 2708 Asseritdemum
1439 2652 1798 2723 calligrapbus
1822 2652 2023 2708 codicis

470 2744 827 2800 vetustissimi
861 2743 1024 2815 hujus
1055 2745 1396 2799 bibliothecae
1424 2743 1839 2815 (Coislinianae)
1868 2760 2018 2799 num.

470 2834 599 2900 202,
631 2834 723 2903 qui
747 2835 811 2888 ad
841 2835 1040 2890 calcem
1069 2835 1429 2905 Epistolarum
1469 2835 1526 2889 8.
1559 2835 1711 2889 Pauli
1741 2836 1815 2889 ait
1858 2851 1915 2891 se
1955 2837 2022 2890 il-

472 2924 586 2978 lum
615 2924 791 2997 ipsum
821 2927 1061 2981 codicem
1091 2926 1385 2980 contulisse
1408 2926 1460 2978 in
1501 2925 1819 2979 bibliouieca
1846 2924 2025 2979 Caesa-

472 3020 641 3075 riensi
668 3035 788 3074 cum
830 3020 936 3072 alio
963 3018 1148 3073 codice
1195 3017 1287 3086 qui
1336 3016 1507 3085 ipsius
1557 3014 1822 3084 Pamphili
1857 3030 2021 3071 manu

470 3118 726 3163 exaratus
775 3107 971 3161 fuerat.
1004 3106 1083 3165 Ad
1115 3106 1228 3160 haec
1261 3119 1388 3159 vero
1425 3104 1789 3174 calligraphus
1844 3106 1931 3162 ille
1967 3108 2020 3162 in
2049 3141 2090 3198 ο

471 3208 599 3255 nota
623 3214 742 3266 sua,
760 3197 946 3252 eadem
974 3195 1227 3266 loquendi
1252 3196 1482 3251 formula
1502 3212 1670 3266 caque
1690 3213 1795 3253 non
1816 3199 2021 3269 vulgari

470 3289 660 3359 utitur,
682 3288 773 3357 qui
812 3288 964 3342 initio
995 3287 1239 3356 opusculi
1298 3285 1655 3356 Pamphiliani
1686 3297 1977 3358 usurpatur
2004 3305 2019 3355 ;

469 3379 749 3443 nimirum,
787 3381 912 3450 παρ’
936 3373 1010 3433 ὧν
1031 3379 1281 3433 ἁπάντων
1300 3379 1499 3450 τόλμης
1524 3379 1847 3452 συγγνώμην
1868 3381 2018 3447 αἰτῶ,

467 3471 600 3542 εὐχῇ
630 3472 694 3541 τῇ
722 3471 859 3543 ὑπὲρ
892 3472 1044 3542 ἡμῶν
1068 3471 1165 3543 τὴν
1193 3470 1603 3544 συμπεριφορὰν
1630 3471 1980 3543 κομιζόμενος
2003 3489 2016 3503 ⁸

467 3578 589 3633 qua:
624 3562 783 3616 verba
808 3562 920 3631 ipse
943 3578 1005 3616 ex
1032 3561 1316 3631 Pamphilo
1342 3562 1487 3616 haud
1539 3561 1701 3615 dubie
1744 3570 2019 3617 mutuatus

466 3657 572 3705 est.
629 3647 778 3703 h'ane
821 3659 999 3704 autem
1052 3648 1471 3719 Expositionem,
1510 3658 1623 3704 tum
1672 3649 1741 3704 ob
1785 3651 2019 3707 auctoris

468 3743 795 3798 sanctissimi
834 3740 1277 3812 celeberri'mique
1304 3758 1498 3797 nomen
1529 3782 1543 3806 ,
1595 3751 1706 3797 tum
1735 3743 1862 3813 quia
1909 3758 2017 3799 non

466 3832 646 3890 fructu
671 3850 861 3891 vacare
884 3845 1119 3906 putatur,
1141 3835 1228 3889 hic
1257 3835 1414 3889 edere
1442 3836 1616 3890 visum
1647 3844 1749 3890 est.
1791 3855 1810 3888 ι

538 3926 689 3982 lianc
708 3941 836 3981 vero
858 3926 1072 3979 ἔκθεσιν
1094 3925 1291 3981 saeculo
1317 3925 1595 3995 superiore
1614 3926 1890 3982 desinente
1916 3927 2017 3982 sub

466 4015 705 4072 Enthalii
735 4016 1010 4071 Sulcensis
1039 4015 1275 4086 episcopi
1309 4015 1529 4070 nomine
1557 4015 1885 4070 edicleratcl.
1918 4015 2019 4070 Za-

466 4109 691 4177 cagnius
723 4107 777 4160 in
808 4105 1121 4161 collectione
1150 4104 1603 4159 Monumentorum
1621 4114 1869 4176 ueterum,
1892 4121 2011 4176 pag.

464 4197 588 4253 428.
621 4197 934 4268 lpsetamen
963 4194 1267 4257 Euthalius,
1294 4210 1417 4264 pag.
1440 4194 1544 4248 515
1566 4234 1582 4261 ,
1620 4194 1817 4248 diserte
1845 4201 2015 4250 testa-

464 4299 573 4357 tur,
608 4299 666 4344 ut
688 4290 938 4345 observat
962 4286 1239 4341 Fabricius
1265 4286 1415 4353 (12),
1459 4300 1517 4340 se
1545 4300 1703 4339 usum
1735 4284 2014 4342 codicibus

462 4395 496 4436 e
510 4380 827 4436 Caesariensi
845 4378 1357 4447 bibliotheca,quam
1377 4376 1432 4429 S.
1451 4375 1761 4444 Pamphilus
1781 4375 2011 4445 primum

2127 1932 2299 1988 nuper
2327 1932 2455 1972 vero
2473 1919 2606 1973 satis
2632 1933 2860 1989 operose
2891 1929 3195 1989 postremus
3223 1920 3676 1994 Origenianorum

2126 2009 2299 2064 editor
2325 2007 2649 2066 Parisiensis
2684 2010 2818 2082 (17).
2846 2009 3047 2066 Verum
3074 2027 3143 2068 ne
3172 2012 3346 2069 oﬂieio
3374 2026 3558 2070 nostro
3582 2033 3679 2087 pe-

2125 2101 2273 2167 nitus
2301 2101 2490 2157 deesse
2519 2101 2831 2168 videamur,
2877 2103 2967 2159 liic
2992 2113 3200 2160 veteres
3234 2115 3430 2160 tantum
3456 2115 3511 2161 et
3534 2108 3680 2178 qui-

2124 2194 2246 2250 dem
2279 2196 2578 2266 praecipuos
2606 2211 3030 2252 commemorare
3086 2212 3262 2268 operte
3305 2203 3523 2270 pretium
3557 2204 3677 2257 dn-

2123 2284 2325 2352 cimus,
2347 2285 2441 2356 qui
2464 2284 2836 2356 Origenianum
2866 2288 3254 2359 Apologeticum
3274 2290 3424 2345 beato
3444 2295 3666 2365 martyri

2123 2378 2424 2431 asseruisse
2452 2387 2771 2433 noscuntur.
2801 2377 2944 2433 Inter
2966 2395 3061 2434 eos
3080 2394 3209 2435 vero
3238 2382 3447 2451 primus
3475 2398 3666 2438 occur-

2123 2465 2191 2521 rit
2215 2464 2480 2522 Eusebius
2515 2466 2664 2539 (l8);
2714 2484 2873 2539 quem
2928 2471 3170 2539 sequitur
3219 2480 3437 2528 sanctus
3487 2471 3677 2529 Hiero-

2122 2571 2355 2627 nymus,
2399 2556 2478 2611 sic
2512 2557 2763 2627 inquiens
2804 2558 2912 2631 (19)
2946 2578 2959 2614 :
3014 2558 3236 2630 Scripsit
3271 2562 3671 2634 (Pamphilus)

2125 2658 2402 2718 antequam
2435 2649 2690 2704 Eusebius
2712 2651 3049 2707 Ctesariensis
3077 2693 3093 2718 ,
3132 2655 3528 2724 Apologeticum
3578 2672 3671 2725 pro

2127 2736 2364 2808 Origene.
2406 2738 2600 2795 Verum
2633 2740 2830 2808 Doctor
2860 2744 3126 2799 maximus
3145 2785 3161 2809 ,
3189 2755 3395 2801 mutata
3420 2746 3675 2816 deinceps

2123 2830 2389 2883 sententia
2412 2870 2427 2895 ,
2482 2829 2537 2882 in
2569 2830 2897 2901 assignando
2938 2833 3246 2903 scriptionis
3272 2844 3496 2890 auctore
3528 2837 3671 2889 varia

2122 2917 2396 2972 disseruit.
2431 2918 2707 2973 Socratem
2746 2918 2856 2990 (20)
2882 2921 3215 2989 praeterimus
3237 2931 3291 2976 et
3310 2920 3674 2991 Nicephorum

2125 3010 2243 3082 (21)
2265 3011 2508 3080 aliosque
2540 3012 2809 3081 sequioris
2838 3015 2935 3067 aevi
2967 3014 3260 3084 scriptores
3288 3057 3303 3080 ,
3356 3016 3451 3086 qui
3505 3015 3678 3071 Euse-

2124 3101 2273 3155 bium
2313 3092 2632 3171 plerumque
2660 3103 2910 3157 assectati
2939 3103 3106 3160 fuisse
3133 3105 3404 3161 videntur.
3449 3106 3521 3160 At
3563 3121 3674 3160 non

2122 3200 2205 3247 est
2220 3191 2549 3246 omittendus
2582 3189 2828 3256 Photins,
2852 3192 2943 3262 qui
2970 3192 3070 3246 sibi
3098 3192 3264 3247 lectos
3298 3207 3421 3248 esse
3441 3202 3677 3248 testatur

2122 3282 2233 3354 (22)
2260 3281 2526 3352 Pamphili
2558 3283 2809 3353 martyris
2843 3292 2898 3338 et
2941 3282 3155 3338 Eusebii
3187 3299 3284 3353 pro
3328 3282 3562 3354 Origene
3606 3287 3675 3340 li-

2119 3373 2247 3428 bros
2274 3388 2405 3439 sex;
2438 3372 2706 3443 simulque
2725 3372 2882 3427 docet
2902 3372 3265 3445 Pamphilum,
3307 3391 3432 3431 cum
3466 3378 3677 3434 detine-

2117 3469 2267 3515 retur
2297 3461 2350 3513 in
2382 3475 2618 3528 carcere,
2651 3461 2889 3532 quinque
2917 3464 3121 3534 priores
3151 3465 3476 3535 Apologetici
3524 3469 3675 3525 illius

2118 3549 2302 3615 libros,
2333 3558 2594 3618 przesente
2617 3551 2780 3605 etiam
2805 3551 3058 3620 Eusebio,
3075 3554 3383 3612 elaborasse
3407 3575 3422 3623 ;
3455 3567 3673 3613 sextum

2118 3654 2267 3704 vero,
2298 3650 2419 3710 post
2449 3640 2713 3711 Pamphili
2746 3644 3064 3714 martyrium
3089 3684 3105 3710 ,
3138 3645 3306 3702 fuisse
3335 3648 3406 3702 ab
3432 3646 3679 3705 Eusebio

2117 3732 2439 3787 absolutum.
2466 3727 2564 3787 Ὧν
2595 3737 2645 3790 ot
2675 3734 2772 3804 μὲν
2825 3735 2982 3788 πέντε
3028 3736 3293 3808 Παμφίλῳ
3319 3739 3381 3792 τὸ
3405 3740 3676 3814 δεσμοτή-

2120 3841 2229 3896 ριον
2249 3823 2501 3890 οἰκοῦντι,
2532 3826 2902 3899 συμπαρόντος
2928 3829 3019 3881 καί
3042 3828 3320 3895 Εὐσεϐιου,
3343 3830 3678 3907 summa.

2117 3931 2244 3969 σαψ
2274 3917 2302 3969 ὁ
2331 3915 2388 3970 δὲ
2419 3916 2572 3983 ἕκτος
2596 3958 2611 3983 ,
2656 3919 2777 3972 ἐπεὶ
2805 3921 2833 3972 ό
2869 3920 3073 3990 μάρτυς
3106 3918 3246 3989 ξίφει
3271 3920 3365 3974 τοῦ
3402 3923 3503 3995 ζῇν
3530 3926 3672 3980 ἀπο-

2114 4004 2282 4076 χθεὶς,
2314 4006 2534 4061 ἁνέλυσε
2565 4009 2699 4080 πρὸς
2720 4009 2779 4063 ὃν
2816 4009 2994 4064 ἐπόθει
3030 4010 3181 4075 Θεὸν,
3213 4012 3457 4085 Ebur.th
3482 4015 3673 4072 λοιπὸν

2113 4097 2480 4172 ἀπαρτίζεται.
2515 4097 2640 4154 Haae
2669 4100 2803 4155 satis
2831 4114 3010 4155 sunto.
3049 4099 3153 4166 Qui
3183 4115 3310 4156 vero
3360 4104 3518 4172 plura
3557 4106 3663 4161 hoc

2112 4188 2179 4243 de
2204 4204 2366 4259 opere
2390 4190 2532 4246 scire
2552 4192 2770 4257 studet,
2815 4192 3103 4262 scriptores
3145 4207 3213 4248 ex
3270 4198 3671 4255 recentioribus

2112 4279 2276 4333 modo
2298 4279 2541 4335 laudatos
2562 4281 2739 4336 adeat.

2181 4368 2245 4423 γ.
2266 4369 2372 4425 Sed
2391 4386 2555 4426 unum
2572 4372 2748 4453 adhuc
2762 4372 3023 4429 hactenus
3039 4372 3198 4430 dictis
3220 4374 3669 4446 addidissejuve-

464 4487 661 4540 magno
710 4471 887 4527 studio
920 4469 1211 4535 instruxit;
1248 4466 1513 4521 Eusebius
1563 4465 1754 4519 deinde
1786 4465 2010 4536 ejusque
2041 4474 2084 4531 ι)
2111 4460 2183 4515 rit
2209 4478 2223 4527 ;
2257 4475 2367 4529 quo
2396 4461 2653 4516 nimirum
2681 4471 2908 4532 constet,
2941 4473 3001 4518 ut
3031 4465 3132 4518 viri
3158 4465 3460 4522 doctissimi
3482 4472 3667 4526 verbis

465 4575 806 4616 successores
838 4559 1076 4630 episcopi
1127 4555 1487 4612 Caesarienses
1523 4562 1808 4609 servarunt
1854 4571 2017 4612 auxe—

465 4658 720 4718 runtque.
756 4649 893 4705 Hinc
932 4647 1469 4720 itaqueedivisionem
1520 4646 1754 4717 capitum
1800 4647 2011 4717 qualem

467 4741 525 4794 S.
578 4738 888 4808 Pamphilus
932 4742 1252 4812 digesserat,
1283 4740 1445 4795 etiam
1474 4752 1537 4792 ex
1572 4737 1679 4794 illis
1734 4746 2011 4795 mutuatus

463 4843 604 4889 esse,
635 4828 1023 4885 versiculorum
1063 4847 1194 4885 vero
1226 4831 1449 4900 ipsemet
1490 4827 1771 4883 Euthalius
1827 4828 2012 4898 utique

463 4919 738 4975 addidisse
752 4920 978 4974 videtur.
997 4921 1185 4977 Exstat
1198 4936 1359 4992 porro
1378 4920 1562 4975 eadem
1578 4918 1787 4981 ἔκθεσις
1810 4918 2012 4987 absque

456 5012 680 5068 animine
712 5011 949 5067 auctoris
995 5021 1118 5068 ante
1146 5011 1563 5068 commentarios
1585 5008 1909 5065 OEcumenii.
1955 5009 2008 5063 in

535 5167 613 5236 (η
627 5173 644 5238 )
671 5167 815 5238 Bibl.
839 5165 1039 5238 Cong,
1074 5181 1192 5238 pag.
1231 5166 1315 5219 7s.

534 5233 644 5306 (12)
671 5240 750 5292 Ad
784 5237 918 5307 Opp.
954 5233 1165 5307 11ίρνρ1ζ
1193 5242 1328 5307 tom.
1365 5233 1430 5307 11,
1462 5249 1580 5304 pag.
1608 5234 1729 5289 209.

535 5302 647 5389 ζ
675 5302 976 5389 Ρςοιεξςὸω.
1000 5302 1067 5360 ad
1100 5302 1165 5358 N.
1192 5303 1340 5359 Test.
1370 5302 1501 5368 Gri,
1540 5302 1695 5375 pagg.
1737 5303 1805 5358 45
1824 5313 1877 5359 et
1906 5304 2021 5385 76,¹

461 5375 977 5582 θδὲῗῶηῖίὲρεηίαη.
1009 5444 1104 5499 lib.
1131 5459 1193 5508 ιι,
1224 5459 1345 5514 cap.
1375 5446 1427 5506 δ,
1467 5443 1494 5515 §
1530 5445 1613 5509 ns,
1648 5459 1770 5567 pa‘g.
1807 5443 1931 5498 190.

463 5580 484 5582 ῃ
555 5516 644 5580 15)
675 5516 913 5572 Mémorr.
942 5555 957 5581 ,
1004 5527 1134 5569 tom.
1162 5512 1240 5582 γ,
1270 5530 1323 5582 p.
1370 5514 1493 5579 750,
1547 5522 1658 5568 not.
1748 5514 1772 5568 1
1809 5528 1904 5569 sur

458 5512 913 5652 Ρῶῗῖιβιέῆιοὶτ.
942 5555 957 5581 ,
1004 5527 1134 5569 ιοω.
1162 5512 1240 5582 γ,
1270 5512 1323 5584 p.
1370 5512 1493 5579 750,
1547 5512 1663 5568 not.
1711 5512 1772 5568 11
1809 5528 1904 5569 sur
1944 5513 2001 5570 S.

534 5653 644 5721 (16)
680 5652 817 5726 (list.
846 5655 1013 5726 ilitter.
1050 5655 1247 5726 Aquil.,
1270 5654 1370 5726 lib.
1402 5670 1452 5719 ν,
1485 5669 1602 5722 cap.
1630 5653 1680 5720 1,
1809 5655 1842 5711 5
1873 5663 1925 5712 et
1949 5654 2001 5724 6,

460 5735 514 5778 et
547 5739 661 5792 cap.
690 5722 742 5787 5,
783 5724 812 5795 δ
844 5725 896 5793 5,
925 5740 1077 5798 pagg.
1107 5722 1243 5794 208,
1273 5724 1396 5791 254,
1440 5740 1591 5794 seqq.

2114 4560 2236 4605 utar
2271 4552 2408 4622 (25),
2446 4562 2693 4609 sanctum
2717 4565 3006 4625 martyrem
3029 4555 3085 4609 in
3120 4554 3358 4626 Origenis
3396 4560 3673 4631 Αροιοςε-

2112 4645 2211 4696 tico
2235 4644 2547 4700 adornando
2568 4646 2882 4716 praeclarum
2911 4648 3096 4701 suaein
3129 4646 3407 4704 Christum
3440 4652 3669 4720 pietatis

2109 4744 2518 4789 monumentum
2573 4735 2873 4805 reliquisse.
2910 4734 3048 4791 Dum
3088 4737 3230 4791 enim
3262 4739 3349 4793 ille
3376 4740 3430 4793 in
3464 4742 3522 4795 id
3561 4757 3664 4811 po-

2111 4824 2378 4879 tissimum
2418 4825 2699 4893 incumbit,
2725 4834 2782 4881 ut
2803 4827 2870 4882 ab
2894 4827 3083 4883 haeresi
3114 4828 3312 4884 Ariana
3354 4830 3661 4888 immunem

2107 4917 2438 4971 demonstret
2469 4915 2751 4987 Origeuetn
2776 4957 2792 4983 ,
2838 4929 3001 4989 atque
3032 4921 3214 4974 animo
3261 4922 3335 4976 ita
3371 4938 3665 4994 compara-

2108 5014 2212 5071 tus,
2242 5007 2502 5077 quidquid
2531 5010 2739 5078 uspiam
2763 5011 2830 5065 de
2865 5009 3002 5067 Filio
3034 5011 3128 5067 Dei
3154 5012 3511 5070 Adamantius
3567 5017 3660 5071 lu-

2175 5163 2310 5250 (17).
2327 5163 2536 5250 qrigen.
2560 5164 2691 5235 Opp.
2722 5175 2852 5222 tom.
2877 5167 2962 5237 IV,
2993 5169 3047 5223 in
3066 5167 3285 5223 admon.
3309 5168 3377 5223 ad
3407 5170 3657 5241 Apolag.,

2104 5250 2266 5356 pagfé
2291 5234 2438 5315 1-116.
2610 5234 2619 5235 “
2644 5234 2664 5318 λ
2950 5234 2959 5237 ““
3073 5307 3101 5321 _

2270 5304 2286 5370 )
2318 5304 2459 5357 Hist.
2482 5306 2606 5358 eccl.
2631 5306 2723 5361 Ιιι).
2759 5323 2811 5360 vr
2833 5347 2849 5371 ,
2884 5323 2945 5363 ca
2988 5346 3003 5361 .
3037 5307 3124 5361 5ο.

2173 5307 2193 5429 ἓ
2203 5372 2282 5429 19)
2309 5372 2383 5427 De
2417 5374 2511 5428 vir.
2543 5375 2736 5429 illustr.
2765 5415 2779 5429 .
2804 5393 2922 5429 can.
2948 5324 3033 5429 95.

2203 5372 2282 5446 l9)
2309 5372 2385 5446 De
2417 5374 2511 5428 vir.
2543 5375 2736 5446 illustr.
2765 5415 2779 5440 ,
2804 5393 2922 5446 cap.
2948 5372 3033 5433 75.

2173 5442 2287 5517 (21))
2314 5443 2458 5517 (list.
2490 5445 2616 5517 ccci.
2650 5446 2745 5501 lib.
2773 5442 3014 5517 mfcap.
3049 5447 3099 5502 7.

2195 5513 2283 5585 gl)
2314 5512 2458 5585 ﬂisl.
2488 5515 2613 5569 eccl.
2644 5517 2735 5569 lib.
2761 5531 2793 5569 χ
2813 5555 2829 5578 ,
2851 5512 2978 5585 θερί
3005 5517 3089 5571 14.

2193 5581 2284 5656 22)
2308 5581 2448 5656 Ιξξὸι.
2474 5585 2787 5656 (ξοάηεινιιι
2813 5627 2828 5651 ,
2858 5581 2992 5656 pag.
3014 5586 3138 5641 295.

2172 5651 2531 5777 (ἔὸἐδέαταη.
2550 5695 2565 5721 ,
2596 5654 2668 5711 De
2686 5651 3017 5713 divianKC.
3053 5656 3146 5718 lib.
3182 5672 3255 5724 Iv,
3286 5671 3406 5729 cap.
3421 5658 3511 5723 24,
3539 5657 3653 5730 ξε,

2104 5737 2222 5795 pag.
2255 5737 2379 5777 om.
