1991 3173
123 204 191 233 1555

873 202 974 231 ACTA.

1659 206 1725 236 1554

120 262 305 290 rulentissime
331 261 432 297 docuit,
448 263 558 291 sedulus
572 262 683 298 colligit,
704 261 822 296 illudque
837 261 896 296 ejus
911 263 933 291 Α
947 269 976 288 se
988 261 1066 289 laesos
1076 267 1169 296 putant
1182 262 1218 289 ab
1229 269 1262 290 eo
1275 263 1321 298 qui
1340 263 1374 290 de
1396 263 1509 298 Origene
1541 273 1594 293 non
1622 267 1722 301 aliquid

120 308 345 336 obtrectatoribus
361 309 473 344 objicit;
491 309 555 343 quid
580 308 637 342 ipse
660 315 768 342 quoque
790 306 824 334 de
845 307 895 334 hoc

120 353 256 388 praecipuo
272 354 410 381 catholica:
431 353 551 381 veritatis
563 353 650 388 capite
665 353 797 385 sentiret,
817 352 895 386 plane

118 404 286 434 compertum
301 399 373 428 fecit.

154 443 247 478 Neque
267 444 319 471 ulla
337 446 455 477 demum,
471 444 557 480 pergit
573 444 614 471 vir
628 444 662 472 cl.
674 465 682 477 ,
705 444 823 479 legitima
849 452 895 472 su-

119 489 205 523 spicio
217 490 301 517 estde
325 491 375 517 ﬁde
392 490 492 523 Ruﬁni,
506 491 551 525 qui
569 491 640 517 hunc
652 489 843 524 Apologelicum
867 489 893 516 in

120 534 245 562 Latinum
257 536 402 562 transtulit.
421 535 559 570 Siquidem
570 534 716 569 quominus
732 534 802 560 ineo
814 541 895 567 opere

119 580 224 608 Latinis
240 581 335 608 litteris
361 581 496 609 reddendo
517 581 543 608 id
563 581 694 615 interpres
718 579 896 607 committeret

118 627 189 661 quod
204 627 229 653 in
245 627 305 655 aliis
316 627 446 661 ejusmodi
462 627 698 655 lucubrationibus
717 626 768 653 sibi
786 625 894 653 licuisse

118 671 293 704 existimavit,
309 672 442 700 deterrere
457 677 528 700 certe
541 672 628 707 ipsum
650 671 741 698 debuit
761 675 848 698 metus
861 671 895 697 ab

118 716 242 752 Origenis
255 717 418 746 adversariis
435 719 559 753 injectus,
572 718 671 753 quibus
682 716 850 744 stomachum
864 724 894 743 se

118 761 252 790 facturum
265 763 382 795 videbat,
408 764 531 799 quamvis
546 771 600 790 non
617 770 696 790 suum
713 783 720 795 ,
746 762 792 789 sed
808 762 893 789 sancti

117 807 249 843 Pamphili
273 809 305 836 de
331 809 444 844 Origene
457 809 587 844 judicium
624 808 756 844 proferret
771 817 776 834 :
793 812 894 843 quanto

117 853 205 888 magis
220 853 243 881 si
257 854 321 888 quid
335 854 393 889 ipse
410 854 578 889 iuseruisset,
593 856 664 890 quod
681 862 768 890 neque
791 855 824 882 ab
835 853 894 881 Ori-

117 906 185 934 gene
195 899 324 934 scriptum
338 921 345 933 ,
360 908 448 936 neque
466 909 481 928 a
497 906 590 929 sancto
610 901 750 936 Pamphilo
767 900 891 933 relatum,

116 946 204 973 evinci
217 946 361 981 aliquando
376 948 527 982 potuisset?

152 991 229 1024 Quod
247 993 355 1027 quidem
366 1001 396 1020 ex
416 993 492 1019 initio
508 991 673 1027 pracl'ationis
687 990 834 1018 Ruﬁnianae
858 990 890 1017 li-

116 1036 200 1071 quido
213 1042 327 1065 constat.
349 1037 393 1065 Sic
415 1038 487 1065 enim
506 1038 638 1073 interpres
661 1037 808 1064 Macarium
826 1037 891 1064 allo-

115 1086 198 1111 cutus
212 1092 219 1110 :
234 1093 244 1109 «
261 1083 381 1119 lujungis
394 1084 460 1111 mihi
475 1092 530 1111 rem
540 1105 547 1118 ,
569 1084 666 1118 inquit,
681 1091 741 1119 qua
754 1083 801 1110 tibi
816 1083 891 1119 agni-

115 1132 151 1156 tae
164 1129 286 1156 veritatis
299 1129 411 1164 gratiam
428 1129 549 1157 conferat
567 1138 573 1156 :
591 1130 657 1157 mihi
670 1134 758 1157 tamen
769 1137 822 1157 non
840 1129 890 1157 du-

116 1173 172 1201 bito
189 1173 255 1209 quin
268 1174 396 1202 oﬂ‘cnsam
413 1175 557 1202 maximam
571 1179 707 1209 comparet
722 1182 815 1202 eorum
841 1174 888 1209 qui

947 307 1015 334 male
1028 309 1152 336 senserit.
1170 308 1201 335 Et
1215 309 1337 343 quamvis
1353 317 1405 336 non
1419 317 1506 337 meam
1523 311 1556 337 de
1570 320 1602 338 eo
1615 318 1723 340 senten-

945 354 1019 385 tiam,
1035 354 1080 381 sed
1092 354 1176 381 sancti
1193 354 1316 390 martyris
1339 355 1467 389 Pamphili
1494 358 1645 385 sciscitatus
1662 359 1699 386 sis
1713 379 1722 391 ,

944 403 971 425 et
988 399 1084 426 librum
1100 400 1170 434 ejus,
1187 408 1265 435 quem
1282 408 1331 434 pro
1356 400 1472 436 Origene
1494 402 1520 429 in
1537 402 1630 430 Grzeco
1654 405 1722 431 scri-

943 444 1029 479 psisse
1045 445 1177 478 traditur,
1201 446 1340 473 transferri
1363 448 1409 474 tibi
1426 450 1583 482 poposceris
1606 450 1632 476 in
1647 450 1721 477 Lati-

944 497 1026 522 num;
1042 494 1132 516 tamen
1145 498 1197 516 non
1216 491 1309 517 dubito
1323 491 1438 525 futuros,
1452 494 1496 527 qui
1512 499 1537 520 et
1551 494 1577 519 in
1592 501 1625 520 eo
1643 494 1722 521 laesos

943 542 972 562 se
984 540 1086 569 putent,
1100 536 1122 562 si
1138 544 1187 563 nos
1200 536 1300 571 aliquid
1318 544 1367 571 pro
1381 544 1413 564 eo
1428 538 1469 564 vel
1483 538 1570 565 alieno
1596 547 1720 566 sermone

943 579 1076 606 dicamus.
1098 589 1107 605 ι
1121 579 1207 606 Tanta
1223 587 1304 614 porro
1319 581 1427 612 cautio,
1443 585 1472 607 ut
1483 589 1543 608 cum
1567 582 1625 608 viro
1642 582 1720 609 docto

943 626 1148 658 concludamus,
1163 626 1252 653 nimiae
1263 626 1378 653 licentiae
1392 627 1574 661 suspicionem
1600 635 1653 654 non
1671 635 1720 662 pa.

943 672 1016 703 titur,
1029 679 1077 699 nec
1090 671 1179 698 Ruﬁni
1192 680 1290 698 nomen
1314 672 1346 699 de
1363 672 1578 700 testimoniorum
1602 673 1721 707 pondere

943 718 1042 752 aliquid
1062 717 1203 744 detrahere
1216 717 1279 751 jure
1292 717 1381 744 debet.
1394 717 1459 744 Illud
1476 725 1584 752 quoque
1604 718 1718 749 accedit,

943 764 1014 799 quod
1030 771 1063 790 ex
1077 763 1181 791 laciniis
1196 762 1295 790 Graecis
1306 762 1486 798 Origenianis,
1499 764 1556 791 suis
1567 763 1719 798 quibusque

943 809 1010 836 locis
1024 809 1144 841 intextis,
1163 809 1196 835 de
1207 809 1318 844 reliquis
1333 809 1413 836 etiam
1432 809 1475 836 ubi
1491 817 1550 836 esse
1561 810 1668 840 desunt,
1682 809 1720 835 in-

944 855 1069 889 terpretis
1082 854 1147 881 ﬁdes
1174 854 1294 881 fulcitur.
1320 855 1451 882 Caeterum
1479 863 1607 890 nuperam
1638 855 1720 890 hujus

946 901 1101 936 Apologetici
1116 901 1182 928 satis
1197 901 1360 928 luculentam
1374 901 1519 929 editionem
1538 901 1718 929 Parisiensem

906 937 929 967 Β
943 947 1013 982 typis
1026 946 1226 981 exprimendam
1241 948 1406 976 curavimus.

978 993 1025 1020 His
1038 1000 1118 1027 porro
1131 992 1162 1020 B.
1174 992 1306 1028 Pamphili
1330 994 1455 1028 operibus
1470 1015 1477 1026 ,
1506 994 1571 1020 Acta
1587 994 1718 1028 passionis

942 1036 1063 1073 ejusdem
1080 1037 1227 1072 adjecimus
1239 1058 1247 1070 ,
1264 1046 1297 1065 ex
1311 1038 1387 1065 libris
1412 1037 1520 1065 Eusebii
1545 1038 1719 1065 Caesariensis

941 1084 1093 1118 desumpta,
1108 1091 1168 1118 qua:
1181 1085 1354 1112 doctissimus
1367 1084 1650 1120 Papebrochiusjuxta
1664 1093 1718 1113 ms.

940 1128 1087 1157 Mediceum
1099 1129 1170 1164 regis
1189 1129 1414 1159 Christianissimi
1428 1130 1560 1165 evulgavit
1576 1130 1643 1166 (9.5).

373 1379 560 1435 ACTA
604 1372 984 1435 PASSIONIS‘
1014 1377 1070 1435 S.
1102 1379 1458 1436 -PAMPH[LI

766 1497 1069 1542 MABTYRIS

142 1597 195 1627 Ea:
223 1595 312 1628 libris
327 1594 453 1626 Eusebii
470 1594 666 1626 Casariensis
680 1594 715 1625 de
730 1592 817 1623 illius
834 1594 913 1630 Vita,
925 1594 1025 1633 juxta
1038 1602 1094 1624 ms.
1117 1592 1287 1624 Mediceum
1315 1593 1397 1631 regis
1422 1591 1690 1626 Christianissimi.

888 1687 925 1694 .-.

799 1751 896 1782 PARS
916 1751 1037 1783 PRIOR

233 1833 356 1863 Omnium
369 1834 505 1862 duodecim
522 1834 566 1869 qui
593 1842 651 1860 cum
675 1834 730 1869 ipso
745 1834 817 1868 passi
835 1837 907 1868 sunt,
923 1838 999 1869 atque
1013 1833 1042 1860 in
1053 1833 1145 1868 primis
1159 1830 1291 1867 Pamphili
1305 1831 1396 1858 laudes
1409 1830 1591 1864 complectens.

144 1922 183 1947 Ν.
192 1920 292 1957 Καιρδς
302 1920 333 1956 δὴ
341 1920 418 1947 καλεῖ
428 1920 494 1956 πρὸς
506 1920 571 1946 πᾶσι
586 1919 615 1945 τὺ
627 1919 697 1955 μέγα
710 1920 755 1946 καὶ
763 1919 888 1955 περιϐόη-

972 1919 994 1946 l.
1012 1918 1130 1954 Tempus
1146 1925 1219 1945 nunc
1245 1921 1337 1944 monet
1357 1923 1448 1944 coram
1465 1916 1591 1944 omnibus
1607 1917 1716 1951 aperire

109 1974 154 1993 τον
162 1965 337 2001 ἀνιστορῆσαι
350 1964 461 2000 θέατρον
486 1963 626 1999 Παμφίλου
640 1964 685 1990 τοῦ
699 1962 890 1999 ἁγίου’μάρτυ-

110 2019 155 2048 ρος
161 2010 207 2038 καὶ
212 2010 263 2037 τῶν
271 2011 318 2037 σὺν
325 2010 397 2045 αὐτῷ
404 2009 598 2036 τελειωθέντων
611 2009 766 2045 θαυμασίων
774 2009 888 2045 ἀνδρῶν,

108 2057 155 2084 καὶ
181 2056 365 2092 πολυτρόπους
382 2055 520 2087 εὐσεϐείας
547 2055 643 2086 ἄθλους
667 2055 886 2090 ὲπιδεδεγμὲνων.

107 2102 245 2129 Πλείστων
273 2101 337 2136 γοῦν
366 2101 435 2128 ὅσων
462 2100 531 2127 κατὰ
559 2100 603 2127 τὸν
629 2101 809 2135 ἐγνωσμένον
823 2102 888 2136 ἡμῖν

105 2148 239 2184 διωγμὸν,
260 2147 469 2183 ἁνδρισαμένων,
493 2147 538 2174 τὸν
557 2147 619 2182 περὶ
638 2143 674 2174 ὧν
696 2147 710 2173 ὀ
730 2147 805 2181 λόγος
819 2146 887 2180 ἀγῶ-

105 2205 142 2224 να
165 2194 357 2226 σπανιώτατον,
377 2194 407 2221 ὃν
431 2195 511 2231 ἡμεῖς
536 2194 666 2230 ἔγνωμεν,
696 2196 886 2231 ἱστορήσαμεν,

106 2240 213 2276 ἀθρόως
230 2241 258 2266 ὲν
274 2239 347 2275 αὑτῴ
369 2240 423 2266 πᾶν
440 2237 507 2270 εἶδος
522 2238 631 2273 ἡλικιῶν
645 2247 675 2264 τε
693 2238 827 2273 σώματος.
842 2238 888 2265 καὶ

105 2286 200 2321 ψυχῶν
220 2285 341 2320 ἀγωγῆς,
365 2284 422 2319 βίου
447 2292 476 2310 τε
503 2284 549 2310 καὶ
570 2283 739 2318 ἀναστροφῆς
761 2283 888 2319 διαφόρου

106 2332 310 2367 περιειληφότα,
327 2330 448 2366 βασάνων
465 2339 494 2356 τε
515 2329 642 2361 ποικίλοις
665 2329 755 2360 εἴδεσι,
773 2330 888 2361 καὶτοῖς

106 2378 178 2405 κατὰ
198 2378 227 2404 τὺ
243 2377 342 2404 τέλειον
361 2376 506 2412 μαρτύριον
523 2375 729 2410 ἐνηλλαγμένως
748 2374 889 2408 στεφάνοις

105 2424 281 2459 κεκοσμένον.
299 2423 384 2454 Νέους
400 2430 429 2449 τε
445 2422 497 2457 γὰρ
512 2419 546 2456 ἦν
562 2422 634 2452 ίδεῖν,
649 2420 694 2447 καὶ
711 2420 807 2455 κομιδῇ
825 2421 887 2446 παῖ-

105 2470 154 2501 δας
176 2468 229 2495 τῶν
246 2469 293 2495 σὺν
308 2468 398 2500 αὐτοῖς
412 2467 566 2501 Αἰγυπτίων
583 2467 668 2498 τινὰς,
686 2466 762 2501 ἡμῶν
778 2467 841 2497 τοὺς
860 2465 888 2492 δὲ

107 2515 203 2547 ἄλλους
215 2514 284 2550 (μεθ’
299 2512 335 2541 ὦν
351 2515 396 2541 καὶ
412 2515 426 2540 ὁ
440 2512 592 2548 Πορφύριος
602 2511 650 2548 ἦν)
666 2512 798 2547 ἀκμαίους
810 2520 839 2537 τε
854 2509 886 2538 αὖ

107 2560 215 2596 σώματί
226 2568 254 2586 τε
266 2559 332 2595 ὁμοῦ
345 2560 390 2586 καὶ
402 2559 539 2593 φρονήσει,
557 2557 619 2588 τοὺς
634 2557 704 2592 ἀμφὶ
721 2556 750 2582 τὸ
768 2556 887 2582 ποθεινόν

939 1965 1074 1993 theatrum
1099 1971 1228 1998 magnum
1257 1962 1328 1990 istud
1350 1970 1382 1989 ac
1402 1962 1608 1989 celeberrimum
1628 1963 1715 1990 sancti

938 2009 1064 2045 martyris
1091 2008 1240 2043 Pamphili,
1256 2012 1283 2034 et
1298 2015 1391 2034 eorum
1416 2008 1461 2041 qui
1476 2014 1537 2034 cum
1558 2007 1616 2041 ipso
1630 2007 1713 2034 vitam

938 2057 1083 2084 ﬁniverunt
1098 2054 1298 2082 admirabilium
1325 2055 1455 2086 virorum,
1471 2058 1497 2081 et
1513 2061 1560 2088 per
1577 2054 1650 2080 varia
1667 2061 1716 2088 pro

937 2103 1035 2138 pietate
1061 2100 1208 2129 certamina
1235 2100 1496 2127 circumductorum.
1526 2100 1630 2128 Etenim
1655 2101 1715 2127 licet

937 2147 1045 2182 plurimi
1060 2155 1093 2174 ex
1110 2146 1198 2179 nobis,
1214 2150 1333 2181 tempore
1346 2147 1545 2178 persecutionis
1560 2151 1652 2173 contra
1665 2154 1715 2174 nos

937 2193 1088 2228 publicatae,
1105 2195 1213 2218 strenue
1227 2198 1286 2218 sese
1301 2191 1451 2226 gesserint;
1467 2191 1564 2217 horum
1579 2194 1668 2217 tamen
1681 2189 1715 2216 de

937 2238 1034 2273 quibus
1049 2245 1122 2264 nunc
1134 2244 1223 2264 sermo
1241 2241 1292 2268 est,
1308 2236 1478 2263 rarissimum
1493 2243 1606 2271 agonem
1622 2235 1714 2262 nobis-

937 2292 989 2320 que
1009 2284 1156 2319 cognitum,
1173 2284 1232 2310 ideo
1249 2282 1339 2317 potius
1354 2281 1533 2315 scripsimus;
1552 2281 1615 2316 quia
1639 2281 1665 2308 in
1682 2288 1715 2308 eo

937 2330 1026 2357 statim
1044 2328 1191 2364 apparebit,
1207 2328 1281 2354 velut
1295 2328 1346 2354 sub
1362 2334 1417 2353 uno
1434 2330 1560 2361 aspectu.
1575 2334 1655 2353 omne
1669 2333 1715 2360 ge—

937 2383 987 2401 nus
1003 2379 1059 2400 tum
1073 2374 1158 2400 aetatis
1174 2379 1320 2406 corporeae,
1339 2376 1394 2398 tum
1411 2370 1561 2405 spiritualis
1576 2370 1714 2397 conditio~

937 2420 989 2452 nis,
1007 2420 1121 2453 vitasque
1142 2423 1170 2445 et
1190 2417 1342 2445 studiorum
1365 2416 1508 2444 diversitas
1532 2423 1648 2450 magna,
1667 2415 1713 2443 sed

937 2465 1070 2499 imprimis
1082 2464 1197 2491 varietas
1214 2467 1409 2489 tormentorum
1422 2466 1504 2496 atque
1515 2461 1610 2488 exinde
1621 2468 1715 2488 secun—

936 2512 999 2538 dum
1024 2510 1145 2545 martyrii
1168 2509 1300 2543 etijusque
1322 2507 1584 2535 consummationem
1606 2511 1714 2541 parata-

937 2564 996 2584 rum
1013 2556 1110 2590 cuique
1123 2561 1296 2583 coronarum.
1312 2552 1378 2579 Nam
1391 2552 1483 2588 .videre
1499 2557 1556 2579 erat
1579 2551 1712 2586 quosdam

109 2591 158 2642 μοί
177 2605 270 2640 δνομα,
282 2591 331 2632 οιαὶ
345 2605 389 2632 τὸν
409 2591 551 2640 ίίαμνήτην
574 2591 688 2634 Παῦλον,
709 2602 836 2629 Σέλευκόν
857 2610 887 2628 τε

940 2610 1031 2630 eorum
1045 2602 1091 2637 qui
1105 2603 1174 2628 inter
1185 2601 1258 2636 ipsos
1268 2604 1346 2635 erant
1357 2598 1544 2634 Egyptiorum
1558 2597 1613 2632 (25)
1622 2596 1714 2631 junio—

107 2652 157 2679 καὶ
176 2651 326 2683 Ίουλιανὺν,
352 2651 434 2685 ἄμφω
455 2650 502 2685 τῆς
520 2648 709 2675 Καππαδοκῶν
724 2648 774 2683 γῆς
792 2647 886 2683 ὡρμη-

106 2696 206 2732 μένους
218 2704 225 2710 ·
244 2693 314 2731 ἦσαν
327 2695 355 2721 δὲ
364 2697 392 2721 ὲν
406 2695 494 2726 αὐτοῖς
508 2694 554 2720 καὶ
570 2694 628 2728 ἱερᾷ
643 2693 731 2728 πολιᾷ,
747 2692 887 2727 βαθυτάτῳ

104 2750 140 2778 γε
157 2742 229 2778 γήρᾳ
245 2741 456 2776 πεπυκασμένοι,
478 2740 583 2775 Οὐάλης
595 2740 716 2771 διάκονος
738 2739 786 2774 τῆς
807 2739 886 2774 Ἰερο-

143 2829 202 2862 (ει)
220 2830 285 2856 Acta
300 2828 350 2856 SS.
361 2850 367 2860 ,
382 2828 467 2863 ,lun.t
490 2828 510 2858 1,
526 2836 552 2863 p.
569 2827 613 2859 64,
626 2835 702 2861 seqq.

145 2865 203 2899 (‘25)
223 2864 319 2891 Procul
344 2861 624 2899 ab'auetoris‘mﬁente
647 2861 779 2888 aberravit
803 2861 885 2899 inter-

107 2896 276 2934 présfapud
301 2899 477 2933 Lipomanum
502 2903 528 2925 et
553 2898 673 2934 Sutrium,
702 2905 762 2934 cum
783 2896 884 2923 vertit:

108 2931 293 2964 Rdolcscénles
309 2931 448 2969 rt'pueros.
463 2938 537 2969 atque
551 2933 614 2959 adeo
630 2932 705 2968 plane
719 2931 842 2966 infantes,
855 2938 886 2959 ea:

940 2657 983 2676 res
999 2653 1078 2682 atque
1103 2647 1213 2674 omnino
1227 2653 1343 2681 pueros;
1362 2646 1429 2673 alios
1444 2648 1534 2671 autem
1558 2647 1711 2670 nostrorum

942 2695 980 2727 (in
1006 2693 1105 2728 quibus
1131 2692 1211 2719 etiam
1234 2690 1400 2726 Porphyrius
1425 2689 1493 2722 erat)
1510 2687 1610 2714 viribus
1633 2686 1713 2714 simul

940 2739 1061 2774 corporis
1084 2737 1166 2766 simul
1185 2741 1211 2764 et
1229 2736 1311 2764 animi
1337 2734 1478 2771 prudentia
1505 2732 1645 2764 robustos;
1667 2740 1714 2760 eos

939 2828 972 2855 iis
988 2828 1032 2862 qui
1047 2831 1120 2853 erant
1134 2834 1192 2853 cum
1207 2825 1270 2860 ipsis
1285 2823 1418 2893 Siortassis
1435 2821 1571 2856 ﬂgyptiis
1583 2821 1713 2854 interpres

940 2863 1097 2893 scripserat,
1119 2861 1156 2888 uti
1177 2861 1289 2887 debebat
1318 2860 1383 2884 alios
1405 2863 1491 2893 autem
1515 2857 1713 2891 pubescentes...

940 2857 1097 2897 scripserat,
1119 2861 1156 2888 uti
1177 2857 1301 2897 debebat)
1318 2860 1383 2897 alios
1402 2863 1497 2897 autent
1515 2857 1715 2897 ptibncantcs...

941 2892 1029 2933 nempe
1044 2892 1106 2924 mihi
1122 2896 1303 2923 durissimum
1318 2893 1458 2920 Jamm‘tcm
1477 2892 1601 2920 Paulum.
