3954 7108
496 350 634 409 1535
1150 295 1155 299 θ
1671 328 1727 383 S.
1767 319 2082 380 PAMPBlLI

2191 316 2473 375 ARTYRIS
3557 295 3692 350 1538

497 466 703 522 scilicet
716 458 807 531 qui
835 471 958 514 cum
980 449 1330 510 dilectissimo
1362 460 1481 501 meo
1501 444 1872 508 censebantur,
1893 440 2044 496 Jam-
2073 481 2082 510 Α

2191 433 2444 506 ιλυμιτῶν
2488 424 2825 499 Ἐκκλησὶας,
2863 419 2958 475 καὶ
2986 420 3017 473 6
3047 417 3282 489 τοῦνομα
3318 410 3700 483 ἐπαληθεύσας

499 560 660 613 uitem
675 526 785 624 (Ξθ)
798 548 1043 609 Paulum,
1066 542 1456 609 Seleucumque
1474 534 1828 595 etJulianum,
1849 532 2038 588 ambos
2141 526 2441 589 Θεόδουλος.

497 596 976 716 :iWEQL-pédocum
1010 596 1228 704 regione
1259 596 1386 688 huc.
1408 631 1678 686 advectos.
1713 626 1879 682 Erant
1904 625 2066 681 etiam
2094 623 2234 677 inter
2264 620 2384 675 illos
2414 614 2634 688 quidam
2685 623 2839 667 sacra
2869 604 3067 716 canitie
3111 611 3167 661 et
3197 596 3472 716 ρζρίιιῖάη
3522 596 3699 716 ι)ᾙί

499 691 801 803 senectae;
837 732 1033 788 Valens
1062 743 1273 798 nempe,
1291 724 1543 780 Ecclesia:
1572 722 2068 792 Hierosolymorum
2112 718 2392 778 diaconus,
2427 720 2481 767 et
2504 722 2702 765 nomen
2728 718 2887 761 suum
2910 699 3194 757 verilicans
3219 692 3543 803 Theodotus
3566 691 3702 803 (ξι).

567 832 632 888 ll.
823 841 951 898 ergo
980 826 1117 879 inter
1141 837 1236 878 eos
1256 828 1372 875 erat
1396 828 1610 874 aetatum
1645 817 1876 871 varietas
1903 833 1917 869 :
1946 819 2041 873 sed

2210 813 2285 865 B'.
2311 805 2542 878 Τοιαύτη
2568 803 2666 875 μὲν
2692 797 2784 870 οὖν
2808 800 2868 853 ἐν
2898 797 3076 858 αὐτοῖς
3105 796 3144 867 ἡ
3166 791 3273 847 τῶν
3287 788 3523 864 ἡλικιῶν
3539 785 3704 854 ἐτύγ-

498 933 556 981 et
598 921 797 977 mentis
825 879 1207 974 excrcitatione
1249 908 1744 980 distinguebantur,
1795 921 1918 962 cum
1951 907 2043 962 alii

2191 921 2273 959 ινε
2309 899 2562 956 ποικιλίαο
2581 893 2768 968 ψυχῶν
2788 892 2846 946 δὲ
2860 889 3098 960 ἀγωγαῖς
3118 884 3519 959 διηλλάττοντο,
3538 881 3589 935 οί
3613 879 3706 951 μὲν

502 1012 748 1068 rudiores
770 1017 972 1072 essent,
1007 1012 1189 1074 utpote
1217 1000 1388 1072 pueri,
1416 974 1731 1068 simpliciori
1764 998 1941 1051 adhuc
1964 998 2047 1051 in-

2191 994 2569 1067 ἰιωτικώτερον,
2602 986 2690 1046 οἷα
2720 988 2936 1051 παῖδες,
2966 984 3059 1039 καὶ
3098 981 3463 1052 ἁπλούστερον
3498 976 3582 1028 ἐτι
3620 974 3707 1074 τδν

503 1106 715 1162 tellectu
746 1064 976 1161 utentes,
1012 1064 1101 1152 alii
1129 1064 1241 1166 jam
1278 1064 1562 1146 formatam
1595 1104 1657 1144 ac
1695 1088 1923 1144 solidam
1954 1089 2050 1143 ha—

2191 1091 2270 1145 )ὖν
2290 1064 2593 1159 φοροῦντες,
2611 1082 2660 1135 οἱ
2688 1080 2744 1134 δέ
2769 1078 2864 1133 καὶ
2889 1077 3031 1131 πάνυ
3053 1072 3301 1145 στιϐαρὸν
3325 1072 3419 1125 καὶ
3450 1064 3711 1166 ἐμῦριθῇ

505 1199 696 1254 herent
720 1193 929 1250 vivendi
959 1190 1427 1246 consuetudinem.
1455 1188 1594 1255 Quin
1615 1187 1777 1241 etiam
1810 1183 2048 1240 invenie-

2191 1155 2475 1251 εκτημένοι
2505 1175 2568 1229 τὸ
2595 1170 2749 1245 ἦθοςο
2781 1167 2921 1241 ἦσαν
2950 1167 3009 1221 δὲ
3038 1168 3097 1220 ἐν
3126 1165 3308 1228 αὐτοῖς
3334 1161 3432 1215 mi.
3461 1160 3586 1255 τοῖς
3607 1155 3713 1255 τεέν

504 1290 703 1345 bantur
751 1285 892 1339 inter
919 1284 1038 1337 illos
1074 1282 1213 1337 haud
1252 1246 1514 1351 inexperti
1550 1279 1854 1333 divinarum
1888 1274 2053 1331 disci-

2191 1291 2200 1326 ε
2208 1246 2317 1344 ρῶν
2327 1246 2338 1250 -
2356 1266 2687 1342 μαθημάτων
2727 1263 2827 1318 οὐκ
2853 1257 3295 1351 ἀνεπιστήμονες,
3342 1246 3715 1351 curve-mnf:

506 1377 795 1447 plinarum.
855 1371 1118 1441 Omnibus
1166 1378 1347 1424 tamen
1379 1331 1555 1439 ratque
1604 1366 1888 1437 congenita
1941 1371 2056 1418 erat

2192 1331 2661 1428 πασινύπερφυὴς
2689 1353 2781 1408 καὶ
2801 1352 3048 1420 ἐνάρετος
3077 1349 3114 1419 ἡ
3140 1343 3326 1416 ἀνδρία
3348 1339 3586 1447 προσῆν.
3614 1331 3718 1447 ξιῖα

505 1428 773 1537 excellens
810 1464 1053 1535 quaedam
1101 1472 1261 1532 atque
1287 1462 1483 1516 virtute
1532 1460 1665 1515 fulta
1708 1458 1879 1513 animi
1910 1456 2057 1512 forti-

2191 1454 2210 1506 ἑ
2230 1469 2313 1515 τις
2331 1453 2388 1504 ἐν
2408 1444 2816 1502 ἀποστίλϐουσιν
2846 1442 3063 1511 ἄστροις
3094 1433 3440 1537 ήμεροφαῂς
3454 1428 3717 1537 Ῡωτῗῆρο

508 1534 657 1614 tudo.
689 1555 808 1611 Prae
830 1520 1086 1611 omnibus
1116 1520 1318 1620 autem,
1344 1562 1600 1622 tanquam
1623 1566 1731 1621 pra:
1756 1549 2057 1605 scintillan-

2191 1561 2217 1595 ν
2260 1543 2440 1612 μέσοις
2475 1539 2760 1610 διέπρεπεν
2791 1531 3175 1602 ἐξαστράπτων
3204 1527 3234 1579 6
3263 1525 3394 1622 ἐμὸς
3449 1520 3720 1622 δεσπότης

507 1651 654 1705 tibus
682 1648 845 1703 astris
876 1647 1144 1701 luminare
1180 1645 1377 1715 majus,
1411 1644 1679 1699 emicabat
1713 1657 1902 1698 eorum
1939 1657 2055 1695 me-

2199 1609 2271 1687 06
2291 1632 2398 1703 γὰρ
2441 1609 2650 1700 ἑταῖρον
2683 1626 2992 1699 προσειπεῖν
3024 1621 3104 1674 ἔτι
3149 1634 3237 1690 μοι
3275 1615 3435 1715 θέμις
3470 1609 3721 1715 τὸνδθεσ-

510 1743 633 1798 dius
675 1740 927 1795 dominus
977 1754 1163 1806 mens;
1198 1754 1298 1793 nec
1341 1738 1486 1791 enim
1522 1737 1751 1807 amplius
1799 1735 1882 1790 fas
1922 1735 2053 1789 mihi

2191 1699 2344 1778 τέσιον
2369 1699 2465 1777 καὶ
2495 1699 2756 1792 μακάριον
2788 1717 2861 1780 ὡς
2886 1711 3096 1786 ἀληθῶς
3123 1704 3451 1807 Πάμςριλρνγ
3472 1699 3720 1807 παιδίω

510 1845 594 1890 est
642 1833 879 1889 sodalem
932 1831 1199 1902 appellare
1250 1829 1363 1901 (28)
1412 1829 1777 1884 venerandum
1829 1844 1893 1883 ac
1935 1843 2060 1883 vere

2191 1817 2267 1888 ’ἀρ
2294 1808 2445 1878 οὗτος
2479 1788 2577 1883 ’έῆς
2618 1788 2746 1883 παρ’
2781 1807 3002 1876 Ἕλλησι
3042 1797 3461 1873 θαυμαζομένης
3632 1808 3723 1902 με-

513 1924 885 1981 beatissimum
952 1884 1313 1992 i’aniphilttm.
1344 1884 1359 1901 Ι
1386 1920 1595 1976 Etenim
1653 1920 2059 1991 disciplinarum

2197 1884 2322 1980 ρίως
2357 1902 2520 1978 ἦπτο,
2556 1903 2654 1973 τῆς
2684 1918 2745 1955 τε
2775 1899 2915 1954 κατά
2941 1897 3008 1951 τὰ
3044 1894 3164 1948 θεῖα
3205 1892 3448 1992 δόγματα
3478 1886 3576 1941 καὶ

516 2017 804 2088 gentilibus
837 2016 1245 2076 aestimatarum,
1275 2014 1522 2082 peritiam
1561 2014 1703 2067 haud
1738 1976 2062 2067 mediocrem

2198 1976 2547 2059 εοπνεύήστους
2593 1992 2813 2065 Γραφάς
2846 1990 2933 2061 (εἰ
2969 1987 3074 2059 χρῆ
3112 2002 3165 2038 τι
3199 1980 3548 2055 θρασύτερον,

517 2115 860 2173 consecutus,
896 2107 949 2161 in
977 2107 1174 2162 divinis
1198 2106 1542 2177 dogmatibus
1565 2120 1629 2160 ac
1656 2104 1870 2161 caelitus
1898 2104 2067 2173 inspi-

516 2201 651 2255 ratis
704 2198 1019 2269 Scripturis,
1048 2198 1290 2251 omnium
1344 2197 1438 2266 qui
1487 2210 1668 2251 secum
1711 2194 2068 2251 versabantur

520 2293 816 2363 (audacter,
863 2291 955 2346 sed
999 2301 1177 2344 tamen
1209 2305 1330 2345 vere
1348 2289 1516 2359 dico,)
1549 2288 1839 2359 apparebat
1883 2303 2070 2343 versa-

520 2387 655 2451 tior;
689 2385 909 2453 insuper
953 2392 1128 2437 autem
1162 2383 1393 2452 pollebat
1431 2381 1781 2451 praerogativa
1841 2380 2071 2449 propriae

523 2478 749 2539 scilicet,
775 2485 867 2530 aut
913 2476 1091 2545 potius
1123 2489 1154 2529 a
1185 2473 1293 2528 Deo
1321 2473 1553 2536 donata,
1597 2471 1964 2542 intelligentia:
2007 2485 2072 2526 ac

523 2567 820 2637 sapientiae.

592 2657 680 2711 111.
710 2657 799 2712 Sic
826 2655 1000 2725 quoad
1025 2654 1262 2709 animam
1287 2653 1598 2711 constitutis
1624 2652 1872 2724 singulis,
1900 2650 2073 2721 major

526 2749 705 2805 adhuc
737 2747 1034 2804 diﬂerentia
1079 2756 1196 2801 erat.
1220 2747 1611 2801 conditionum.
1643 2743 1775 2799 Nam
1820 2742 2075 2813 Pamphi-

525 2842 611 2895 lus
634 2840 887 2913 quidem,
919 2837 1085 2892 nobili
1119 2837 1416 2892 secundum
1462 2850 1679 2891 carnem
1718 2848 1911 2904 genere
1950 2846 2072 2901 pro-

526 2942 742 3005 gnatus,
790 2931 952 2985 etiam
994 2929 1276 2998 praesignis
1309 2940 1426 2982 erat
1462 2926 1779 2981 muneribus
1821 2924 1875 2979 in
1903 2925 2076 2996 patria

526 3023 739 3094 publice
773 3020 977 3092 gestis;
1027 3016 1284 3071 Seleucus
1305 3029 1455 3079 vero,
1489 3013 1775 3083 praecipuis
1803 3012 1857 3066 in
1886 3011 2076 3066 militia

2163 2090 2376 2163 ἀληθὲς,
2402 2087 2615 2157 εἰπεῖν),
2641 2087 2715 2149 ὼς
2740 2084 3014 2151 οὐδέτερον
3037 2080 3149 2151 ἔχοι
3172 2094 3255 2140 τις
3277 2075 3431 2145 φάναι
3448 2074 3563 2125 τῶν
3592 2070 3722 2123 κατ’

2166 2180 2346 2245 αὑτὸν,
2379 2180 2536 2249 ήχετο
2561 2194 2575 2207 ·
2615 2174 2793 2247 μεῖξον
2823 2174 2880 2227 δὲ
2918 2171 3118 2225 τούτων
3150 2167 3344 2237 ἐκέκτη
3377 2166 3436 2220 τὸ
3478 2163 3718 2217 πλεονέ-

2164 2291 2374 2347 κτημα,
2392 2269 2488 2341 τὴν
2511 2265 2738 2332 οἴκοθεν,
2770 2263 2966 2335 μᾶλλον
2994 2262 3051 2315 δὲ
3095 2259 3279 2314 θεόθεν
3310 2256 3451 2326 αὐτῷ
3478 2251 3725 2322 δεδωρηο

2173 2364 2340 2437 μένην
2374 2360 2585 2413 σύνεσίν
2615 2376 2674 2412 τε
2706 2358 2800 2413 καὶ
2834 2356 3040 2426 σοφίαν.

2239 2648 2313 2702 Γ¹.
2338 2645 2446 2699 Καὶ
2474 2644 2542 2699 τὰ
2572 2641 2668 2714 μὲν
2695 2641 2820 2712 περὶ
2838 2638 3013 2710 ψυχὴν
3032 2635 3203 2697 οὕτως
3229 2627 3374 2703 εἶχον
3406 2630 3455 2682 0!
3490 2628 3692 2689 πάντες
3712 2643 3728 2657 ο

2176 2736 2287 2808 βίου
2319 2736 2373 2788 δὲ
2402 2730 2555 2796 αὖθις
2581 2730 2676 2785 καὶ
2716 2728 3052 2800 ἀναστροφῆς
3081 2724 3303 2793 πλείστη
3336 2738 3421 2784 τις
3448 2722 3513 2772 ἐν
3553 2720 3733 2808 aii—.03;

2174 2807 2385 2899 ύπῆρχε
2413 2823 2700 2894 διαλλαγή’
2734 2821 2827 2874 τοῦ
2861 2820 2956 2891 μὲν
2985 2816 3266 2888 Παμφίλου
3299 2812 3360 2877 ἐξ
3394 2807 3734 2878 εὐπατριδῶν

2174 2920 2498 2988 κατάγοντος
2515 2915 2654 2971 κατά
2674 2914 2851 2985 σάρκα
2871 2912 3042 2980 γένος,
3063 2910 3342 2980 ἐπισήμως
3368 2922 3426 2958 τε
3452 2906 3579 2966 ταῖς
3597 2900 3735 2954 κατὰ

2176 3012 2272 3086 τὴν
2310 3010 2542 3083 πατρίδα
2572 3008 2860 3070 πολιτείαις
2890 3004 3296 3076 διαπρέψαντος,
3329 2998 3423 3053 τοῦ
3452 2999 3518 3051 δὲ
3550 2995 3736 3048 Σελεύο

529 3114 828 3169 honoribus
855 3110 1024 3166 fuerat
1054 3108 1371 3170 decoratus,
1404 3121 1527 3161 cum
1557 3105 1648 3160 alii
1680 3104 1870 3160 mediae
1906 3103 2075 3159 ferme

2191 3120 2271 3158 ιου
2305 3105 2423 3167 ταῖς
2456 3101 2595 3156 κατά
2631 3101 2726 3171 τὴν
2754 3098 3036 3171 στρατείαν
3076 3093 3252 3159 ἀξίαις
3294 3089 3737 3163 περιφανέστατα

529 3203 855 3260 conditionis
884 3208 1087 3256 essent.
1121 3198 1224 3253 Sed
1253 3212 1426 3268 neque
1456 3199 1510 3251 in
1543 3197 1712 3252 choro
1739 3196 1843 3251 isto
1884 3194 2078 3251 servile

530 3311 699 3366 genus
736 3295 938 3357 deerat,
971 3307 1092 3345 cum
1124 3306 1190 3344 ex
1230 3290 1601 3360 proconsulari
1637 3288 1840 3343 familia
1866 3282 2081 3358 adjun-

531 3394 654 3441 ctus
695 3385 776 3440 eis
819 3382 984 3438 fuerit
1030 3397 1219 3438 servus
1258 3380 1610 3452 Porphyrius,
1655 3380 1832 3449 specie
1859 3380 2078 3450 quidem

532 3488 690 3532 tenus
726 3475 986 3546 Pamphili
1027 3473 1375 3544 mancipium,
1428 3473 1605 3541 reipsa
1659 3481 1838 3526 autem
1880 3471 2014 3525 nihil
2049 3488 2080 3525 a

533 3569 720 3635 fratre,
758 3577 853 3623 aut
877 3568 1058 3638 potius
1085 3566 1194 3620 lilio
1226 3566 1459 3636 genuino
1487 3564 1819 3633 discrepans,
1858 3570 1912 3618 et
1951 3578 2081 3617 nus-

534 3673 696 3728 quam
746 3673 776 3712 a
825 3656 1030 3711 domini
1075 3655 1160 3710 sui
1209 3653 1510 3709 imitatione
1556 3652 1831 3707 deficiens.
1876 3649 2080 3721 Ecquid

535 3749 732 3818 porro?
766 3748 823 3803 Si
860 3747 984 3818 quis
1013 3746 1230 3809 dixerit,
1272 3743 1418 3815 ipsos
1461 3757 1675 3797 omnem
1706 3742 2085 3798 ecclesiastica:

536 3841 896 3897 ordinationis
947 3840 1175 3897 formam
1204 3852 1428 3893 numero
1460 3851 1559 3892 suo
1594 3836 1905 3907 complexos
1939 3851 2081 3901 esse,

534 3933 673 3990 nihil
702 3942 850 3988 extra
872 3932 1154 3987 veritatem
1175 3929 1399 3986 dixerit:
1424 3942 1549 3984 cum
1573 3926 1889 3998 presbyterii
1917 3925 2086 3997 digni-

537 4034 646 4081 tate
676 4032 901 4079 ornatus
935 4020 1098 4076 fuerit
1131 4016 1485 4088 Pamphilus,
1529 4018 1597 4074 ad
1628 4018 1854 4089 gradum
1899 4018 2085 4074 diaco-

538 4127 697 4173 natus
725 4124 942 4171 evectus
979 4112 1191 4177 Valens,
1222 4113 1313 4167 alii
1362 4112 1623 4170 lectorum
1669 4125 1894 4167 munere
1936 4108 2087 4179 fungi

536 4220 721 4265 coram
771 4204 926 4275 plebe
971 4212 1352 4269 consuessent;
1409 4200 1669 4257 Seleucus
1715 4216 1870 4262 vero.
1922 4199 2086 4255 etiam

537 4307 667 4353 ante
693 4295 1043 4368 martyricum
1080 4294 1242 4350 ﬁnem
1270 4294 1556 4350 decoratus
1596 4300 1741 4348 esset
1766 4291 1933 4347 nobili
1958 4307 2090 4348 con-

538 4390 773 4446 fessione
804 4404 902 4459 per
940 4402 1257 4459 generosam
1290 4388 1575 4443 verberum
1607 4386 1943 4441 tolerantiam
1986 4383 2092 4439 for-

2178 3193 2557 3266 τετιμημένου,
2586 3190 2691 3244 τῶν
2709 3190 2766 3243 δέ
2793 3190 2891 3260 τῆς
2922 3188 3093 3259 μέσης
3115 3185 3207 3238 καὶ
3231 3182 3415 3251 κοινῆς
3436 3179 3738 3249 γεγονότων

2179 3286 2415 3356 ἀγωγῆς.
2448 3285 2561 3337 Ούκ
2581 3279 2646 3354 ἦν
2675 3282 2730 3336 δὲ
2761 3280 2934 3334 αὐτῶν
2957 3281 2985 3332 6
3014 3278 3169 3349 χορὸς
3195 3275 3314 3329 οὐδὲ
3344 3274 3440 3326 τοῦ
3466 3268 3737 3326 οίκετικοῦ

2180 3377 2366 3444 γένους
2395 3373 2568 3438 ἐκτὸς,
2601 3375 2630 3427 6
2654 3389 2713 3425 τε
2737 3373 2844 3443 γὰρ
2873 3368 3199 3441 ἡγεμονικῆς
3224 3366 3462 3430 οίκετίας
3488 3363 3738 3437 θεράπων

2166 3468 2362 3530 -αύτοῖς
2385 3464 2800 3534 συγκατείλεκτο
2820 3463 2912 3516 καὶ
2935 3465 2962 3515 6
2990 3459 3172 3532 Πορφύ
3182 3476 3310 3532 ριος,
3338 3457 3400 3510 τδ
3424 3458 3526 3528 μὲν
3545 3457 3739 3520 δοκεῖν,

2180 3558 2274 3613 τοῦ
2325 3557 2607 3628 Παμφίλου
2663 3554 2898 3624 γεγονὼς
2952 3552 3187 3621 οἰκέτης,
3236 3549 3475 3603 διαθέσει
3519 3566 3587 3617 γε
3642 3548 3741 3619 μὴν

2182 3650 2407 3722 ἀδελφοῦ
2438 3651 2530 3705 καὶ
2560 3650 2755 3721 μᾶλλον
2779 3647 2997 3718 γνησίου
3027 3645 3214 3708 παιδὸς
3239 3640 3563 3714 διενηνοχὼς
3597 3640 3745 3693 οὐδὲν

2182 3746 2216 3817 ἦ
2249 3744 2508 3799 ἐλλείπων
2546 3742 2644 3813 τῆς
2677 3742 2811 3814 πρὸς
2839 3740 2929 3793 τὸν
2960 3737 3222 3807 δεσπότην
3264 3736 3404 3790 κατά
3434 3734 3621 3787 πάντα
3664 3750 3751 3803 μι-

2188 3838 2419 3910 μήσεως.
2453 3835 2560 3888 Καὶ
2583 3835 2635 3888 τί
2663 3834 2801 3905 γάρς
2848 3832 2985 3885 Ἀλλ’
3012 3833 3061 3884 εί
3092 3832 3239 3901 φωνῇ
3271 3845 3373 3891 τις,
3409 3828 3617 3889 αὐτοὺς
3639 3825 3749 3877 61.6-

2186 3929 2381 4000 κληρον
2416 3928 2471 3980 ἐν
2508 3926 2695 3999 βραχεί
2721 3925 2882 3979 τόπον
2921 3920 3366 3994 ἐκκλησιαστικοῦ
3397 3920 3745 3988 συστήματος

2187 4019 2620 4092 περιειληφέναι,
2666 4018 2763 4071 οὐκ
2807 4016 2872 4070 ἂν
2920 4016 3071 4081 ἐκτὸς
3118 4014 3266 4084 βάλοι
3319 4012 3419 4082 τῆς
3462 4009 3745 4081 ἀληθείας,

2188 4109 2575 4182 πρεσϐυτερίου
2597 4108 2692 4181 μὲν
2721 4109 2777 4162 ἐν
2800 4107 2976 4170 αὐτοῖς
2996 4103 3294 4176 ἠξιωμένου
3316 4098 3412 4154 τοῦ
3438 4100 3750 4171 Παμφίλου,

2187 4200 2456 4264 διακονίας
2480 4216 2541 4253 τε
2570 4198 2662 4253 τοῦ
2688 4199 3002 4262 Οὐάλεντος,
3032 4197 3131 4267 τήν
3156 4212 3215 4248 τε
3243 4193 3347 4247 τῶν
3369 4192 3465 4245 ἐπὶ
3489 4190 3595 4244 τοῦ
3622 4190 3751 4261 πλη-

2191 4291 2314 4357 θους
2344 4289 2730 4361 ἀναγινώσκειν
2772 4288 3086 4361 εἰθισμένων
3122 4288 3271 4353 τάξιν
3304 4282 3609 4354 εἰληχότων
3646 4279 3755 4334 ἐτέ-

2194 4400 2331 4455 ρων·
2365 4383 2672 4455 ὁμολογίαις
2713 4380 2801 4435 διὰ
2831 4378 3243 4453 καρτερωτάτης
3286 4375 3575 4447 μαστίγων
3623 4374 3752 4426 ὑπο-

538 4483 662 4537 titcr
687 4480 848 4536 etiam
882 4477 1161 4550 dignitatis
1194 4478 1444 4533 militaris
1464 4478 1732 4548 iacturam
1759 4491 2082 4549 perpessus;

2196 4477 2379 4552 μονῆς,
2412 4478 2492 4531 ἔτι
2522 4476 2688 4530 πάλαι
2726 4476 2831 4548 πρὸ
2858 4473 2950 4528 τοῦ
2982 4471 3120 4526 κατά
3150 4472 3210 4525 τὸ
3240 4469 3542 4542 μαρτύριον
3576 4470 3758 4533 τέλους

542 4571 717 4626 caeteri
733 4584 885 4639 vero,
918 4577 1176 4639 tanquam
1204 4568 1576 4624 catechumeni
1602 4566 2088 4632 autﬁdeles,veluti

542 4657 598 4712 in
628 4658 862 4730 imagine
890 4674 1055 4728 parva
1075 4666 1522 4730 repraesentarent
1549 4657 1956 4714 similitudinem
1984 4672 2088 4711 nu-

542 4765 770 4806 merosae
800 4749 1069 4817 Ecclesiae.

618 5032 708 5089 IV.
745 5032 806 5088 ln
833 5035 980 5089 hunc
1004 5048 1133 5105 ergo
1157 5036 1376 5091 modum
1405 5033 1759 5104 contemplari
1790 5033 1947 5089 nobis
1971 5032 2096 5089 licet

543 5126 917 5184 admirabilem
947 5125 1135 5179 talium
1161 5135 1323 5195 atque
1356 5133 1630 5181 tantorum
1670 5134 1968 5196 martyrum
2002 5125 2096 5180 de-

546 5220 776 5285 lectum;
819 5224 1089 5288 quatenus
1135 5215 1263 5280 illis,
1314 5217 1561 5284 quamvis
1610 5230 1837 5271 numero
1882 5215 2085 5285 paucis,

546 5309 728 5364 nullus
756 5317 935 5363 tamen
965 5320 1155 5361 eorum
1188 5306 1437 5360 ordinum
1468 5306 1669 5373 deerat,
1692 5306 1786 5376 qni
1818 5306 1990 5362 solent
2012 5307 2096 5361 in-

547 5407 628 5453 ter
671 5398 920 5455 homines
965 5394 1211 5467 reperiri.
1270 5393 1491 5464 Nempe,
1541 5396 1993 5466 quemadmodum
2039 5397 2093 5450 in

618 5558 735 5629 (26)
761 5557 978 5614 Jamnia
1022 5560 1137 5614 sive
1162 5556 1358 5613 lamna
1389 5557 1521 5614 urbs
1548 5558 1841 5614 maritima‘
1860 5556 2092 5615 Palaesti-

548 5643 652 5707 nae,
679 5630 830 5707 haud
865 5632 1052 5707 procul
1084 5629 1271 5700 Joppe,
1320 5629 1416 5707 sed
1452 5629 1585 5707 totis
1610 5645 1682 5707 ιιι
1715 5628 1960 5707 horariis_
1986 5631 2100 5683 leu-

547 5699 629 5777 cis
662 5699 849 5777 dissita
884 5715 915 5753 a
943 5699 1228 5777 Caesarea,
1256 5699 1844 5777 cujusAarchigpiscopo
1880 5701 2098 5765 subest,

546 5767 713 5829 etiam
744 5769 876 5824 urbe
908 5766 1181 5827 maritima
1210 5766 1270 5827 in
1307 5766 1550 5825 conﬁniis
1586 5766 1895 5824 Phoenicim.

2193 4576 2283 4631 τοῦ
2312 4572 2571 4628 Σελεύκου
2596 4567 3005 4642 διαπρέψαντος,
3053 4563 3147 4618 καὶ
3172 4562 3269 4634 τὴν
3305 4562 3402 4633 τῆς
3436 4579 3758 4633 στρατιωτι-

2194 4668 2295 4739 κῆς
2324 4664 2479 4732 ἀξίας
2506 4659 2773 4732 ἀποϐολὴν
2799 4655 3124 4730 ἐρρωμένως
3147 4653 3587 4725 καταδεξαμένου
3606 4670 3622 4684 ·
3654 4652 3758 4705 τῶν

2195 4776 2254 4811 τε
2274 4754 2475 4810 λοιπῶν
2496 4754 2587 4806 ἐπὶ
2614 4750 2840 4815 τούτοις,
2864 4747 2954 4801 διὰ
2986 4744 3403 4817 κατηχουμένων
3429 4744 3528 4797 καὶ
3552 4743 3761 4797 πιστῶν

2194 4849 2342 4904 τουτὶ
2379 4846 2562 4900 λοιπὸν
2608 4844 2708 4915 τῆς
2747 4844 2821 4907 ὡς
2861 4844 2919 4895 ἐν
2960 4839 3125 4894 είκόνι
3174 4839 3381 4910 σμικρᾷ
3428 4836 3760 4909 μυριάνδρου

2205 4938 2523 5009 Ἐκκλησίας
2555 4933 2876 5005 ἀφομοίωμα
2918 4929 3184 5002 φερούσης
3214 4925 3696 4999 ἀναπληρούντων.

2266 5032 2336 5086 A'.
2368 5029 2521 5083 Οὕτω
2562 5023 2856 5098 παράδοξον
2882 5024 2979 5095 τὴν
3005 5021 3269 5076 τοσούτων
3302 5020 3394 5074 καὶ
3425 5020 3763 5090 τηλικούτων

2201 5120 2488 5195 μαρτύρων
2525 5118 2752 5190 ἐκλογὴν
2803 5114 3216 5187 ἐθεωρήσαμεν,
3243 5111 3362 5166 καθ’
3395 5111 3460 5182 ἣν
3514 5112 3761 5180 καίτοιγε

2197 5216 2258 5269 ού
2303 5213 2514 5276 πολλοῖς
2568 5210 2658 5264 τὸν
2708 5206 2937 5281 ἀριθμὸν
2980 5201 3149 5274 οὖσιν,
3194 5206 3341 5276 ὅμως
3372 5203 3526 5259 οὐδὲν
3572 5204 3763 5258 ἀπέδει

2197 5305 2487 5377 ταγμάτων
2531 5304 2588 5357 ἐν
2628 5299 2931 5373 ἀνθρώποις
2973 5294 3389 5370 εὑρισκομένων.
3425 5288 3531 5348 Οἷα
3569 5291 3671 5348 οὖν
3710 5296 3793 5349 ἐν’

2201 5395 2506 5468 πολυχόρδῳ
2559 5392 2700 5466 λύρᾳ
2746 5387 2806 5456 ἐξ
2864 5387 3129 5460 ἀνομοίων
3175 5383 3487 5457 συνεστώσῃ
3535 5384 3764 5457 χορδῶν,

2295 5561 2385 5633 2'7)
2421 5558 2702 5633 ἢεόδουλος
2733 5554 2897 5633 enim,
2935 5551 3029 5606 Dei
3056 5566 3231 5605 seruus
3262 5547 3678 5633 interpretatur.

2295 5564 2385 5633 27)
2421 5564 2702 5622 Θεόδουλος
2733 5564 2897 5618 cnim,
2935 5564 3029 5606 De:
3056 5566 3231 5605 seruus
3262 5564 3678 5615 interpretatur.

2273 5564 2389 5701 £28)
2451 5631 2743 5701 Praedictus
2792 5625 3221 5701 interprespro.
3263 5619 3500 5701 ἐταῖρον,
3554 5615 3768 5701 ἓτερον,

2208 5685 2406 5767 alium];
2438 5685 2494 5758 et
2518 5699 2692 5766 vertit,
2725 5712 2829 5753 non
2858 5685 3086 5750 cst-milii
3105 5685 3200 5761 ’[αε
3234 5685 3399 5743 alitef
3417 5685 3721 5755 appellare.
