3982 6346
252 425 389 482 1557
1752 445 1767 487 Α

1871 432 1949 489 Ἀ.
3321 430 3455 486 1558

248 547 437 613 ὀξειῶν
462 548 555 601 καὶ
589 549 850 623 βαρειῶν·
883 555 990 610 τῶν
1020 573 1080 610 τε
1109 557 1402 630 ἀνειμένων
1435 556 1526 608 καὶ
1564 555 1767 627 ἐπιτετο

1871 551 2021 624 ,lyra
2059 549 2384 606 chordarum
2418 548 2651 619 plurium
2691 562 2984 619 earumque
3025 547 3166 602 inter
3205 561 3265 603 se
3291 547 3454 604 dissi-

252 639 429 710 μένων
460 639 549 694 καὶ
578 642 779 710 μέσων,
808 645 1276 719 εὗδιηρμοσμένων
1304 646 1527 701 ἀπασῶν
1553 644 1711 717 τέχνῃ
1735 661 1764 696 τ

1907 641 2136 708 milium,
2182 649 2353 695 acutae
2380 649 2433 695 et
2466 653 2675 710 graves,
2709 638 2936 693 intensa:
2961 652 3026 694 ac
3050 638 3312 707 remissae,
3344 654 3455 696 me-

252 734 486 803 μουσικῇ
506 748 518 761 ·
552 733 693 788 κατά
723 734 791 789 τὰ
819 736 955 792 αὺτά
977 738 1039 811 δὴ
1071 741 1163 793 καὶ
1186 741 1278 793 ἐπὶ
1299 738 1499 791 τούτων
1526 737 1633 790 νέοι
1663 751 1764 789 κατ

1905 727 2133 797 diarque,
2180 742 2278 798 per
2317 727 2581 782 musicam
2624 734 2793 780 artem
2842 726 2979 782 belle
3006 729 3448 784 concordantur:

243 823 308 875 τὸ
334 824 465 879 αὐτὸ
491 826 585 880 καὶ
612 828 930 898 πρεσῦύται,
953 830 1125 886 δοῦλοί
1150 849 1209 886 τε
1230 830 1363 902 ὁμοῦ
1394 830 1485 884 καὶ
1508 827 1767 899 ἐλεύθεροι

1904 817 1982 873 sic
2009 826 2063 873 et
2085 819 2140 872 in
2174 818 2313 884 istis,
2334 818 2559 888 juvenes
2579 832 2701 873 cum
2736 820 2977 887 senibus,
3008 819 3146 873 servi
3171 833 3294 874 cum
3317 819 3450 875 libe-

243 913 414 985 λόγιοι
446 918 541 970 καὶ⁵
590 917 814 986 ἰδιῶται,
862 920 1036 987 ἄδοξοί
1066 940 1129 977 τε
1171 924 1312 978 κατά
1348 923 1408 976 τὸ
1438 914 1556 987 ’τοῖς
1589 921 1767 976 πολλοί

1903 910 2000 975 ris,
2049 909 2194 964 docti
2241 920 2295 964 et
2326 909 2547 975 indocti,
2606 910 2813 965 nobiles
2856 919 2909 966 et
2957 911 3251 967 secundum
3304 910 3449 981 vulgi

241 1005 433 1060 δοκοῦν
457 1009 550 1063 καὶ
570 1010 823 1080 ἐπίδοξοι,
850 1013 1028 1068 πιστοί
1056 1032 1116 1068 τε
1137 1015 1232 1070 καὶ
1257 1015 1665 1087 κατηχούμενοι,
1683 1015 1797 1085 ἅμα
1901 999 2311 1055 aestimationem
2366 1000 2650 1069 ignobiles,
2709 999 2892 1056 fideles
2946 1011 2999 1056 et
3029 1000 3464 1068 scatechumeni,‘

240 1099 335 1151 καὶ
362 1099 594 1154 διάκονοι
630 1103 726 1156 σὺν
756 1104 1158 1178 πρεσϐυτέροις,
1187 1107 1237 1160 οἱ
1269 1106 1487 1171 πάντες,
1509 1104 1581 1171 ὡς
1610 1105 1674 1159 ἂν
1706 1106 1794 1175 ὑφ’

240 1189 359 1255 ἐνὸς
390 1191 662 1263 πανσόφου
698 1197 1030 1270 μουσουργοῦ
1056 1198 1150 1252 τοῦ
1187 1197 1505 1270 μονογενοῦς
1529 1196 1622 1251 τοῦ
1659 1194 1793 1251 Θεοῦ

238 1283 412 1351 Λόγου
462 1285 717 1352 ποικίλως
758 1287 1237 1362 άνακρουσθέντες,
1267 1291 1483 1361 καὶτῆς
1517 1291 1575 1343 ὲν
1614 1288 1794 1352 αὐτοῖς

234 1372 455 1429 ἔκαστοι
482 1376 761 1448 δυνάμεως
786 1380 874 1434 διὰ
901 1382 998 1452 τῆς
1022 1381 1128 1435 τῶν
1158 1381 1398 1452 βασάνων
1419 1381 1692 1452 ὑπομονῆς
1708 1381 1793 1434 ἐν-

234 1463 537 1538 δε-ιξάμενοι
566 1468 663 1542 τὴν
706 1471 927 1543 ἀρετὴν,
959 1472 1081 1538 τούς
1116 1491 1176 1527 τε
1208 1475 1305 1545 τῆς
1332 1473 1615 1547 ὁμολογίας
1649 1473 1789 1544 λαμ-

235 1559 536 1629 προτάτους
566 1562 658 1615 καὶ
707 1563 958 1634 ἐμμελεῖς
981 1603 995 1628 ,
1029 1563 1315 1636 ἀρμονίους
1352 1583 1412 1619 τε
1452 1566 1544 1619 ml.
1574 1564 1791 1637 συμφώ-

232 1648 360 1712 νους
395 1650 487 1704 ἐπὶ
528 1652 635 1705 τῶν
675 1651 1031 1726 δικαστηρίων
1066 1655 1330 1726 φθόγγους
1374 1655 1785 1721 ἀποδεδωκότες,

230 1740 323 1810 ὑφ’
358 1741 414 1794 ἒν
443 1743 537 1797 καὶ
568 1743 732 1798 ταύτὸ
759 1746 908 1810 τέλος
936 1745 1032 1818 τὴν
1052 1747 1438 1820 εὐσεϐεστάτην
1466 1749 1559 1803 καί⁵
1592 1748 1788 1801 πάνσο-

1898 1090 2111 1146 diaconi
2139 1099 2301 1161 atque
2333 1089 2658 1161 presbyteri;
2695 1099 2948 1160 tanquam
2978 1090 3225 1161 pulsante
3247 1106 3340 1146 eos
3361 1090 3446 1144 di-

1900 1182 2204 1237 versimode
2273 1181 2674 1252 sapientissimo
2732 1183 2966 1238 musices
3030 1182 3286 1253 magistro
3346 1181 3444 1239 Dei

1898 1271 2097 1338 Verbo,
2134 1286 2286 1326 suam
2320 1273 2517 1342 singuli
2547 1288 2641 1343 per
2674 1281 3068 1328 tormentorum
3102 1272 3444 1328 tolerantiam

1898 1363 2244 1419 ostendentes
2286 1365 2561 1432 virtutem,
2608 1365 3002 1435 pulcherrimos
3033 1366 3273 1436 beneque
3309 1379 3444 1421 con-

1894 1456 2086 1511 cordes
2141 1456 2497 1511 confessionis
2556 1456 2804 1511 modulos
2852 1471 3032 1512 coram
3084 1456 3443 1512 tribunalibus

1893 1546 2288 1615 personabant;
2333 1546 2606 1601 communi
2636 1546 2867 1617 denique
2899 1548 3005 1602 ﬁne
3053 1562 3149 1619 per
3188 1562 3443 1603 consum-

1895 1637 2191 1692 mationem
2240 1639 2503 1710 martyrii,
2552 1639 2945 1710 pientissimam
2989 1640 3150 1695 simul
3192 1638 3442 1696 doctissi~

1895 1747 2153 1803 ruantque
2179 1731 2558 1787 concludeutes
2583 1731 2867 1786 melodiam
2895 1730 3006 1786 Deo
3028 1732 3269 1786 omnium
3307 1747 3440 1788 con-

230 1849 334 1902 φον
362 1834 449 1888 διὰ
479 1835 578 1907 τῆς
611 1836 702 1890 τοῦ
747 1838 1039 1910 μαρτυρίου
1074 1837 1397 1903 τελειώσεως
1416 1837 1492 1910 τῷ
1531 1837 1649 1909 Θεῷ
1679 1837 1784 1890 τῶν
1820 1904 1852 1910 _
1889 1824 2068 1878 ἀίιθτίο

226 1924 366 1979 ὅλων
396 1927 793 2000 ἀπεπλήρωσαν
818 1931 915 2002 τὴν
949 1931 1229 2002 μελῳδίαν.

301 2018 377 2071 E'.
422 2017 692 2092 Ὑπερθαυ
702 2020 890 2092 μάζειν
914 2020 1058 2087 ἀξιον
1087 2022 1288 2076 καὶτὸν
1309 2022 1535 2094 ἀριθμὸν
1560 2021 1666 2075 τῶν
1694 2022 1785 2075 ἀν-

223 2105 372 2175 δρῶν
405 2110 735 2178 προφητικὸν
763 2109 1022 2182 δηλοῦντα
1054 2110 1210 2182 χορόν
1229 2128 1243 2141 ⁸
1278 2109 1482 2164 δώδεκα
1513 2111 1621 2183 γὰρ
1648 2106 1783 2164 εἶναι

228 2197 439 2270 συνέϐη
459 2201 582 2264 τοὺς
616 2201 839 2267 πάντας,
877 2205 1106 2267 ὁπόσους
1150 2203 1488 2273 πατριάρχας
1522 2205 1614 2257 καὶ
1651 2220 1776 2276 προ-

226 2288 404 2360 φήτας
438 2293 531 2345 καὶ
574 2292 897 2357 ἀποστόλους
934 2294 1181 2362 γενέσθαι
1227 2295 1656 2367 παρειλήφαμεν.
1700 2295 1776 2348 Οὔ

224 2395 333 2451 περ
365 2381 585 2453 ἐτέρων,
618 2382 734 2435 οὐδὲ
760 2383 857 2447 τάς
889 2383 1029 2439 κατὰ
1068 2385 1229 2456 μέρος
1262 2386 1490 2439 ἑκάστου
1521 2385 1780 2458 πολυτλή-

222 2484 350 2532 τους
372 2469 638 2540 ἀνδρείας,
664 2471 803 2525 κατὰ
827 2472 933 2525 τῶν
963 2472 1206 2545 πλευρῶν
1241 2475 1432 2541 ξέσεις,
1460 2477 1552 2529 καὶ
1570 2476 1666 2540 τὰς
1692 2476 1778 2530 διὰ

220 2560 423 2632 τριχῶν
457 2563 647 2629 αίγίων
686 2563 825 2634 ὑφῆς
853 2563 991 2617 κατά
1017 2564 1123 2619 τῶν
1155 2565 1443 2631 ξεσθέντων
1469 2566 1562 2621 τοῦ
1597 2567 1779 2639 σώμα-

219 2667 313 2714 τος
355 2652 534 2725 μερῶν
572 2654 864 2726 ἐκτρίψεις,
899 2657 995 2721 τάς
1040 2674 1099 2711 τε
1128 2658 1454 2729 ἀνηκέστους
1488 2660 1785 2731 μάστιγας,

221 2742 316 2796 καὶ
362 2744 460 2809 τὰς
503 2746 869 2819 πολυτρόπους
910 2750 1004 2802 καὶ
1047 2749 1446 2823 ἐνηλλαγμένας
1491 2751 1773 2822 βασάνους,

219 2835 397 2899 δεινάς
425 2854 484 2889 τε
525 2839 619 2891 καὶ
648 2838 1109 2913 δυσκαρτερήτους
1143 2842 1492 2915 πρεὸλώσεις
1510 2884 1524 2909 ,
1552 2844 1619 2909 ἃς
1658 2846 1776 2898 ἐπι-

222 2924 572 2997 κελευομένω
612 2929 705 2982 τοῦ
741 2928 991 2985 δικαστοῦ
1022 2934 1112 2987 καὶ
1148 2935 1301 3006 χερσὶ
1341 2935 1433 2988 καὶ
1469 2936 1623 2989 ποσὶν
1652 2937 1769 2990 ἐπι-

219 3014 480 3080 τείνοντες
504 3019 552 3069 οί
586 3018 883 3091 δορυφόροι,
917 3024 980 3093 τῇ
1007 3021 1097 3094 βίᾳ
1125 3024 1531 3096 κατηνάγκαζον
1568 3026 1771 3098 πρᾶξαι

217 3121 270 3159 τι
302 3105 409 3160 τῶν
433 3109 809 3182 ἀπειρημένων
841 3114 965 3177 τοὺς
993 3115 1290 3189 μάρτυρας.

290 3286 357 3350 ς’
415 3285 478 3337 Τί
505 3287 606 3358 χρὴ
637 3287 812 3355 λέγειν
835 3287 934 3353 τάς
960 3290 1313 3361 ἀειμνήστους
1341 3293 1445 3347 τῶν
1474 3294 1770 3352 θεσπεσίων

219 3372 418 3442 φωνὰς,
451 3375 508 3428 ἐν
535 3371 621 3439 αἷς
643 3373 798 3449 ἦττον
827 3380 1237 3452 πεφροντικότες
1264 3382 1369 3435 τῶν
1401 3384 1592 3450 πόνων,
1629 3386 1770 3459 λαμ-

218 3466 339 3537 πρῷ
370 3466 461 3518 καὶ
489 3468 696 3539 φαιδρῷ
722 3470 1010 3543 προσώπῳ,
1041 3470 1137 3535 τὰς
1161 3474 1252 3528 τοῦ
1274 3474 1522 3530 δικαστοῦ
1554 3479 1769 3545 πεύσεις

216 3558 545 3628 ἀμείϐοντες,
570 3560 706 3632 πρὸς
726 3562 911 3627 αὑταῖς
932 3564 1179 3634 βασάνοις
1199 3566 1460 3634 γελῶντες
1484 3569 1764 3641 ἀνδρικῶς,

215 3650 333 3720 ἤθει
365 3669 424 3704 τε
466 3653 732 3725 σπουδαίῳ
769 3658 1275 3730 κατειρωνευόμενοι
1316 3660 1477 3714 αὐτοῦ
1506 3660 1602 3726 τὰς
1634 3665 1769 3735 ἐρω-

212 3742 395 3812 τήσεις
417 3759 431 3808 ;
474 3744 773 3816 Ἐρωμένου
801 3747 907 3819 γὰρ
927 3749 1115 3804 ὁπόθεν
1142 3745 1272 3813 εἷεν,
1305 3751 1400 3822 τὴν
1428 3754 1518 3807 ἐπὶ
1545 3756 1644 3825 γῆς
1668 3755 1766 3807 πό-

212 3832 294 3886 λιν
330 3834 556 3908 φράζειν
594 3839 876 3909 παρέντες,
905 3842 1003 3912 τὴν
1031 3840 1198 3905 ὅντως
1232 3844 1435 3896 ἑαυτῶν
1479 3846 1765 3918 ἀνεδήλουν

213 3926 464 3997 πατρίδα,
502 3928 608 3981 ἀπὸ
663 3929 1011 4001 Ἰερουσαλὴμ
1054 3933 1278 3999 ἑαυτοὺς
1324 3937 1760 4009 ἀναγορεύοντες,

210 4016 485 4085 ἐνέφαινον
515 4017 570 4071 δὲ
601 4019 707 4089 ἄρα
748 4022 885 4075 κατά
914 4023 1003 4076 τὸν
1031 4025 1208 4078 αὐτῶν
1248 4024 1369 4079 νοῦν
1401 4027 1496 4099 τὴν
1529 4030 1763 4102 ἐπουρά-

211 4120 320 4158 νιον
351 4106 441 4159 τοῦ
470 4105 624 4172 Θεοῦ,
654 4110 738 4178 ἐφ’
769 4110 833 4179 ἢν
878 4113 970 4166 καὶ
1004 4113 1256 4169 ἔσπευδον
1301 4117 1473 4183 πόλιν,
1507 4121 1599 4174 καὶ
1629 4121 1761 4176 ἀλλα

208 4194 263 4248 δὲ
292 4198 691 4268 τοιουτότροπα,
715 4197 962 4269 ἄγνωστα
986 4204 1081 4273 μὲν
1106 4207 1197 4260 καὶ
1217 4208 1491 4263 ἀσύνοπτα
1515 4213 1625 4275 τοῖς
1650 4212 1759 4267 τῶν

210 4285 368 4356 ιερῶν
409 4288 710 4357 ἀγεύστοις,
748 4292 925 4363 μόνοις
959 4294 1014 4348 δὲ
1054 4297 1237 4361 αὐτοῖς
1283 4300 1512 4364 καὶτοῖς
1555 4302 1620 4357 ἐκ
1656 4302 1759 4373 τῆς

206 4380 353 4445 θείας
381 4382 611 4447 πίστεως
637 4384 981 4457 ὡρμημένοις
1008 4384 1361 4460 άριδηλότατα
1388 4394 1718 4467 προσέφερον
1737 4412 1751 4425 ’

204 4474 288 4542 ἐφ’
326 4467 407 4536 οἷς
447 4473 503 4526 δὲ
559 4474 788 4545 μάλιστα
834 4478 863 4529 ὁ
909 4477 1166 4552 δικαστὴς
1211 4483 1606 4550 ἀγανακτικῶς,
1659 4488 1754 4541 καὶ

1957 1995 2021 2052 γ.
2075 1996 2180 2054 Sed
2214 2007 2267 2054 et
2297 1999 2728 2055 consideratione
2754 2000 3013 2072 singulari
3045 1999 3241 2070 dignus
3262 2008 3347 2054 est
3370 2000 3437 2056 il-

1885 2089 2059 2145 lorum
2106 2106 2403 2156 numerus,
2456 2092 2829 2162 propheticum
2872 2102 3261 2163 reprmsentans
3300 2094 3433 2149 cho-

1882 2198 2004 2236 rum
2033 2201 2046 2237 :
2075 2192 2230 2239 erant
2256 2185 2398 2239 enim
2431 2184 2725 2240 universim
2754 2186 3058 2254 duodecim,
3104 2195 3236 2257 quot
3264 2187 3429 2241 etiam

1882 2276 2240 2344 patriarchas,
2274 2278 2565 2348 pr0phetas
2589 2288 2752 2350 atque
2784 2279 3058 2350 apostolos
3081 2276 3252 2334 fuisse
3282 2292 3433 2334 accc-

1879 2368 2079 2436 pimus.
2132 2366 2316 2438 Neque
2360 2370 2588 2425 aliorum
2644 2386 2809 2440 quam
2871 2371 3058 2425 talium
3107 2384 3229 2425 esse
3274 2369 3428 2423 dixe-

1878 2462 1978 2516 rim
2037 2462 2171 2535 (29),
2225 2466 2307 2520 vel
2353 2466 2781 2538 uniuscujusque
2829 2481 3017 2521 eorum
3079 2464 3428 2534 multiplicem

1877 2555 2267 2625 fortitudinem,
2298 2560 2435 2614 inter
2459 2561 2725 2615 sectiones
2750 2561 3000 2626 laterum,
3026 2570 3079 2613 et
3098 2558 3423 2612 laniatorum

1875 2650 2072 2705 deinde
2099 2652 2342 2721 corporis
2377 2653 2542 2708 totius
2584 2652 2951 2707 membrorum
2993 2651 3296 2705 attritiones
3331 2663 3427 2717 per

1875 2739 2118 2796 cilicinos
2147 2756 2210 2795 ex
2242 2742 2378 2796 lanis
2419 2741 2654 2810 caprinis
2695 2755 2941 2811 pannos,
2976 2749 3030 2794 et
3066 2737 3425 2793 intolerabilia

1873 2832 2091 2885 verbera
2113 2834 2391 2902 variaque,
2414 2842 2467 2886 et
2488 2842 2814 2894 commutata
2830 2831 3115 2886 identidem
3133 2836 3424 2893 tormenta,

1873 2940 1936 2979 ac
1974 2941 2163 2995 graves
2202 2926 2733 2994 immanissimosque
2780 2925 3084 2989 cruciatus;
3114 2938 3252 2993 quos
3298 2936 3421 2975 cum

1873 3014 1939 3068 ad
1973 3015 2255 3084 imperium
2280 3015 2479 3084 judicis
2526 3015 2746 3069 lictores
2790 3012 3128 3067 intenderent
3165 3011 3421 3065 manibus

1872 3106 2225 3176 pedibusque,
2254 3107 2401 3161 omni
2425 3107 2677 3161 violentia
2714 3106 3022 3160 nitebantur
3048 3119 3237 3174 cogere
3276 3118 3422 3158 ωπ-

1872 3208 2015 3270 tyres
2046 3200 2111 3253 ad
2138 3199 2340 3269 aliquid
2367 3199 2612 3254 illicitum
2640 3198 2964 3254 faciendum.

1944 3288 2032 3344 Vl.
2061 3289 2199 3357 Quid
2244 3307 2405 3360 porro
2435 3307 2654 3347 necesse
2689 3300 2772 3345 est
2814 3291 3014 3347 referre
3043 3291 3162 3346 illas
3208 3305 3420 3362 semper

1874 3381 2253 3436 memorabiles
2287 3384 2474 3435 eorum
2508 3398 2686 3449 voces,
2717 3398 2853 3452 quas
2889 3383 3093 3437 medios
3132 3383 3274 3437 inter
3320 3382 3419 3437 do-

1868 3474 2010 3529 lores
2039 3489 2227 3529 sereno
2252 3489 2313 3529 ac
2336 3475 2456 3529 laeto
2487 3475 2637 3528 vultu
2670 3476 2940 3545 sapienter
2963 3476 3291 3545 reponebam
3334 3474 3420 3528 in-

1868 3565 2319 3636 terrogationibus
2363 3566 2584 3637 judicis,
2637 3579 2893 3636 generose
2922 3566 3146 3620 ridendo
3179 3566 3262 3620 ad
3299 3565 3418 3634 ejus

1867 3665 2167 3724 tormenta,
2222 3667 2315 3713 aut
2363 3658 2599 3730 gratioso
2647 3659 2879 3728 quodam
2937 3660 3099 3712 modo
3152 3657 3418 3712 eludendo

1866 3750 2168 3820 propositas
2217 3752 2284 3805 ab
2322 3766 2386 3804 eo
2446 3747 2808 3820 quaestiones?
2854 3748 3225 3818 lnterrogante
3267 3749 3413 3803 enim

1864 3844 1975 3903 illo,
2006 3842 2271 3897 undenaut
2302 3852 2517 3910 essent;
2552 3857 2650 3913 pro
2675 3856 2741 3897 eo
2764 3842 2907 3912 quod
2935 3840 3003 3897 de
3032 3850 3241 3895 terrena
3273 3841 3412 3896 civi-

1862 3948 1969 3993 tate
1981 3939 2385 4007 responderent,
2404 3953 2583 3993 veram
2599 3938 2646 3993 ei
2665 3914 2815 3993 suam
2837 3936 3144 3991 iudicabant
3160 3935 3408 4005 patriam,

1860 4031 1929 4084 ab
1977 4029 2311 4085 Hierusalem
2351 4044 2408 4084 se
2444 4044 2563 4085 esse
2609 4028 2997 4100 praedicantes;
3044 4024 3412 4096 intelligeban:

1861 4134 2038 4178 autem
2068 4123 2343 4178 cmlestem
2370 4121 2515 4176 illam
2551 4120 2667 4185 Dei,
2701 4135 2811 4191 quo
2848 4119 3193 4185 festinabant,
3219 4118 3412 4172 civita-

1859 4227 2002 4283 tem;
2036 4227 2088 4272 et
2113 4219 2217 4273 alia
2242 4218 2508 4288 ejusmodi
2533 4216 2681 4271 varia
2709 4214 2977 4277 dicebant,
3007 4210 3298 4281 inexpertis
3320 4225 3407 4265 sa-

1856 4325 2069 4365 crarum
2097 4326 2276 4365 rerum
2302 4326 2410 4365 non
2437 4307 2813 4378 iutelligibilia,
2837 4314 2889 4360 et
2916 4304 3046 4360 solis
3066 4302 3260 4357 divinae
3281 4300 3404 4355 fidei

1855 4402 2197 4459 consortibus
2229 4401 2512 4457 manifesta
2538 4421 2551 4457 :
2582 4400 2780 4471 quibus
2800 4398 2965 4469 judex
2995 4394 3167 4467 magis
3185 4407 3405 4448 exacer-

1854 4495 2030 4562 batus,
2063 4495 2349 4564 animoque
2390 4505 2645 4558 aestuans,
2676 4505 2850 4561 neque
2879 4488 3008 4559 quid
3045 4493 3225 4559 ageret
3253 4498 3403 4539 com-
3435 4508 3456 4530 ο

206 4564 347 4633 μάλα
386 4564 615 4636 ὀργίλως
644 4567 946 4636 σφαδάζων,
988 4571 1080 4625 καὶ
1111 4572 1200 4625 τὸν
1232 4573 1483 4646 λογισμὸν
1521 4577 1753 4649 ἀπορού-

1871 4587 2093 4653 )ει’ἰεηε,
2126 4602 2193 4640 ne
2237 4586 2342 4641 illis
2389 4586 2627 4649 cederet,
2661 4595 3016 4653 quascunque
3063 4576 3404 4647 excogitabat

205 4672 361 4723 μενος
391 4657 666 4724 ποικίλως,
695 4659 770 4723 ὼς
795 4658 860 4713 ἂν
889 4660 961 4733 μὴ
989 4664 1264 4735 ἡττηθείη,
1290 4665 1389 4730 τὰς
1424 4669 1541 4721 κατ’
1573 4669 1750 4724 αὐτῶν

199 4745 404 4799 ἐπενόει
442 4750 715 4818 μηχανάςο
753 4750 982 4807 κᾶπειτα
1008 4754 1186 4809 πεσὼν
1218 4756 1316 4827 τῆς
1342 4757 1571 4824 ἐλπίδος,
1600 4760 1749 4826 τέλος

198 4834 411 4906 ἑκάστῳ
438 4838 505 4891 τὰ
539 4840 636 4911 τῆς
681 4842 835 4913 νίκης
868 4844 1232 4917 ἀποφέρεσθαι
1268 4848 1570 4922 παρεχώρει
1617 4850 1748 4922 βρα-

197 4924 336 4979 δεῖα.
386 4928 632 4994 Ποικίλος
674 4931 718 4984 δ’
744 4927 810 5003 ἦν
839 4935 1017 4988 αὐτῶν
1051 4938 1143 4990 καὶ
1173 4940 1201 4989 ὀ
1229 4939 1325 5010 τῆς
1347 4939 1598 5012 τελευτῆς
1623 4942 1746 5012 τρό-

198 5032 330 5081 ποςο
357 5018 500 5074 δυεῖν
532 5022 627 5091 μὲν
661 5023 766 5078 τῶν
804 5025 861 5078 ἐν
891 5026 1069 5093 αὐτοῖς
1101 5031 1515 5102 κατηχουμένων
1543 5032 1619 5103 τῷ
1656 5034 1744 5088 διὰ

195 5109 368 5181 πυρὸς
406 5111 735 5184 βαπτίσματι
778 5116 1192 5173 τελειωθέντων·
1233 5123 1415 5193 ἐτέρου
1448 5122 1503 5176 δὲ
1537 5123 1615 5194 τῷ
1647 5124 1742 5178 τοῦ

195 5201 460 5273 σωτηρίου
511 5203 715 5269 πάθους
767 5208 1004 5279 σχήματι
1067 5211 1479 5282 παραδοθέντος’
1530 5215 1636 5269 τῶν
1685 5217 1743 5270 δὲ

190 5292 334 5363 ἀμφὶ
359 5293 420 5347 τὸ
454 5295 695 5352 ποθεινόν
723 5316 812 5371 μοι
836 5299 1033 5373 ὄνομα,
1070 5302 1433 5361 διαλλάττουσι
1473 5307 1738 5380 βραδείοις

189 5383 629 5457 ἀναδησαμένων.

259 5476 332 5530 Z'.
362 5478 497 5531 Τάδε
522 5480 619 5550 μὲν
644 5475 735 5535 οῦν
761 5483 893 5555 φαίη
914 5485 977 5539 ἀν
996 5502 1080 5550 τις
1098 5486 1519 5563 καθολικώτερον
1541 5492 1742 5549 τούτων

1854 4678 2166 4742 machinas;
2198 4691 2261 4730 ac
2301 4674 2550 4744 denique,
2580 4674 2817 4743 dejectus
2849 4685 2943 4740 spe
2972 4667 3141 4735 omni,
3189 4665 3402 4720 unicui-

1849 4783 1956 4838 que
1980 4746 2168 4822 eorum
2196 4766 2431 4821 victoria:
2462 4764 2757 4835 assignavit
2789 4760 3054 4816 bravium.
3088 4756 3193 4812 Sed
3219 4756 3275 4811 in
3296 4755 3401 4810 hoc

1848 4859 2004 4930 quasi
2036 4859 2219 4912 varius
2248 4866 2364 4911 erat
2405 4856 2596 4910 modus
2624 4874 2637 4909 :
2666 4870 2790 4909 nam
2822 4853 3033 4908 duobus
3064 4848 3281 4920 quidem
3304 4861 3399 4902 eo-

1847 4965 1967 5002 rum
2015 4947 2193 5002 adbuc
2236 4947 2661 5011 catechumenis,
2697 4962 2829 5002 suus
2862 4960 2955 5015 per
2996 4945 3174 5014 ignem
3217 4938 3395 5009 bapti-

1846 5056 1998 5096 smus
2025 5040 2215 5110 obtigit
2240 5059 2252 5094 :
2283 5039 2436 5093 alteri
2462 5037 2712 5094 salviﬁcaa
2742 5035 3010 5106 passionis
3059 5030 3277 5103 imagini
3307 5044 3398 5085 as-

1850 5130 2103 5198 similati;
2154 5131 2332 5186 caeteri
2377 5145 2504 5185 vero
2532 5131 2626 5201 qui
2663 5144 2786 5185 cum
2825 5128 3019 5184 dilecto
3050 5140 3172 5182 meo
3209 5130 3391 5188 erant,

1846 5223 2055 5277 diversa
2092 5222 2229 5277 inter
2258 5236 2317 5276 se
2347 5219 2563 5291 praemia
2590 5219 2769 5290 partiti
2798 5228 2941 5275 sunt.

1912 5487 2024 5543 Vil.
2046 5488 2221 5559 Atque
2250 5489 2367 5545 haec
2390 5488 2589 5546 dixerit
2614 5488 2829 5560 aliquis,
2860 5487 3099 5556 ipsorum
3118 5482 3306 5538 volens
3329 5482 3386 5538 in

189 5567 553 5639 μεμνημένος,
587 5572 725 5626 κατά
774 5574 935 5647 μέρος
962 5576 1017 5629 δέ
1053 5576 1277 5633 ἕκαστον
1318 5580 1566 5647 ἐπεξιὼν,
1598 5585 1739 5638 είκό-

1873 5598 2033 5639 euere
2059 5583 2403 5651 meminisse;
2436 5583 2745 5654 singillatim
2788 5595 2914 5636 vero
2944 5594 3038 5634 eos
3063 5576 3389 5648 praedicatu-

182 5673 294 5724 τως
335 5659 402 5714 ἂν
456 5661 548 5716 τοῦ
603 5663 763 5736 χοροῦ
818 5665 909 5720 τὸν
965 5669 1346 5743 πρωτοστάτην
1397 5675 1732 5748 μακαρίσεις.

1839 5691 1953 5743 rus,
1977 5677 2100 5748 jure
2143 5677 2336 5732 merito
2363 5678 2528 5734 totius
2566 5676 2716 5733 chori
2747 5676 2935 5729 ducem
2965 5672 3018 5733 iu
3050 5669 3242 5743 primis
3271 5670 3387 5727 lau-

263 5855 373 5925 (29)
413 5855 633 5913 Videtur
672 5858 760 5916 hic
788 5860 986 5933 aliquid
1017 5862 1203 5921 deesse
1229 5865 1415 5924 Graeco
1445 5871 1613 5926 textui
1655 5872 1722 5929 ad
1760 5889 1975 5930 sensum
2010 5875 2405 5945 complendum.
