3982 6346
287 338 419 395 1541

1795 331 1997 390 ACTA.

3370 332 3394 387 1
3405 330 3510 388 διε

284 455 528 529 πολιτείᾳ
546 455 642 511 καὶ
663 458 910 531 ἀσκήσει.
944 455 1195 515 Μάλιστα
1217 456 1368 531 παρὰ
1397 444 1666 520 τοὺςκαν
1692 455 1839 528 ἡμᾶς
1870 509 1871 515 η

1949 432 2309 522 contemptum
2329 453 2511 509 seculi
2536 453 2864 519 consideres,
2892 468 2986 509 seu
3009 454 3271 509 bonorum
3298 454 3507 527 largam

283 547 544 619 διέπρεπε
578 550 643 620 τῇ
679 552 807 622 περὶ
831 551 900 606 τά
926 550 1044 606 θεία
1069 550 1223 620 λόγια
1250 549 1593 621 γνησιωτάτῃ
1622 547 1844 618 σπουδῇ,

284 638 502 710 ἀτρύτῳ
527 656 586 693 τε
623 639 660 694 ἃ.
691 641 956 713 προύθετο
988 641 1289 714 φιλοπονίᾳ,
1320 640 1413 695 καὶ
1455 642 1521 711 τῇ
1563 638 1689 709 περὶ
1724 640 1849 703 τοὺς

285 731 659 803 προσήκοντας
709 733 803 786 καὶ
842 734 1048 799 πάντας
1098 735 1225 798 τοὺς
1266 731 1413 804 αὐτῷ
1456 730 1849 801 πλησιάζοντας

284 820 549 894 ὠφελείᾳ*
578 815 640 875 οὗ
662 822 730 876 τὰ
754 823 913 879 λοιπά
943 825 1043 896 τῆς
1067 824 1266 896 ἀρετῆς
1290 821 1710 894 κατορθώματα,
1745 837 1848 891 μα-

287 912 552 985 κροτέρας
580 912 708 969 ὄντα
739 914 1060 987 διηγήσεως,
1087 915 1173 970 ἐπ’
1204 914 1336 977 ἰδίας
1357 913 1455 984 τῆς
1483 913 1577 966 τοῦ
1610 913 1729 966 κατ’
1753 912 1850 965 αύ-

283 1003 377 1059 τδν
401 1004 705 1070 ὑποθέσεως
749 1005 863 1077 βίου
902 1008 1116 1081 γραφῆς
1147 1009 1204 1062 ἐν
1236 1006 1412 1080 τρισὶν
1454 1006 1554 1077 ἤδη
1589 1003 1849 1077 πρότερον

285 1094 638 1168 ὑπομνήμασι
675 1098 1154 1171 παραδεδώκαμεν.
1206 1098 1368 1152 Ἀλλά
1399 1096 1507 1169 γὰρ
1547 1097 1634 1149 ἐπ’
1670 1097 1849 1149 ἐκεῖνα

283 1192 412 1255 τοὺς
441 1190 734 1262 φιλοτίμως
763 1192 856 1244 καὶ
892 1189 1064 1245 ταῦτα
1105 1191 1299 1245 είδέναι
1332 1189 1573 1260 ἔχοντας,
1607 1186 1851 1256 ἀναπέμ-

285 1282 504 1354 ψαντες,
535 1281 604 1335 τὰ
655 1281 749 1336 νῦν
800 1282 1051 1355 ἐχώμεθα
1082 1284 1181 1354 τῆς
1225 1281 1366 1337 κατὰ
1395 1282 1521 1344 τοὺς
1569 1279 1849 1350 μάρτυρας

285 1374 620 1438 ἀκολουθίας.
657 1374 915 1447 Δεύτερος
952 1376 1087 1447 μετὰ
1117 1375 1399 1447 Πάμφιλον
1423 1373 1515 1427 ἐπὶ
1546 1371 1635 1426 τὸν
1667 1369 1849 1439 ἀγῶνα

286 1469 507 1540 παρῄει,
544 1470 858 1544 ίεροπρεπεῖ
889 1470 1047 1540 πολιᾷ
1071 1467 1449 1538 τετιμημένος,
1482 1463 1713 1533 Οὐάλης,
1743 1462 1850 1517 τῶν

287 1548 594 1624 άπὸἈίλίας
614 1561 875 1625 διάκονος,
913 1561 1045 1630 αὐτῇ
1070 1556 1328 1630 προσόψει
1365 1555 1687 1626 σεμνότατος
1722 1569 1851 1624 πρε-

290 1649 508 1722 σϐύτης,
537 1651 645 1706 τῶν
673 1652 827 1705 θείων
873 1649 1101 1724 Γραφῶν
1127 1650 1174 1703 εί
1204 1648 1297 1702 καί
1327 1665 1409 1711 τις
1440 1646 1595 1708 ἄλλος
1623 1645 1848 1716 ἐπιστή-

291 1761 406 1815 μων
424 1761 439 1775 ·
483 1743 745 1808 τοσαύτας
775 1744 838 1812 γέ
864 1761 942 1796 τοι
974 1744 1189 1814 μνήμας
1214 1740 1389 1795 αὐτῶν
1428 1738 1847 1809 ἐνεστέρνισατο,

1950 546 2006 599 in
2054 558 2321 614 pauperes
2360 547 2749 615 erogationem,
2800 560 2897 603 seu
2944 546 3281 601 saecularium
3332 549 3508 602 hono-

1948 650 2069 691 rum
2099 634 2166 689 ad
2213 650 2354 705 quos
2390 636 2630 706 aspirare
2675 645 2887 706 poterat
2929 637 3357 706 despicientiam,
3406 652 3504 692 seu

1949 727 2179 799 denique
2227 729 2475 785 arctioris
2518 739 2570 785 et
2620 730 3008 799 philosophica:
3060 731 3342 800 cujusdam
3380 730 3508 783 vitae

1948 818 2406 875 exercitationem.
2440 818 2545 874 Sed
2593 834 2701 889 prae
2733 820 2940 875 cunctis
2982 828 3180 874 nostrae
3209 819 3381 873 aetatis
3408 818 3508 872 ho-

1949 910 2187 976 minibus
2211 910 2440 966 eminuit
2465 911 2518 965 in
2547 926 2613 965 eo
2635 912 2751 967 viro
2793 913 3231 968 ardentissimum
3266 911 3505 965 studium

1949 1018 2228 1058 sacrarum
2257 1002 2580 1071 litterarum,
2614 1004 2746 1058 etin
2776 1004 2843 1058 iis
2873 1005 3034 1060 rebus
3067 1020 3204 1074 quas
3247 1004 3348 1059 sibi
3388 1018 3509 1073 per-

1950 1095 2205 1150 ticiendas
2250 1104 2622 1165 proposuerat,
2658 1096 2928 1151 indefessa
2962 1096 3163 1152 laboris
3210 1095 3508 1151 assiduitas

1942 1201 2013 1256 .ac
2055 1186 2363 1257 diligentia;
2404 1188 2468 1242 ad
2504 1188 2618 1243 haec
2655 1187 2946 1258 singularis
2988 1186 3040 1241 in
3071 1189 3349 1257 proximos
3380 1203 3511 1242 cnn-

1948 1287 2172 1348 ctosque
2196 1278 2288 1348 qui
2316 1278 2383 1333 ad
2414 1279 2589 1348 ipsum
2621 1286 2963 1334 accesserant
2993 1279 3365 1335 beneﬁcentia.
3393 1279 3504 1334 Hu-

1943 1369 2034 1439 jus
2069 1369 2168 1423 viri
2217 1369 2451 1439 reliquas
2495 1369 2720 1425 virtutes
2753 1386 2946 1440 resque
2990 1372 3248 1440 praeclare
3279 1381 3465 1441 gestas
3489 1413 3508 1439 ,

1948 1478 2068 1532 quae
2095 1462 2442 1531 prolixiorem
2483 1463 2783 1517 orationem
2814 1463 3141 1528 desiderant,
3184 1463 3509 1533 jampridem

1950 1570 2049 1608 nos
2079 1555 2130 1607 in
2180 1554 2434 1623 peculiari
2479 1568 2641 1623 opere
2670 1553 2813 1623 quod
2845 1554 2911 1608 de
2952 1554 3070 1622 ejus
3114 1555 3225 1608 vita
3267 1555 3512 1609 conscri-

1950 1646 2179 1713 psimus,
2210 1645 2382 1698 tribus
2406 1645 2558 1698 libris
2586 1644 2851 1713 complexi
2886 1659 3077 1698 sumus
3106 1663 3118 1697 :
3153 1644 3198 1699 si
3226 1645 3318 1714 qui
3348 1647 3513 1716 igitur

1951 1731 2145 1786 harum
2188 1748 2369 1786 rerum
2405 1732 2906 1801 cognoscendarum
2940 1732 3193 1801 cupidine
3218 1741 3505 1796 tenentur,

288 1836 363 1897 ὡς
405 1836 479 1905 μὴ
512 1836 679 1889 ἐνδεῖν
711 1836 807 1906 τῆς
859 1835 966 1888 άπὸ
1004 1832 1343 1905 γραμμάτων
1390 1830 1680 1897 ἐντεύξεως
1701 1868 1716 1892 ,
1750 1828 1849 1899 τῆς

1952 1842 2047 1881 cos
2080 1826 2206 1881 illuc
2241 1826 2563 1880 amandasse
2590 1825 2847 1890 contenti,
2883 1825 2940 1879 in
2964 1826 3375 1895 praesentiarum
3406 1840 3515 1881 cce-

288 1922 343 1975 el’
366 1940 491 1977 ποτε
517 1925 905 1999 λάϐοιΓραφῆς
928 1925 1019 1989 οὒς
1038 1925 1081 1978 δ’
1105 1922 1196 1979 οὖν
1217 1922 1688 1995 ἀπομνημονεῦσαι
1713 1918 1849 1981 διεξ-

1950 1930 2097 1990 ptam
2133 1920 2197 1973 de
2228 1918 2553 1989 martyribus
2582 1919 2783 1973 nostris
2816 1918 3182 1973 narrationem
3216 1932 3511 1987 proseque-

283 2014 455 2079 ὁδους.
497 2016 688 2088 Τρίτος
734 2020 762 2071 ὁ
818 2016 1275 2088 θερμουργότατος
1327 2015 1419 2069 καὶ
1458 2013 1533 2085 τῷ
1579 2012 1847 2083 πνεύματι

1950 2025 2092 2064 tnur.
2142 2007 2422 2063 Secundus
2468 2016 2590 2077 post
2638 2006 2979 2077 Pamphilum
3020 2007 3074 2061 in
3102 2017 3374 2063 certamen
3414 2006 3511 2061 de-

282 2104 443 2171 ζέων,
470 2107 578 2160 άπὸ
602 2108 701 2178 τῆς
751 2106 1031 2179 Ἰαμνιτῶν
1057 2107 1282 2170 πόλεως,
1315 2106 1373 2159 ὃν
1405 2106 1585 2167 αὐτοῖς
1620 2103 1845 2175 ἐγνωρί-

1952 2101 2160 2156 scendit
2198 2099 2355 2156 Elite
2380 2100 2530 2154 urbis
2571 2099 2854 2165 diaconus,
2896 2097 3116 2165 Valens,
3148 2106 3378 2168 augusta
3419 2112 3515 2151 ca-

286 2194 409 2259 ζετο
440 2197 669 2262 Παῦλος,
701 2200 806 2269 πρὸ
838 2197 929 2251 τοῦ
962 2196 1254 2270 μαρτυρίου
1285 2198 1371 2250 διὰ
1401 2198 1685 2268 καυτήρων
1714 2194 1847 2246 ὑπο-

1951 2189 2081 2244 nitie
2096 2190 2442 2260 conspicuus,
2471 2189 2695 2259 ipsoque
2718 2197 2939 2258 aspectu
2966 2189 3288 2243 venerabilis
3317 2203 3507 2254 senex,

289 2287 457 2357 μονῆς
487 2288 577 2342 τὸν
601 2288 699 2359 τῆς
732 2288 1016 2358 ὁμολογίας
1046 2287 1335 2358 διαθλήσας
1368 2287 1572 2355 ἀγῶνα.

1951 2282 2045 2351 qui
2065 2281 2275 2336 divinas
2299 2278 2607 2350 Scripturas
2628 2294 2739 2349 prae
2761 2280 2969 2335 caeteris
2991 2281 3205 2351 egregie
3239 2280 3468 2335 callebat
3491 2296 3506 2341 ;

284 2393 382 2434 eas
430 2381 573 2436 enim
621 2398 793 2453 usque
837 2383 969 2438 adeo
1008 2382 1150 2438 ﬁdeli
1195 2383 1455 2438 memoria
1514 2378 1987 2450 complectebatur,
2040 2387 2099 2432 ut
2143 2378 2278 2432 nihil
2327 2377 2549 2430 omnino
2592 2376 2893 2442 interesset,
2951 2390 3019 2430 an
3065 2392 3131 2431 ex
3157 2376 3340 2432 codice
3390 2379 3513 2445 ipso

288 2471 508 2541 legeret,
545 2480 618 2526 ait
660 2472 946 2541 cujuslibet
994 2472 1288 2543 Scripturae
1330 2473 1566 2543 integras
1613 2471 1838 2541 paginas
1895 2468 2163 2524 recitaret.
2227 2466 2441 2522 Tertius
2491 2468 2630 2521 inter
2683 2483 2777 2522 eos
2817 2468 3008 2522 claruit
3048 2466 3267 2530 Paulus,
3306 2466 3514 2522 lamni-

293 2570 471 2617 tarum
502 2565 697 2635 oppido
727 2567 1018 2633 oriundus,
1052 2567 1135 2621 vir
1178 2568 1233 2622 in
1280 2568 1487 2638 agendo
1541 2565 1780 2622 fervidus
1830 2573 1886 2620 et
1940 2563 2133 2619 ardore
2181 2564 2405 2634 spiritus
2450 2565 2659 2634 plenus,
2694 2563 2787 2633 qui
2841 2574 2965 2617 ante
3015 2564 3329 2635 martyrium
3380 2578 3514 2617 cau-

283 2654 466 2713 dentis
498 2656 625 2712 ferri
656 2658 894 2716 nstiones
934 2676 1244 2732 perpessus,
1292 2660 1652 2717 confessionis
1684 2673 1942 2716 coronam
1976 2648 2255 2715 retulerat.

1845 2808 1918 2819 ...-

1500 2954 1501 2961 η
1590 2896 1788 2957 PARS
1850 2893 2195 2957 ALTERA.

1098 3013 1410 3070 Sanctorum
1460 3017 1789 3087 singulorum
1818 3016 2129 3081 certamina,
2167 3024 2214 3068 et
2245 3013 2489 3083 martyrii
2512 3014 2704 3070 exitus.

358 3126 438 3183 8'.
464 3127 683 3193 Τούτοις
706 3128 798 3183 ἐπὶ
819 3128 918 3200 τῆς
940 3129 1160 3201 εἱρκτῆς
1179 3131 1321 3186 δυεῖν
1349 3134 1488 3188 ἐτοῖν
1520 3134 1724 3205 χρόνων
1754 3150 1851 3188 κα-

2021 3132 2113 3186 IX.
2163 3132 2300 3187 Cum
2337 3132 2649 3203 praalaudati
2694 3145 2805 3187 tres
2837 3133 3009 3188 sancti
3057 3132 3329 3189 biennium
3370 3135 3519 3207 egis-

287 3221 713 3295 τατριϐομένοις,
749 3223 1004 3288 ὑπόθεσις
1048 3223 1141 3277 τοῦ
1181 3226 1476 3297 μαρτυρίου
1510 3227 1722 3295 ἐγένετο
1753 3228 1849 3280 Ai-

1953 3224 2153 3279 sentin
2194 3224 2586 3295 carcere'(33),
2626 3224 2843 3279 occasio
2886 3228 3127 3297 martyrii
3168 3227 3346 3282 oblata
3381 3228 3517 3297 ipsis

288 3314 532 3383 γυπτίων
564 3311 764 3383 ἄφιξις,
804 3312 910 3367 τῶν
948 3313 1043 3367 σὺν
1075 3315 1256 3379 αὐτοῖς
1290 3314 1678 3370 τελειωθέντων
1699 3356 1714 3380 ,
1758 3316 1851 3382 οὒς

1951 3324 2032 3371 εει
2051 3330 2145 3385 per
2166 3330 2282 3382 eos,
2310 3316 2403 3386 qui
2429 3316 2591 3370 etiam
2630 3332 2752 3370 cum
2783 3317 2889 3373 illis
2911 3328 3151 3373 extremo
3183 3319 3357 3375 aﬁ‘ecti
3384 3335 3514 3392 sup-

287 3406 431 3462 κατὰ
457 3408 552 3477 τὴν
599 3405 847 3467 Κιλικίαν
894 3399 1037 3460 οὗτοι
1083 3409 1589 3480 καταπονουμένους
1640 3413 1697 3464 ἐν
1740 3412 1852 3475 τοῖς

293 3499 594 3571 μετάλλοις,
625 3499 784 3571 μέχρι
821 3499 927 3555 τῶν
960 3500 1137 3555 τόπων
1172 3501 1611 3573 καταστήσαντες
1640 3502 1731 3555 ἐπὶ
1753 3500 1852 3574 τὴν

286 3592 496 3647 οἰκείαν
522 3590 925 3661 ἐπαλινρστουψ
964 3592 1056 3646 καὶ
1086 3592 1148 3664 δὴ
1184 3593 1317 3664 πρὸς
1347 3596 1463 3657 ταῖς
1495 3593 1719 3657 εἰσόδοις
1746 3593 1852 3648 τῶν

290 3684 430 3739 κατὰ
452 3683 784 3755 Καισάρειαν
815 3682 1017 3747 πυλῶν,
1041 3683 1185 3749 τίνες
1212 3679 1319 3737 εἷεν
1349 3686 1440 3738 καὶ
1470 3683 1631 3739 πόθεν
1657 3685 1850 3755 ἀφικό-

294 3791 464 3845 μενοι,
500 3773 633 3845 πρὸς
666 3760 772 3826 τῖὀν
807 3772 1058 3842 φυλάκων
1084 3772 1464 3845 ἐρωτηθέντες,
1491 3774 1585 3828 καὶ
1610 3773 1773 3844 μηδὲν
1801 3772 1848 3826 τ’

291 3864 523 3937 ἀληθοῦς
562 3863 992 3936 ἀποκρύψαντες,
1028 3864 1343 3936 Χριστιανοὶ
1387 3865 1445 3919 δὲ
1488 3865 1685 3935 φάντες
1724 3867 1849 3918 ἐαυ-

288 3959 436 4021 τοὺς,
467 3948 782 4026 κακούργων
814 3955 999 4027 τρόπῳ
1025 3955 1111 4006 ἐπ’
1156 3955 1303 4026 αὐτῷ
1329 3956 1497 4030 φώρῳ
1543 3955 1850 4028 ληφθέντων

291 4046 799 4117 καταλαμϐάνοντοε
842 4046 1003 4098 πέντε
1036 4044 1091 4097 δὲ
1118 4041 1255 4116 ἦσαν
1282 4047 1374 4100 τὸν
1409 4046 1655 4118 ἀριθμόν.
1692 4049 1754 4101 Οἱ
1794 4048 1851 4101 δὲ

295 4131 687 4205 προσαχθέντες
710 4131 786 4203 τῷ
817 4132 1055 4205 ἄρχοντι,
1090 4133 1225 4185 κάπὶ
1252 4134 1436 4188 τούτου
1467 4137 1849 4207 παρρησιασά-

297 4241 465 4294 μενοι,
485 4222 699 4294 δεσμοῖς
719 4223 817 4293 μὲν
836 4221 1029 4276 αὐτίκα
1054 4223 1448 4294 παραδίδονται.
1475 4227 1552 4297 Τῇ
1576 4227 1849 4300 ὑστεραίᾳ,

292 4316 574 4388 Περιττίου
620 4314 781 4387 μηνὸς
813 4314 1202 4388 ἑκκαιδεκάτῃ,
1253 4316 1393 4370 κατὰ
1446 4318 1747 4389 Ῥωμαίους
1795 4320 1851 4373 δὲ

291 4410 358 4479 τῇ
389 4406 492 4479 πρὸ
516 4405 927 4478 δεκατεσσάρων
960 4406 1247 4461 Καλάνδων
1273 4409 1546 4479 Μαρτίων,
1566 4410 1762 4473 αὐτοὺς
1787 4411 1850 4483 δὴ

292 4496 532 4562 τούτους,
585 4497 681 4550 σὺν
732 4500 844 4560 τοῖς
889 4498 1028 4567 ἀμφὶ
1068 4498 1158 4551 τὸν
1188 4498 1485 4569 Πάμφιλον,
1536 4501 1613 4571 τῷ
1656 4503 1848 4573 Φιρμι-

293 4586 459 4659 λιανῷ
505 4587 883 4660 προσάγουσιν.
931 4589 989 4643 Ὀ
1036 4587 1091 4641 δὲ
1128 4589 1233 4642 τῶν
1284 4590 1586 4658 Αἰγυπτίων
1624 4595 1848 4646 ἀπεπει-

294 4678 426 4750 ρᾶτο
456 4677 649 4748 μόνων,
680 4677 784 4749 πρὸ
812 4679 916 4731 τῶν
952 4677 1192 4748 βασάνων
1218 4679 1411 4731 εἴδεσιν
1440 4682 1707 4745 παντοίοις
1736 4681 1850 4734 δια-

293 4767 583 4838 γυμνάςων
625 4770 749 4833 τοὺς
784 4768 1011 4840 ἄνδραςο
1040 4769 1129 4822 τὸν
1165 4770 1262 4840 μὲν
1300 4765 1391 4824 οῦν
1424 4774 1722 4844 προήγορον
1756 4775 1850 4826 αὑ-

293 4858 402 4913 τῶν
450 4860 507 4912 ὲν
561 4859 710 4931 μέσῳ
749 4850 1001 4928 ἀγαγὼν,
1053 4859 1104 4912 τί
1159 4860 1244 4931 εἴη
1298 4862 1391 4915 καὶ
1438 4860 1596 4915 πόθεν
1642 4863 1845 4934 ἠρώτα.

368 5034 480 5116 ('53)
512 5032 790 5103 Ecgrapha
830 5040 1016 5116 nostra
1033 5032 1263 5116 .M.edicei
1299 5050 1424 5100 ms.,
1454 5034 1547 5089 ἐπὶ
1574 5035 1673 5158 τῇς
1700 5036 1851 5117 Κρὴ-

368 5122 416 5158 ς.
445 5120 501 5157 m
527 5102 704 5158 Creta.
735 5120 887 5158 (tuas:
916 5112 1002 5158 Isti
1033 5104 1105 5158 tht
1134 5103 1468 5158 exsulassent
1499 5123 1511 5158 :
1547 5121 1605 5158 se
1680 5120 1849 5158 corri-

293 5102 416 5174 της,
445 5106 501 5157 in
527 5102 704 5167 Creta,
735 5104 887 5174 quasi
916 5103 1002 5159 isti
1033 5104 1105 5158 ibi
1134 5103 1468 5159 exsulassent
1499 5123 1511 5158 :
1547 5102 1641 5160 sed
1680 5102 1849 5162 corri-

299 5183 501 5245 guntur
529 5189 596 5228 ex
630 5189 732 5229 ms.
768 5173 1073 5242 Lipomani,
1120 5182 1282 5244 atque
1320 5175 1551 5245 ipsumet
1576 5175 1811 5230 Eusebio
1833 5215 1847 5240 ,

301 5247 427 5328 haec
464 5244 925 5328 in‘compendium
963 5245 1349 5311 coutrahente,
1392 5253 1447 5300 et
1481 5244 1579 5315 τῆς
1631 5245 1851 5318 εἱρκτῆς

298 5316 587 5377 scribente.
1570 5376 1573 5379 ,
1687 5316 1697 5318 ⁷

370 5384 484 5456 (δέ)
525 5384 752 5456 Additur
780 5383 848 5456 in
870 5382 1034 5456 ῌὲειη
1060 5382 1411 5456 ὁμολογητάς,
1438 5385 1777 5456 confessores.

371 5452 486 5524 (35)
518 5455 747 5510 Additur
780 5452 1245 5538 ibidept,.perind_e‘
1268 5452 1329 5507 ac
1356 5452 1556 5538 priores
1601 5456 1685 5537 illi
1720 5472 1849 5527 quos

298 5521 886 5595 supra—commemoravi
919 5521 1147 5597 (scilicet
1181 5521 1415 5594 Egyptii
1454 5525 1566 5588 alii,
1596 5526 1688 5595 qui
1729 5521 1849 5595 cap.

302 5596 372 5649 10
400 5597 782 5661 narrabantur,
824 5610 915 5649 xix
962 5593 1087 5648 Kal.
1120 5592 1413 5647 Ianuarias
1461 5596 1849 5663 comprehensi)

302 5664 597 5734 professos,
639 5682 694 5720 se
719 5670 787 5718 ad
817 5666 1108 5719 ministeria
1146 5664 1524 5733 confessoribus
1567 5666 1621 5718 in
1660 5664 1852 5719 Cilicia

301 5736 599 5792 constitutis
642 5736 930 5791 exhibenda
975 5736 1241 5806 proﬁcisci
1285 5752 1297 5788 :
1332 5749 1562 5804 quorum
1609 5735 1699 5790 alii
1729 5736 1852 5805 qui-

1949 3406 2112 3477 plicio
2137 3405 2377 3472 fuerunt,
2408 3405 2710 3478 Egyptios.
2743 3407 2808 3462 lli
2833 3424 2863 3463 a
2890 3408 3079 3465 Cilicia
3106 3412 3517 3467 revertebantur

1950 3497 2194 3565 domum,
2226 3506 2512 3569 postquam
2557 3499 2684 3553 illuc
2722 3515 2894 3569 usque
2919 3500 3260 3556 deduxerunt
3297 3502 3362 3556 ad
3396 3518 3514 3556 me-

1951 3588 2077 3642 talla
2105 3588 2390 3643 damnatos
2417 3588 2562 3660 (54);
2595 3598 2755 3659 atque
2793 3590 2858 3645 ad
2901 3590 3203 3661 ingressum
3234 3602 3512 3662 portarum

1950 3677 2210 3736 Caesarea:
2239 3681 2554 3753 interrogati
2608 3680 2722 3750 (55)
2752 3681 2846 3751 qui
2879 3690 3063 3738 essent
3110 3692 3165 3738 et
3194 3684 3334 3739 unde
3362 3687 3514 3740 veni—

1949 3779 2105 3836 rent,
2139 3786 2263 3826 cum
2315 3786 2488 3843 neque
2523 3771 2641 3841 ejus
2682 3773 2826 3842 quod
2861 3784 2979 3828 erat
3011 3774 3311 3844 quidquam
3349 3776 3516 3833 dissi-

1951 3863 2240 3929 mularent,
2272 3878 2436 3932 seque
2463 3861 2802 3918 Christianos
2846 3878 2970 3918 esse
2998 3864 3405 3933 proﬁterentur;
3430 3867 3515 3921 in-

1951 3959 2065 4006 star
2090 3951 2456 4006 maleﬁcorum
2499 3951 2616 4021 ipso
2647 3952 2700 4005 in
2732 3951 2975 4008 facinore
3016 3953 3473 4023 deprehensorum
3493 3996 3510 4020 ,

1951 4040 2167 4095 fuerant
2207 4042 2606 4112 comprehensi,
2644 4057 2875 4097 numero
2904 4043 3187 4113 quinque:
3223 4044 3287 4099 ad
3324 4046 3515 4113 praesi-

1951 4133 2070 4188 dem
2103 4142 2281 4187 autem
2314 4134 2551 4201 adducti,
2578 4134 2873 4204 eademque
2895 4135 3089 4190 ﬁducia
3116 4135 3220 4202 usi,
3251 4138 3515 4191 continuo

1951 4223 2006 4278 in
2034 4224 2248 4279 vincula
2280 4225 2392 4279 dati
2439 4234 2611 4280 erant.
2661 4224 2929 4280 Postridie
2957 4240 3112 4293 vero,
3144 4225 3238 4296 qui
3288 4227 3354 4280 16
3395 4226 3512 4281 dies

1951 4327 2067 4373 erat
2089 4318 2290 4374 mensis
2312 4317 2543 4382 Perittii,
2570 4319 2670 4373 hoc
2694 4327 2775 4373 cst
2795 4318 2949 4388 juxta
2976 4317 3251 4373 Romanos
3271 4319 3385 4373 dies
3411 4336 3505 4374 xw

1952 4416 2079 4464 ante
2116 4408 2388 4464 Kalendas
2422 4408 2663 4475 Martias,
2698 4410 2860 4463 iidem
2908 4410 3069 4463 simul
3116 4425 3237 4463 cum
3270 4409 3377 4465 illis
3417 4410 3511 4480 qui

1882 4474 1924 4530 θ
1952 4500 2236 4571 Pamphilo
2268 4500 2513 4565 aderant,
2546 4474 2861 4555 Firmiliano
2897 4500 3241 4556 exhibentur.
3283 4499 3385 4567 Qui
3418 4474 3510 4555 so.

1954 4594 2038 4648 los
2082 4591 2365 4663 Egyptios
2400 4592 2685 4646 tentandos
2737 4592 2839 4645 sibi
2879 4607 3100 4646 sumens
3132 4591 3280 4647 omni
3314 4607 3512 4662 genere

1955 4691 2383 4746 tormentorum,
2439 4682 2632 4736 nudari
2684 4683 2831 4736 viros
2867 4682 3058 4752 jussit;
3107 4682 3320 4749 deinde,
3373 4698 3500 4738 eum

1953 4772 2047 4842 qui
2095 4772 2399 4841 praecipuus
2443 4772 2581 4825 inter
2630 4787 2818 4825 omnes
2862 4772 3145 4825 videbatur
3182 4773 3237 4826 in
3271 4773 3510 4828 medium

1956 4864 2254 4930 adducens,
2305 4863 2430 4933 quis
2463 4872 2609 4918 esset
2653 4874 2706 4917 et
2757 4864 2918 4929 unde,
2970 4863 3358 4934 interrogabat.
3411 4864 3509 4918 llic

1954 5039 2099 5099 dem,
2137 5037 2317 5091 eadem
2361 5054 2465 5107 qua
2508 5036 2590 5090 illi
2616 5035 2804 5107 quibus
2834 5037 3191 5091 ministraturi
3227 5045 3506 5107 venerant,

1954 5124 2101 5178 paena
2130 5106 2537 5169 damnatisunt,
2568 5106 2730 5161 oculis
2753 5124 2814 5160 ac
2842 5107 3057 5177 pedibus
3082 5108 3293 5161 inutiles
3318 5106 3507 5178 redditi

1957 5176 2087 5248 (uno
2120 5178 2325 5248 scilicet
2371 5178 2530 5231 oculo
2559 5186 2730 5248 erute,
2771 5176 2847 5232 et
2871 5179 3047 5248 cruris
3077 5179 3242 5248 unius
3284 5176 3510 5248 succisis

1955 5246 2190 5317 nervis);
2225 5257 2326 5300 tres
2357 5263 2472 5301 vero
2500 5262 2563 5301 ea:
2591 5247 2740 5316 ipsis,
2770 5248 2825 5300 in
2854 5248 2977 5302 urbe
3002 5246 3279 5317 Ascalone,
3314 5247 3369 5317 in
3402 5262 3510 5317 qua
3622 5270 3625 5273 π

1956 5318 2113 5371 vincti
2141 5314 2466 5380 tenebantur,
2495 5314 2617 5369 cum
2644 5317 3012 5370 admirabilem
3042 5316 3205 5368 animi
3236 5314 3507 5382 fortitudi-

1957 5403 2073 5457 nem
2117 5387 2480 5457 ostendissent,
2516 5386 2718 5457 diverso
2749 5386 2987 5457 martyrii
3026 5386 3174 5457 exitu
3199 5382 3504 5457 occubuere.

1959 5455 2156 5525 Quippe
2181 5472 2313 5510 unus
2337 5456 2574 5519 illarum,
2602 5453 2731 5511 Ares
2757 5453 2978 5518 nomine,
3006 5454 3233 5525 ﬂammis
3266 5469 3505 5525 consum.

1956 5522 2075 5596 plus
2096 5522 2168 5580 est
2189 5542 2206 5591 ;
2243 5525 2455 5596 reliquis
2480 5527 2705 5592 duobus,
2729 5542 2947 5595 quorum
2975 5522 3107 5596 unus
3122 5522 3346 5596 Probus,
3373 5523 3508 5576 alter

1960 5592 2110 5651 Elias
2159 5592 2463 5661 vocabatur,
2495 5605 2649 5665 caput
2681 5592 2855 5665 gladio
2897 5594 3194 5653 priecisum.
3241 5592 3393 5643 (ἴοιμι
3422 5605 3429 5611 '
3463 5636 3473 5644 .
3500 5614 3505 5620 ·

1959 5674 2137 5719 autem
2181 5666 2232 5719 hi
2265 5682 2293 5719 a
2324 5666 2524 5721 Graecis
2556 5668 2620 5719 l9
2654 5665 2779 5720 Dect

1957 5746 2081 5806 post
2103 5738 2636 5807 comprehensionem
2667 5752 2796 5805 sum;
