3982 6346
515 389 655 447 ibi?)

1668 373 1725 429 S.
1768 367 2091 426 PAMPHILI
2127 362 2488 424 MARTYRIS

3596 349 3733 406 ιειιι

521 521 645 564 cum
680 503 801 560 loco
831 498 1032 571 proprii
1059 494 1297 552 nominis
1329 491 1709 565 propheticum
1738 490 1944 561 aliquid
1971 489 2072 560 ipsi

2192 490 2382 551 Ὀστις,
2430 481 2551 540 ἀντὶ
2590 480 2684 536 τοῦ
2732 479 2917 552 κυρίου
2962 474 3240 548 ὀνόματος,
3296 471 3636 546 προφητικόν
3682 487 3736 523 τι

521 599 832 660 indicasset.
861 595 1001 649 idem
1032 601 1087 647 et
1117 592 1208 646 alii
1240 593 1483 647 fecerunt
1507 602 1606 658 pro
1633 585 1949 642 nominibus
1974 583 2077 640 sibi

523 692 580 747 in
610 694 783 762 patria
813 686 1018 742 inditis.

598 867 663 923 X.
694 867 867 921 Ellam
898 880 1026 936 ergo
1056 873 1110 920 et
1133 859 1441 923 Jeremiam,
1469 856 1661 913 Isaiam
1690 865 1745 911 et
1773 852 2074 910 Samuelem

526 970 687 1030 atque
716 958 988 1013 Danielem
1035 970 1156 1010 sese
1182 956 1331 1022 ipsos
1364 949 1634 1019 appellare
1676 948 1906 1002 audiens
1942 958 2078 1014 prae-

527 1066 616 1106 ses
656 1048 758 1109 (sic
803 1050 944 1103 enim
978 1046 1253 1116 placuerat
1292 1042 1399 1097 illis
1430 1048 1704 1097 ostentare
1743 1052 1904 1107 quem
1935 1036 2081 1090 intus

528 1142 768 1196 abditum
807 1139 1060 1209 gerebant
1086 1137 1329 1191 animum
1360 1133 1472 1189 veri
1492 1131 1665 1187 Judaei
1691 1145 1756 1186 ac
1780 1127 2071 1193 Israelita,

528 1250 637 1290 non
672 1233 847 1287 solum
885 1229 1160 1299 operibus,
1188 1227 1282 1283 sed
1306 1225 1467 1281 etiam
1496 1221 1776 1280 vocabulis
1798 1221 1909 1292 (56)
1938 1220 2082 1295 clare

531 1326 793 1398 prolatis),
824 1325 939 1393 ipse
966 1321 1182 1391 quidem
1209 1322 1458 1373 virtutem
1492 1316 1728 1372 nominis
1750 1314 1854 1371 sibi
1879 1329 1908 1369 a
1939 1328 2085 1367 mar-

528 1430 646 1492 tyre
676 1415 897 1471 indicati
935 1430 1042 1469 non
1078 1412 1369 1477 intellexit;
1411 1409 1503 1465 sed
1539 1423 1699 1477 porro
1732 1408 1966 1477 perrexit
1996 1407 2083 1460 in-

530 1524 825 1579 terrogare,
865 1521 985 1577 qum
1024 1505 1125 1573 ipsi
1160 1512 1304 1559 esset
1339 1502 1547 1572 patria:
1582 1509 1785 1571 martyr
1816 1514 1963 1561 vero,
1986 1515 2082 1554 eo-

529 1601 652 1656 dem
686 1597 1004 1667 compendio
1031 1610 1182 1658 usus,
1211 1594 1433 1647 alteram
1464 1592 1871 1653 emisitvocem,
1901 1590 2084 1645 dicens

529 1685 830 1741 Jerusalem
852 1684 953 1739 sibi
977 1685 1201 1753 patriam
1233 1697 1372 1747 esse,
1396 1697 1515 1736 eam
1542 1681 1747 1736 scilicet
1784 1679 2084 1749 intelligens

531 1779 599 1832 de
624 1793 730 1848 qua
759 1776 960 1831 Paulus
988 1776 1096 1830 ait‘
1125 1793 1138 1828 :
1171 1772 1301 1839 Quae
1319 1789 1527 1827 sursum
1553 1782 1627 1826 est
1657 1769 1972 1834 Jerusalem,
2015 1769 2083 1823 li-

2179 578 2355 651 ἐαυτῷ
2375 577 2656 650 προσῆπτε
2674 592 2688 606 ο
2712 574 2871 629 τοῦτο
2894 574 2954 628 δέ
2978 573 3074 627 καὶ
3104 570 3235 644 πρὸς
3261 567 3369 622 τῶν
3393 562 3600 618 λοιπῶν
3625 563 3736 632 ἐγί-

2180 689 2333 743 γνετο
2357 668 2473 725 άντὶ⁹
2511 667 2611 738 τῆς
2652 663 2917 737 πατρόθεν
2948 663 3130 724 αὐτοῖς
3161 656 3504 727 ἐπιτεθείσης
3531 655 3736 707 ἐπωνυ-

2226 780 2328 826 ιας.

2181 782 2328 905 μιῗῗ.
2356 848 2536 904 Ἠλίαν
2572 849 2625 917 γ’
2655 840 2748 901 οὖν
2794 844 2888 898 καὶ
2941 840 3225 913 Ἰερεμίαν,
3273 835 3505 890 Ἡσαΐαν
3549 849 3613 884 τε
3648 832 3733 884 καὶ

2178 940 2428 1012 Σαμουὴλ
2454 938 2547 993 καὶ
2574 936 2770 1007 Δανιὴλ
2798 932 3033 995 ἀκούσας
3064 930 3129 985 διν
3160 927 3337 984 αὐτῶν
3364 923 3594 986 ἑαυτοὺς
3622 922 3733 975 ὀνο-

2182 1033 2479 1105 μαζόντων,
2513 1031 2604 1085 καὶ⁵
2634 1029 2724 1083 τὸν
2756 1028 2814 1081 ἐν
2845 1022 3070 1097 κρυπτῷ
3118 1020 3363 1075 Ἰουδαῖον
3395 1016 3491 1071 καὶ⁷
3521 1015 3735 1085 γνήσιον

2190 1111 2525 1197 Ἰἆραηλίτην
2552 1121 2727 1183 αὐτοῖς
2756 1119 2936 1188 ἔργοις
2965 1116 3026 1170 οὐ
3051 1114 3226 1186 μόνον,
3253 1109 3389 1165 ἀλλὰ
3415 1109 3512 1163 καὶ
3537 1107 3736 1197 φωναῖς

2178 1191 2381 1286 κυρίως
2406 1191 2795 1284 ὲκῲερομέναις
2826 1202 3272 1275 ἐνδεικνυμένων
3304 1198 3543 1253 τοιοῦτον
3572 1191 3671 1250 οὖν
3688 1212 3738 1249 τι

2182 1305 2315 1376 πρὸς
2341 1303 2435 1357 τοῦ
2467 1306 2736 1375 μάρτυρος
2765 1297 3070 1360 ἐπακούσας
3099 1296 3127 1347 ὁ
3170 1292 3421 1362 δικαστὴς
3460 1290 3657 1358 δνομα,
3680 1288 3736 1341 οὗ

2186 1395 2288 1467 μὴν
2326 1397 2389 1465 τῇ
2417 1393 2509 1446 τοῦ
2560 1393 2795 1463 ῥήματος
2827 1388 3123 1458 ἐπιστήσας
3167 1382 3421 1453 δυνάμει,
3472 1378 3737 1450 δεύτερον,

2181 1488 2297 1550 ἥτις
2322 1482 2483 1539 αὑτοῦ
2515 1481 2705 1552 πατρὶς
2732 1479 2816 1550 εἴη
2847 1476 3049 1551 ἠρώτα.
3094 1476 3152 1528 '0
3190 1474 3245 1528 δὲ
3276 1470 3477 1542 συνοδῷ
3508 1473 3577 1542 τῇ
3616 1486 3741 1541 προ-

2180 1578 2313 1649 τέρᾳ
2341 1575 2595 1646 δευτέραν
2636 1572 2824 1644 ἀφίησι
2863 1572 3066 1642 φωνὴν,
3107 1566 3461 1641 Ἰερουσαλὴμ
3492 1560 3638 1617 εἷναι
3662 1562 3744 1615 λέ-

2182 1686 2291 1738 γων
2312 1667 2406 1738 τὴν
2441 1665 2630 1719 ἐαυτοῦ
2656 1663 2906 1737 πατρίδα,
2930 1663 3142 1731 ἐκείνην
3168 1661 3302 1731 δῆτα
3332 1657 3491 1719 νοῶν,
3523 1655 3655 1726 περὶ
3679 1649 3743 1724 ἧς

2183 1762 2393 1832 εἴρηται
2425 1757 2652 1827 Παύλῳ·
2685 1756 2753 1811 Ἡ
2782 1754 2847 1808 δὲ
2877 1755 2997 1808 ἄνω
3038 1748 3429 1821 Ἰερσυσαλὴμ
3462 1744 3743 1813 ἐλευθέρα

532 1869 655 1924 bera
678 1878 775 1935 est,
802 1884 917 1933 qua:
936 1876 1011 1922 est
1036 1878 1204 1921 mater
1224 1877 1440 1931 nostra;
1466 1876 1519 1919 et
1542 1864 1670 1919 alibi
1694 1866 1715 1897 ³
1744 1882 1758 1918 ι
1783 1863 2087 1917 Accessistis

2192 1850 2374 1914 ἐστὶν,
2408 1850 2539 1917 ἣτις
2571 1847 2702 1901 ἐστί
2735 1844 2930 1916 μήτηρ
2963 1842 3161 1913 ἡμῶν·
3206 1840 3330 1895 καίο
3361 1834 3745 1907 11906811116-

532 1964 601 2019 ad
635 1962 764 2018 Sion
802 1970 1027 2014 montem
1049 1969 1099 2014 et
1124 1960 1381 2014 civitatem
1408 1957 1505 2012 Dei
1534 1957 1765 2021 viventis,
1790 1955 2082 2010 Jerusalem

533 2055 808 2110 caelestem.
835 2051 984 2107 Talia
1006 2052 1168 2121 igitur
1188 2051 1458 2122 cogitabat
1490 2058 1693 2121 martyr
1719 2065 1732 2101 :
1770 2050 1862 2104 sed
1892 2063 2088 2119 praeses

534 2156 769 2203 mentem
803 2156 958 2201 terrae
986 2145 1197 2199 allixam
1227 2144 1433 2198 habens
1455 2185 1469 2208 ,
1500 2158 1618 2212 quae
1648 2143 1738 2196 illa
1767 2151 1912 2197 esset
1932 2139 2089 2194 Jeru-

535 2240 723 2306 salem,
744 2247 798 2294 et
827 2236 916 2292 ubi
956 2246 1219 2291 terrarum
1255 2236 1357 2291 sita
1387 2235 1495 2306 (57)
1522 2235 1818 2290 studiosius
1844 2233 2089 2303 require-

534 2330 665 2398 bat;
697 2329 830 2399 quin
866 2336 920 2382 et
957 2337 1226 2382 tormenta
1255 2326 1593 2392 admovebat,
1639 2334 1700 2381 ut
1732 2325 1875 2396 quod
1901 2339 2086 2378 verum

536 2432 680 2479 esset
716 2420 994 2477 fateretur.
1039 2420 1144 2475 Sed
1175 2422 1319 2475 enim
1353 2430 1554 2491 martyr
1602 2435 1796 2474 manus
1833 2426 1955 2490 post
1983 2426 2090 2472 ter—

537 2531 663 2585 gum
688 2523 937 2577 retortas,
962 2514 1231 2584 pedesque
1252 2512 1574 2582 quibusdam
1600 2512 1861 2567 machinis
1881 2512 2092 2565 luxatos

540 2606 766 2671 habens,
814 2621 1000 2659 verum
1032 2621 1091 2660 se
1132 2605 1336 2660 dixisse
1376 2604 1678 2659 aﬂirmavit.
1723 2603 1969 2671 Cumque
2010 2603 2092 2655 ni-

538 2699 834 2755 hilominus
866 2700 1058 2753 iterum
1090 2706 1252 2766 atque
1284 2697 1479 2751 iterum
1507 2694 1949 2767 interrogaretur,
1973 2710 2093 2764 quae

537 2802 592 2847 et
622 2792 712 2846 ubi
742 2792 845 2846 sita
872 2800 1014 2846 esset
1036 2804 1101 2843 ea
1126 2804 1286 2859 quam
1314 2787 1526 2843 dicebat
1547 2788 1739 2845 civitas
1759 2786 2089 2852 Jerusalem;

538 2883 710 2937 solam
743 2882 882 2935 hanc
908 2881 1335 2936 Christianorum
1368 2881 1598 2949 patriam
1634 2893 1756 2934 esse
1795 2877 2090 2946 respondit,

540 2986 703 3047 atque
733 2976 854 3029 illos
887 2975 1031 3028 solos
1054 2989 1150 3028 nec
1176 2974 1312 3027 alios
1335 2972 1472 3026 ullos
1507 2973 1559 3025 in
1598 2986 1662 3026 ea
1691 2970 1929 3034 versari;
1959 2983 2094 3023 con-

540 3067 733 3121 sistere
761 3080 890 3120 vero
916 3066 983 3120 ad
1013 3065 1299 3126 orientem,
1323 3064 1481 3132 juxta
1508 3063 1681 3116 lucem
1716 3070 1875 3131 atque
1904 3060 2092 3125 solem,

542 3159 608 3213 Et
631 3160 717 3213 hic
741 3159 956 3229 quidem
991 3173 1178 3211 rursus
1199 3158 1353 3227 juxta
1380 3154 1653 3225 proprium
1684 3169 1843 3210 suum
1874 3168 2092 3208 sensum

431 3260 437 3266 ‘
543 3249 1043 3318 philosopliabatur,
1075 3248 1208 3301 nihil
1238 3256 1604 3302 commutatus
1632 3247 1697 3301 iis
1724 3261 1847 3316 qua:
1870 3246 2093 3302 circum-

544 3340 756 3394 stabant
780 3340 1084 3405 tormentis,
1115 3340 1209 3394 sed
1237 3339 1381 3393 velut
1403 3339 1754 3410 incorporeus
1791 3354 1861 3394 ne
1894 3340 2095 3395 sentire

543 3432 761 3502 quidem
799 3432 1082 3487 videbatur
1116 3431 1346 3487 dolores.
1389 3431 1560 3487 Judex
1592 3448 1720 3488 vero
1747 3433 2094 3503 angustiaba-

546 3534 655 3588 tur,
705 3535 855 3579 ratus
904 3523 1243 3579 Christianos
1293 3525 1479 3579 urbem
1528 3524 1787 3588 aliquam,
1837 3521 2098 3579 Romana:

542 3616 790 3672 aemulam
815 3626 868 3671 ct
888 3616 1181 3681 inimicam,
1205 3617 1303 3672 sibi
1328 3615 1590 3681 condere;
1618 3616 1925 3685 multusque
1951 3617 2003 3668 in
2032 3632 2097 3671 eo

542 3718 659 3763 erat
686 3716 745 3762 ut
768 3708 1167 3779 percunctando
1191 3709 1440 3773 disceret,
1464 3716 1518 3762 et
1548 3709 1719 3778 ipsam
1745 3718 1798 3762 et
1824 3708 2095 3775 regionem

544 3802 857 3856 orientalem
905 3816 1026 3871 quae
1071 3800 1174 3855 sibi
1221 3800 1597 3855 indicabantur
1643 3801 1734 3855 ubi
1773 3809 1973 3855 essent.
2005 3796 2100 3852 Vi-

543 3893 676 3949 dens
719 3902 897 3948 tamen
943 3893 1008 3947 ad
1042 3893 1264 3948 verbera
1303 3894 1474 3964 magis
1515 3892 1675 3947 etiam
1705 3890 2097 3945 immutabilem

544 4003 761 4043 manere
786 3988 1060 4058 juvenem,
1090 3996 1144 4042 et
1172 3986 1226 4039 in
1252 3986 1525 4056 prioribus
1556 3983 1830 4054 responsis
1858 3997 2101 4052 perseve—

544 4093 687 4144 rare,
724 4080 1003 4147 capitalem
1035 4078 1248 4133 tandem
1281 4084 1467 4132 contra
1498 4090 1621 4130 eum
1661 4074 1852 4129 mortis
1884 4082 2100 4128 senten-

546 4171 675 4223 tiam
705 4170 1089 4241 pronuntiavit.

613 4260 703 4316 XI.
756 4261 821 4315 Et
842 4277 928 4317 res
957 4261 1172 4332 quidem
1198 4259 1423 4327 hujusce
1446 4258 1698 4329 martyris
1724 4257 1909 4321 talem,
1938 4255 2099 4310 veluti

543 4356 827 4426 cujusdam
875 4355 1155 4419 dramatis,
1216 4354 1422 4408 exitum
1487 4352 1824 4417 habuerunt;
1880 4359 2100 4406 cmteros

543 4446 738 4501 deinde
760 4444 1063 4517 IEgyptios,
1098 4459 1219 4498 cum
1243 4444 1309 4496 ad
1334 4442 1690 4497 diversimoda
1709 4455 1923 4511 quoque
1941 4455 2102 4507 expe-

547 4540 774 4593 rimenta
798 4539 1074 4600 nudasset,
1096 4536 1342 4591 eumdem
1373 4535 1425 4588 in
1452 4535 1668 4588 modum
1700 4534 1936 4602 agitavit.
1961 4532 2097 4586 Tum
2132 4559 2173 4612 ο

546 4630 614 4682 ad
645 4627 909 4699 Pamphili
936 4629 1149 4684 sodales
1174 4638 1565 4697 transgressus,
1602 4626 1790 4680 didicit
1814 4626 1957 4696 quod
1989 4624 2099 4694 jam

549 4720 756 4787 pridem
778 4721 943 4776 variis
969 4730 1152 4776 essent
1178 4719 1508 4775 cruciatibus
1546 4718 1756 4773 tentati.
1800 4718 1978 4784 Quare
2010 4733 2102 4772 sn-

548 4826 938 4881 pervacaneum
994 4821 1146 4868 ratus
1194 4812 1381 4867 iisdem
1433 4810 1826 4880 quaestionibus
1856 4809 2103 4864 homines

548 4902 834 4972 subjicere,
864 4918 1028 4973 seque
1060 4904 1258 4959 frustra
1292 4905 1345 4959 in
1376 4903 1441 4959 iis
1474 4904 1881 4968 lahoraturum;
1923 4902 2101 4957 solum

552 4992 917 5063 interrogavit,
947 5009 1015 5047 an
1044 4994 1127 5049 vel
1156 5009 1300 5048 nunc
1338 4993 1648 5064 persuaderi
1692 4993 1795 5048 sibi
1841 4993 2097 5045 sinerent.

547 5083 788 5139 Audiens
829 5098 958 5138 vero
1003 5099 1069 5139 ex
1124 5085 1348 5155 singulis
1393 5094 1688 5139 extremam
1743 5081 2101 5138 confessionis

621 5201 638 5232 ¹
668 5198 847 5254 Galat.
872 5213 945 5265 iv,
968 5197 1056 5252 26.
1134 5200 1154 5230 ⁸
1183 5198 1316 5254 lleb.
1342 5215 1434 5266 xu,
1462 5198 1552 5252 9.2.

622 5333 734 5401 (56)
787 5332 986 5391 ibidem
1021 5336 1127 5390 alia
1169 5335 1327 5390 datur
1368 5334 1506 5388 ratio
1542 5341 1872 5387 mutatorum
1927 5330 2101 5386 nomi-

551 5418 702 5476 num,
728 5405 865 5476 quod
890 5406 1098 5461 scilicet
1116 5406 1338 5476 propria
1353 5404 1535 5474 forsan
1553 5403 1889 5457 idololatrica
1910 5410 2097 5476 essent,

552 5493 582 5529 ιι
610 5472 865 5530 falsorum
890 5472 1126 5531 deorum
1141 5472 1451 5529 nominibus
1474 5483 1710 5543 sumpta,
1736 5482 1796 5527 ut
1820 5482 1947 5543 sunt
1970 5472 2100 5543 Dio-

551 5547 750 5614 nysius,
779 5546 1086 5613 Bacchides,
1133 5546 1431 5608 Athenaeus,
1478 5540 1691 5614 aliaque
1735 5542 1950 5597 similia.
1982 5540 2099 5598 Non

553 5624 731 5693 tamen
757 5633 821 5670 ex
856 5617 955 5671 hac
983 5617 1198 5671 Eusebii
1233 5615 1563 5693 cpnjectura,
1599 5614 1771 5693 multo
1810 5614 1989 5693 minus
2033 5629 2099 5667 ex

553 5684 658 5764 isto
687 5685 878 5764 horum
909 5697 1226 5764 martyrum_
1248 5684 1412 5764 fama,
1460 5694 1604 5739 recte
1637 5686 1925 5764 quisquam
1958 5684 2101 5738 intu-

552 5752 705 5824 lerit,
754 5756 808 5810 in
854 5752 1121 5823 frequenti
1168 5757 1595 5812 Christianorum
1650 5752 1950 5824 primorum
1995 5769 2096 5824 usu

553 5823 743 5891 fuisse,
792 5826 1008 5896 gentilia
1057 5828 1277 5883 nomina
1308 5823 2016 5899 baptizandiscommutare
2041 5823 2097 5877 in

2186 1948 2323 1999 θατε
2362 1942 2511 1997 Σιὼν
2538 1940 2677 2009 ὄρει,
2711 1938 2809 1992 καὶ
2847 1939 3018 1991 πόλει
3066 1935 3213 1989 Θεοῦ
3258 1932 3490 1998 ζῶντος,
3533 1932 3745 1998 Ἰερου-

2185 2031 2392 2100 σαλὴμ
2422 2028 2773 2097 ἐπουρανίῳ.
2815 2026 2924 2080 Καὶ
2960 2027 2989 2078 ὁ
3028 2024 3125 2095 μὲν
3167 2020 3370 2092 ταύτην
3408 2019 3582 2072 ἐνόει·
3618 2020 3649 2070 ὁ
3690 2016 3744 2071 δὲ

2187 2124 2278 2177 ἐπὶ
2308 2120 2473 2192 χθόνα
2520 2120 2615 2173 καὶ
2660 2120 2835 2189 χαμαὶ
2887 2115 3048 2189 ῥίψας
3087 2113 3185 2183 τὴν
3219 2110 3465 2172 διάνοιαν,
3512 2110 3603 2171 τίς
3661 2107 3742 2178 εἰη

2188 2214 2324 2283 αὑτὴ
2351 2211 2446 2265 καί¹
2492 2208 2596 2262 ὑπὸ
2641 2210 2743 2279 γῆς
2793 2206 2950 2270 ποίας
2991 2203 3239 2274 κειμένη,
3274 2199 3501 2272 ἀκριϐῶς
3541 2196 3744 2250 ἐπολυο

2191 2302 2513 2374 πραγμόνει,
2545 2300 2639 2353 καὶ
2666 2298 2798 2369 δῆτα
2840 2298 2933 2351 καὶ
2963 2295 3225 2367 βασάνους
3258 2292 3452 2362 ἐπῆγεν
3491 2289 3565 2351 ὡς
3598 2288 3666 2342 ἂν
3694 2287 3744 2341 τ’

2190 2394 2384 2466 ἀληθὲς
2410 2392 2718 2464 ὁμολογοίη.
2768 2390 2825 2444 '0
2860 2390 2917 2443 δέ
2945 2385 3360 2459 στρεϐλούμενος
3406 2382 3629 2436 κατόπιν
3676 2379 3746 2432 τὰ

2189 2488 2335 2557 χεῖρε
2380 2486 2473 2537 καὶ
2504 2485 2614 2537 τοῖν
2651 2482 2829 2536 ποδοῖν
2875 2479 3170 2551 μαγγάνοις
3212 2477 3324 2529 τισὶ
3361 2473 3744 2543 διακλώμενος.

2191 2576 2465 2648 εἰρηκέναι
2490 2576 2537 2629 τ’
2561 2574 2753 2646 ἀληθὲς
2781 2570 3153 2644 διῖσχυρίζετο.
3195 2566 3327 2623 Εἶτα
3373 2563 3440 2620 αὖ
3469 2565 3632 2619 πάλιν
3654 2564 3748 2617 καὶ

2191 2668 2447 2732 πολλάκις
2496 2658 2913 2736 πυνθανομένου,
2955 2663 3037 2728 τίς
3077 2662 3161 2734 εἴη
3196 2659 3289 2716 κα)⁸
3338 2661 3429 2712 ποῖ
3456 2656 3743 2727 κειμένηή

2192 2760 2441 2833 λεχθεῖσα
2469 2760 2621 2822 πόλις
2666 2756 3033 2832 Ἰερουσαλὴμ,
3067 2755 3231 2825 μόνην
3268 2753 3441 2823 αὐτὴν
3471 2745 3613 2803 εἶναι
3648 2748 3746 2802 τῶν

2193 2850 2525 2910 Χριστιανῶν
2571 2849 2802 2920 πατρίδα
2844 2846 3026 2915 ἐλεγέ,
3091 2845 3164 2916 μὴ
3203 2844 3311 2914 γὰρ
3352 2842 3447 2894 καὶ
3473 2842 3679 2910 ἑτέρως
3714 2836 3747 2907 ἦ

2194 2942 2400 3005 τούτοις
2431 2941 2607 3012 μόνοις
2633 2939 2802 3008 αὐτῆς
2817 2940 3076 3009 μετεῖναι,
3101 2933 3313 2988 κεῖσθαι
3332 2932 3388 2985 δὲ
3415 2931 3555 3002 πρὸς
3574 2929 3752 2981 ἀνατο-

2194 3031 2333 3097 λαῖς,
2364 3034 2455 3087 καὶ
2488 3032 2624 3104 πρὸς
2652 3029 2798 3101 αὑτῷ
2827 3028 2964 3098 φωτὶ
2992 3026 3084 3080 καὶ
3112 3027 3265 3097 ἡλίῳ.
3306 3024 3363 3076 '0
3398 3023 3499 3094 μὲν
3531 3021 3626 3075 καὶ
3655 3020 3753 3073 πά-

2195 3128 2278 3182 λιν
2305 3128 2393 3181 διὰ
2416 3126 2616 3181 τούτων
2641 3124 2780 3180 κατὰ
2805 3125 2894 3178 τὸν
2917 3125 3111 3176 οἰκεῖον
3134 3121 3255 3177 νοῦν
3283 3117 3621 3188 ἐφιλοσόφειο
3652 3115 3753 3170 τῶν

2196 3221 2253 3273 ἐν
2282 3217 2463 3290 κύκλῳ
2502 3217 2752 3289 βασάνοις
2784 3216 2942 3269 αὑτὸν
2970 3212 3322 3284 αἰκιζομένων
3349 3211 3471 3265 οὐδὲ
3502 3212 3751 3280 ἐπιστρε-

2196 3311 2453 3381 φόμενος·
2488 3309 2674 3380 ὥσπερ
2702 3308 2758 3362 δέ
2782 3325 2863 3372 τις
2899 3308 3133 3379 ἄσαρκος
3164 3305 3257 3358 καὶ
3289 3302 3602 3373 ἀσώματος,
3640 3300 3754 3355 οὐδὲ

2196 3400 2615 3457 ἐπαισθάνεσθαι
2644 3399 2815 3453 ἐδόκει
2836 3398 2941 3451 τῶν
2970 3396 3292 3468 ἀλγηδόνων.
3330 3395 3387 3446 Ὀ
3415 3394 3472 3446 δὲ
3498 3393 3753 3462 δικαστὴς

2196 3488 2565 3565 ἀπορούμενος
2604 3490 2919 3560 ἐσφάδαζεν,
2966 3487 3162 3560 ἐχθράν
3195 3488 3289 3540 καὶ
3330 3486 3625 3556 Ῥωμαίοις
3656 3501 3752 3537 πο·

2196 3586 2253 3639 λε
2261 3586 2387 3657 μίαν
2412 3585 2550 3654 τάχα
2572 3599 2673 3636 που
2696 3579 3060 3653 συστήσασθαι
3081 3579 3289 3640 ἑαυτοῖς
3320 3577 3471 3629 πόλιν
3502 3577 3757 3649 Χριστια-

2197 3679 2319 3741 νοὺς
2346 3676 2586 3748 οἰόμενος
2605 3693 2618 3705 ·
2651 3673 2819 3737 πολύς
2849 3689 2908 3726 τε
2945 3668 3013 3743 ἦν
3059 3670 3401 3741 ἐπικείμενος
3436 3671 3561 3730 ταῖς
3593 3665 3755 3737 βασά-

2198 3785 2327 3831 νοις,
2368 3768 2461 3821 καὶ
2498 3764 2796 3837 ἀνερευνῶν
2828 3763 2925 3835 τὴν
2964 3761 3291 3835 δηλωθεῖσαν
3323 3760 3503 3824 πόλιν,
3548 3759 3649 3829 τήν
3696 3773 3751 3810 τε

2199 3861 2338 3914 κατὰ
2374 3858 2632 3922 ἀνατολάς
2674 3856 2939 3921 ἐξετάζων
2985 3854 3197 3927 χώραν’
3235 3853 3309 3916 ὼς
3341 3853 3400 3906 δὲ
3442 3851 3538 3905 ἐπὶ
3581 3850 3751 3903 πλεῖον

2202 3952 2416 4022 μάστιξι
2456 3950 2544 4004 τὸν
2578 3949 2790 4002 νεανίαν
2827 3946 3151 4017 καταξήνας,
3195 3943 3613 4016 ἀπαράλλακτον
3653 3940 3751 3994 τῶν

2200 4045 2476 4119 προτέρων
2503 4042 2648 4114 αὐτῷ
2679 4040 2947 4115 ῥηθέντων
2972 4038 3140 4110 ἐώρα,
3160 4036 3256 4108 τὴν
3280 4037 3374 4089 ἐπὶ
3398 4034 3614 4104 θανάτῳ
3640 4031 3751 4086 κατ’

2200 4135 2361 4190 αὐτοῦ
2396 4135 2693 4207 κεφαλικὴν
2722 4132 2940 4203 ἐκφέρει
2967 4130 3162 4201 ψῆφον.

2269 4230 2372 4282 IA'.
2403 4226 2515 4281 Καὶ
2541 4226 2608 4279 τά
2640 4226 2734 4296 μὲν
2758 4223 2897 4278 κατὰ
2921 4222 3128 4285 τοῦτον,
3149 4219 3401 4289 τοιαύτην
3428 4218 3613 4288 εἴληφε
3637 4215 3753 4283 δραι

2205 4319 2556 4394 ματουργίαν,
2587 4317 2681 4370 καὶ
2702 4317 2826 4379 τοὺς
2846 4314 3062 4377 λοιποὺς
3090 4313 3145 4366 δέ
3168 4311 3273 4365 τῶν
3302 4309 3635 4378 Αἰγυπτίων,
3651 4307 3754 4366 toi;

2201 4408 2597 4485 παραπλησίοις
2643 4405 3010 4478 διαγυμνάσας
3055 4401 3412 4472 παλαίσμασι,
3446 4399 3539 4451 τὸν
3579 4399 3751 4467 ὅμοιον

2203 4505 2393 4571 ἐπάγει
2434 4501 2650 4572 τρόπον.
2681 4494 2815 4552 Εἶτα
2854 4500 2918 4550 ἐκ
2961 4495 3163 4550 τούτων
3194 4494 3285 4547 ἐπὶ
3323 4493 3451 4555 τοὺς
3491 4490 3635 4561 ἀμφὶ
3670 4486 3752 4540 τὸν

2203 4594 2480 4668 Πάμφιλον
2525 4591 2761 4664 μεταϐὰς
2809 4589 3198 4651 ἀνεδιδάσκετο,
3233 4585 3308 4648 ὡς
3352 4585 3462 4655 ἄρα
3499 4582 3750 4655 πρότερον

2201 4687 2300 4758 ἠδη
2335 4684 2599 4738 πλείστων
2642 4677 2747 4735 εἷεν
2781 4679 3027 4751 βασάνων
3075 4675 3531 4748 πεπειρασμένον
3565 4672 3748 4727 ἄτοπον

2199 4777 2255 4830 δὲ
2286 4773 2421 4829 εἶναι
2449 4774 2801 4844 λογισάμενος
2821 4772 2941 4833 ταῖς
2965 4769 3156 4832 αὑταῖς
3183 4767 3385 4830 αἰκίαις
3418 4761 3745 4836 περιδάλλειν

2201 4869 2324 4931 τοὺς
2362 4867 2581 4938 ἄνδρας,
2618 4863 2713 4917 καὶ
2757 4862 2959 4934 μάταια
3001 4860 3250 4937 μοχθεῖν,
3282 4856 3537 4911 τοσοῦτον
3580 4854 3744 4926 μόνον.

2201 4956 2248 5006 εί
2278 4955 2379 5008 κᾶν
2418 4953 2512 5006 νῦν
2554 4951 2913 5022 πειθαρχοῖεν,
2958 4947 3381 5002 ἀνεπυνθάνετο·
3432 4946 3668 5007 ἀκούσας
3694 4943 3745 4997 ει

2201 5047 2326 5119 παρ’
2361 5045 2587 5100 ἑκάστου
2642 5044 2741 5116 τὴν
2781 5043 3014 5115 ὑστάτην
3057 5042 3155 5114 τῆς
3204 5040 3506 5114 μαρτυρίας
3546 5037 3741 5110 φωνὴν.

2201 5335 2423 5391 nomina
2455 5331 2905 5404 patriarcharum,
2939 5329 3323 5404 prophetarum
3363 5326 3449 5382 vel
3478 5324 3743 5398 apostolo-

2200 5422 2342 5470 rum,
2374 5399 2584 5472 aliaque
2606 5419 2637 5459 e
2664 5402 2836 5458 sacris
2866 5399 3158 5472 Scripturis
3183 5399 3346 5472 petit_a

2270 5466 2391 5547 (57)_
2419 5466 2639 5547 Nempe
2651 5474 2761 5547 jam
2797 5471 2921 5526 inde
2948 5466 3249 5547 a'tempore
3276 5467 3419 5547 {Elii
3436 5466 3676 5547 Adriani,
3693 5472 3740 5547 et

2199 5538 2343 5601 anno
2354 5538 2600 5599 Christi]
2611 5538 2699 5609 79,
2728 5550 3028 5597 restaurata
3052 5538 3183 5596 urbs
3203 5538 3525 5602 Jerusalem,
3548 5543 3740 5609 mutato

2198 5616 2441 5683 nomine,
2461 5625 2599 5679 erat,
2618 5606 2981 5683 et'dicebatur
3011 5610 3176 5675 Elia,
3207 5620 3268 5666 ut
3287 5610 3625 5683 antiquatum
3648 5606 3742 5675 pri-

2199 5688 2320 5741 dem
2357 5678 2556 5740 no'men
2586 5678 2838 5753 potuerit
2882 5680 3129 5753 Romano
3168 5679 3386 5753 praesidi
3411 5678 3738 5750 peregrinum

2199 5770 2425 5826 prorsus
2454 5749 2719 5826 accidere,
2748 5752 2985 5810 maxime
3006 5754 3054 5810 si
3082 5749 3305 5809 noverat
3329 5749 3612 5823 tEgyptiOs
3632 5760 3742 5801 esse

2199 5824 2338 5897 quos
2368 5824 2752 5893 interrogabat.
