3982 6346
455 324 590 385 ιδιτ

1666 321 1723 375 S.
1765 319 2083 378 PAMPlilLl
2128 322 2483 378 MARTYRIS

3548 324 3684 379 1548

454 452 665 510 Etenim
686 450 861 522 ipsum
882 445 1165 517 Porphyrii
1191 444 1349 499 ﬁnem
1373 442 1654 513 Pamphilo
1675 445 2011 499 nuntiantem

2124 444 2336 515 κλήρου.
2379 442 2583 497 Αὐτίκα
2614 443 2665 511 γ’
2694 434 2786 496 οὖν
2820 440 3199 510 διαγγείλαντα
3232 441 3392 494 αὐτὸν
3430 438 3509 511 τῷ
3541 441 3694 509 Παμ-

451 545 617 603 simul
648 554 702 601 et
739 552 1036 615 martyrum
1072 549 1345 596 catervam
1380 539 1737 605 osculantem,
1772 554 2019 608 compre-

455 640 759 695 henderunt
795 630 1015 697 milites,
1060 641 1222 703 atque
1253 632 1319 687 ad
1364 630 1741 701 proconsulem
1781 631 2019 685 adduxe-

455 741 583 790 runt
599 731 740 802 :qui,
755 729 913 800 quasi
930 742 1094 782 morae
1122 724 1408 796 impatiens
1424 723 1598 779 donec
1613 723 1701 777 ille
1717 723 1877 779 simul
1894 737 2017 778 cum

455 825 787 897 praecedente
814 819 1117 892 Porphyrio
1164 819 1293 874 hinc
1334 817 1611 888 migraret,
1646 815 1809 887 jussit
1842 816 2017 886 ipsum

453 918 672 989 capitali
691 914 955 972 sententia
986 912 1165 982 plecti.
1189 910 1421 967 Venerat
1440 909 1530 964 hic
1559 923 1623 963 ex
1651 906 2016 978 Cappadocia,

454 1007 1251 1079 vehementerqueinclaruerot
1268 997 2018 1067 militaribusexercitiisHO),

453 1114 508 1156 et
533 1116 640 1157 non
670 1097 1013 1155 mediocriter
1036 1095 1178 1166 apud
1195 1093 1472 1148 Romanos
1491 1099 1773 1161 promotus
1804 1087 2015 1153 fuerat;

452 1193 750 1265 quinetiam
789 1200 944 1246 aetate
975 1198 1029 1244 et
1065 1187 1310 1258 corporis
1345 1186 1539 1240 robore
1563 1182 1868 1253 viriumque
1899 1195 2019 1234 ma-

450 1287 733 1359 gnitudine
771 1294 825 1340 et
865 1284 1063 1338 virtute
1090 1281 1381 1354 plerosque
1414 1277 1698 1333 hominum
1730 1273 2017 1331 antecede-

453 1380 573 1446 bat;
609 1394 734 1433 nam
758 1377 909 1432 vultu
941 1375 1057 1445 ipso
1090 1373 1381 1428 admodum
1409 1367 1717 1440 spectabilis
1746 1382 1857 1436 pra:
1883 1381 2019 1421 cun.

450 1473 581 1538 ctis,
612 1470 846 1542 speciem
879 1464 1201 1539 praeferebat
1228 1464 1590 1533 undequaque
1617 1458 2016 1531 dignissimam,

451 1564 645 1620 formae
670 1561 883 1617 eximiae
905 1558 1098 1631 gratia.
1134 1556 1333 1613 Fuerat
1362 1565 1541 1610 autem
1575 1553 1734 1607 initio
1762 1564 2019 1622 persecu-

454 1658 622 1714 tionis
642 1663 860 1727 propter
892 1652 1016 1707 ﬁdei
1050 1650 1443 1707 confessionem
1476 1645 1809 1702 certantibus
1840 1657 2016 1698 annu-

2121 537 2259 608 φίλῳ
2281 537 2342 589 τὸ
2368 535 2461 589 τοῦ
2490 535 2796 606 Πορφυρίου
2830 534 2999 598 τέλος,
3029 534 3123 586 καὶ
3148 533 3254 587 τῶν
3282 531 3578 604 μαρτύρων
3601 528 3692 587 τιν

2119 627 2290 698 δῆμον
2342 627 2400 679 ὲν
2452 625 2715 697 φιλήματι
2773 624 3179 695 ἀσπασάμενον,
3238 622 3595 685 συλλαϐόντες
3644 626 3697 676 οἱ

2123 719 2451 792 στρατιῶται
2516 718 2738 786 ἄγουσιν
2803 719 2896 771 ἐπὶ
2958 716 3048 770 τὸν
3100 715 3418 787 ἡγούμενον.
3485 716 3547 769 '0
3602 715 3694 778 δὲ,

2120 810 2307 884 ῶσπερ
2339 810 2677 864 ἐπισπεύδων
2719 809 2803 880 τῷ
2844 808 3092 880 προτέρῳ
3122 806 3283 860 αὐτὸν
3317 806 3698 877 συναπόᾶημο)

2119 901 2391 970 γενέσθαι,
2423 902 2627 972 κεφαλῇ
2659 900 2987 971 κολασθῆναι
3012 900 3354 971 προστάττει.
3391 900 3504 970 Τῆς
3535 901 3702 952 Καπ-

2120 993 2369 1047 παδοκῶν
2401 987 2555 1057 οὗτος
2582 993 2806 1064 ὡρμᾶτο
2840 992 2974 1063 γῆς’
3004 990 3361 1063 λαμπρότατα
3397 991 3455 1045 δὲ
3494 990 3605 1045 τῶν
3633 993 3696 1043 ὲν

2122 1085 2430 1156 στρατείαις
2461 1085 2841 1154 εὐδοκιμήσας,
2871 1083 2981 1137 τῶν
3014 1085 3072 1137 ἐν
3120 1085 3452 1154 Ῥωμαῖκαῖς
3492 1099 3701 1154 προκο-

2119 1179 2250 1239 παῖς
2286 1177 2348 1230 ού
2378 1179 2578 1249 μικρᾶς
2604 1176 2929 1248 ἐπείληπται
2956 1174 3143 1240 ἀξίας·
3185 1176 3248 1228 ού
3285 1174 3388 1247 μὴν
3437 1175 3575 1229 ἀλλά
3602 1175 3700 1228 καὶ

2118 1270 2255 1340 αὐτῇ
2310 1269 2496 1341 ήλικίᾳ
2546 1270 2640 1323 καὶ
2687 1268 2845 1343 ῥώμῃ
2893 1268 3163 1339 σώματος,
3217 1267 3436 1338 μεγέθει
3490 1284 3551 1320 τε
3599 1270 3699 1322 καὶ

2122 1361 2323 1432 ἰσχύος,
2346 1363 2514 1434 ἀρετῇ
2542 1362 2787 1415 πλεῖστον
2827 1362 2950 1414 ὅσον
2976 1361 3102 1424 τοὺς
3129 1361 3348 1424 λοιποὺς
3375 1360 3699 1432 ἀνθρώπως

2120 1454 2489 1520 ἐπλεονέκτει,
2523 1454 2618 1508 καὶ
2643 1453 2741 1526 τὴν
2772 1453 3035 1525 πρόσοψιν
3054 1453 3109 1506 δὲ
3146 1453 3312 1522 αὐτὴν
3333 1452 3699 1524 περίϐλεπτος

2114 1539 2183 1615 ἦν
2206 1548 2318 1609 τοῖς
2344 1547 2497 1612 πᾶσι,
2539 1547 2595 1600 τό
2623 1564 2681 1599 τε
2729 1547 2836 1599 πᾶν
2862 1540 2999 1609 εἶδος
3039 1543 3388 1613 άξιάγαστος,
3426 1544 3697 1615 μεγέθους

2118 1634 2280 1690 ἕνεκα
2307 1638 2397 1691 καὶ
2428 1637 2747 1709 εὐμορφίας·
2784 1635 3061 1708 καταρχὰς
3085 1637 3185 1707 μὲν
3215 1632 3309 1690 οὖν
3336 1636 3575 1707 διωγμοῦ
3606 1637 3697 1690 διὰ

453 1726 697 1806 meratus
738 1763 835 1820 per
869 1746 1207 1803 tolerantiam
1252 1744 1571 1809 verberum;
1629 1738 1724 1795 sed
1769 1736 2017 1792 abdicata

2125 1727 2402 1797 μαστίγων
2430 1728 2723 1799 ὑπομονῆς,
2752 1731 2863 1792 τοῖς
2888 1727 3027 1781 κατά
3050 1726 3148 1800 τὴν
3177 1727 3467 1798 ὁμολογίαν
3489 1727 3698 1799 διέπρεο

454 1844 644 1900 militia
672 1814 954 1898 aemulator
976 1839 1153 1894 factus
1175 1851 1361 1892 eorum
1385 1834 1480 1905 qui
1504 1833 1569 1888 ad
1591 1831 1842 1902 pietatem
1872 1842 2020 1883 exer—

2124 1818 2217 1889 ψεν
2250 1819 2455 1889 ἀγῶσι·
2494 1818 2632 1892 μετά
2668 1820 2725 1872 δὲ
2751 1819 2846 1891 τὴν
2886 1819 2986 1889 τῆς
3014 1819 3304 1891 στρατείας
3335 1821 3692 1890 ἀπαλλαγὴν,

454 1945 667 1998 centur,
712 1932 915 1989 Christi
961 1944 1278 2001 germanum
1319 1927 1545 1982 militem
1584 1940 1705 1980 sese
1742 1921 2013 1992 probavit;

454 2027 714 2101 orphanis
740 2024 1002 2082 desolatis
1030 2038 1096 2078 ac
1136 2021 1315 2076 viduis
1353 2028 1655 2090 protectore
1684 2014 2016 2080 carentibus,

452 2119 815 2188 omnibusque
833 2130 957 2171 cum
979 2112 1205 2185 penuria
1232 2120 1286 2166 et
1309 2108 1680 2165 imbecillitate
1706 2105 2020 2161 conﬂictan-

453 2215 620 2276 tibus,
659 2209 911 2282 provisor
947 2204 1145 2271 factus,
1185 2204 1356 2275 patris
1400 2209 1495 2257 aut
1532 2200 1799 2255 curatoris
1830 2198 1897 2253 ad
1931 2198 2017 2252 in—

455 2318 591 2371 star,
624 2314 1058 2371 cunctorumque
1097 2299 1502 2367 desperatorum
1543 2292 1820 2348 laboribus
1859 2300 2019 2361 atque

455 2398 715 2454 aerumnis
753 2394 1016 2450 medelam
1055 2390 1278 2447 ferens:
1312 2396 1640 2459 quapropter
1679 2401 1710 2440 a
1753 2382 1885 2447 Deo,
1925 2382 2017 2452 qui

455 2490 656 2545 talihus
675 2486 851 2559 magis
868 2488 1042 2555 ‘quam
1067 2482 1414 2537 victimarum
1441 2479 1632 2534 nidore
1660 2492 1725 2533 ac
1755 2475 2018 2546 sanguine

454 2584 789 2644 delectatur,
843 2574 1143 2648 martyriali
1191 2574 1340 2629 exitu
1398 2572 1595 2641 dignus
1644 2577 1728 2625 est
1775 2567 2014 2623 habitus.

452 2670 625 2726 Porro
662 2666 907 2733 decimus
938 2664 1027 2720 hic
1052 2663 1273 2728 athleta,
1299 2677 1405 2715 una
1430 2660 1727 2729 eademque
1756 2671 2018 2712 consum-

454 2763 625 2819 mavit
647 2774 875 2832 agonem
908 2772 1068 2813 suum
1092 2756 1215 2821 die;
1251 2760 1507 2825 atque,ut
1534 2766 1632 2820 par
1662 2758 1745 2805 est
1777 2747 2019 2813 credere,

454 2856 719 2929 martyrio
754 2869 856 2911 suo
882 2850 1277 2923 amplissimam
1304 2847 1428 2903 coeli
1462 2854 1675 2916 portam
1707 2859 1831 2899 cum
1866 2856 2017 2897 rese-

454 2957 652 3013 rasset,
686 2946 852 3003 simul
881 2953 935 3000 et
970 2941 1257 3012 Pamphilo
1282 2939 1385 3009 ipsi
1414 2937 1687 3008 spatiosus
1713 2935 1778 2989 ad
1812 2932 1905 2987 Dei
1933 2948 2019 2986 re-

455 3057 623 3109 gnum
652 3037 959 3111 patefactus
980 3043 1062 3091 est
1088 3034 1386 3104 ingressus.

2120 1912 2362 1984 ζηλωτὴν
2383 1912 2544 1976 αὐτὸς
2570 1911 2759 1967 ἑαυτὸν
2785 1913 3129 1984 καταστήσας
3155 1911 3263 1966 τῶν
3284 1914 3386 1983 τῆς
3415 1912 3697 1975 εὐσεϐείας
3729 1942 3738 1953 -

2118 2004 2389 2075 ἀσκητῶν,
2417 2004 2652 2075 Χριστοῦ
2680 2006 2898 2076 γνήσιος
2928 2003 3263 2076 στρατιώτης
3285 2004 3692 2058 ἀποδέδεικταιο

2118 2095 2391 2168 ὀρφανῶν,
2434 2096 2657 2167 ἐρήμων
2690 2096 2784 2149 καὶ
2821 2094 3004 2168 χηρῶν
3050 2096 3446 2167 ἀποριστάτων,
3482 2097 3595 2151 τῶν
3633 2114 3698 2151 τε

2119 2186 2175 2238 ἐν
2204 2185 2363 2258 πενία
2409 2185 2505 2238 καὶ
2552 2183 2807 2256 ἀσθενείᾳ
2846 2184 3361 2255 καταπονουμένων,
3394 2186 3697 2249 ἑπίσκοπός

2119 2295 2200 2340 τις
2251 2271 2338 2329 οἶα
2389 2276 2483 2329 καὶ
2525 2275 2851 2346 φροντιστὴς
2888 2274 3354 2346 ἐπιμελούμενος·
3395 2274 3597 2348 πατρός
3625 2292 3693 2330 τε

2119 2370 2213 2423 καὶ
2268 2369 2560 2439 κηδεμόνος
2613 2367 2768 2437 δίκην
2813 2366 2920 2420 τῶν
2970 2369 3399 2440 ἀπερριμμένων
3442 2369 3691 2423 ἁπάντων

2118 2461 2241 2525 τοὺς
2294 2460 2508 2523 πόνους,
2558 2460 2652 2513 καὶ
2702 2458 2801 2524 τὰς
2856 2459 3226 2523 κακοπαθείας
3275 2461 3690 2531 ἀνακτώμενοςο

2119 2552 2239 2606 ὅθεν
2270 2552 2513 2618 εἰκότως,
2537 2553 2671 2624 πρὸς
2693 2555 2805 2616 τοῖς
2832 2551 3089 2614 τοιούτοις
3110 2552 3174 2624 δὴ
3198 2553 3376 2624 χαίρει
3397 2552 3529 2617 Θεὸς
3559 2554 3699 2625 μᾶλ-

2117 2642 2209 2696 λον
2235 2641 2269 2713 ἥ
2298 2644 2417 2706 ταῖς
2444 2642 2531 2695 διὰ
2557 2642 2762 2696 καπνοῦ
2789 2643 2883 2696 καὶ
2909 2644 3139 2714 αἵματος
3164 2644 3398 2708 θυσίαις,
3421 2646 3523 2717 τῆς
3555 2648 3697 2701 κατά

2117 2733 2179 2786 τὸ
2233 2733 2528 2807 μαρτύριον
2585 2733 2792 2805 ἠξιώθη
2844 2733 3191 2799 τελειώσεως.
3242 2737 3479 2801 Δέκατος
3541 2732 3696 2802 οὗτος

2120 2823 2355 2898 ἀθλητὴς
2392 2827 2486 2879 σὺν
2514 2829 2625 2890 τοῖς
2652 2827 2981 2898 εἰρημένοις,
3014 2830 3113 2900 μιᾷ
3142 2829 3237 2883 καὶ
3272 2833 3336 2901 τῇ
3377 2831 3512 2902 αὐτῇ
3545 2849 3698 2885 τετε-

2120 2917 2312 2970 λείωτο
2339 2917 2541 2990 ἡμέρᾳ,
2574 2917 2693 2972 καθ’
2734 2919 2799 2990 ἢν
2834 2918 2910 2983 ὡς
2944 2919 3087 2973 έοικε
3132 2921 3398 2993 μεγίστης
3433 2923 3512 2994 τῷ
3539 2924 3698 2994 Παμ-

2121 3007 2275 3078 φίλου
2312 3008 2593 3080 μαρτυρίῳ
2621 3009 2795 3079 πύλης
2820 3010 3062 3081 οὐρανῶν
3082 3010 3496 3083 διανοιχθείσης,
3531 3015 3699 3084 εύμαο

2125 3101 2216 3173 ρὲς
2256 3100 2350 3171 ἀμ’
2378 3100 2523 3172 αὐτῷ
2554 3103 2647 3155 καὶ
2666 3101 2900 3171 ’ἄφθονος
2932 3105 2965 3174 ή
3001 3103 3100 3173 τῆς
3128 3103 3221 3157 τοῦ
3254 3105 3391 3158 Θεοῦ
3420 3104 3699 3175 βασιλείας

2048 3172 2094 3234 C
2124 3172 2369 3260 ἐγίγνετο
2395 3191 2644 3264 πάροδος.
2802 3255 2810 3263 _

525 3276 644 3332 XV.
687 3273 899 3330 Seleuci
925 3288 1055 3328 vero
1078 3269 1303 3342 vestigia
1332 3277 1552 3325 secutus
1577 3278 1660 3325 est
1682 3267 2019 3338 Theodulus,

2193 3281 2289 3334 IE'.
2326 3282 2460 3334 Κατ’
2490 3281 2633 3352 ἴχνος
2687 3281 2821 3352 δῆτα
2871 3281 2950 3352 τῷ
2983 3281 3228 3353 Σελεύκῳ
3261 3284 3571 3353 Θεόδουλος,
3610 3305 3695 3341 σε·

452 3373 580 3443 pius
612 3385 678 3425 ac
709 3365 1033 3424 venerabilis
1076 3379 1262 3427 senex,
1304 3363 1358 3418 in
1403 3362 1775 3433 proconsulari
1815 3361 2020 3418 familia

2126 3373 2256 3443 μνός
2283 3389 2368 3436 τις
2398 3374 2493 3426 καὶ
2506 3372 2761 3444 θεοσεϐὴς
2791 3373 2991 3445 παρῄει
3019 3375 3346 3447 πρεσϐύτης,
3376 3378 3481 3447 τῆς
3498 3379 3699 3449 ἡγεμο-

456 3463 634 3535 primo
660 3461 869 3516 honore
891 3457 1164 3527 dignatus,
1199 3465 1309 3510 tum
1336 3469 1548 3509 morum
1578 3453 1858 3524 aetatisque
1886 3468 2020 3524 pra:-

2126 3466 2283 3536 νικῆς
2309 3466 2550 3529 οἰκετίας
2578 3465 2799 3537 πρώτης
2837 3468 3001 3539 τιμῆς
3028 3465 3324 3538 ἠξιωμένος
3355 3470 3572 3541 τρόπων
3605 3472 3699 3526 καὶ

457 3555 738 3626 rogativa,
796 3560 913 3607 tum
972 3549 1204 3606 ﬁliorum
1267 3549 1430 3603 trium
1488 3547 2020 3620 (4i)generatione,

2124 3555 2336 3629 ήλικίας
2375 3557 2567 3610 ἕνεκα·
2615 3557 2709 3610 καὶ
2745 3557 2832 3611 διὰ
2867 3559 2926 3612 τὸ
2959 3560 3258 3631 τριγονείας
3287 3560 3449 3614 αὐτὸν
3488 3563 3698 3635 πατέρα

459 3647 697 3703 maxime
744 3659 878 3701 vero
932 3643 1022 3714 pio
1069 3640 1260 3696 aﬂectn
1317 3655 1446 3710 erga
1496 3639 1804 3709 principes,
1847 3639 2020 3709 incly-

2126 3650 2473 3715 καθεστάναι,
2517 3651 2611 3704 καλ⁵
2642 3650 2719 3703 ἔτι
2763 3650 2963 3721 μᾶλλον
2985 3651 3053 3704 δι’
3097 3653 3163 3723 ἣν
3196 3653 3367 3706 ἔσωσε
3409 3655 3539 3726 περὶ
3572 3655 3697 3717 τοὺς

459 3748 549 3792 tus
573 3755 586 3791 :
616 3736 709 3807 qui
741 3733 927 3791 eadem
954 3748 1020 3788 ac
1047 3730 1306 3787 Seleucus
1335 3729 1610 3794 iactitans,
1641 3738 1695 3785 et
1724 3739 2020 3802 martyrum

2125 3741 2423 3813 κηδεμόνας
2455 3739 2697 3795 εὔνοιαν
2727 3740 2789 3794 τὸ
2819 3741 3198 3813 παραπλήσιον
3228 3742 3292 3813 δὴ
3339 3741 3419 3814 τῷ
3449 3743 3697 3813 Σελεύκῳ

460 3830 673 3901 aliquos
713 3827 902 3883 osculo
952 3827 1308 3890 devenerans,
1359 3822 1579 3878 domino
1618 3837 1719 3877 suo
1763 3822 2020 3877 adductus

2125 3833 2217 3886 καὶ
2256 3825 2408 3896 οὗτος
2439 3831 2874 3904 διαπραξάμενος
2893 3873 2907 3895 ,
2953 3833 3046 3886 καί
3089 3850 3238 3897 τινας
3262 3833 3372 3886 τῶν
3404 3835 3696 3906 μαρτύρων

459 3922 584 3989 fuit,
634 3933 869 3990 eumque
914 3917 982 3971 ad
1028 3916 1287 3986 majorem
1334 3929 1498 3986 quam
1545 3913 1634 3968 alii
1687 3913 2020 3969 iracundiam

2124 3924 2510 3995 ἀσπασάμενος
2571 3921 2855 3993 φιλήματι,
2908 3925 3238 3994 προσάγεται
3291 3923 3371 3995 τῷ
3423 3925 3693 4000 δεσπότῃ,

458 4012 763 4078 concitans,
807 4012 979 4080 ipsam
1028 4007 1282 4063 salutaris
1321 4004 1682 4062 confessionis
1717 4005 2020 4075 passionem

2130 4014 2328 4085 μᾶλλον
2367 4014 2555 4068 ἑαυτὸν
2589 4015 2714 4086 (la.
2735 4014 2791 4068 δὲ
2818 4014 3018 4087 αὐτόν)
3053 4014 3163 4070 τῶν
3202 4015 3375 4070 ἄλλων
3405 4017 3494 4069 ἐπ’
3528 4017 3695 4088 ὀργὴν

464 4105 674 4176 excepit
707 4102 856 4159 cruci
889 4099 1146 4156 traditus.

535 4285 673 4340 XVI.
713 4283 831 4340 Sub
870 4284 1006 4346 haec.
1048 4260 1176 4337 cum
1224 4281 1523 4336 etiamnum
1567 4279 1822 4336 deﬁceret
1859 4295 2022 4343 unus,

466 4375 637 4432 adfuit
673 4375 767 4445 qui
806 4372 1199 4429 duodenarium
1237 4386 1526 4426 numerum
1571 4370 1817 4441 impleret
1856 4368 2026 4424 Julia-

2127 4102 2349 4168 ὀξύνας,
2424 4102 2617 4157 ταυτὸν
2677 4102 2774 4157 τοῦ
2839 4105 3103 4175 σωτηρίου
3167 4105 3467 4177 μαρτυρίου
3525 4105 3694 4172 πάθος

2132 4192 2351 4267 σταυρῷ
2383 4192 2710 4265 παραδοθεὶς
2738 4192 3044 4259 ἀνεδέξατο.

2195 4285 2279 4351 1C,-
2279 4290 2312 4340 '.
2360 4284 2481 4337 Ἐπὶ
2510 4282 2718 4347 τούτοις
2747 4284 2863 4348 ἑνὸς
2890 4284 2969 4337 ἐτι
3000 4284 3301 4348 λείποντος·
3326 4285 3387 4350 ὃς
3411 4286 3506 4340 τὸν
3529 4287 3692 4341 δωδέ-

2127 4390 2291 4427 κατον
2326 4373 2743 4444 ἀποπληρώσειε
2789 4376 2901 4437 τοῖς
2943 4375 3249 4445 είρημένοις
3287 4375 3523 4446 ἀριθμὸν
3567 4378 3696 4432 Ἰω-

462 4484 569 4525 nus
595 4486 608 4522 :
637 4466 729 4539 qui
754 4481 815 4523 ea
841 4467 955 4536 ipsa
979 4464 1112 4519 hora
1136 4478 1358 4536 peregre
1385 4463 1698 4527 adveniens,
1728 4472 1781 4519 et
1805 4463 2020 4519 vixdum

2128 4466 2306 4529 λιανὸς
2335 4465 2516 4536 παρῆν
2556 4464 2744 4518 τοῦτον
2789 4465 3217 4537 ἀποπληρώσων.
3274 4466 3362 4533 Ἐξ
3401 4467 3697 4540 ἀριδημίις

465 4563 746 4630 ingressus
798 4558 1095 4621 civitatem,
1148 4571 1273 4612 cum
1322 4555 1675 4610 intellexisset
1712 4571 1833 4625 quae
1872 4566 2029 4611 erant

463 4661 606 4717 acta,
640 4659 693 4707 et
725 4653 792 4707 ad
823 4660 1120 4722 martyrum
1155 4657 1503 4718 conspectum
1532 4645 1842 4704 festinasset
1870 4664 2026 4704 acce-

463 4746 626 4810 dere;
666 4744 760 4799 ubi
798 4757 987 4798 eorum
1022 4757 1250 4813 corpora
1281 4741 1432 4795 humi
1466 4741 1705 4810 jacentia
1738 4741 1889 4807 vidit,
1921 4743 2028 4796 cir-

464 4832 751 4890 cumfusus
785 4832 1034 4903 singulis,
1063 4845 1251 4887 omnes
1278 4838 1362 4885 est
1388 4830 1685 4886 osculatus.
1717 4828 1832 4885 Hoc
1862 4847 2026 4903 agen-

465 4934 573 4980 tem
615 4922 1144 4993 comprehenderunt
1188 4919 1423 4975 ministri
1464 4918 1712 4985 caedium,
1745 4929 1907 4989 atque
1932 4919 2033 5002 ad:

466 5017 735 5070 duxerunt
755 5012 999 5083 praesidi:
1017 5013 1106 5082 qui
1125 5026 1362 5083 congrua
1386 5009 1664 5082 proposito
1681 5025 1782 5064 suo
1802 5009 2024 5073 faciens.

465 5107 628 5161 etiam
663 5105 809 5160 hunc
837 5104 982 5159 lento
1018 5104 1129 5174 igni
1167 5104 1405 5159 tradidit.
1445 5103 1523 5158 lta
1564 5105 1727 5159 etiam
1754 5102 2024 5170 Julianus,

467 5199 701 5268 gestiens
737 5205 901 5266 atque
939 5194 1120 5249 laetitia
1160 5196 1462 5262 exsultans,
1512 5202 1568 5250 et
1608 5192 1720 5250 Deo
1763 5195 1929 5251 tantis
1970 5209 2029 5250 se

465 5288 626 5345 bonis
658 5289 878 5361 dignam
907 5302 1101 5359 magna
1129 5301 1264 5343 voce
1295 5287 1497 5358 gratias
1522 5302 1708 5358 agens,
1746 5296 2029 5357 susceptus

465 5390 550 5436 est
575 5380 712 5436 inter
737 5380 934 5436 choros
958 5388 1278 5450 martyrum.
1297 5377 1425 5433 Erat
1447 5388 1630 5434 autem
1656 5379 1783 5434 huic
1813 5394 2031 5450 quoque

541 5555 651 5628 (όο)
690 5555 889 5628 Ibidem
924 5555 1160 5628 legitur;
1191 5553 1303 5628 Τῆς
1333 5558 1397 5628 εκ
1424 5555 1710 5628 στρατείας
1744 5555 2027 5610 ἐπιλέκτου

468 5626 738 5690 νεαλείας,
769 5627 826 5679 in
850 5623 1052 5680 delecta
1090 5623 1160 5679 ad
1189 5623 1437 5680 militiam
1453 5623 1744 5695 jiwemute.

542 5695 652 5762 (41)
691 5695 879 5766 Trium
922 5695 1159 5766 ﬁliorum
1196 5697 1439 5765 patribus
1474 5698 1694 5766 praemia
1733 5696 1876 5766 apud
1922 5696 2031 5749 Ro-

471 5781 664 5822 manos
694 5764 862 5824 fuisse
891 5764 1402 5837 proposita,’notins
1427 5764 1510 5824 est
1541 5782 1705 5838 quam
1727 5764 1787 5822 ut
1810 5768 1896 5822 hic
1919 5781 2030 5821 mo-

2127 4552 2281 4623 οὗτος
2320 4558 2487 4627 αὐτῆς
2529 4558 2677 4629 ὥρας
2720 4558 3065 4629 ἀφικόμενος,
3104 4559 3237 4630 μηδὲ
3268 4559 3539 4615 εἰσϐαλὼν
3582 4579 3697 4626 πως

2126 4654 2192 4721 τῇ
2226 4650 2399 4714 πόλει,
2439 4649 2600 4713 εὐθὺς
2630 4649 2705 4714 ὡς
2734 4646 2874 4721 εἶχεν
2903 4650 3011 4704 ἀπὸ
3033 4650 3133 4720 τῆς
3157 4649 3300 4717 ὁδοῦ,
3327 4650 3515 4721 μαθὼν
3547 4656 3697 4725 παρὰ

2126 4739 2218 4793 τοῦ
2243 4739 2596 4813 [γενομένου]
2624 4741 2718 4793 καλ⁹
2743 4742 2990 4812 ὁρμήσας
3027 4742 3120 4794 ἐπὶ
3144 4741 3242 4813 τὴν
3270 4740 3380 4794 τῶν
3404 4743 3699 4814 μαρτύρων

2127 4831 2276 4895 θέαν,
2307 4832 2382 4895 ὡς
2414 4831 2507 4884 ὲπὶ
2539 4832 2637 4903 τῆς
2662 4832 2764 4902 γῆς
2792 4832 2963 4903 χαμαὶ
2992 4832 3223 4902 κείμενα
3244 4830 3315 4884 τά
3349 4832 3457 4885 τῶν
3491 4834 3699 4905 paper}.

2128 4939 2239 4994 ρων
2288 4922 2548 4976 ἐθεάσατο
2597 4922 2843 4994 σώματα,
2899 4924 3077 4993 χαρᾶς
3132 4922 3381 4993 ἔμπλεως
3432 4924 3695 4994 γεγονὼς,

2128 5016 2345 5087 ἑκάστῳ
2380 5015 2788 5087 περιπλέκεται,
2821 5016 3082 5089 φιλήματι
3120 5018 3245 5080 τοὺς
3275 5016 3481 5081 πάντας
3519 5019 3697 5072 ἀσπα-

2131 5107 2374 5180 ζόμενος.
2425 5110 2547 5164 Ἔτι
2598 5108 2656 5163 δὲ
2698 5110 2855 5164 τοῦτο
2894 5110 3200 5181 πράττοντα
3248 5108 3601 5175 συλλαϐόντες
3646 5112 3694 5164 οί

2130 5194 2239 5249 τῶν
2281 5196 2454 5265 φόνων
2491 5198 2727 5252 διάκονοι
2777 5199 3107 5270 προσάγουσι
3136 5197 3211 5269 τῷ
3244 5198 3485 5269 ἄρχοντι.
3538 5199 3599 5255 ’0
3638 5200 3695 5254 δὲ

2132 5288 2400 5342 ἀκόλουθα
2437 5291 2503 5359 τῇ
2540 5291 2852 5363 προαιρέσει
2895 5293 3096 5355 τελῶν,
3128 5291 3323 5364 μακρῷ
3364 5292 3459 5346 καὶ
3510 5294 3694 5348 τοῦτον

2134 5380 2267 5451 πυρὶ
2296 5378 2676 5450 παραδίδωσιν.
2721 5380 2878 5435 Οὓτω
2920 5382 3057 5455 δῆτα
3084 5385 3178 5439 καὶ
3229 5384 3516 5450 Ἰουλιανὸς
3544 5401 3696 5455 σκιρ-

2132 5555 2249 5634 neri
2271 5556 2463 5634 debeat
2485 5576 2508 5634 _:
2542 5566 2704 5627 atque
2733 5558 2786 5614 id
2825 5559 2916 5634 hic
2946 5561 3053 5616 dici
3076 5562 3237 5617 credo
3263 5566 3567 5634 τριγονείας
3594 5582 3692 5634 πα-

2130 5626 2294 5701 τέρας
2320 5625 2569 5682 Valesius
2589 5625 2785 5701 tamen
2816 5631 2972 5685 aliter
3001 5634 3179 5691 vertit.
3215 5625 3562 5701 quéd'tertiai
3574 5633 3687 5701 jam

2130 5697 2549 5839 ἒὲἴρὲζεέιὲροιεε
2577 5698 2784 5754 haberet
2814 5716 2833 5755 :
2863 5701 2954 5757 sed
2998 5701 3099 5757 hoc
3144 5697 3396 5758 Straboni
3438 5697 3693 5758 scribitur
