3982 6346
384 325 510 382 1551

355 497 506 607 ἰςοει
535 539 1025 606 resurrectionem)
1053 546 1108 593 et
1135 537 1200 592 de
1247 536 1580 606 apparitione
1625 535 1690 590 ad
1731 547 1948 606 aposto-

385 632 486 696 los,
546 633 719 702 deque
770 632 1133 702 promissione
1182 629 1309 685 doni
1356 628 1589 699 Spiritus
1631 628 1839 696 sancti;
1881 629 1948 684 de

384 723 567 792 specie
599 733 651 777 et
678 724 839 778 modo
865 721 1257 792 assumptionis
1287 721 1509 774 Christi.

461 814 525 868 ll.
566 813 710 869 Petri
753 815 1004 886 dialogus
1041 814 1108 868 ad
1148 813 1442 882 discrpulos
1476 813 1542 867 de
1577 821 1748 867 morte
1781 821 1834 867 et
1865 828 1948 867 rc-

388 905 708 974 probatione
735 903 919 971 Judze;
955 904 1045 958 ubi
1079 914 1131 959 et
1161 904 1227 958 de
1261 904 1602 972 cooptatione
1623 904 1858 961 Matthiae
1891 905 1944 959 in

389 997 506 1066 ejus
533 997 732 1061 locum,
767 988 858 1067 qui
888 1005 1032 1052 sorte
1058 999 1262 1053 electus
1282 1008 1364 1054 est
1387 1000 1558 1071 gratia
1585 999 1676 1055 Dei
1703 1015 1799 1071 per
1827 1015 1945 1055 ora-

388 1089 612 1143 tionem.

461 1179 546 1234 III.
589 1180 663 1235 De
695 1180 879 1236 divino
905 1181 1078 1236 sancti
1113 1180 1348 1252 Spiritus
1379 1185 1608 1239 adventu
1640 1185 1706 1239 ad
1730 1199 1825 1239 eos
1852 1185 1945 1254 qui

389 1273 752 1339 crediderant,
800 1274 854 1328 in
899 1273 984 1328 die
1027 1273 1404 1343 Pentecostes;
1440 1276 1530 1331 ubi
1565 1287 1617 1332 et
1637 1275 1779 1332 Petri
1809 1286 1947 1332 cate-

389 1367 590 1432 chcsis,
626 1377 679 1422 et
715 1367 832 1421 loca
873 1383 935 1421 ex
972 1367 1249 1437 prophetis
1285 1370 1350 1424 de
1383 1371 1655 1439 passione,
1699 1386 1945 1426 resurre-

388 1459 570 1513 ctione
602 1468 655 1513 et
685 1458 1054 1528 assumptione
1087 1458 1328 1527 Christi;
1369 1460 1436 1514 de
1473 1461 1614 1515 dono
1652 1461 1779 1515 item
1823 1460 1945 1531 Spi-

389 1554 528 1608 ritus
558 1552 750 1607 sancti.
782 1550 856 1605 De
897 1551 999 1605 ﬁde
1030 1554 1373 1620 praesentium
1415 1561 1467 1606 et
1496 1554 1562 1608 de
1597 1555 1771 1608 salute
1802 1556 1946 1624 ipso-

390 1660 507 1699 rum
571 1659 666 1713 per
724 1642 1071 1711 baptismum.
1135 1645 1212 1700 De
1268 1645 1558 1700 concordia
1610 1645 1729 1700 utili
1780 1655 1834 1700 et
1879 1645 1946 1700 de

389 1736 721 1790 incremento
753 1733 1011 1791 fidelium.

460 1911 548 1965 IV.
591 1911 665 1967 De
715 1912 996 1967 curatione
1048 1912 1102 1965 in
1154 1913 1373 1967 Christo
1422 1913 1542 1982 ejus
1594 1913 1688 1982 qui
1727 1913 1794 1967 ab
1826 1923 1948 1967 ortu

391 2005 616 2060 claudus
664 2013 797 2059 erat.
845 2004 920 2060 De
970 2003 1116 2059 Petri
1171 2003 1460 2069 catechesi,
1516 2003 1607 2058 ubi
1655 2001 1946 2074 redarguit,

392 2097 719 2165 compaiitur
756 2105 810 2151 et
841 2096 909 2150 ad
939 2097 1170 2152 salutem
1205 2096 1298 2150 dat
1318 2096 1562 2150 consilia.
1591 2095 1728 2150 llinc
1753 2099 1950 2152 adven-

390 2199 478 2242 tus
509 2187 851 2242 sacerdotum
885 2202 952 2241 ex
981 2187 1060 2241 rei
1092 2200 1254 2258 gesue
1287 2187 1476 2251 livore,
1511 2195 1564 2240 et
1592 2185 1855 2254 judicium
1884 2187 1950 2242 de

391 2280 676 2342 miraculo,
703 2277 956 2350 Petrique
983 2278 1256 2334 confessio
1291 2279 1437 2335 circa
1466 2277 1671 2333 Christi
1697 2280 1947 2336 virtutem

389 2382 444 2426 et
475 2373 722 2442 gratiam.
775 2370 849 2426 De
897 2371 1188 2426 incredulis
1222 2372 1560 2426 sacerdotum
1594 2371 1947 2442 principibus,

390 2464 827 2534 praecipientibus
856 2478 966 2517 non
997 2472 1244 2533 oportere
1268 2464 1320 2517 in
1347 2465 1566 2519 nomine
1587 2464 1789 2520 Christi
1819 2480 1950 2520 con-

392 2555 617 2610 ﬁdenter
641 2570 819 2626 agere,
853 2564 906 2610 et
933 2555 1000 2610 de
1021 2555 1371 2611 renovatione
1400 2557 1786 2626 apostolorum.
1815 2557 1949 2613 Gra-

393 2650 589 2703 tiarum
618 2648 760 2703 actio
785 2646 1040 2703 Ecclesia:
1072 2663 1169 2719 pro
1202 2648 1342 2703 lidcli
1366 2649 1734 2718 apostolorum
1763 2665 1947 2719 perse-

390 2741 654 2796 verantia.

462 2832 526 2888 V.
567 2832 643 2888 De
673 2833 919 2888 unanimi
981 2844 1035 2888 et
1067 2833 1344 2889 communi
1376 2847 1644 2888 consensu
1673 2831 1945 2899 fidelium;

392 2924 484 2978 ubi
525 2923 592 2979 de
638 2923 846 2978 Anania
897 2937 949 2979 et
988 2921 1272 2992 Sapphira,
1312 2937 1376 2977 ac
1415 2922 1482 2977 de
1527 2922 1718 2976 acerba
1757 2937 1945 2977 eorum

391 3024 583 3070 morte.

463 3106 548 3161 Vl.
591 3103 747 3172 Quod
778 3104 1053 3174 apostolos
1083 3104 1136 3157 in
1171 3118 1445 3159 carcerem
1477 3104 1752 3175 coniectos
1783 3121 1944 3176 ange-

389 3199 475 3252 lus
504 3196 712 3251 Domini
747 3204 910 3249 noctu
952 3194 1217 3257 eduxerit,
1249 3194 1567 3264 praecipiens
1601 3205 1660 3252 ut
1697 3197 1814 3252 sine
1844 3198 1946 3252 im-

390 3289 696 3358 pedimento
718 3285 904 3341 Jesum
924 3287 1296 3356 praedicarent.
1323 3285 1461 3343 Hinc
1479 3288 1624 3357 quod
1647 3289 1944 3360 insequenti

390 3383 475 3436 die
499 3379 836 3436 sacerdotum
866 3380 1137 3450 principes
1164 3381 1310 3450 ipsos
1346 3397 1563 3436 rursum
1596 3387 1948 3453 comprehen-

391 3488 502 3538 sos,
527 3483 585 3526 ut
606 3487 713 3526 non
738 3472 876 3526 ultra
898 3471 1171 3538 docerent,
1187 3471 1409 3544 ﬂagellis
1431 3489 1600 3530 caesos
1620 3475 1943 3532 dimiserint.

390 3564 702 3619 Camalielis
755 3580 922 3636 sagax
977 3565 1242 3620 sententia
1298 3565 1442 3620 circa
1496 3570 1772 3636 apostolos
1821 3586 1945 3625 cum

390 3655 649 3725 exemplis
679 3654 1000 3724 quibusdam
1027 3662 1081 3710 et
1106 3654 1676 3712 demonstrationibus.

460 3746 571 3801 Vll.
611 3745 688 3801 De
713 3747 1050 3801 ordinatione
1081 3755 1284 3818 septem
1310 3747 1681 3804 diaconorum.

461 3836 596 3892 Vlll.
635 3835 943 3892 Judaaorum
973 3837 1265 3892 commotio
1297 3847 1351 3892 et
1378 3840 1727 3910 sycophantia
1757 3853 1944 3897 contra

391 3929 745 4001 Stephanum.
777 3929 979 3984 Concio
1001 3929 1243 3998 ejusdem
1266 3930 1677 3987 de-testamento
1701 3932 1794 3988 Dei
1820 3949 1942 3989 cum

387 4021 697 4075 Abrahamo
737 4027 790 4074 et
827 4018 1110 4073 duodecim
1142 4019 1497 4087 patriarchis;
1540 4020 1630 4074 ubi
1674 4021 1740 4076 de
1779 4020 1942 4089 fame,

389 4111 648 4166 frumenti
691 4111 984 4180 emptione,
1036 4119 1092 4165 et
1135 4111 1201 4164 de
1257 4110 1381 4166 filiis
1433 4110 1600 4167 Jacob
1643 4129 1702 4167 se
1755 4124 1946 4170 mutuo

390 4201 836 4268 agnoscentibus;
874 4200 942 4255 de
987 4209 1109 4255 ortu
1155 4199 1377 4272 Moysis,
1411 4212 1464 4257 et
1503 4204 1571 4259 de
1609 4207 1946 4277 apparitione

390 4291 480 4346 Dei
516 4290 583 4345 ad
625 4291 862 4362 Moysem
898 4289 1037 4345 facta
1077 4290 1130 4344 in
1181 4303 1363 4347 monte
1407 4291 1568 4358 Sina;
1601 4294 1667 4348 de
1706 4295 1850 4350 exitu
1893 4306 1945 4351 et

389 4385 539 4438 vituli
569 4384 772 4440 fabrica
803 4400 834 4438 a
861 4383 986 4439 filiis
1023 4383 1185 4438 Israel
1216 4400 1386 4455 usque
1411 4387 1477 4440 ad
1512 4393 1752 4456 tempora
1786 4387 1942 4444 Salo-

1581 323 1636 377 S.
1680 322 1998 379 PAMPIIILI
2043 322 2393 382 MARTYRIS

453 447 494 500 l.
542 446 620 502 De
667 446 917 502 doctrina
952 444 1152 499 Christi
1195 460 1260 500 ex
1299 444 1697 499 resurrectione
1747 444 1832 515 (id
1867 454 1945 498 est

2116 446 2193 498 A'.
2237 447 2370 519 Περὶ
2397 448 2493 520 τῆς
2521 449 2579 512 ἐξ
2613 449 2961 513 ἀναστάσεως
2995 448 3338 512 διδασκαλίας
3376 447 3618 518 Χριστοῦ

3477 329 3619 384 1552

2051 537 2144 590 καὶ
2175 539 2435 602 ὀπτασίας
2467 541 2600 612 πρὸς
2634 543 2762 604 τοὺς
2793 542 3056 612 μαθητάς,
3094 543 3187 595 καὶ
3215 541 3343 611 περ)⁸
3370 542 3617 608 ἐπαγγε-

2049 629 2167 692 λίας
2191 629 2288 700 τῆς
2315 629 2408 682 τοῦ
2449 631 2603 698 ἁγίου
2657 632 2974 702 Πνεύματος
3002 633 3210 702 δωρεάς
3229 650 3242 662 ·
3271 631 3401 694 θέας
3426 646 3488 683 τε
3521 629 3618 684 καὶ

2047 720 2246 790 τρόπου
2278 723 2376 792 τῆς
2411 723 2725 794 ἀναλήψεως
2754 725 2848 777 τοῦ
2881 725 3114 795 Χριστοῦ
3141 724 3274 796 (Π).

2124 813 2196 864 B'.
2223 813 2427 884 Πέτρου
2456 813 2699 883 διάλογος
2722 817 2856 887 πρὸς
2881 818 3004 879 τοὺς
3031 817 3463 887 μαθητευθέντας
3486 817 3617 888 περὶ

2045 904 2273 958 Θανάτου
2301 905 2391 956 καὶ
2418 905 2683 976 ἀποϐολῆς
2703 907 2814 978 (48)
2853 906 3021 959 Ἰούδα
3039 923 3052 935 °
3074 910 3090 927 ‘
3105 909 3162 958 ἐν
3180 900 3224 974 ᾧ
3249 925 3312 959 πε
3323 907 3376 979 pi.
3399 908 3616 960 ἀντεισο

2045 996 2264 1066 ἀγωγῆς
2289 995 2526 1049 Ματθίου
2552 997 2920 1068 κληρωθέντος
2949 996 3130 1067 χάριτι
3160 997 3294 1050 Θεοῦ
3322 997 3412 1051 διὰ
3441 1015 3614 1070 προσ-

2045 1087 2225 1158 ευχῆς.

2115 1181 2190 1232 Γ’.
2226 1180 2361 1252 Περὶ
2395 1180 2544 1244 θείας
2567 1179 2658 1234 τοῦ
2691 1181 2843 1250 ἁγίου
2877 1182 3190 1252 Πνεύματος
3218 1183 3614 1252 ἐπιφοιτήσεως

2045 1271 2102 1323 ὲν
2135 1270 2316 1342 ἡμέρα
2345 1273 2743 1343 Πεντηκοστῆς,
2779 1273 3078 1344 γενομένης
3120 1274 3198 1336 είς
3233 1275 3359 1335 τοὺς
3385 1275 3611 1326 πιστεύ-

2048 1380 2262 1429 σαντας,
2295 1368 2312 1384 ⁶
2344 1366 2400 1417 ἐν
2431 1358 2475 1432 ᾧ
2501 1364 2708 1434 Πέτρου
2743 1364 3065 1434 κατήχησις,
3096 1367 3115 1386 ‘
3140 1365 3232 1417 καὶ
3257 1365 3384 1435 περὶ
3417 1365 3610 1419 τούτου

2045 1455 2109 1508 ὲκ
2137 1454 2243 1508 τῶν
2266 1454 2577 1528 προφητῶν,
2609 1460 2626 1476 ⁹
2652 1455 2776 1526 περὶ
2798 1456 2999 1519 πάθους
3022 1457 3115 1509 καὶ
3143 1457 3490 1520 ἀναστάσεως
3518 1458 3614 1510 καὶ

2047 1547 2361 1620 ἀναλήψεως
2407 1548 2663 1620 Χριστοῦ,
2701 1550 2905 1620 δωρεᾶς
2934 1567 2993 1603 τε
3029 1549 3123 1602 τοῦ
3169 1550 3322 1617 ἁγίου
3356 1550 3613 1620 Πνεῦμα-

2048 1656 2158 1702 τος.
2190 1641 2207 1659 ⁶
2237 1638 2373 1710 Περὶ
2416 1639 2648 1702 πίστεως
2693 1639 2799 1692 τῶν
2832 1640 3112 1711 παρόντων
3147 1641 3241 1694 καὶ
3276 1641 3374 1711 τῆς
3398 1641 3486 1694 διὰ
3517 1641 3612 1693 τοῦ

2051 1727 2421 1799 βαπτίσματος
2449 1728 2626 1782 αὐτῶν
2661 1730 2948 1800 σωτηρίας.
2981 1733 2993 1749 ⁸
3023 1730 3158 1801 Περὶ
3191 1730 3440 1800 ὁμονοίας
3466 1747 3612 1783 κοινε-

2049 1818 2287 1888 ωφελοῦς
2323 1819 2416 1872 καὶ
2445 1819 2759 1890 προσθήκης
2781 1820 2888 1872 τῶν
2920 1819 3306 1874 πιστευόντων.

2119 1914 2190 1963 Δ’.
2227 1912 2361 1984 Περὶ
2393 1911 2490 1980 τῆς
2517 1911 2574 1964 ἐν
2604 1910 2823 1982 Χριστῷ
2849 1911 3142 1983 θεραπείας
3170 1911 3263 1964 τοῦ
3294 1915 3359 1965 ἐκ
3385 1913 3613 1984 γενετῆς

2050 2002 2238 2073 χωλοῦ·
2267 2001 2469 2073 Πέτρου
2499 2020 2557 2055 τε
2587 2005 2938 2074 κατηχήσεως
2955 2003 3293 2074 ἐλεγκτικῆς,
3323 2004 3610 2075 συμπαθη-

2048 2093 2226 2162 τικῆς,
2255 2093 2715 2163 συμϐουλευτικῆς
2748 2093 2880 2164 πρὸς
2907 2093 3177 2163 σωτηρίας
3211 2092 3378 2145 αὐτοῦ
3407 2091 3534 2160 (49)·
3586 2095 3605 2112 ⁹

2051 2186 2106 2240 ἐν
2140 2178 2188 2250 ᾧ
2218 2185 2504 2238 ἐπιστασία
2531 2185 2830 2257 ἀρχιερέων
2863 2183 3006 2256 ζήλῳ
3038 2184 3128 2237 τοῦ
3167 2186 3464 2254 γεγονότος,
3509 2185 3604 2237 καὶ

2050 2277 2228 2346 κρίσις
2259 2276 2352 2329 τοῦ
2389 2275 2682 2346 θαύματος,
2726 2277 2933 2347 Πέτρου
2962 2293 3020 2329 τε
3058 2275 3316 2346 ὁμολογία
3352 2276 3449 2345 τῆς
3475 2275 3606 2345 Χρι-

2051 2367 2176 2420 στοῦ
2201 2367 2480 2438 δυνάμεώς
2505 2383 2563 2419 τε
2603 2369 2694 2420 καὶ
2733 2367 2970 2438 χάριτος.
3001 2371 3016 2388 ⁴
3051 2368 3187 2437 Περὶ
3224 2366 3465 2419 ἀπίστων
3497 2367 3607 2438 (50)

2050 2458 2347 2531 ἀρχιερέων
2371 2459 2832 2530 προσταττόντων,
2857 2459 2931 2522 ὡς
2957 2458 3018 2512 οὐ
3040 2457 3119 2510 δεῖ
3139 2456 3610 2529 παρρησιάζεσθαι

2049 2551 2142 2604 ἐπὶ
2189 2551 2265 2622 τῷ
2291 2551 2512 2621 ὀνόματι
2545 2549 2780 2621 Χριστοῦ
2812 2550 2945 2621 (51),
2984 2548 3078 2604 καὶ
3117 2548 3465 2612 ἀνανεώσεως
3499 2549 3611 2617 (52)

2049 2643 2156 2698 τῶν
2184 2644 2514 2698 ἀποστόλων.
2563 2645 2582 2664 "
2609 2644 2940 2714 Εὑχαριστία
2985 2643 3092 2696 ἀπὸ
3131 2643 3233 2713 τῆς
3288 2642 3614 2713 Ἐκκλησίας

2050 2735 2189 2807 ὑπὲρ
2210 2735 2309 2806 τῆς
2327 2734 2434 2790 τῶν
2456 2735 2764 2789 ἀποστόλων
2791 2735 2988 2805 πιστῆς
3020 2735 3334 2807 καρτερίας.

2118 2826 2192 2878 E'.
2235 2824 2368 2894 Περὶ
2415 2823 2685 2894 ὁμοψύχου
2718 2823 2813 2876 καὶ
2845 2823 3134 2894 καθολικῆς
3173 2821 3458 2885 κοινωνίας
3501 2821 3612 2875 τῶν

2051 2916 2449 2970 πιστευσάντων
2468 2932 2481 2945 ο
2522 2919 2538 2935 ‘
2566 2918 2621 2968 ἐν
2728 2917 2856 2986 περὶ
2909 2915 3149 2968 Ἀνανίου
3180 2914 3272 2967 καὶ
3297 2913 3615 2984 Σαπφείρας

2049 3008 2140 3062 καὶ
2169 3008 2269 3077 τῆς
2301 3007 2502 3078 πικρᾶς
2533 3005 2712 3060 αὐτῶν
2740 3004 3010 3075 τελευτῆς.

2127 3101 2197 3165 ς’
2230 3099 2348 3151 ’Ότι
2383 3097 2509 3160 τοὺς
2540 3096 2867 3160 ἀποστόλους
2899 3095 3263 3166 ἐμϐληθέντας
3299 3098 3356 3148 ἐν
3394 3095 3472 3166 τῷ
3520 3097 3612 3149 δε-

2054 3188 2345 3260 σμωτηρίῳ
2369 3192 2396 3242 ὁ
2419 3187 2642 3258 ἄγγελος
2669 3188 2874 3258 Κυρίου
2901 3189 3111 3258 νύκτωρ
3141 3189 3368 3255 ἐξέωσεν
3389 3190 3612 3262 ἐπιτρέ-

2048 3283 2154 3352 ψας
2183 3281 2473 3345 ἀκωλύτως
2501 3281 2796 3352 κηρύσσειν
2825 3280 2915 3333 τὸν
2958 3279 3186 3350 Ἰησοῦν·
3225 3285 3241 3302 ⁶
3271 3282 3329 3335 ἐν
3431 3283 3511 3335 ὅτι
3541 3285 3610 3354 τῇ

2050 3372 2176 3442 ἑξῆς
2199 3373 2248 3425 οἱ
2277 3373 2551 3443 ἀρχιερεῖς
2585 3373 2781 3434 αὐτοὺς
2819 3372 2978 3427 πάλιν
3011 3372 3412 3444 συλλαϐόμενοι,
3448 3376 3530 3443 ἐφ’
3565 3369 3612 3443 ᾧ

2053 3462 2246 3533 μηκέτι
2285 3462 2574 3525 διδάσκειν,
2626 3461 2975 3532 μαστίξαντες
3022 3461 3319 3516 ἀπέλυσαν.
3352 3465 3365 3483 ⁶
3420 3464 3610 3535 Γαμα-

2047 3552 2229 3623 λιήλου
2263 3551 2456 3623 γνώμη
2497 3552 2659 3623 πιστὴ
2692 3551 2819 3623 περὶ
2860 3551 3190 3618 ἀποστόλων,
3241 3553 3380 3623 μετά
3427 3571 3610 3626 παρα-

2047 3643 2346 3715 δειγμάτων
2370 3642 2530 3698 τινῶν
2565 3643 2656 3695 καὶ
2681 3643 3021 3709 ἀποδείξεων.

2117 3735 2190 3786 Z'.
2226 3733 2361 3804 Περὶ
2386 3733 2714 3805 χειροτονίας
2736 3732 2844 3786 τῶν
2878 3733 3016 3788 ἑπτὰ
3049 3734 3325 3790 διακόνων.

2116 3847 2198 3900 Η’.
2256 3846 2519 3901 Ἰουδαίων
2564 3847 2928 3911 ἐπανάστασις
2969 3847 3062 3900 κα).
3096 3848 3426 3917 συκοφαντία
3469 3851 3610 3906 κατά

2048 3936 2334 4006 Στεφάνου,
2351 3936 2514 3990 αὐτοῦ
2530 3953 2587 3989 τε
2602 3935 2909 4008 δημηγορία
2925 3954 2990 3988 πε
3000 3939 3053 4008 pl.
3075 3937 3175 4007 τῆς
3193 3939 3328 4010 πρὸς
3361 3940 3611 4013 Ἀϐραὰμ

2046 4025 2308 4097 διαθήκης
2349 4025 2442 4078 τοῦ
2473 4024 2606 4078 Θεοῦ
2648 4027 2745 4078 καὶ
2779 4025 3029 4097 περὶτῆς
3064 4026 3174 4081 τῶν
3223 4030 3287 4101 ιβ’
3334 4047 3605 4102 πατριάρ-

2046 4118 2177 4190 χῶν⁶
2212 4119 2232 4140 ’⁵
2262 4119 2318 4170 ἐν
2356 4111 2400 4184 ᾧ
2441 4117 2508 4170 τά
2551 4118 2679 4190 περὶ
2713 4117 2806 4171 τοῦ
2839 4117 2997 4188 λιμοῦ
3031 4119 3123 4173 καὶ
3173 4122 3468 4192 πυρωνίας,
3513 4123 3609 4175 καὶ

2046 4209 2459 4281 ἀναγνωρισμοῦ
2487 4209 2594 4263 τῶν
2637 4209 2769 4264 υἱῶν
2808 4210 3021 4274 Ἰακὼϐ,
3057 4212 3150 4264 καὶ
3184 4215 3310 4284 περὶ
3343 4215 3608 4283 γενέσεως

2045 4302 2317 4365 Μωῦσέως
2350 4302 2446 4355 καὶ
2469 4302 2566 4373 τῆς
2592 4302 2726 4374 πρὸς
2757 4303 2918 4355 αὐτὸν
2944 4303 3180 4357 Μωῦσέα
3203 4303 3522 4374 θεοφανείας
3547 4308 3607 4359 ἐν

2044 4391 2158 4464 ὄρει
2199 4390 2327 4444 Σινά
2365 4391 2680 4464 γενομένηςο
2706 4394 2724 4413 ⁶
2760 4393 2887 4464 ’περὶ
2919 4393 3018 4463 τῆς
3049 4393 3225 4459 ἐξόδου
3279 4397 3372 4449 καὶ
3410 4415 3610 4468 μοσχο-

389 4476 567 4530 monis
619 4484 672 4531 et
725 4475 909 4546 templi
951 4475 1441 4542 constructionem;
1498 4475 1564 4530 de
1601 4475 1940 4545 confessione

2057 4485 2222 4549 ποιῖας
2249 4483 2340 4538 τοῦ
2383 4484 2598 4557 Ἰσραὴλ
2627 4486 2752 4556 ἄχρι
2782 4486 2888 4538 τῶν
2915 4487 3118 4557 χρόνων
3163 4487 3256 4541 τοῦ
3298 4491 3610 4560 Σολομῶνος

388 4566 623 4621 caelestis
657 4567 840 4637 gloria:
872 4565 1000 4621 Jesu
1034 4565 1256 4632 Christi,
1289 4583 1410 4637 quae
1448 4567 1679 4622 revelata
1721 4579 1806 4624 est
1841 4570 1942 4640 ipsi

391 4657 684 4728 Stephano,
719 4673 881 4728 super
912 4674 1017 4729 qua
1051 4659 1320 4728 lapidatus
1364 4658 1478 4728 ipse
1521 4657 1826 4729 Stephanus
1855 4661 1943 4730 pie

387 4748 729 4804 obdormivit.

457 4932 548 4988 IX.
589 4932 664 4988 De
692 4934 1064 5002 persecutione
1094 4933 1367 5000 Ecclesiae,
1410 4944 1464 4989 et
1500 4937 1784 5003 sepultura
1819 4935 1940 4992 Ste-

386 5025 583 5096 phani;
617 5026 705 5081 ubi
735 5026 801 5080 de
821 5023 1068 5094 Philippo
1103 5027 1366 5095 apostolo,
1391 5027 1483 5096 qui
1514 5027 1714 5082 multos
1743 5043 1772 5081 a
1798 5044 1939 5082 mor-

387 5117 469 5171 bis
493 5119 701 5173 curavit
723 5117 776 5172 in
807 5116 1072 5172 Samaria.

458 5207 524 5261 Χ.
564 5209 640 5264 De
678 5210 896 5264 Simone
936 5207 1111 5279 Mago,
1151 5210 1242 5278 qui
1287 5209 1513 5264 credidit
1554 5217 1608 5263 et
1639 5210 1942 5280 baptizatus

387 5299 487 5354 fuit
530 5315 654 5355 cum
704 5300 827 5356 aliis
878 5299 1090 5365 multis;
1138 5298 1230 5353 ubi
1280 5298 1347 5353 de
1393 5299 1652 5356 missione
1699 5299 1843 5356 Petri
1889 5313 1942 5356 et

460 5517 568 5587 (47)
604 5518 821 5597 Euthal.
855 5518 1032 5597 addit,
1066 5517 1308 5589 καὶπερὶ
1341 5517 1440 5589 τῆς
1467 5517 1672 5584 ἐνδόξου
1701 5519 1795 5574 καὶ
1818 5519 1934 5577 δου-

386 5587 564 5671 τέραςῃ
579 5587 753 5671 αῦτοῦ.
770 5589 1084 5671 παρουσίας.
1135 5607 1148 5613 ’

460 5656 568 5726 (48)
602 5657 700 5720 ld.,
729 5656 1045 5730 ἀποστολῆς.

461 5727 570 5796 (49)
604 5726 702 5783 ιο..
730 5726 925 5781 αὐτῶν.

2047 4576 2140 4629 καὶ
2168 4576 2264 4646 τῆς
2296 4575 2388 4629 τοῦ
2427 4576 2555 4630 ναοῦ
2590 4577 2947 4647 κατασκευῆς·
2980 4580 2998 4598 ⁸
3031 4578 3283 4649 ὁμολογία
3305 4581 3405 4652 τῆς
3439 4584 3612 4656 ὑπερ.

2044 4664 2290 4734 ουρανίου
2357 4663 2514 4736 δόξης
2591 4663 2766 4735 Ἰησοῦ
2831 4665 3066 4736 Χριστοῦ
3134 4665 3608 4737 ἀποκαλυφθείσης

2044 4754 2190 4826 αὐτῷ
2219 4756 2490 4826 Στεφάνῳ,
2529 4757 2616 4825 ἐφ’
2660 4751 2694 4830 ᾗ
2738 4754 3074 4819 λιθόλευστος
3123 4755 3406 4828 γενόμενος
3445 4758 3609 4822 αὐτὸς

2044 4847 2328 4918 Στέφανος,
2355 4848 2591 4912 εὐσεϐῶς
2620 4849 2902 4920 ἐκοιμήθη.

2113 4939 2188 4995 Θ’.
2226 4941 2360 5012 Περὶ
2391 4939 2628 5011 διωγμοῦ
2653 4939 2752 5010 τῆς
2789 4939 3133 5010 Ἐκκλησίας,
3169 4941 3262 4994 καὶ
3285 4940 3460 5011 ταφῆς
3483 4942 3609 4995 Στε-

2040 5030 2236 5100 φάνου·
2272 5033 2288 5051 ‘
2321 5031 2381 5083 ἐν
2412 5023 2456 5098 ᾧ
2487 5031 2612 5101 περ)⁸
2644 5030 2908 5084 Φιλίππου
2936 5030 3227 5084 ἀποστόλου
3261 5031 3484 5096 πολλοὺς
3519 5035 3604 5085 ἱα-

2042 5123 2274 5192 σαμένου
2298 5124 2389 5177 ἐπὶ
2415 5125 2510 5195 τῆς
2537 5124 2868 5196 Σαμαρείας.

2109 5215 2167 5266 l'.
2207 5215 2342 5286 Περὶ
2385 5215 2626 5286 Σίμωνος
2672 5214 2768 5268 τοῦ
2821 5216 3013 5283 Μάγου
3065 5215 3453 5278 πιστεύσαντος
3507 5218 3601 5269 καὶ

2045 5301 2428 5372 βαπτισθέντος
2454 5306 2548 5357 σὺν
2590 5306 2796 5377 ἑτέροις
2824 5305 3080 5359 πλείοσιν·
3118 5311 3136 5329 ‘
3177 5308 3233 5361 ἐν
3339 5307 3469 5381 περὶ
3509 5308 3608 5378 τῆς

2399 5524 2525 5601 περὶ
2549 5525 2775 5601 ἀπειλῆς
2801 5527 2907 5601 τῶν
2931 5531 3053 5601 ἀρχ.

2397 5592 2499 5670 ἐπὶΔ
2513 5595 2574 5646 τὸ
2605 5592 2772 5670 ὄνομα
2805 5597 2896 5650 τοῦ
2923 5592 3180 5670 Χρῖστοῦ.

2117 5614 2233 5661 (οη
2272 5614 2373 5659 ιω,
2397 5614 2489 5646 επι
2513 5614 2574 5646 το
2605 5614 2691 5647 ovo
2737 5614 2772 5649 α
2805 5615 2896 5650 του
2925 5614 3180 5670 λριστου.

2115 5661 2226 5732 (52)
2267 5662 2343 5719 ld.
2371 5664 2592 5732 rectius,
2621 5614 2874 5732 ἀνέέεως,
2900 5670 3221 5726 dimissione.
