3982 6346
377 426 512 482 1533

1483 423 1848 478 EXPOSITIO
1885 419 1968 480 IN,
1990 418 2143 473 ΛΒΤ.
2189 417 2429 473 APOS'I‘.

3447 423 3470 478 l
3482 424 3587 479 556

378 545 468 598 τοῦ
496 545 700 616 Πέτρου
729 547 819 598 καὶ
853 544 1093 598 Ἰωάννου
1119 545 1251 615 πρὸς
1276 545 1470 608 αὐτοὺς
1495 547 1812 616 ἀποστολῆς,
1840 545 1921 597 κα)

2031 540 2254 596 Joannis
2279 541 2346 595 ad
2376 541 2517 608 illos,
2547 550 2598 596 et
2632 543 2902 598 invocatio
2935 543 3108 600 sancti
3147 542 3383 614 Spiritus
3413 546 3466 599 in
3498 548 3588 602 ba-

375 636 662 706 ὲπίκλησις
715 636 806 688 τοῦ
868 635 1021 704 ἁγίου
1085 636 1396 708 Πνεύματος
1440 638 1530 690 ἐπὶ
1578 637 1700 700 τοὺς
1744 636 1932 706 βαπτι-

376 725 618 790 σθέντας.

441 819 543 874 IA’.
581 820 701 873 Ὅτι
726 822 825 872 οὐκ
856 820 1117 890 ἀργυρίου
1145 819 1278 890 (55),
1309 820 1430 873 οὐδὲ
1451 821 1789 889 ὑποκριταῖς,
1815 817 1927 872 ἀλλ’

374 910 548 978 ἁγίοις
579 911 664 963 διὰ
702 911 936 968 πίστεως
974 914 1007 982 ἡ
1059 913 1258 981 μετοχὴ
1300 911 1391 964 τοῦ
1434 913 1588 980 ἁγίου
1620 910 1931 980 Πνεύματος

374 1002 569 1054 ἐδίδοτο
605 1001 735 1073 (54)·
767 1006 782 1022 “
804 1003 862 1055 ὲν
891 996 935 1070 ᾧ
965 1001 1032 1055 τὰ
1062 1002 1188 1071 περὶ
1215 1002 1551 1074 ὑποκρίσεως
1575 1003 1670 1056 καὶ
1701 1001 1932 1070 ἐπιπλή-

374 1094 510 1159 ξεως
536 1093 794 1164 Σίμωνος.

441 1183 538 1235 IB'.
586 1183 704 1236 Ὅτι
749 1185 859 1246 τοῖς
889 1182 1110 1251 ἀγαθοῖς
1149 1181 1242 1235 καὶ
1275 1184 1482 1245 πιστοῖς
1529 1183 1700 1237 εὐοδοῖ
1731 1185 1758 1236 6
1801 1185 1930 1249 Θεὸς

369 1273 467 1344 τὴν
507 1275 796 1345 σωτηρίαν,
828 1274 991 1346 δήλην
1022 1274 1136 1345 (Ζσ.
1193 1275 1379 1348 δῆλον)
1415 1277 1478 1327 ὲκ
1521 1274 1620 1344 τῆς
1650 1275 1790 1329 κατά
1840 1277 1929 1330 τὸν

369 1367 618 1438 εὐνοῦχον
650 1368 973 1432 ὑποθέσεως.

441 1459 536 1512 II".
572 1460 706 1530 Περὶ
743 1461 840 1530 τῆς
865 1459 1150 1531 οὐρανόθεν
1182 1459 1328 1523 θείας
1360 1460 1604 1532 κλήσεως
1641 1456 1735 1513 τοῦ
1782 1461 1930 1514 Παύ-

368 1551 459 1606 λου
486 1554 564 1615 είς
597 1553 895 1625 ἀποστολὴν
921 1552 1188 1624 Χριστοῦο
1223 1555 1241 1574 ‘
1273 1555 1332 1606 ἐν
1373 1545 1418 1620 ᾧ
1446 1555 1571 1624 περὶ
1613 1554 1805 1616 ἰάσεως
1835 1555 1927 1607 καὶ

371 1643 739 1714 βαπτίσματος
777 1644 985 1697 Παύλου
1025 1644 1109 1698 διὰ
1159 1645 1396 1699 Ἀνανίου
1439 1647 1557 1698 κατ’
1591 1646 1926 1716 ἀποκάλυψιν

367 1735 522 1800 Θεοῦ,
571 1735 878 1808 παρρησίας
923 1753 980 1788 τε
1026 1735 1187 1789 αὐτοῦ
1236 1736 1330 1788 καὶ
1379 1735 1662 1807 συντυχίας
1704 1736 1802 1808 τῆς
1840 1736 1926 1791 διὰ

369 1825 614 1897 Βαρνάϐα
645 1826 754 1896 (55)
780 1827 912 1896 πρὸς
931 1828 1054 1890 τοὺς
1084 1825 1427 1889 ἀποστόλους.

461 1919 532 1970 Δ’.
569 1918 701 1989 Περὶ
737 1917 922 1971 Αίνὲου
966 1916 1330 1988 παραλυτικοῦ
1382 1917 1617 1981 ίαθέντος
1654 1919 1710 1970 ἐν
1748 1917 1923 1992 Λύδδη

364 2006 451 2060 διὰ
479 2007 680 2078 Πέτρου
705 2021 722 2040 ⁸
755 2009 774 2027 '
807 2009 864 2060 ὲν
891 1997 934 2074 ᾧ
973 2006 1042 2059 τὰ
1089 2007 1217 2078 περὶ
1250 2005 1457 2060 Ταϐιθά
1481 2007 1578 2077 τῆς
1611 2007 1919 2080 φιλοχήρου,

364 2099 428 2168 ἢν
453 2097 672 2168 ῆγειρεν
710 2097 775 2149 ἐκ
816 2095 1024 2168 νεκρῶν
1070 2098 1098 2151 6
1140 2095 1343 2167 Πέτρος
1387 2095 1474 2152 διὰ
1521 2097 1825 2167 προσευχῆς
1865 2098 1921 2149 ἐν

375 2186 586 2257 Ἰόππῃ.

432 2278 532 2330 IE'.
566 2277 702 2348 Περὶ
728 2275 1026 2346 Κορνηλίου
1059 2277 1157 2329 ὅσα
1182 2293 1240 2329 τε
1277 2277 1413 2347 πρὸς
1451 2276 1610 2329 αὐτὸν
1641 2277 1668 2328 6
1697 2275 1922 2344 ἄγγελος

364 2364 512 2422 εἶπεν
531 2385 544 2398 ο
576 2370 631 2422 ὲν
655 2361 699 2436 ᾧ
722 2370 815 2422 καὶ
838 2369 938 2422 ὅσα
965 2368 1155 2440 Πέτρῳ
1182 2366 1290 2439 (56)
1319 2367 1607 2439 οὐρανόθεν
1633 2369 1762 2438 περὶ
1788 2368 1919 2438 κλή-

364 2478 499 2524 σεως
536 2460 702 2515 ἐθνῶν
727 2461 950 2532 ἐρρήθη.
970 2462 988 2481 ⁶
1015 2462 1134 2515 Ὅτι
1166 2460 1518 2532 μετασταλεὶς
1543 2460 1572 2512 6
1597 2460 1800 2531 Πέτρος
1826 2455 1921 2530 ῆλ-

301 2539 308 2564 ’
362 2553 454 2606 θεν
479 2553 614 2624 πρὸς
639 2553 955 2624 Κορνήλιον.
980 2559 996 2574 ⁸
1032 2552 1397 2624 Ἐπανάληψις
1419 2551 1569 2625 παρά
1597 2551 1916 2624 Κορνηλίου,

361 2639 436 2699 ὧν
473 2643 623 2699 εἶπεν
650 2645 678 2697 6
705 2644 930 2714 ἄγγελος
955 2645 1062 2716 (57)
1105 2646 1250 2717 αὐτῷ
1297 2644 1375 2716 τῷ
1419 2643 1720 2715 Κορνηλίῳ.
1755 2645 1773 2667 θ
1815 2643 1918 2695 Πέ-

361 2754 487 2808 τρου
517 2738 815 2810 κατήχησις
849 2739 927 2801 είς
951 2738 1202 2808 Χριστὸν,
1227 2735 1321 2789 τοῦ
1344 2752 1403 2788 τε
1428 2736 1582 2804 ἁγίου
1607 2732 1919 2804 Πνεύματος

362 2824 452 2876 ἐπὶ
475 2825 598 2888 τοὺς
645 2824 937 2889 ἀκούοντας
965 2824 1161 2896 δωρεὰ,
1204 2826 1298 2879 καὶ
1324 2825 1471 2888 ὅπως
1515 2824 1917 2895 ἐϐαπτίσθησαν

361 2914 480 2968 τότε
509 2918 559 2970 oi
598 2915 657 2980 ἐξ
685 2915 852 2969 ὲθνῶν
890 2915 1298 2980 πιστεύσαντες.

431 3008 544 3074 ις’.
597 3008 684 3072 Ὦς
717 3007 920 3078 Πέτρος
943 3008 1010 3063 τά
1039 3009 1160 3063 καθ’
1193 3008 1319 3078 ἑξῆς
1350 3007 1444 3062 καὶ
1479 3006 1547 3061 τὰ
1575 3007 1780 3060 ἕκαστα
1808 3003 1916 3058 τῶν

362 3097 656 3166 γεγονότων
678 3096 937 3169 διηγεῖται
967 3101 1080 3162 τοῖς
1101 3099 1414 3162 ἀποστόλοις
1437 3096 1753 3169 διακριθεϊσι
1782 3096 1916 3167 πρὸς

360 3188 517 3244 αὐτόν
536 3205 550 3219 °
589 3193 607 3211 ⁶
638 3187 715 3259 τῷ
759 3189 1008 3259 τηνικάδε
1039 3189 1129 3242 τὸν
1174 3189 1457 3261 Βαρνάϐαν
1492 3187 1776 3259 ἐκπέμψας
1805 3187 1914 3258 (38)
1941 3217 1986 3278 c

362 3277 496 3350 πρὸς
523 3279 647 3341 τοὺς
681 3281 738 3331 ὲν
789 3279 1055 3351 Ἀντιοχίᾳ
1087 3278 1363 3349 ἀδελφούς.

431 3372 528 3424 IZ'.
589 3371 898 3442 Προφητεία
957 3372 1183 3441 Ἀγάϐου
1232 3373 1363 3443 περὶ
1394 3371 1552 3443 λιμοῦ
1605 3373 1912 3442 οίκουμενι-

361 3462 461 3532 κῆς
487 3460 594 3532 (59)
625 3459 719 3512 καὶ
748 3461 1119 3535 καρποφορίας
1147 3463 1284 3534 πρὸς
1313 3463 1437 3526 τοὺς
1468 3465 1526 3516 ὲν
1567 3462 1917 3535 Ἰερουσαλὴμ

359 3551 633 3621 ἀδελφούς.

430 3642 536 3695 1Η¹.
588 3641 841 3696 Ἰακώϐου
866 3640 960 3694 τοῦ
993 3641 1289 3695 ἀποστόλου
1316 3642 1641 3714 κατασφαγή
1678 3658 1692 3672 ο
1731 3643 1748 3661 '
1779 3643 1836 3693 ὲν
1869 3633 1915 3708 ᾧ

360 3732 456 3786 καὶ
486 3733 692 3805 Πέτρου
737 3733 992 3805 σύλληψις
1026 3733 1162 3805 πρὸς
1204 3732 1462 3804 Ἡρώδου,
1491 3734 1638 3798 ὅπως
1669 3750 1729 3787 τε
1755 3732 1916 3787 αὐτὸν

360 3823 583 3891 ἄγγελος
615 3823 742 3887 θείῳ
791 3824 1119 3895 κελεύσματι
1160 3823 1398 3891 ἐξείλατο
1430 3826 1537 3880 τῶν
1565 3823 1796 3895 δεσμῶν,
1823 3825 1917 3877 καὶ

358 3918 387 3968 ὁ
420 3915 622 3987 Πέτρος
663 3916 910 3987 ἐμφανὴς
949 3917 1237 3987 γενόμενος
1280 3917 1493 3988 νύκτωρ
1522 3919 1634 3980 τοῖς
1669 3917 1916 3986 ἀδελφοῖς

362 4005 780 4079 ὑπανεχώρησεν
799 4025 811 4038 ο
845 4009 860 4030 ‘
892 4009 949 4060 ὲν
978 4000 1022 4076 ᾧ
1057 4008 1183 4080 περὶ
1206 4008 1302 4079 τῆς
1337 4009 1444 4062 τῶν
1473 4009 1726 4079 φυλάκων
1756 4009 1915 4062 κολά-

361 4116 516 4161 σεως,
550 4099 644 4152 καὶ
674 4099 962 4169 μετέπειτα
1004 4098 1129 4170 περὶ
1166 4099 1265 4170 τῆς
1294 4101 1386 4154 τοῦ
1416 4099 1645 4166 άσεϐοῦς
1679 4105 1914 4176 Ἡρώδου

360 4192 559 4261 πικρᾶς
583 4207 641 4242 τε
672 4189 764 4242 καὶ
782 4188 1022 4260 ὀλεθρίου
1053 4192 1408 4262 κατασφαγῆς
1435 4192 1575 4263 (60).

429 4281 528 4335 ΙΘ’.
583 4281 873 4352 Ἀποστολὴ
922 4281 1176 4352 Βαρνάϐα
1223 4283 1316 4335 καὶ
1369 4283 1582 4338 Παύλου
1631 4286 1765 4356 πρὸς
1821 4285 1915 4338 τοῦ

361 4370 504 4424 Θείου
533 4371 671 4424 Πνεύ
682 4390 845 4443 ματος
871 4375 949 4434 εἰς
978 4370 1355 4438 Κύπρον,⁶ὅσα
1392 4391 1452 4427 τε
1485 4374 1780 4446 εἰργάσατο
1807 4375 1914 4444 (61)

358 4463 415 4515 ὲν
437 4462 656 4534 ὀνόματι
681 4464 913 4535 Χριστοῦ
940 4465 1017 4529 είς
1053 4465 1288 4536 Ἐλύμαν
1317 4467 1406 4519 τὸν
1435 4467 1624 4536 μάγον.

428 4557 510 4608 K'.
551 4556 759 4608 Παύλου
785 4557 1015 4630 εὐθαλὴς
1043 4557 1358 4612 διδασκαλία
1387 4560 1466 4622 εἰς
1486 4559 1737 4631 Χριστὸν,
1761 4559 1824 4613 έκ
1851 4576 1910 4612 τε

357 4644 450 4698 τοῦ
489 4646 652 4716 νόμου
695 4648 788 4700 καὶ
836 4647 957 4700 καθ’
1003 4649 1130 4719 ἑξῆς
1173 4648 1281 4702 τῶν
1321 4651 1633 4720 προφητῶν,
1668 4651 1910 4724 ἱστορικὴ

359 4735 451 4788 καὶ
479 4736 823 4807 εὐαγγελικῆο
851 4739 868 4757 ³
903 4737 960 4790 ὲν
991 4731 1035 4805 ᾧ
1070 4739 1357 4809 ὲλεγκτικῇ
1392 4739 1486 4791 καὶ
1535 4739 1908 4811 συλλογιστικῇ

357 4826 672 4898 διδασκαλίᾳ
703 4829 899 4899 χρῆται
920 4831 934 4848 ⁶
981 4831 1108 4902 περὶ
1134 4829 1470 4900 μεταθέσεως
1499 4830 1593 4883 τοῦ
1627 4832 1914 4903 κηρύγμα-

358 4935 448 4980 τος
474 4921 554 4982 είς
578 4920 645 4973 τά
675 4919 833 4992 ἔθνη,
860 4921 1096 4994 διωγμοῦ
1127 4939 1188 4976 τε
1221 4922 1396 4976 αὐτῶν
1437 4923 1531 4975 καὶ
1562 4923 1796 4991 ἀφίξεως
1831 4925 1911 4987 είς

372 5006 606 5061 Ἰκόνιον.

433 5101 561 5154 KA'.
609 5100 794 5168 Ὅπως
837 5104 895 5158 ὲν
949 5104 1151 5175 Ἰκονίῳ
1179 5104 1508 5177 κηρύξαντες
1540 5104 1629 5158 τὸν
1657 5104 1910 5178 Χριστὸν,

361 5189 566 5245 πολλῶν
597 5193 1018 5259 πιστευσάντων,
1050 5195 1380 5266 ἐδιώχθησαν
1409 5199 1456 5250 οἱ
1488 5197 1791 5251 ἀπόστολοι.

580 5435 743 5508 Οὐᾼδι⁹
765 5435 1047 5508 ἀργυρίου,
1065 5435 1280 5492 Euthal.

433 5504 544 5572 (54)
582 5504 815 5569 Δίδοται,
838 5508 909 5559 id.

435 5575 546 5647 (βξ)
584 5575 682 5628 Διὰ
710 5575 1012 5647 Βαρνάϐαν,
1048 5576 1119 5630 id.
1151 5578 1328 5631 minus
1351 5578 1503 5634 bene.

581 5647 694 5716 Kal.
722 5643 821 5699 ὅσα
847 5645 1005 5716 πάλιν
1037 5647 1245 5716 Πέτρῳ,
1286 5649 1354 5699 id.

433 5709 678 5839 (57).,1'0‘:
725 5717 752 5770 6
795 5715 1018 5785 ἄγγελος
1080 5709 1489 5788 ἐπὲμαρτύρησε
1557 5718 1646 5772 καὶ
1707 5719 1916 5793 πηγῷ

436 5799 514 5839 το.
544 5801 559 5839 ι
604 5825 618 5839 .

365 5796 514 5850 σατο,
544 5796 618 5840 ια.

2033 633 2282 702 ptizatos.

2102 813 2190 867 XI.
2225 813 2377 880 Quod
2411 829 2515 868 non
2562 817 2764 884 argenti
2793 817 2964 884 pretio
2993 858 3008 882 ,
3045 831 3217 886 neque
3247 811 3543 887 hypocritis
3564 856 3585 885 ,

2032 903 2125 957 sed
2158 904 2359 958 sanctis
2393 919 2487 973 per
2539 904 2695 957 fidem
2744 905 3084 974 participatio
3134 907 3304 960 sancti
3348 906 3580 975 Spiritus

2030 993 2186 1050 detur
2204 1013 2219 1061 ;
2240 995 2332 1050 ubi
2353 997 2419 1051 de
2447 996 2740 1067 hypocrisi,
2766 1007 2818 1052 et
2837 999 2904 1052 de
2928 998 3291 1068 increpatione
3316 998 3576 1056 Simonis.

2103 1169 2215 1223 XII.
2245 1169 2400 1236 Quod
2429 1172 2628 1240 probos
2660 1182 2713 1226 et
2735 1172 2916 1229 ﬁdeles
2945 1173 3088 1230 Deus
3129 1176 3195 1230 ad
3237 1177 3464 1231 salutem
3493 1177 3583 1234 der

2029 1261 2209 1325 ducat,
2243 1275 2301 1318 ut
2327 1265 2575 1334 exemplo
2600 1266 2834 1320 eunuchi
2857 1266 3034 1335 palam
3061 1277 3162 1321 est.

2098 1435 2235 1490 XIII.
2278 1436 2352 1490 De
2381 1437 2560 1492 divina
2590 1455 2656 1493 ex
2685 1441 2824 1495 cmlo
2851 1442 2991 1497 facta
3022 1445 3306 1500 vocatione
3333 1445 3482 1500 Pauli
3511 1448 3578 1502 ad

2029 1527 2390 1596 apostolatum
2417 1528 2653 1594 Christi;
2679 1531 2768 1585 ubi
2795 1532 2861 1586 de
2886 1534 3166 1588 curatione
3184 1544 3237 1589 et
3260 1537 3577 1606 baptismate

2026 1616 2180 1671 Pauli
2210 1633 2300 1686 per
2325 1617 2588 1673 Ananiam
2616 1623 2911 1675 secundum
2950 1626 3326 1680 revelationem
3365 1613 3487 1694 Dei;
3510 1629 3576 1684 de

2026 1707 2143 1775 ejus
2171 1706 2294 1760 item
2317 1705 2512 1760 fiducia
2540 1708 2592 1760 in
2617 1708 2906 1778 loquendo,
2931 1711 2996 1765 de
3015 1715 3290 1769 consortio
3310 1715 3427 1784 ejus
3452 1732 3577 1772 cum

2027 1797 2285 1867 apostolis
2315 1812 2409 1866 per
2437 1797 2756 1852 Barnabam.

1954 1887 1997 1942 B
2094 1886 2232 1940 XIV.
2276 1887 2349 1942 De
2373 1887 2546 1943 Euea
2573 1890 2887 1961 paralytico,
2911 1892 3004 1962 qui
3029 1892 3224 1964 Lydda:
3245 1911 3338 1966 per
3356 1897 3576 1954 Petrum

2023 1989 2244 2034 sanatus
2279 1989 2395 2046 est;
2433 1980 2524 2034 ubi
2566 1989 2619 2034 et
2655 1981 2720 2036 de
2755 1981 2982 2038 Tabitha
3022 1986 3305 2040 viduarum
3341 1999 3577 2058 amante,

2023 2086 2184 2140 quam
2222 2069 2412 2126 Petrus
2439 2069 2606 2141 Joppe
2629 2087 2722 2142 per
2750 2073 3047 2130 orationem
3075 2092 3105 2130 a
3139 2078 3368 2134 mortuis
3405 2082 3577 2136 susci-

2024 2164 2177 2217 tavit.

2095 2252 2210 2306 XV.
2252 2253 2326 2309 De
2353 2253 2626 2323 Cornelio,
2647 2265 2700 2310 et
2720 2273 2838 2326 quae
2859 2258 2959 2328 ipsi
2985 2262 3206 2330 angelus
3232 2263 3454 2331 dixerit;
3482 2265 3575 2320 ubi

2021 2345 2179 2398 etiam
2211 2359 2274 2400 ea
2312 2361 2434 2414 quae
2461 2345 2618 2402 Petro
2650 2347 2716 2402 de
2748 2349 2884 2404 caelo
2919 2351 3062 2405 circa
3093 2354 3427 2408 vocationem
3453 2373 3576 2425 gen-

2022 2438 2153 2492 tium
2197 2437 2340 2492 dicta
2390 2447 2537 2493 sunt.
2565 2438 2716 2505 Quod
2761 2451 3016 2496 evocatus
3055 2442 3246 2500 Petrus
3282 2449 3482 2502 venerit
3507 2450 3576 2504 ad

2019 2528 2350 2584 Cornelium.
2397 2529 2607 2599 Repetit
2647 2532 2928 2588 Cornelius
2967 2551 3030 2588 ea
3061 2553 3182 2606 quae
3214 2539 3315 2592 sibi
3353 2541 3576 2610 angelus

2019 2619 2246 2674 dixerat.
2272 2620 2414 2676 Petri
2438 2623 2735 2679 catechesis
2762 2625 2814 2677 in
2842 2624 3140 2692 Christum,
3175 2639 3224 2684 et
3248 2632 3421 2684 sancti
3449 2631 3572 2701 Spi-

2019 2710 2155 2764 ritus
2179 2712 2379 2766 donum
2406 2715 2746 2770 audientibus
2765 2717 3052 2784 collatum;
3076 2730 3124 2774 et
3153 2723 3427 2790 quomodo
3449 2731 3576 2778 tunc

2018 2802 2273 2871 baptizati
2306 2804 2416 2862 sint
2445 2806 2483 2860 ii
2515 2821 2580 2861 ex
2604 2808 2852 2877 gentibus
2872 2811 2965 2880 qui
2993 2811 3348 2866 crediderant.

2088 2979 2226 3034 XVI.
2269 2980 2549 3048 Quomodo
2588 2982 2784 3040 Petrus
2815 2985 3002 3039 ordine
3037 2986 3245 3055 singula
3277 3003 3396 3056 qua:
3431 2986 3571 3042 facta

2017 3069 2234 3126 fuerant
2299 3072 2561 3141 apostolis
2624 3089 2807 3129 secum
2857 3074 3280 3144 disceptantibus
3333 3089 3567 3133 enarrat.

2019 3159 2174 3216 Tune
2206 3159 2512 3217 Barnabam
2545 3165 2812 3218 miserunt
2837 3161 2902 3216 ad
2933 3160 3127 3219 fratres
3155 3166 3248 3235 qui
3274 3151 3574 3222 Antiochiae

2018 3262 2188 3308 erant.

2088 3341 2248 3396 XVII.
2291 3341 2578 3413 Prophetia
2623 3345 2792 3414 Agabi
2821 3344 2888 3401 de
2927 3344 3069 3400 fame
3104 3347 3158 3399 in
3196 3345 3325 3400 orbe
3354 3343 3568 3414 futura;

2016 3447 2070 3494 et
2112 3440 2178 3504 de
2220 3439 2500 3509 largitione
2531 3438 2671 3492 facta
2713 3439 2974 3495 fratribus
3009 3441 3102 3511 qui
3132 3451 3285 3496 erant
3317 3442 3370 3495 in
3410 3439 3569 3496 Jeru-

2019 3530 2206 3585 salem.

2086 3620 2271 3677 XVIII.
2312 3622 2498 3677 Jacobi
2529 3623 2756 3693 apostoli
2793 3622 2988 3686 caedes,
3013 3632 3067 3678 et
3095 3623 3236 3678 Petri
3262 3627 3330 3680 ab
3364 3625 3570 3682 Herode

2017 3715 2336 3783 apprehensi
2363 3714 2627 3781 historia;
2661 3722 2716 3768 et
2739 3713 3013 3782 quomodo
3047 3715 3220 3784 ipsum
3248 3717 3467 3787 angelus
3487 3719 3568 3770 di-

2016 3806 2144 3860 vino
2171 3805 2322 3875 jussu
2369 3808 2570 3862 eruerit
2608 3823 2676 3862 ex
2698 3805 2966 3867 vinculis;
3013 3819 3076 3859 ac
3119 3803 3328 3872 Petrus,
3359 3823 3482 3862 cum
3513 3810 3566 3862 in

2016 3907 2362 3968 conspectum
2393 3900 2621 3954 fratrum
2660 3907 2821 3954 noctu
2849 3899 3106 3964 venisset,
3133 3900 3447 3966 recesserit;
3477 3900 3566 3954 ubi

2016 3987 2176 4041 etiam
2207 3988 2274 4044 de
2304 4004 2463 4059 ptena
2499 3991 2800 4056 custodum,
2833 3989 3026 4044 deinde
3057 3991 3123 4045 de
3156 3989 3304 4059 impii
3342 3988 3568 4046 Herodis

2017 4080 2211 4134 acerba
2239 4089 2293 4134 et
2319 4081 2611 4135 miserabili
2633 4083 2776 4137 czede
2799 4081 2914 4152 (per
2935 4083 3227 4153 angelum).

2086 4259 2228 4315 XIX.
2268 4260 2454 4316 Missio
2485 4261 2745 4317 Barnabze
2767 4272 2818 4317 et
2844 4262 2995 4318 Pauli
3017 4279 3113 4333 per
3133 4264 3370 4319 divinum
3396 4263 3566 4336 Spiri-

2017 4357 2133 4404 tum
2164 4351 2220 4404 in
2249 4350 2509 4422 Cyprum,
2543 4361 2595 4407 et
2617 4369 2735 4422 qua:
2764 4352 2948 4409 fecerit
2981 4353 3222 4426 (Paulus)
3259 4355 3314 4410 in
3348 4359 3565 4414 nomine

2021 4440 2222 4495 Christi
2245 4455 2370 4510 erga
2400 4439 2642 4509 Elymam
2669 4455 2905 4509 magum.

1941 4553 1986 4608 ι)
2087 4530 2206 4586 XX.
2247 4530 2396 4585 Pauli
2430 4533 2697 4588 excellens
2735 4534 2977 4588 doctrina
3017 4533 3158 4588 circa
3192 4531 3465 4588 Christum
3497 4550 3562 4590 ex

2013 4624 2129 4695 lege
2174 4639 2238 4678 ac
2281 4625 2472 4679 deinde
2515 4639 2581 4679 ex
2627 4625 2923 4694 prophetis,
2968 4625 3166 4695 illaque
3210 4627 3472 4681 historica
3511 4637 3564 4683 et

2011 4716 2320 4786 evangelica
2343 4733 2358 4781 ;
2389 4715 2477 4769 ubi
2509 4715 2868 4771 confutatoria
2895 4725 2947 4770 et
2975 4716 3299 4786 syllogistica
3319 4717 3560 4771 doctrina

2014 4806 2186 4860 utitur
2215 4806 2359 4861 circa
2388 4806 2796 4860 translationem
2825 4806 3226 4875 praadicationis
3255 4808 3320 4862 ad
3355 4819 3558 4878 gentes.

2014 4894 2090 4950 De
2120 4895 2494 4966 persecutione
2523 4896 2781 4952 adversus
2807 4896 2928 4950 illos
2959 4897 3211 4964 excitata,
3255 4906 3310 4953 et
3336 4897 3401 4952 de
3437 4898 3561 4968 fuga

2015 4986 2276 5042 Iconium.

2083 5077 2222 5132 XXI.
2262 5077 2543 5144 Quomodo
2574 5078 2803 5148 apostoli
2843 5077 3120 5136 Christum
3167 5078 3328 5134 lconii
3364 5078 3561 5148 praedi-

2013 5179 2216 5236 cantes,
2273 5169 2457 5224 multis
2510 5169 2875 5238 credentibus,
2930 5169 3358 5240 persecutionem
3415 5167 3561 5237 passi

2013 5265 2140 5316 sint.

2083 5438 2333 5512 (58)_Id.,
2362 5439 2423 5512 τὸ
2446 5440 2696 5512 τηνικάδε
2725 5440 2812 5493 τὸν
2845 5439 3124 5510 Βαρνάϐαν
3158 5439 3561 5512 ἐκπέμψασα-.

2013 5505 2187 5581 Forte;
2204 5507 2475 5581 ἔπεμψαν.
2499 5505 2719 5581 Μομτῆ

2089 5577 2200 5653 (59)
2239 5577 2725 5653 Ιᾱζ,ίοικουμένης,
2769 5582 3039 5650 quomodo
3077 5582 3237 5636 etiam
3278 5584 3560 5653 legendum

2015 5648 2428 5705 Montfauconus
2453 5648 2771 5719 conjecerat.

2088 5719 2196 5786 (60)
2238 5721 2309 5774 Id.
2322 5762 2334 5783 ,
2368 5719 2756 5790 καταστροφῆς.

2089 5793 2140 5858 (6
2153 5791 2194 5856 Ι)
2227 5793 2303 5856 Id.
2336 5795 2674 5864 είργάσαντο,
