3982 6346
430 351 455 405 Ι
465 350 568 406 555

1615 353 1672 407 S.
1712 348 2033 407 PAMPHILI
2074 347 2428 407 MARTYRIS

3502 352 3645 406 {5736

496 468 661 526 XXII.
700 469 774 526 De
791 470 983 527 claudo
1005 472 1073 527 ab
1101 481 1226 528 ortu
1255 473 1346 543 qui
1379 471 1585 544 Lystris
1611 480 1749 536 erat,
1779 471 1957 541 quiqul

2150 468 2275 520 KB'.
2317 468 2449 538 Περὶ
2468 465 2562 519 τοῦ
2582 466 2642 521 ἐν
2666 466 2929 539 Λύστροις
2959 470 3024 521 ἐκ
3051 469 3308 538 γεννητῆς
3330 468 3439 539 (62)
3466 467 3640 538 χωλοῦ

423 560 495 617 ab
520 563 775 632 apostolis
802 572 1022 618 sanatus
1056 574 1137 619 est
1162 583 1174 618 :
1199 573 1525 635 quapropter
1552 564 1619 619 ab
1641 564 1833 619 incolis
1853 563 1957 616 deo

2084 556 2323 620 ίαθέντος
2361 556 2449 609 διά
2478 555 2583 609 τῶν
2641 556 2977 609 ἀποστόλων·
3018 557 3204 626 διόπερ
3242 554 3381 610 εἷναί
3425 575 3486 610 τε
3526 557 3641 611 θεοὶ

423 668 545 708 esse
599 663 652 709 et
694 656 978 710 advenisse
1022 666 1269 725 putatum
1313 666 1413 712 est.
1455 656 1555 712 Ubi
1590 657 1752 713 etiam
1796 666 1957 725 poste:

2079 649 2173 703 καὶ
2208 649 2458 717 παρεῖναι
2500 646 2684 714 ἔδοξαν
2728 652 2843 712 τοῖς
2883 650 3186 722 ἐγχωρίοις.
3225 649 3394 703 Ἔνθα
3441 650 3505 720 δὴ
3542 651 3635 704 καὶ

422 743 626 802 Paulus
646 748 921 818 Iapidatur
942 764 972 803 a
1000 750 1377 819 papularibus.

493 920 678 976 XXIII.
717 921 870 989 Quod
903 940 969 979 ex
995 924 1244 996 dogmate
1272 936 1327 983 et
1360 927 1569 996 judicio
1607 930 1974 999 apostolorum

422 1028 530 1067 non
577 1023 822 1081 oporteat
870 1015 1054 1072 ﬁdeles
1094 1032 1159 1072 ex
1200 1019 1445 1089 gentibus
1487 1020 1834 1089 circumcidi;
1883 1023 1975 1076 ubi

420 1104 646 1172 epistola
680 1106 1045 1175 apostolorum
1080 1109 1145 1162 ad
1169 1108 1353 1164 ﬁdeles
1375 1124 1440 1164 ex
1469 1110 1717 1181 gentibus
1743 1112 1886 1167 circa
1910 1127 1973 1166 ea

420 1211 453 1250 a
480 1196 678 1265 quibus
708 1213 829 1252 sese
865 1199 1142 1255 custodire
1174 1201 1456 1256 debebant.
1499 1202 1791 1259 Dissidium
1820 1203 1971 1260 Pauli

419 1306 541 1343 cum
574 1288 814 1345 Barnaba
836 1299 1055 1360 propter
1079 1291 1340 1348 Marcum.

489 1378 677 1433 XXIV.
719 1380 793 1435 De
811 1382 1079 1437 catechesi
1101 1381 1387 1450 Timothei,
1404 1395 1458 1442 et
1476 1387 1542 1442 de
1558 1385 1798 1457 profectu
1816 1384 1968 1441 Pauli

419 1468 474 1521 in
506 1468 871 1524 Macedoniam
903 1487 997 1541 per
1018 1474 1429 1542 revelationem;
1456 1478 1543 1531 ubi
1567 1478 1633 1533 de
1660 1477 1763 1533 llde
1791 1489 1845 1533 et
1874 1494 1967 1533 sa-

416 1558 528 1613 lute
549 1561 793 1616 mulieris
813 1561 1093 1631 cujusdam
1113 1562 1310 1635 Lydiae,
1331 1566 1470 1621 etde
1486 1567 1763 1624 curatione
1779 1570 1966 1638 puellae

416 1664 536 1718 qua:
563 1650 812 1719 spiritum
852 1652 1113 1723 Pythonis
1140 1655 1391 1723 habebat,
1433 1666 1649 1728 propter
1672 1673 1833 1729 quam
1870 1661 1964 1715 do-

415 1742 548 1797 mini
571 1743 763 1813 puella:
781 1742 1006 1800 Paulum
1036 1748 1089 1821 in
1120 1763 1388 1802 carcerem
1418 1748 1788 1819 conjecerunt;
1815 1768 1878 1807 ac
1897 1753 1962 1807 de

412 1840 570 1889 teme
602 1843 750 1889 motu
786 1836 880 1904 qui
917 1836 1115 1892 ibidem
1145 1839 1384 1909 contigit,
1418 1855 1516 1897 nec
1549 1857 1656 1896 non
1693 1842 1760 1898 de
1796 1844 1960 1897 mira-

411 1924 537 1977 culo
566 1943 579 1978 :
610 1934 664 1979 et
697 1928 968 1994 quomodo
996 1929 1227 1982 carceris
1267 1938 1450 1984 custos
1472 1945 1593 1985 cum
1621 1932 1955 1997 credidisset,

412 2028 474 2068 ea
502 2014 618 2084 ipsa
659 2024 814 2072 nocte
847 2017 1029 2073 statim
1066 2018 1368 2087 baptizatus
1397 2029 1480 2075 est
1508 2038 1629 2078 cum
1654 2033 1763 2079 tota
1796 2024 1957 2080 domo

413 2121 534 2162 sua.
570 2107 722 2174 Quod
761 2110 932 2180 rogati
974 2110 1198 2179 apostoli
1230 2119 1355 2167 tunc
1374 2113 1578 2182 egressi
1609 2115 1717 2170 sint
1743 2132 1810 2172 ex
1837 2133 1956 2172 car-

410 2211 550 2251 cere.

483 2287 648 2343 XXV.
691 2289 765 2343 De
813 2290 1074 2348 seditione
1124 2291 1519 2351 Thessalonicae
1555 2294 1694 2353 facta
1737 2309 1954 2369 propter

409 2379 866 2448 pmdicationem,
904 2392 957 2437 et
998 2383 1065 2438 de
1094 2383 1217 2455 fuga
1250 2384 1400 2441 Pauli
1446 2385 1687 2443 Berteam
1736 2401 1789 2446 et
1830 2391 1952 2447 inde

408 2470 667 2525 Athenas.

478 2561 665 2617 XXVI.
707 2563 782 2620 De
815 2565 1166 2637 inscriptione
1205 2570 1434 2628 Athenis
1469 2589 1632 2644 super
1665 2564 1854 2642 altari;
1884 2577 1950 2631 de

406 2652 775 2724 philosophica
811 2657 1183 2725 praedicatione
1209 2670 1262 2716 et
1285 2663 1481 2732 pietate
1501 2663 1676 2720 Pauli.

476 2745 681 2802 XXVII.
722 2748 796 2806 De
818 2750 1009 2820 Aquila
1038 2762 1091 2808 et
1122 2752 1384 2819 Priscilla,
1411 2765 1466 2812 et
1483 2756 1550 2811 de
1577 2758 1948 2814 incredulitate

402 2835 836 2908 Corinthiorum,
877 2845 1088 2899 etiamsi
1126 2843 1295 2901 Paulo
1326 2848 1621 2903 secundum
1662 2851 1948 2919 praescien-

405 2929 534 2981 tiam
576 2928 964 2999 beneplacitum
1003 2931 1095 2988 Dei
1130 2950 1256 3004 erga
1289 2934 1412 2988 illos
1448 2935 1737 2990 revelatum
1767 2946 1943 3006 esset;

405 3019 495 3073 ubi
524 3020 593 3074 de
612 3017 795 3075 Prisco
819 3021 1050 3092 (Crispo)
1075 3025 1513 3095 archisynagogo,
1553 3026 1645 3095 qui
1673 3042 1794 3081 cum
1826 3028 1944 3083 aliis

2081 740 2373 812 μετέπειτα
2403 737 2675 803 λιθάζεται
2718 741 2747 793 ὁ
2790 742 2999 805 Παῦλος
3037 740 3188 815 παρά
3228 740 3336 794 τῶν
3383 742 3636 809 ἀστυγει-

2076 834 2261 886 τόνων.

2142 926 2267 980 KI".
2302 926 2423 980 Ὅτι
2464 927 2523 979 ού
2552 926 2634 979 δεῖ
2656 923 3075 996 περιτέμνεσθαι
3100 925 3224 987 τοὺς
3252 924 3311 990 ἐξ
3337 924 3504 978 ἐθνῶν
3537 941 3631 978 πι-

2076 1016 2379 1083 στεύοντας,
2427 1018 2651 1088 δόγματι
2681 1018 2775 1070 καὶ
2812 1017 2991 1087 κρίσει
3021 1016 3126 1069 τῶν
3156 1018 3485 1071 ἀποστόλων·
3513 1020 3532 1038 "
3568 1021 3630 1070 ἐν

2071 1098 2116 1172 ᾧ
2161 1105 2410 1177 ἐπιστολὴ
2456 1107 2635 1161 αὐτῶν
2674 1106 2981 1160 ἀποστόλων
3018 1105 3154 1175 πρὸς
3183 1106 3309 1168 τοῦς
3352 1107 3413 1171 ἐξ
3458 1107 3631 1161 ἐθνῶν

2071 1196 2198 1266 περὶ
2227 1196 2334 1252 τῶν
2365 1197 2677 1267 φυλακτέων
2695 1198 2801 1268 (65)
2835 1201 2850 1219 ⁶
2893 1198 3230 1269 Ἀντίῤῥησις
3251 1199 3465 1252 Παύλου
3491 1199 3631 1271 πρὸς

2071 1288 2352 1360 Βαρνάϐαν
2382 1288 2471 1342 διὰ
2501 1291 2742 1360 Μάρκον.

2062 1396 2071 1407 ·
2139 1382 2261 1434 ΚΔθ.
2296 1380 2431 1452 Περὶ
2481 1382 2832 1453 κατηχήσεως
2880 1378 3166 1450 Τιμοθέου,
3214 1379 3306 1433 καὶ
3349 1380 3450 1450 τῆς
3502 1379 3627 1433 κατ’

2067 1470 2403 1542 ἀποκάλυψιν
2429 1471 2668 1541 ἀφίξεως
2698 1470 2908 1524 Παύλου
2940 1472 3019 1534 είς
3048 1470 3405 1524 Μακεδονίαν·
3441 1476 3462 1494 ⁶
3490 1473 3548 1524 ἐν
3579 1465 3625 1540 ᾧ

2067 1561 2194 1633 περὶ
2221 1562 2452 1626 πίστεως
2476 1563 2569 1616 κα)⁵
2604 1562 2873 1634 σωτηρίας
2907 1562 3160 1630 γυναικός
3192 1578 3333 1626 τινος
3358 1562 3576 1626 Λυδίας,
3604 1564 3626 1585 ⁸

2065 1652 2156 1705 κα)¹
2186 1652 2312 1723 περὶ
2348 1650 2539 1715 ίάσεως
2569 1651 2667 1722 τῆς
2704 1650 2917 1721 πνεῦμα
2950 1649 3204 1714 Πύθωνος
3232 1651 3459 1723 ἐχούσης
3492 1671 3622 1705 παι-

2061 1742 2270 1812 δίσκης,
2301 1742 2368 1795 δι’
2400 1744 2466 1813 ἢν
2492 1742 2585 1795 τὸν
2606 1741 2815 1795 Παῦλον
2844 1740 3135 1814 καθεῖρξαν
3161 1742 3206 1794 οί
3241 1742 3493 1795 δεσπόται
3521 1745 3621 1797 αύ-

1996 1806 2033 1859 Β
2062 1833 2158 1903 τῆς
2185 1806 2281 1903 τῆς
2306 1806 2612 1903 παιδίσκης·
2644 1836 2663 1853 ‘
2699 1832 2792 1886 καὶ
2824 1833 2950 1902 περὶ
2977 1806 3069 1884 τοῦ
3100 1830 3402 1901 συμϐάντος
3442 1833 3619 1884 ἐκεῖσε

2064 1924 2284 1995 σεισμοῦ
2317 1925 2410 1979 καὶ
2441 1924 2747 1997 θαύματος·
2800 1926 2893 1978 καὶ
2932 1924 3077 1988 ὅπως
3110 1923 3401 1987 πιστεύσας
3425 1924 3454 1976 ὀ
3504 1924 3622 1995 εἱρ-

2060 2015 2347 2086 κτοφύλαξ,
2381 2018 2439 2069 ἐν
2463 2018 2598 2088 αὐτῇ
2631 2020 2697 2089 τῇ
2729 2018 2886 2072 νυκτὶ
2913 2015 3214 2086 ἐϐαπτίσθη
3255 2013 3613 2086 παραχρῆμα,

2060 2105 2344 2170 πανεύτιος
2373 2106 2504 2177 (64).
2539 2108 2559 2130 ‘
2599 2108 2719 2161 Ὅτι
2769 2107 3209 2179 παρακληθέντες
3244 2105 3455 2178 ἐξῆλθον
3484 2107 3609 2159 τότε

2058 2199 2122 2252 ἐκ
2149 2198 2243 2252 τοῦ
2268 2198 2635 2271 δεσμωτηρίου
2666 2202 2715 2253 oi
2746 2199 3049 2254 ἀπόστολοι.

2126 2289 2251 2342 ΚΕ’.
2294 2290 2429 2361 Περὶ⁴
2461 2291 2699 2355 στάσεως
2728 2290 3024 2361 γενομένης
3041 2291 3097 2342 ἐν
3121 2288 3481 2360 θεσσαλονίκη
3508 2287 3602 2341 τοῦ

2056 2379 2408 2452 κηρύγματος
2439 2381 2642 2445 ἕνεκεν,
2676 2382 2853 2453 φυγῆς
2898 2399 2956 2436 τε
3002 2382 3212 2436 Παύλου
3246 2384 3326 2446 είς
3370 2381 3606 2452 Βέροιαν,

2059 2470 2310 2524 κάκεῖθεν
2337 2474 2417 2536 είς
2462 2472 2702 2545 Ἀθήνας.

2126 2562 2269 2627 Kq'.
2308 2561 2445 2634 Περὶ
2490 2562 2587 2633 τῆς
2630 2565 2687 2617 ἐν
2746 2563 2990 2637 Ἀθήναις
3043 2564 3343 2636 ἐπιϐωμίου
3373 2562 3610 2636 γραφῆς,

2055 2650 2339 2721 φιλοσόφου
2364 2669 2425 2706 τε
2452 2653 2801 2725 κηρύγματος
2820 2654 2915 2708 καὶ
2938 2655 3216 2719 εὐσεϐείας
3244 2654 3340 2708 τοῦ
3372 2655 3609 2709 Παύλου.

2121 2744 2244 2797 KZ'.
2282 2746 2417 2818 Περὶ
2458 2746 2656 2801 Ἀκύλα
2682 2747 2776 2801 καὶ
2813 2747 3138 2820 Πρισκίλλης
3167 2749 3259 2801 καὶ
3286 2749 3384 2818 τῆς
3415 2749 3613 2817 Κοριν-

2052 2835 2180 2889 θίων
2210 2836 2509 2901 ἀπειθείας,
2545 2838 2761 2908 καὶτῆς
2787 2839 2925 2893 κατά
2953 2840 3255 2910 πρόγνωσιν
3285 2840 3468 2899 αὐτοῖς
3496 2839 3608 2908 (65)

2050 2928 2293 2993 εὐδοκίας
2323 2928 2416 2983 τοῦ
2441 2928 2577 2983 Θεοῦ
2603 2930 3073 3001 ἀποκαλυφθείσης
3099 2931 3179 3002 τῷ
3194 2932 3406 3002 Παύλῳ·
3433 2937 3450 2954 ⁸
3473 2933 3529 2984 ἐν
3561 2925 3610 2999 ᾧ

2049 3023 2176 3092 περὶ
2207 3020 2444 3093 Πρίσκου
2476 3021 2585 3093 (66)
2615 3021 3059 3094 ἀρχισυναγώγου
3093 3023 3479 3087 πιστεύσαντος
3509 3025 3609 3076 σὺν

403 3108 722 3174 quibusdam
743 3109 967 3164 credidit
988 3119 1036 3164 et
1058 3111 1359 3180 baptizatus
1379 3121 1479 3168 est.
1506 3112 1660 3180 Quod
1681 3115 1945 3172 seditione

2056 3111 2252 3185 Ιιτέροις
2281 3113 2421 3167 τισὶν
2440 3114 2534 3167 κα)⁵
2566 3113 2965 3184 βαπτισθέντος.
2998 3117 3014 3135 ⁸
3043 3115 3163 3168 Ὀτι
3195 3115 3435 3179 στάσεως
3458 3133 3609 3187 κινη-

399 3199 644 3253 Corinthi
677 3209 853 3264 mota,
889 3200 1089 3259 Paulus
1134 3205 1446 3272 recesserit;
1501 3215 1555 3262 et
1611 3208 1778 3278 quod,
1820 3225 1940 3264 cum

2056 3203 2233 3273 θείσης
2265 3205 2322 3255 ὲν
2363 3204 2630 3276 Κορίνθῳ,
2668 3207 2697 3258 ὁ
2729 3205 2936 3271 Παῦλος
2969 3206 3406 3278 ὑπανεχώρησεν·
3434 3206 3606 3261 ἐλθών

400 3288 666 3359 Ephesum
692 3293 943 3359 venisset,
971 3293 1181 3351 exierit.
1215 3294 1289 3351 De
1314 3296 1504 3367 Apollo
1524 3297 1642 3355 viro
1661 3301 1944 3372 eloquente

2056 3311 2101 3346 re
2125 3296 2204 3357 είς
2240 3296 2470 3364 Ἔφεσον
2518 3297 2610 3350 καὶ
2640 3297 2960 3368 διαλεχθεὶς,
2989 3298 3235 3369 ἐξῆλθεν.
3259 3301 3273 3317 ⁸
3316 3300 3427 3352 Καὶ
3474 3300 3605 3371 περὶ

400 3396 464 3435 ac
491 3381 648 3436 tideli.

2056 3384 2290 3438 Ἀπολλὼ
2320 3387 2509 3459 ἀνδρὸς
2539 3388 2717 3458 λογίου
2745 3389 2838 3443 καὶ
2869 3389 3079 3443 πιστοῦ.

470 3470 700 3529 XXVIII.
742 3472 817 3530 De
840 3476 1159 3546 baptismate
1185 3488 1236 3535 et
1260 3480 1327 3535 de
1352 3478 1584 3550 Spiritus
1607 3482 1781 3538 sancti
1801 3481 1942 3538 dono

2110 3478 2244 3532 κη’.
2279 3480 2417 3551 Περὶ
2460 3479 2829 3551 βαπτίσματος
2856 3481 2950 3535 καὶ
2980 3481 3078 3551 τῆς
3106 3480 3199 3535 τοῦ
3239 3481 3393 3550 ἁγίου
3431 3482 3607 3535 Πνεύο

398 3577 658 3621 concesso
690 3566 1030 3624 credentibus
1065 3568 1261 3639 Ephesi
1302 3586 1396 3641 per
1437 3573 1732 3627 orationem
1764 3571 1937 3640 Pauli,

2056 3584 2207 3633 ιατος
2248 3570 2454 3642 δωρεᾶς
2498 3571 2743 3642 δοθείσης
2774 3570 2860 3626 διὰ
2901 3575 3202 3645 προσευχῆς
3242 3572 3453 3626 Παύλου
3487 3577 3599 3636 τοῖς

396 3665 449 3709 et
489 3660 762 3715 curatione
808 3663 1008 3732 populi.
1057 3661 1132 3718 De
1174 3664 1297 3720 ﬁliis
1327 3664 1527 3736 Scevze,
1572 3676 1626 3723 et
1660 3670 1804 3737 quod
1832 3685 1938 3724 non

2056 3677 2098 3713 εν
2157 3660 2363 3735 Ἐφέσῳ
2418 3665 2727 3717 πιστεύουσι
2756 3663 2886 3736 (67),
2943 3664 3035 3718 καὶ
3079 3666 3206 3737 περὶ
3253 3665 3448 3729 ἰάσεως
3498 3665 3596 3718 τοῦ

394 3757 636 3817 oporteat
661 3752 914 3807 accedere
935 3753 999 3808 ad
1028 3753 1268 3811 inﬁdeles
1291 3763 1345 3811 et
1365 3756 1469 3812 tide
1494 3759 1763 3830 indignos,
1789 3775 1852 3814 ac
1874 3762 1940 3816 de

2056 3756 2183 3811 lacu.
2216 3759 2236 3781 "
2269 3755 2402 3827 Περὶ
2420 3755 2527 3809 τῶν
2558 3754 2688 3807 υἱῶν
2710 3754 2906 3822 Σκευᾶ,
2936 3757 3029 3809 καὶ
3052 3757 3135 3809 ὅτι
3156 3757 3215 3809 ού
3244 3756 3323 3809 δεῖ
3346 3773 3601 3828 προσχωι-

394 3839 729 3898 eonl‘essione
767 3846 1116 3902 credentium.
1160 3844 1235 3902 De
1272 3849 1531 3905 seditione
1568 3849 1765 3920 Ephesi
1795 3862 1939 3907 mota

2056 3850 2150 3901 »εῖν
2178 3846 2287 3920 (68)
2317 3847 2564 3910 ἀπίστοις
2591 3847 2683 3900 καί¹
2715 3846 2954 3913 ἀναξίοις
2984 3848 3081 3919 τῆς
3109 3848 3345 3912 πίστεως
3369 3848 3592 3919 γινομέ-

394 3946 489 3998 per
514 3930 840 3990 Demetrium
869 3939 1229 4009 argentarium
1251 3949 1441 3997 contra
1465 3943 1759 4011 apostolus.

2056 3955 2172 4004 νοις,
2237 3937 2331 3991 κα)⁸
2375 3938 2503 4007 περὶ
2558 3935 2988 4007 ἐξομολογήσεως
3037 3936 3142 3990 τῶν
3191 3939 3552 3992 πιστευόντων
3571 3955 3589 3971 ·

2035 4032 2055 4052 ’
2077 4029 2204 4100 περὶ
2228 4028 2325 4097 τῆς
2342 4028 2400 4080 ἐν
2430 4026 2639 4097 Ἐφέσῳ
2669 4027 2978 4099 κινηθείσης
3007 4028 3247 4093 στάσεως
3279 4030 3384 4083 ὑπὸ
3405 4033 3594 4103 Δημη-

2031 4120 2183 4192 ⁶ι·ρίου
2213 4118 2307 4173 τοῦ
2336 4118 2712 4189 ἀργυροκόπου
2742 4118 2882 4172 κατά
2905 4118 3013 4172 τῶν
3041 4120 3373 4174 ἀποστόλων.

2102 4209 2230 4265 KG'.
2275 4209 2525 4281 Περίοδος
2558 4209 2791 4272 Παύλου,
2821 4211 2879 4262 ἐν
2909 4205 2943 4284 ᾖ
2972 4211 3038 4264 τά
3083 4212 3211 4283 περὶ
3236 4211 3328 4265 τοῦ
3359 4211 3588 4266 θανάτου

2031 4306 2124 4359 καὶ
2154 4302 2498 4375 ἀνακλήσεως
2530 4303 2769 4373 Εὐτύχου
2802 4302 2890 4356 διὰ
2912 4304 3215 4374 προσευχῆς
3253 4306 3311 4357 ἐν
3339 4305 3589 4375 Τρωάδι·

462 4193 654 4250 XXIX.
693 4194 956 4253 Periodus
984 4197 1158 4268 Pauli,
1191 4202 1281 4257 ubi
1311 4202 1378 4258 de
1409 4212 1583 4259 morte
1614 4213 1668 4258 et
1693 4219 1935 4261 resurre-

390 4286 568 4340 ctione
617 4286 845 4360 E'utycbi
894 4290 949 4346 in
999 4291 1206 4348 Troade
1255 4309 1349 4363 per
1401 4295 1697 4350 orationem
1741 4295 1930 4352 Pauli:

389 4376 791 4435 adhortationes
832 4382 1125 4450 pastorales
1158 4383 1398 4451 ejusdem
1431 4383 1581 4438 Pauli
1609 4386 1676 4440 ad
1706 4388 1929 4458 presby-

2056 4397 2377 4469 παραινέσεις
2404 4412 2465 4449 τε
2490 4394 2653 4450 αὑτοῦ
2687 4394 2898 4449 Παύλου
2924 4396 3278 4466 ποιμαντικαὶ
3304 4395 3415 4467 (69)
3448 4396 3587 4467 πρὸς

388 4476 532 4523 teros
573 4467 788 4538 Ephesi.
838 4468 1119 4543 Navigatio
1169 4473 1318 4529 Pauli
1370 4473 1581 4545 Epheso
1628 4475 1925 4534 Ctesaream

2056 4467 2156 4552 τοῦς
2195 4489 2251 4542 ἐν
2310 4487 2517 4557 Ἐφέσῳ
2560 4486 2987 4559 πρεσϐυτέρους·
3020 4490 3036 4507 ⁸
3081 4489 3137 4540 ἐν
3184 4479 3229 4555 ᾧ
3267 4487 3587 4559 παράπλους

384 4556 698 4615 Ρίὶίῖἓδῑίηαε-
1960 4556 2000 4567 ’-
2031 4580 2241 4634 Παύλου
2282 4578 2389 4632 ἀπὸ
2432 4556 2653 4647 Ἐιρέσου
2693 4556 3192 4650 ἄχρι-Καισαρείας
3235 4556 3582 4649 τῆςνΠαλαι-

2029 4669 2230 4729 στίνης.

2095 4687 2467 4827 ἵζὶς.’Δγάϐου
2499 4757 2804 4830 προφητεία
2842 4759 2969 4831 περὶ
3009 4757 3115 4813 τῶν
3157 4759 3583 4832 συμϐησομένων

2023 4848 2102 4915 τῷ
2130 4848 2322 4919 Παύλῳ
2353 4850 2412 4903 ἐν
2451 4848 2816 4921 Ἰερουσαλήμ.

2095 4939 2217 4992 AA'.
2255 4940 2577 5011 Παραίνεσις
2615 4938 2866 4992 Ἰακώϐου
2913 4939 3048 5011 πρὸς
3075 4938 3283 4994 Παῦλον
3306 4941 3432 5010 περὶ
3457 4939 3575 5004 τοῦ,

2027 5031 2100 5103 μὴ
2131 5030 2304 5083 δοκεῖν
2332 5029 2557 5084 κωλύειν
2594 5030 2875 5101 Ἐϐραίους
2902 5030 3329 5102 περιτέμνεσθαι.

2091 5123 2212 5177 AB’.
2255 5123 2389 5193 Περὶ
2415 5123 2515 5194 τῆς
2563 5125 2621 5175 ἐν
2666 5122 3016 5194 Ἰερουσαλὴμ
3057 5122 3196 5177 κατά
3234 5121 3328 5175 τοῦ
3361 5121 3573 5175 Παύλου

379 5190 627 5263 Paulum,
658 5206 713 5253 et
741 5199 1012 5269 quomodo
1047 5217 1169 5258 eum
1217 5206 1461 5260 centurio
1506 5220 1535 5259 a
1580 5206 1924 5261 multitudine

2063 5190 2347 5284 ινηθείσης
2361 5190 2602 5276 ἀταξίας,
2639 5190 2787 5278 ὅπως
2814 5231 2874 5266 τε
2919 5190 3080 5267 αύτὸν
3106 5215 3135 5267 ὁ
3166 5212 3439 5285 χιλίαρχος
3476 5212 3573 5267 τοῦ

376 5287 670 5357 eripuerit;
701 5291 794 5346 ubi
830 5290 981 5347 Pauli
1008 5297 1196 5351 concio
1224 5298 1289 5352 de
1320 5313 1377 5353 se
1419 5298 1559 5366 ipso,
1590 5308 1644 5354 et
1670 5300 1733 5355 de
1763 5316 1923 5357 voca-

2056 5304 2257 5376 ;λήθους
2290 5303 2612 5376 ἐξαιρεῖται·
2644 5307 2662 5325 ⁹
2690 5306 2749 5359 ἐν
2779 5299 2823 5372 ᾧ
2853 5304 3062 5358 Παύλου
3091 5304 3415 5368 κατάστασις
3442 5304 3573 5372 περὶ

454 4732 621 4787 XXX.
662 4736 829 4805 Agabi
872 4738 1155 4808 prophetia
1177 4738 1243 4793 de
1275 4739 1343 4795 iis
1376 4756 1496 4811 qua:
1522 4741 1689 4798 Paulo
1716 4755 1928 4799 contin-

381 4842 505 4896 gere
532 4825 770 4881 fnturum
795 4838 909 4883 erat
936 4831 989 4884 in
1010 4829 1327 4887 Jerusalem.

450 4915 640 4971 XXXI.
686 4917 1006 4975 Adhortatio
1023 4920 1207 4978 Jacobi
1227 4922 1292 4977 ad
1316 4922 1562 4991 Paulum,
1585 4942 1653 4982 ne
1672 4925 1925 4984 Hebraeos

378 5007 659 5067 cohiberet
684 5024 714 5062 a
742 5009 1170 5069 circumcisione.

446 5103 661 5160 XXXII.
701 5108 777 5162 De
829 5108 1057 5163 tumultu
1103 5120 1220 5165 orto
1268 5111 1323 5165 in
1376 5109 1671 5168 Jerusalem
1735 5122 1923 5170 contra

448 5488 561 5641 (δεῖ
589 5491 804 5572 Ειιιιιαί.
837 5494 901 5546 ἐκ
932 5496 1172 5620 γενεῄς.
1629 5493 1635 5500 ’
2046 5475 2056 5487 ’
2108 5509 2216 5581 (65)
2257 5512 2493 5578 Euthal.,
2533 5516 2620 5568 ἐπ’
2657 5517 2859 5580 αὐτοῖς.
2894 5515 2999 5582 AL,
3037 5520 3122 5572 ἐπ’
3160 5521 3374 5585 αὐτούς.

474 5560 559 5641 θές)
600 5560 689 5616 Sic
735 5572 881 5617 recte
926 5563 1065 5620 Eutb
1126 5603 1140 5617 .
1192 5580 1289 5636 pro
1340 5567 1623 5637 φυλακέων
1665 5572 1785 5628 cod.
1825 5589 1926 5629 ms.
2104 5580 2216 5641 (66)
2256 5583 2523 5641 Κρίσπον.
2562 5585 2775 5640 Euthal.

474 5560 559 5653 ορ)
600 5560 689 5616 Sic
735 5572 881 5617 recte
926 5560 1140 5620 Euthal.
1192 5580 1289 5636 pro
1340 5567 1623 5637 φυλακέων
1665 5572 1785 5628 cod.
1825 5589 1926 5629 ms.

2104 5560 2216 5653 (663
2256 5560 2775 5653 ιῑξλῐὲἕεῖὖξέυιῖιὶῑξ

380 5627 643 5715 “lib...
740 5701 752 5713 .
861 5703 872 5713 .
1095 5627 1211 5715 _'
1313 5627 1364 5715 .’
1744 5627 1747 5628 ί

2105 5627 2216 5715 (6ἦὶ
2256 5627 2741 5715 ᾖῖέέἐὶςῖοἱσῖῦἷῖῖ.

454 5698 562 5779 (βῤ)
600 5698 823 5779 lyctius
858 5703 1053 5757 iterum
1095 5705 1327 5779 Eutbalii
1373 5709 1583 5766 codices
1622 5713 1926 5779 πανέστιος.

2248 5721 2376 5795 ἐι,
2397 5724 2679 5795 ἐγχειρεῖν.

380 5797 448 5810 -ι
471 5768 655 5823 Montf.
686 5770 891 5842 legebat
921 5776 1150 5830 πανοικί.

2110 5788 2215 5861 (69)
2254 5788 2494 5860 Ευῑίιεὶῖξ
2535 5788 2849 5865 παραίνεσις
2886 5798 3233 5869 ποιμαντική.
