3982 6346
299 422 438 479 1557

1432 420 1791 477 EXPOSI'IIO
1829 421 1896 476 IN
1934 421 2089 476 ACT.
2133 421 2375 477 APOS'I'.

3374 422 3399 475 I
3410 421 3513 478 558

296 537 487 591 ἑαυτοῦ
512 538 602 591 καὶ
629 539 728 609 τῆς
756 541 834 603 εἰς
854 539 1147 593 ἀπόστολον
1165 540 1356 594 ἑαυτοῦ
1377 539 1618 612 κλήσεως
1637 558 1651 572 ·
1676 546 1692 562 '
1722 541 1852 611 περὶ
1881 546 1906 602 Α

1968 539 2099 594 .ione
2143 555 2242 595 sua
2289 542 2341 594 in
2392 540 2735 610 apostolum;
2784 540 2852 595 de
2902 541 3133 595 adventu
3183 539 3407 595 Ananiae
3444 540 3513 594 ad

295 622 373 683 ὧν
399 631 428 682 ὁ
468 630 712 693 Ἀνανίας
738 629 848 702 (70)
896 632 1030 699 πρὸς
1072 631 1162 685 τὸν
1208 631 1417 685 Παῦλον
1459 636 1516 686 ὲν
1560 631 1852 702 Δαμασκῷ,

296 721 557 787 ὀπτασίας
584 740 641 776 τε
685 723 779 777 καὶ
820 723 1003 793 φωνῆς
1037 723 1172 776 Θεοῦ
1215 724 1509 797 γενομένης
1544 725 1672 778 ποτὲ
1721 725 1856 797 πρὸς

297 814 459 867 αὐτὸν
489 817 546 869 ὲν
564 813 643 886 τῷ
671 814 819 888 ἱερῷ.
854 818 874 839 ⁶
905 816 1025 870 Ὅτι
1063 814 1270 886 μέλλων
1299 817 1392 869 ἐπὶ
1417 815 1625 879 τούτοις
1656 818 1684 870 ὁ
1712 816 1856 869 Παῦ-

297 903 392 968 λος
438 903 752 969 τύπτεσθαι,
808 905 976 960 εἰπὼν
1037 907 1118 960 ὅτι
1157 906 1422 977 Ῥωμαῖός
1476 909 1622 960 ἐστιν
1646 946 1661 971 ,
1709 906 1857 960 ἀνεί-

300 993 369 1066 οη
409 995 544 1068 (7i).

368 1089 490 1143 AF’.
525 1090 666 1144 Ὅσα
698 1089 911 1155 Παῦλος
944 1089 1189 1154 καταϐὰς
1220 1093 1301 1155 είς
1326 1091 1387 1145 τὸ
1417 1090 1687 1163 συνέδρων
1723 1091 1861 1144 ἔπαο

299 1179 389 1232 Οέν
417 1196 476 1233 τε
499 1181 595 1235 καὶ
618 1178 789 1247 εἶπεν,
824 1182 917 1235 καὶ
947 1181 1249 1246 εὐθυσόλως
1275 1182 1526 1253 ἔπραξεν.

367 1363 484 1416 ΛΔ’.
506 1363 658 1435 Περὶ
688 1362 976 1434 ἐπιϐουλῆς
1007 1365 1385 1436 μελετωμένης
1422 1365 1697 1429 Ἰουδαίοις
1745 1366 1855 1440 (72)

299 1456 439 1510 κατά
471 1456 704 1523 Παύλου,
734 1458 827 1511 καὶ
871 1457 1153 1530 μηνύσεως
1192 1458 1359 1529 αὐτῆς
1406 1457 1541 1531 πρὸς
1571 1458 1773 1514 Λυσίαν
1796 1477 1810 1491 ·
1838 1463 1857 1481 ‘

298 1548 357 1603 ἐν
385 1541 429 1617 ᾧ
464 1548 543 1601 ὅτι
574 1547 942 1621 παρεπέμφθη
967 1549 995 1602 ὁ
1020 1549 1228 1613 Παῦλος
1255 1549 1332 1621 τῷ
1361 1551 1588 1622 ἡγεμόνι
1614 1554 1690 1616 εἰς
1724 1554 1861 1607 Και-

298 1637 517 1710 σάρειαν
546 1638 682 1709 μετά
715 1638 1058 1711 στρατιωτῶν
1088 1640 1181 1694 καὶ
1213 1641 1574 1712 γραμμάτων.

370 1731 491 1784 ΛΕ’.
520 1730 818 1804 Τερτύλλου
862 1734 991 1805 περὶ
1018 1732 1229 1788 Παύλου
1262 1735 1595 1807 κατηγορίας
1626 1735 1736 1807 (75)
1768 1738 1862 1791 καὶ

298 1822 462 1877 αὐτοῦ
492 1822 782 1893 ἀπολογίας
815 1825 907 1878 ἐπὶ
929 1823 1023 1878 τοῦ
1052 1826 1339 1898 ἡγεμόνος.

1955 627 2181 683 Paulum
2205 629 2474 695 Damasci,
2499 630 2565 683 de
2586 628 2794 682 visione
2817 637 2871 683 et
2895 643 3025 684 voce
3049 627 3143 682 Dei
3171 627 3236 682 ad
3268 642 3391 682 eum
3415 627 3515 682 ali.

1956 716 2173 784 quando
2198 716 2396 773 emissa
2429 718 2483 770 in
2516 716 2739 785 templo.
2775 716 2931 782 Quod
2964 732 3089 772 cum
3122 716 3210 771 his
3240 716 3307 772 de
3331 717 3519 774 causis

1954 804 2156 862 Paulus
2184 823 2311 861 mox
2338 807 2706 862 verberandus
2738 817 2899 874 esset,
2952 823 3077 862 cum
3107 806 3335 863 dixisset
3362 825 3378 863 :
3408 806 3514 862 Ra-

1957 913 2141 952 manut
2172 914 2309 963 sum,
2339 898 2595 954 dimissus
2620 907 2722 956 est.

2028 1079 2268 1134 XXXIII.
2309 1081 2564 1147 Quaenam
2611 1078 2829 1144 Paulus,
2872 1095 2994 1136 cum
3025 1080 3261 1136 venisset
3294 1080 3348 1134 in
3381 1094 3513 1135 con-

1959 1173 2167 1237 cilium,
2194 1188 2390 1243 passus
2419 1173 2509 1238 sit,
2531 1188 2652 1241 quas
2680 1172 2896 1236 dixerit,
2927 1180 2982 1227 et
3002 1187 3120 1242 quae
3146 1172 3411 1244 sagaciter
3440 1172 3509 1227 Ie-

1958 1266 2065 1321 ceri
2073 1275 2109 1320 t.

2027 1353 2268 1409 XXXIV.
2312 1354 2387 1410 De
2415 1355 2628 1409 insidiis
2659 1371 2756 1425 per
2798 1354 3014 1411 Judazos
3056 1364 3243 1412 contra
3286 1353 3515 1409 Paulum

1959 1449 2201 1513 structis,
2252 1456 2306 1502 et
2331 1449 2398 1502 de
2435 1447 2830 1518 signiﬁcatione
2861 1448 2981 1518 ejus
3014 1447 3078 1503 ad
3110 1446 3325 1518 Lysiam
3351 1447 3511 1501 facta.

1958 1539 2115 1608 Quod
2144 1537 2347 1594 Paulus
2368 1539 2570 1594 missus
2593 1538 2664 1593 sit
2680 1537 2980 1594 Caesaream
3003 1539 3070 1594 ad
3091 1537 3368 1608 pmsidem
3392 1552 3517 1592 cum

1959 1631 2220 1686 militibus
2248 1639 2301 1685 ct
2326 1630 2540 1685 litteris.

2029 1719 2246 1776 XXXV.
2286 1722 2363 1776 De
2407 1719 2632 1775 Tertulli
2675 1729 2862 1775 contra
2895 1717 3122 1773 Paulum
3152 1719 3515 1786 accusatione,

1962 1824 2015 1869 et
2050 1815 2117 1869 de
2150 1812 2398 1883 apologia
2426 1811 2546 1882 ejus
2577 1826 2763 1866 coram
2790 1808 3037 1881 praeside.

370 1915 509 1981 AG’.
542 1886 682 1986 Περί
718 1886 820 1984 τῆς
859 1886 1369 1989 Φήλικοςδίαδοχής
1406 1919 1501 1972 καὶ
1526 1918 1627 1989 τῆς
1649 1920 1856 1991 Φήστου
1891 1886 1906 1940 Ι

2031 1903 2271 1961 XXXVI.
2311 1903 2474 1960 Felici
2513 1904 2755 1961 succedit
2798 1902 3014 1960 Festus.
3062 1902 3263 1959 Paulus
3296 1917 3520 1959 causam

298 2005 680 2076 προσαγωγῆς,
706 2005 807 2075 τῆς
833 2022 891 2059 τε
915 2007 1000 2059 ἐπ’
1023 2006 1198 2060 αὐτῶν
1219 2007 1329 2078 (74)
1352 2009 1690 2081 ἀνακρίσεως
1715 2009 1858 2064 Παύ-

296 2095 391 2147 λου
416 2094 509 2148 καὶ
537 2095 803 2164 ἀφέσεως.

368 2185 489 2241 ΛΖ’.
533 2186 835 2256 Ἀγρίππου
864 2187 958 2239 καὶ
995 2186 1257 2258 Βερνίκης
1285 2188 1574 2261 παρουσία,
1605 2190 1700 2244 καὶ
1726 2188 1859 2243 πεῦ-

299 2289 385 2337 σις
408 2272 516 2327 τῶν
535 2274 674 2328 κατά
703 2274 917 2329 Παύλου
947 2275 1079 2347 (75).
1112 2279 1129 2299 “
1171 2277 1258 2330 Ἐν
1289 2272 1333 2346 ᾧ
1355 2277 1616 2348 ἀπολογία
1648 2280 1875 2336 Παύλου,

291 2363 389 2414 ἐπὶ
431 2353 730 2435 Ἀγρίππου
768 2368 861 2421 καὶ
893 2369 1174 2441 Βερνίκης,
1211 2373 1461 2445 περὶτῆς
1490 2376 1548 2429 ἐν
1576 2378 1721 2449 νόμῳ
1745 2379 1857 2451 (76)

295 2452 591 2523 θρησκείας
621 2456 784 2509 αὐτοῦ
826 2459 917 2511 καὶ
962 2458 1203 2531 κλήσεως
1255 2464 1335 2526 εἰς
1376 2464 1437 2517 τὸ
1508 2463 1853 2536 Εὺαγγέλιον.

306 2545 394 2608 Ὠς
426 2545 577 2599 οὐδὲν
600 2546 773 2601 ἀδικεῖ
808 2549 1086 2615 Ἰουδαίους
1111 2554 1139 2605 ό
1166 2552 1394 2625 Παῦλος,
1428 2554 1731 2626 Ἀγρίππας
1753 2557 1855 2632 ἔφη

291 2632 375 2703 τῷ
400 2635 612 2704 Φήστῳ.

373 2728 512 2782 AH’.‘
542 2727 721 2794 Πλοῦς
764 2731 974 2786 Παύλου
1006 2734 1099 2787 ἐπὶ
1148 2733 1386 2807 Ῥώμην,
1429 2736 1686 2793 κινδύνων
1715 2740 1864 2796 πλεί-

302 2833 440 2872 στων
466 2835 526 2871 τε
555 2820 649 2872 καὶ
676 2821 942 2891 μεγίστων
970 2825 1269 2896 πάμπλεως
1287 2826 1422 2898 (77)·
1457 2828 1479 2851 ⁸
1509 2830 1567 2882 ὲν
1597 2822 1641 2897 ᾧ
1665 2832 1864 2903 παραί-

299 2923 448 2972 νεσις
479 2909 691 2963 Παύλου
724 2913 860 2984 πρὸς
885 2915 1012 2979 τοὺς
1046 2917 1142 2972 σὺν
1166 2918 1314 2990 αὐτῷ
1345 2921 1474 2992 περὶ
1514 2921 1726 2987 ἐλπίδος
1760 2940 1864 2977 σω-

299 3000 517 3071 τηρίας.
540 3001 558 3023 ‘
592 2999 863 3071 Ναυάγιον
895 3003 1131 3071 Παύλου,
1169 3009 1319 3073 ὅπως
1336 3028 1395 3064 τε
1423 3011 1754 3086 διεσώθησαν
1784 3019 1864 3080 είς

304 3092 540 3165 Μελίτην
583 3092 681 3165 τήν
741 3094 923 3165 νῆσον,
969 3099 1063 3152 καὶ
1103 3100 1202 3154 ὅσα
1229 3118 1287 3154 τε
1320 3103 1379 3157 ὲν
1403 3104 1539 3176 αὐτῇ
1593 3105 1860 3179 ὲθαυματσ

301 3199 510 3254 ουργει.

372 3276 494 3330 ΛΘ’.
522 3277 707 3342 Ὅπως
743 3279 851 3333 ἀπὸ
901 3281 1138 3353 Μελίτης
1162 3286 1242 3348 εἰς
1278 3285 1495 3358 Ῥώμην
1529 3293 1862 3364 κατήντησεν

304 3369 333 3421 ό
364 3367 593 3433 Παῦλος.
934 3370 939 3375 ’

374 3461 463 3554 Mf.
498 3462 643 3554 Περὶ
676 3464 959 3533 διαλέξεως
998 3468 1207 3525 Παύλου
1250 3474 1385 3545 πρὸς
1416 3476 1544 3540 τοὺς
1577 3478 1637 3530 ὲν
1677 3477 1862 3554 Ῥώμῃ

317 3550 622 3617 Ἰουδαίους.

376 3643 659 3712 Κεφάλαια
687 3647 788 3718 μὲν
824 3646 890 3703 τά
916 3650 1013 3703 ὅλα
1048 3660 1131 3724 μ’·
1173 3654 1242 3709 τά
1269 3655 1325 3709 δὲ
1354 3657 1561 3724 τούτοις
1600 3662 1857 3733 ἑπόμενα,

304 3731 463 3789 ἅτινα
492 3734 589 3799 τὰς
615 3738 938 3808 σημειώσεις
967 3742 1147 3815 ἔχουσι
1178 3746 1287 3819 (78)
1323 3748 1409 3803 διὰ
1430 3750 1575 3818 τοῦ’,
1611 3731 1719 3825 μη’.

378 3907 488 3977 (70)
526 3906 693 3967 Εἶπεν
721 3915 856 3970 adde
888 3932 954 3972 ex
981 3916 1193 3976 Euthal.

381 3980 762 4073 gyﬂ‘lirustfra
798 3987 1036 4073 “coniicit
1061 3990 1272 4073 ‘Montf.
1322 3995 1606 4073 legendum
1635 4000 1816 4073 _&v_é0~q
1846 4043 1863 4069 ,

311 4057 595 4175 ὶὶῖξὲῐὲἳυθ
622 4055 765 4108 enim
797 4054 1030 4114 formam
1056 4064 1275 4118 tradunt
1311 4054 1671 4136 grammatici.
1702 4054 1864 4128 Emit:

379 4190 492 4332 (72)
542 4192 676 4246 Ὑπὸ
712 4195 997 4263 Ἰουδαίων,
1019 4198 1234 4256 Euthal.

380 4259 471 4332 (75
529 4262 632 4332 Id.,
662 4267 958 4332 κατηγορία
980 4278 1035 4324 et
1063 4271 1234 4326 ἀπολολ

662 4267 958 4343 κατηγορία
980 4259 1035 4324 et
1063 4271 1343 4343 ἀπολογία.

380 4329 491 4401 (74)
530 4329 630 4398 Id.,
658 4336 744 4388 ἐπ’
766 4329 949 4392 ἀύτὸῦ.

325 4531 3463 4566 ._.....____.___________________________________________

1960 2014 2114 2053 suam
2150 1998 2261 2069 agit
2285 1997 2425 2067 apud
2458 1997 2670 2061 ambos,
2695 2006 2750 2051 et
2768 1996 3081 2052 dimittitur.

2028 2178 2294 2235 XXXVII.
2334 2179 2585 2251 Agrippa:
2607 2186 2662 2235 et
2682 2178 2934 2234 Bernices
2959 2178 3242 2242 adventus,
3270 2186 3325 2233 et
3351 2176 3521 2232 inter-

1960 2273 2167 2343 rogatio
2204 2273 2349 2329 circa
2388 2271 2540 2326 Pauli
2575 2286 2817 2328 causam.
2848 2270 3109 2341 Apologia
3145 2268 3301 2325 Pauli
3331 2284 3520 2325 coram

1959 2366 2193 2438 Agrippa
2229 2374 2283 2421 et
2311 2364 2559 2429 Bernice,
2588 2365 2655 2420 de
2683 2379 2784 2419 suo
2819 2362 3115 2418 secundum
3153 2363 3323 2433 legem
3349 2362 3519 2429 cultu,

1963 2459 2138 2527 deque
2184 2457 2468 2512 vocatione
2516 2472 2611 2511 sua
2663 2455 2729 2510 ad
2757 2452 3131 2526 Evangelium.
3176 2452 3412 2526 Agrippa
3446 2454 3523 2509 ait

1963 2548 2148 2616 Festo,
2179 2548 2407 2604 Paulum
2438 2547 2656 2603 Iudaeos
2688 2547 2828 2602 nihil
2860 2546 3075 2602 laedere.

2028 2728 2316 2785 XXXVIII.
2357 2729 2639 2802 Navigatio
2676 2727 2825 2784 Pauli
2858 2726 3085 2782 Romam
3113 2742 3236 2783 cum
3266 2727 3524 2798 periculis

1961 2822 2149 2878 multis
2181 2822 2577 2892 maximisque;
2610 2821 2699 2875 ubi
2729 2819 3039 2875 adhortatio
3063 2816 3217 2872 Pauli
3246 2819 3314 2873 ad
3343 2819 3524 2875 socios

1962 2912 2029 2967 de
2058 2928 2153 2981 spe
2173 2911 2384 2968 salutis.
2409 2910 2763 2982 Naufragium
2784 2909 2956 2965 Pauli.
2977 2908 3261 2976 Quomodo
3280 2918 3525 2965 vectores

1963 3005 2019 3058 in
2048 3003 2285 3059 Melitam
2325 3003 2558 3060 insulam
2602 3003 2893 3069 evaserint,
2921 3011 2975 3058 et
3005 3016 3127 3073 quae
3155 3000 3228 3055 ibi
3255 2999 3524 3056 mirabilia

1965 3097 2278 3167 patraverit.

2039 3299 2277 3354 XXXIX.
2313 3298 2592 3365 Quomodo
2623 3317 2689 3355 ex
2730 3302 2901 3355 Melita
2935 3299 3161 3355 Romam
3200 3299 3399 3357 Paulus
3430 3298 3528 3358 ad-

1965 3392 2195 3448 venerit.
3586 3460 3595 3470 ‘

2037 3479 2151 3535 XL.
2192 3479 2268 3536 De
2296 3480 2570 3552 colloquio
2611 3478 2763 3534 Pauli
2790 3494 2914 3536 cum
2947 3479 3146 3536 Iudaeis
3205 3480 3299 3550 qui
3339 3476 3528 3535 Romae

1968 3582 2142 3629 erant.

2039 3666 2225 3737 Capita
2258 3666 2476 3738 quidem
2502 3664 2862 3737 quadraginta
2893 3671 3021 3719 sunt
3053 3681 3066 3717 :
3095 3677 3219 3733 quae
3242 3656 3376 3717 ‘vero
3404 3671 3527 3732 post

1970 3759 2145 3830 capita
2176 3759 2436 3815 asterisco
2469 3766 2747 3826 notantur,
2770 3755 3126 3828 quadraginta
3159 3762 3212 3809 et
3237 3762 3382 3810 octo.

2036 3932 2149 4000 (75)
2186 3932 2343 3987 Κατά
2372 3931 2603 3997 Παῦλον,
2639 3932 2711 3987 id.

2035 4003 2148 4075 (76)
2192 4004 2472 4075 ῖΕννάμοιρ.
2507 4004 2580 4058 εει.

2034 4073 2147 4145 (77)
2188 4074 2287 4145 Id.,
2319 4073 2585 4145 ἔμπλεως.

2039 4136 2149 4213 (78)
2188 4136 2291 4208 14].,
2318 4136 2407 4199 δὶἀ
2438 4136 2826 4215 κινναϐάρεως.
2864 4140 3014 4211 Apud
3046 4136 3524 4215 eumdemjbidem

1968 4206 2189 4285 notatur
2217 4206 2477 4269 numerus
2504 4206 2699 4285 στίχων
2728 4227 2821 4267 seu
2845 4206 3084 4285 vefsuunt
3109 4212 3239 4283 ροβ’.
3271 4207 3392 4285 I72.
3421 4206 3524 4261 Sed

1969 4284 2245 4356 ille_|_0_uge
2277 4285 2563 4356 minorest
2592 4280 2696 4354 pro
2730 4292 2844 4338 toto
2873 4281 3014 4337 libro
3046 4280 3330 4341 Actorum,
3362 4282 3527 4347 quem

1970 4370 2023 4424 p.
2050 4354 2151 4409 411
2185 4353 2397 4425 reperio
2424 4353 2587 4409 2556.

3470 4541 3514 4559 α

1467 4716 1586 4830 S.
1698 4722 2369 4834 PAMPHILI

1138 4948 1735 5045 APOLOGIA
1806 4954 2042 5046 PRO
2115 4952 2694 5046 OBIGENE.

313 5137 796 5227 Apologeticum
832 5140 892 5200 S.
934 5140 1247 5227 Pamphili
1286 5158 1400 5227 pro
1442 5144 1718 5227 Origene
1772 5110 2141 5207 retinujmus
2189 5143 2357 5204 inter
2388 5141 2622 5227 scripta
2660 5142 2737 5227 ad
2791 5140 3140 5227 Qrigenem
3180 5138 3529 5227 spectantia

397 5233 543 5302 quas
576 5219 779 5302 ipsius
808 5219 1211 5302 operibus‘in
1247 5219 1529 5284 editione
1562 5219 1840 5286 Romana
1873 5226 2376 5302 subjunguntur.
2414 5221 2544 5284 Adi
2571 5219 2974 5286 Collectionis
3007 5228 3240 5284 nostra;
3281 5225 3526 5281 tomum

396 5297 693 5377 quintum
725 5296 1066 5358 decimum.
1105 5300 1282 5363 Eutr.
1321 5303 1591 5363 ΡΑτιιοι.
