3982 6346
477 385 3692 433 W

1583 549 1765 591 (ΗΒΕΑ
1815 549 2037 593 ΔΝΝῸΜ
2065 549 2292 594 DOMINI
2333 549 2580 593 CCXCVI.

1434 716 1606 893 S.
1795 712 2721 891 PHILEAS

990 1024 1564 1117 THMUEOS
1653 1027 2303 1120 EPISCOPUS
2382 1029 2530 1116 ET
2626 1025 3156 1115 MABTYB.

1762 1318 2399 1433 NOTITIA.
2443 1367 2454 1377 ·

1288 1540 1576 1604 (Gutum,
1603 1540 1712 1590 Vel.
1738 1540 1880 1589 Patr.
1920 1536 2171 1600 Biblioth.,
2196 1544 2313 1586 tom.
2339 1534 2422 1597 IV,
2450 1537 2671 1599 Proleg.,
2694 1549 2741 1618 p.
2771 1533 2873 1590 vn.)

541 1747 580 1807 Ι.
619 1750 837 1833 Phileas
873 1761 985 1807 tum
1018 1736 1170 1807 relrus
1194 1754 1447 1833 praclare
1483 1754 1661 1833 gestis,
1715 1762 1824 1833 tum
1868 1755 2112 1833 doctrina
2160 1763 2210 1808 et
2236 1753 2435 1833 Ipielate
2481 1753 2711 1806 maxime
2753 1758 3031 1821 prastans.
3060 1745 3419 1800 ~Thmuitanw
3457 1743 3708 1799 Ecclesia

463 1838 753 1902 episcopus,
789 1824 856 1902 de
883 1834 1182 1894 martyrum
1213 1825 1369 1902 laude
1399 1824 1630 1902 scripsit.
1655 1824 1981 1892 postmodum
2005 1836 2057 1902 et
2090 1826 2198 1895 ipse
2221 1832 2474 1902 martyr._
2572 1889 2615 1902 η
2654 1892 2665 1902 Ι
2707 1890 2739 1902 Α.
2808 1887 2829 1902 ν
3218 1888 3231 1899 ,
3312 1901 3319 1902 7
3362 1887 3405 1902 ,ἐ
3445 1887 3458 1897 _
3534 1901 3538 1902 ν
3586 1882 3677 1902 Ν.

540 1886 581 1947 ll
636 1882 941 1976 Epistulam
970 1882 1172 1963 quoque
1199 1895 1399 1947 dudum
1435 1882 1664 1958 editam;
1682 1904 1908 1965 quatuor
1934 1882 2293 1965 episcoporum
2333 1882 2538 1946 nomine
2562 1889 2774 1945 Meletio
2798 1887 3175 1959 Lycopolitano
3209 1887 3545 1955 inscripsisse
3578 1882 3709 1941 Phi-

464 1964 574 2017 leas
604 1965 960 2018 existimatur.
1966 1964 1969 1965 ⁷
2110 1964 2113 1965 ⁷

535 2033 625 2089 lll.
669 2034 784 2099 Quo
811 2044 1038 2104 tempore
1061 2036 1257 2104 scripta
1282 2033 1444 2104 fuerit
1464 2033 1723 2103 ejusmodi
1744 2034 1986 2103 epistola,
2011 2033 2339 2104 expenditur.

536 2150 575 2204 1.
615 2148 833 2206 Phileas
881 2151 1052 2220 patria
1103 2150 1463 2206 Thmuitanus
1489 2150 1545 2205 in
1575 2149 1807 2223 Egypto
1833 2192 1847 2213 .
1894 2160 2031 2206 teste
2061 2156 2103 2211 Α
2133 2160 2279 2205 tasse
2304 2148 2564 2203 Hilarlani
2588 2147 2708 2211 aevi,
2739 2162 2806 2202 ex
2838 2145 3070 2215 abrupto
3094 2143 3351 2215 loquendi
3376 2158 3566 2213 genere
3589 2143 3698 2197 rite

468 2242 800 2315 Hieronymo
829 2241 902 2314 (Ι)
923 2283 940 2311 ,
978 2244 1063 2298 vir
1094 2241 1197 2299 fuit
1226 2243 1438 2299 cunctis
1478 2242 1533 2297 in
1580 2242 1715 2298 urbe
1738 2243 2036 2298 honoribus

466 2346 530 2391 ac
567 2334 885 2390 muneribus
929 2350 1143 2391 summa
1168 2352 1292 2390 cum
1339 2336 1498 2391 laude
1530 2334 1865 2406 perfunctus,
1895 2345 1949 2391 et
1981 2337 2034 2391 in

465 2426 855 2497 philosOphicis
903 2426 1203 2496 disciplinis
1240 2427 1552 2482 excolendis
1596 2428 1884 2482 admodum
1928 2427 2037 2483 cla—

466 2533 600 2582 rus,
654 2526 715 2571 ut
765 2517 953 2573 scribit
1000 2517 1265 2574 Eusebius
1299 2518 1413 2590 (2);
1457 2519 1712 2590 quodque
1761 2521 1837 2574 rei
1876 2530 2037 2590 caput

465 2620 583 2674 est,
619 2611 816 2681 pietate
864 2611 918 2664 in
967 2609 1135 2665 Deum
1184 2627 1247 2665 ac
1290 2610 1609 2667 fortitudine
1652 2611 1887 2666 maxime
1916 2611 2037 2664 illu-

463 2701 595 2756 stris
636 2699 711 2771 (5)
758 2717 771 2753 :
810 2699 1024 2772 ἀληθῶς
1060 2700 1345 2771 φιλόσοφός
1384 2719 1444 2755 τε
1481 2699 1615 2773 ὁμοῦ
1668 2702 1760 2756 καὶ
1797 2700 2037 2771 φιλόθεος

470 2794 700 2863 μάρτυς.
734 2808 846 2847 aere
891 2793 1230 2864 philosophus
1271 2794 1532 2864 simulque
1566 2794 1773 2848 divinus
1813 2803 2034 2863 martyr.

467 2884 719 2940 Ecclesiae
749 2885 934 2954 patrita
960 2894 1199 2955 suscepto
1227 2887 1529 2956 episcopatu
1548 2924 1563 2951 ,
1593 2885 2034 2955 elegantissimum

465 2974 658 3029 librum
696 2973 760 3029 de
803 2985 1100 3046 martyrum
1141 2976 1296 3030 laude
1320 2975 1608 3045 composuit
1641 2976 1752 3045 (4),
1786 2975 1878 3045 qui
1912 2976 2036 3030 Ale-

465 3067 705 3122 xandriae
745 3069 1040 3137 praesertim
1078 3076 1306 3121 mortem
1352 3082 1451 3136 pro
1492 3066 1694 3122 Christi
1739 3066 1842 3123 ﬁde
1893 3067 2036 3122 obie-

466 3168 617 3224 rant;
650 3158 937 3226 ipsumque
966 3156 1233 3211 Thmuitis
1264 3157 1561 3225 inscripsit,
1591 3157 1868 3227 epistolari
1894 3158 2034 3230 stylo

465 3254 799 3303 contextum.
848 3245 1026 3315 Hujus
1072 3245 1286 3317 insigne
1325 3246 1684 3317 fragmentum
1726 3248 1882 3304 nobis
1921 3264 2036 3304 ser-

467 3340 611 3395 vavit
652 3337 918 3393 Eusebius
948 3337 1065 3410 (5),
1106 3339 1250 3395 unde
1290 3340 1422 3395 illud
1466 3340 1874 3411 exscripsimus.
1922 3340 2031 3396 Pro

465 3428 676 3485 Christo
713 3428 932 3484 demum
965 3432 1136 3500 capite
1167 3438 1438 3486 truncatus
1460 3441 1535 3486 est
1562 3433 1749 3487 beatus
1783 3433 2028 3495 antistes,

462 3521 641 3576 eodem
672 3521 728 3575 in
762 3519 996 3592 Egypto
1030 3523 1402 3591 persecutionis
1437 3531 1673 3586 auctore.
1708 3540 1809 3594 quo
1844 3522 2030 3577 Lucia-

463 3631 563 3670 nus
609 3612 974 3681 Nicomedia,
1019 3626 1080 3670 ut
1118 3615 1194 3671 ait
1234 3615 1597 3687 Hieronymus
1621 3615 1701 3686 (6)
1749 3634 1764 3671 :
1798 3616 2030 3671 Alexan-

464 3708 596 3761 driae
626 3707 888 3762 nimirum
934 3708 1038 3762 sub
1076 3705 1394 3771 Maximino,
1422 3707 1565 3763 circa
1597 3706 1797 3762 Christi
1828 3722 2027 3762 annum

463 3796 566 3851 507
592 3795 688 3867 (7).
721 3795 854 3867 Ejus
879 3796 1120 3868 martyrii
1147 3795 1278 3851 Acta
1311 3807 1434 3867 post
1461 3796 1842 3853 Bollandianos
1866 3797 2033 3852 edidit

394 3950 401 3961 ι
464 3885 839 3943 Theudoricus
883 3884 1201 3942 Ruinartius
1228 3886 1302 3957 (8)
1342 3905 1355 3941 :
1390 3900 1512 3956 qua:
1554 3888 1697 3942 enim
1733 3886 1915 3944 Grmce
1958 3889 2032 3943 si-

465 3978 577 4034 mul
606 3987 662 4034 et
699 3978 890 4033 Latine
927 3978 982 4032 in
1016 3977 1314 4049 Triumphis
1369 3978 1517 4033 lectis
1557 3987 1849 4049 martyrum
1878 3981 2030 4035 evul-

465 4070 612 4139 gavit
637 4070 1035 4137 Combelisius,
1089 4072 1272 4127 minus
1320 4072 1533 4126 sincera
1582 4071 1810 4127 eruditis
1852 4071 2036 4127 existi-

468 4169 704 4217 mantur.

534 4252 601 4309 ll.
643 4253 785 4309 Huic
823 4261 1004 4309 autem
1033 4252 1206 4308 sancti
1240 4251 1440 4308 Philete
1467 4252 1787 4325 fragmento,
1817 4268 1885 4310 ex
1912 4253 2033 4323 ejus

466 4346 603 4402 libro
647 4345 725 4418 De
780 4347 1099 4415 martyribus
1148 4345 1519 4402 Alexandrinis
1554 4358 1840 4418 excerpta,
1892 4349 2032 4404 inte-

464 4454 615 4507 gram
662 4438 960 4509 adjecimus
1001 4439 1307 4508 epistolam,
1351 4453 1512 4510 quam
1549 4437 1763 4493 Meletio
1789 4438 2033 4511 Lycopo-

463 4528 634 4585 litano
659 4530 934 4601 episcopo,
966 4538 1078 4585 tum
1115 4544 1218 4584 suo
1256 4539 1371 4585 tum
1400 4528 1561 4584 etiam
1591 4529 1754 4584 trium
1798 4532 2028 4587 aliorum

465 4621 842 4691 episcoporum
874 4622 1095 4677 nomine
1141 4621 1283 4676 idem
1319 4619 1534 4677 Phileas
1577 4621 1926 4693 iuseripsisse
1952 4627 2033 4680 vi-

464 4714 645 4769 detur.
678 4712 812 4770 Eam
834 4729 965 4770 vero
986 4729 1110 4770 cum
1144 4713 1265 4768 aliis
1287 4713 1669 4769 ecclesiasticae
1691 4717 2030 4787 antiquitatis

466 4805 853 4869 monumentis,
883 4805 952 4860 ad
981 4804 1216 4859 schisma
1242 4801 1585 4858 Meletianum
1612 4806 1880 4875 principue
1908 4823 2029 4878 per-
2054 4842 2096 4899 ο

466 4892 785 4957 tinentibus,
831 4894 1039 4960 primus
1078 4892 1220 4948 haud
1250 4894 1325 4948 ita
1354 4894 1561 4964 pridem
1592 4895 1645 4949 in
1679 4896 1854 4950 lucem
1886 4897 2026 4951 eruit

462 4998 530 5036 ex
564 4991 780 5037 vetusto
828 4997 931 5037 ms.
980 4983 1165 5039 codice
1207 4983 1429 5053 capituli
1478 4982 1805 5042 Veronensis
1835 4988 1916 5041 vir
1953 4986 2024 5042 cl.

465 5074 648 5145 Scipio
678 5072 921 5129 Maﬂ'eius
951 5073 1026 5144 (9)
1052 5115 1065 5129 .
1117 5073 1248 5141 Quae
1279 5077 1498 5146 quidem
1527 5095 1650 5134 cum
1702 5081 1924 5151 reliquis
1950 5081 2020 5136 cio

462 5166 584 5221 dem
633 5166 856 5235 adjectis
886 5179 956 5220 ex
984 5164 1173 5221 Graeco
1198 5184 1318 5225 esse
1363 5172 1622 5227 translata
1663 5174 2025 5242 comperitur;

465 5258 996 5329 vetustissimamque
1026 5269 1279 5329 praeterea
1307 5278 1429 5318 esse
1458 5265 1783 5329 versionem,
1817 5283 1880 5322 ac
1918 5265 2027 5320 lor-

533 5391 610 5459 (l)
650 5386 727 5459 De
751 5391 844 5445 uir.
889 5390 1088 5445 illustr.
1110 5430 1126 5455 ,
1168 5406 1285 5459 cap.
1319 5389 1405 5445 78.

534 5458 614 5530 (‘2)
651 5458 796 5530 Hist.
822 5462 949 5514 ecel.
969 5502 985 5527 ,
1019 5463 1114 5515 lib.
1142 5458 1257 5526 vin,
1287 5476 1404 5530 cap.
1446 5462 1498 5517 9.

534 5529 611 5601 (5)
649 5529 752 5601 ld.,
783 5531 912 5584 ibid.
934 5572 949 5595 ,
989 5547 1106 5601 cap.
1137 5532 1224 5586 10.

534 5600 612 5666 (4)
648 5597 866 5655 Hieron.
888 5642 902 5665 ,
933 5602 1035 5657 loc.
1056 5597 1158 5657 'cit.

532 5669 610 5743 (.5)
649 5668 778 5743 μισ.
809 5671 900 5743 cit.
922 5712 937 5737 ,
963 5688 1084 5743 cap.
1126 5672 1211 5727 10.

533 5740 610 5810 (6)
650 5737 781 5796 Lac.
814 5741 910 5796 cit.

2138 2240 2316 2310 arguit
2344 2238 2746 2294 eruditissimus
2774 2237 2968 2291 editor.
3004 2236 3248 2301 Quatuor
3275 2249 3439 2305 porro
3458 2235 3701 2303 episcopi

2136 2333 2229 2403 qui
2256 2347 2373 2388 eam
2403 2330 2682 2402 epistolam
2707 2343 2963 2385 exarasse
2986 2327 3363 2398 perhibentur,
3387 2327 3488 2381 hoc
3508 2327 3698 2383 ordine

2135 2422 2412 2482 distributi
2443 2431 2757 2493 comparent
2781 2441 2795 2477 :
2818 2420 3130 2491 Hesychius,
3159 2418 3500 2484 Pachumius,
3533 2418 3699 2473 Theo-

2136 2516 2295 2569 dorus
2327 2525 2379 2570 et
2426 2513 2638 2568 Phileas
2670 2529 2689 2567 :
2725 2508 2885 2567 iidem
2937 2512 3193 2567 nimirum
3238 2526 3474 2582 quorum
3513 2511 3705 2565 memi-

2138 2610 2216 2663 nit
2235 2606 2499 2663 Eusebius
2524 2607 2609 2662 his
2637 2605 2816 2661 verbis
2837 2603 2948 2672 (10)
2975 2623 2988 2658 :
3021 2624 3040 2655 ι
3071 2602 3147 2658 Es
3183 2603 3269 2671 bis
3298 2619 3429 2659 vero
3455 2603 3551 2674 qui
3578 2603 3706 2657 Ale-

2138 2700 2376 2755 xandriaz
2405 2706 2461 2754 et
2488 2714 2581 2769 per
2620 2706 2786 2753 totam
2816 2696 3107 2768 Egyptum
3139 2711 3203 2751 ac
3232 2693 3565 2750 Thebaidem
3606 2711 3705 2750 no-

2138 2790 2230 2846 bili
2270 2790 2527 2861 martyrio
2581 2787 2849 2859 perfuncti
2887 2796 3045 2851 sunt,
3097 2798 3450 2843 recensentur
3491 2786 3706 2842 Phileas

2135 2893 2188 2937 et
2218 2880 2536 2952 Hesychius,
2570 2878 2896 2935 Pacbomius
2920 2890 2974 2935 et
2995 2879 3333 2946 Theodorus,
3361 2878 3702 2933 diversarum

2137 2974 2191 3027 in
2224 2972 2455 3044 Egypto
2488 2971 2849 3026 Ecclesiarum
2882 2971 3141 3041 episcopi.
3192 2989 3213 3023 ›
3250 2971 3426 3041 Atque
3452 2972 3559 3026 hac
3589 2972 3705 3040 ipsa

2135 3064 2436 3121 Eusebiana
2462 3065 2602 3119 serie
2618 3064 2742 3120 illos
2768 3064 2893 3118 item
2918 3069 3264 3119 enumeratos
3291 3063 3550 3118 exhibent
3569 3065 3703 3117 Acta

2135 3157 2403 3228 passionis
2452 3157 2624 3212 sancti
2690 3154 2832 3210 Petri
2886 3155 3235 3210 Alexandrini
3297 3170 3328 3210 a
3376 3154 3705 3211 Combelisio

2133 3248 2399 3318 evulgata.
2443 3246 2548 3314 Qui
2594 3255 2772 3301 tamen
2816 3246 3028 3315 primus
3070 3246 3362 3316 utrobique
3389 3248 3705 3301 nominatur

2132 3338 2379 3408 Phileas,
2420 3349 2608 3396 contra
2651 3338 2741 3394 hic
2785 3349 3093 3409 postremus
3140 3339 3479 3393 inscribitur.
3530 3338 3705 3394 Eccur

2132 3431 2377 3486 demum?
2413 3429 2652 3499 inquies.
2702 3426 2971 3482 Nimirum
3035 3429 3318 3498 epistolam
3360 3427 3579 3483 Phileas
3620 3429 3703 3498 ip-

2132 3531 2303 3579 semet
2343 3522 2705 3591 perscribens,
2752 3522 2952 3591 quippe
2991 3521 3084 3591 qui
3125 3522 3353 3576 caeteris
3378 3521 3704 3591 eloquentia

2129 3624 2183 3671 et
2223 3614 2481 3669 doctrinae
2513 3614 2673 3670 laude
2702 3623 3002 3685 praestaret,
3047 3622 3108 3668 ut
3150 3614 3314 3670 modo
3361 3630 3429 3670 ex
3465 3613 3704 3670 Eusebio

2129 3716 2292 3777 atque
2352 3705 2680 3778 Hieronymo
2748 3706 3096 3774 accepimus,
3152 3706 3347 3760 ultimo
3416 3715 3701 3776 propterea

2129 3797 2250 3853 loco
2275 3797 2554 3853 modestia:
2582 3810 2745 3851 causa
2777 3810 2837 3850 se
2865 3794 3043 3864 ipsum
3088 3796 3389 3851 nominavit
3419 3813 3435 3850 :
3467 3811 3591 3865 qua:
3619 3806 3701 3850 est

2129 3890 2487 3945 laudatissimi
2516 3890 2615 3944 viri
2640 3890 2973 3960 conjectura.

2197 3977 2289 4036 Ill.
2326 3979 2591 4036 Caeterum
2620 3981 2664 4037 si
2696 3993 2909 4051 tempus
2942 3981 3185 4050 requiras
3216 3993 3326 4048 quo
3349 3980 3550 4048 scripta
3583 3979 3693 4037 fue-

2128 4072 2200 4126 rit
2236 4073 2496 4142 epistola,
2528 4073 2686 4142 plane
2730 4081 2943 4128 constat
2974 4071 3139 4126 fuisse
3187 4069 3333 4124 illam
3382 4080 3695 4138 exaratam,

2127 4162 2255 4217 dum
2285 4163 2462 4219 adhuc
2496 4166 2549 4218 in
2580 4163 2719 4219 vivis
2750 4172 2933 4234 ageret
2977 4172 3200 4218 sanctus
3225 4161 3420 4218 Petrus
3465 4164 3699 4219 Alexan-

2128 4254 2298 4309 drinae
2328 4252 2580 4309 Ecclesiae
2607 4254 2850 4308 antistes.
2904 4251 2995 4308 Sic
3022 4252 3167 4306 enim
3199 4250 3275 4305 ibi
3314 4252 3589 4307 Meletium
3619 4253 3701 4308 al-

2128 4345 2428 4414 loquuntur
2470 4343 2708 4400 illustres
2739 4342 2941 4399 Christi
2991 4339 3336 4398 conl‘essores
3368 4362 3382 4396 :
3419 4361 3440 4395 ι
3482 4338 3565 4397 Tu
3611 4358 3701 4397 au-

2129 4446 2235 4491 tem
2265 4452 2373 4490 non
2408 4435 2757 4492 considerans
2804 4434 2985 4507 magni
3031 4436 3271 4506 episcopi
3302 4450 3368 4491 ac
3395 4435 3569 4506 patris
3598 4450 3699 4489 no-

2128 4527 2228 4583 stri
2268 4524 2414 4582 Petri
2461 4526 2745 4594 honorem,
2775 4542 2842 4581 ex
2869 4541 2979 4597 quo
3007 4528 3186 4582 cuncti
3221 4541 3319 4595 per
3350 4541 3504 4596 spem
3532 4540 3696 4596 quam

2131 4619 2389 4673 habemus
2438 4617 2491 4672 in
2546 4619 2774 4673 Domino
2810 4625 2999 4673 nostro
3043 4616 3172 4673 Jesu
3204 4618 3461 4680 Christo.
3508 4618 3697 4688 pende-

2130 4708 2245 4762 mus
2277 4728 2296 4759 ι
2329 4716 2434 4763 etc.
2460 4705 2648 4777 Neque
2679 4708 2818 4762 ullus
2855 4707 3138 4762 dubitandi
3168 4708 3321 4764 locus
3349 4708 3693 4776 relinquitur,

2129 4802 2259 4870 quin
2289 4800 2323 4854 ii
2347 4800 2591 4854 eamdem
2632 4800 2915 4868 epistolam
2954 4801 3290 4869 scripserint,
3322 4800 3451 4854 dum
3489 4801 3543 4853 in
3577 4817 3696 4854 car-

2128 4907 2251 4947 cere
2297 4892 2665 4946 detinerentur
2699 4909 2713 4945 :
2747 4900 2806 4945 ut
2833 4890 3061 4960 proinde
3110 4890 3237 4945 hinc
3275 4889 3507 4946 fortasse
3533 4890 3688 4946 Mele-

2128 4983 2237 5038 tius
2261 4982 2705 5052 perniciosissimi
2740 4982 2794 5035 in
2826 4981 3060 5053 [Egypto
3084 4982 3394 5038 schismatis
3422 4983 3691 5037 conﬂandi

2127 5090 2317 5129 ansam
2341 5073 2647 5143 arripuerit.
2681 5070 2836 5138 Quod
2861 5074 3077 5143 quidem
3102 5090 3223 5128 cum
3250 5085 3437 5130 nostro
3460 5074 3693 5130 Baronio

2128 5169 2359 5239 aliisque
2408 5167 2537 5222 viris
2587 5165 2765 5221 doctis
2795 5165 2939 5221 circa
2985 5183 3188 5221 annum
3239 5165 3343 5221 506
3401 5166 3692 5240 contigisse

2128 5260 2525 5315 existimamus.

2201 5394 2279 5478 (Ζ)
2307 5394 2549 5478 ,Τῇὶιεωη
2593 5394 2917 5468 llém.,tom.
2947 5391 3012 5458 γ,
3040 5410 3161 5466 pag.
3199 5393 3320 5460 780,
3364 5406 3478 5452 not.
3507 5397 3567 5463 5,
3594 5410 3692 5453 sur

2132 5464 2188 5519 S.
2211 5464 2457 5521 "Phileas.
2765 5464 2777 5468 ’
3118 5464 3133 5466 ⁷

2199 5536 2276 5603 (8)
2316 5537 2434 5589 Act.
2470 5543 2630 5589 mart.
2666 5536 2833 5598 sine“
2869 5551 2990 5604 pag.
3028 5535 3153 5589 454.

2199 5606 2271 5680 (9)
2315 5604 2739 5680 Osserv.letter.,
2771 5613 2904 5660 tom.
2934 5604 3019 5670 Ill,
3049 5620 3167 5675 pag.
3199 5604 3379 5660 ll-l'i.
3402 5635 3470 5647 —
3494 5605 3687 5680 Opust.

2128 5674 2340 5734 eccles..
2355 5690 2493 5800 ἕπε.
2526 5674 2634 5731 254
2666 5690 2819 5745 seqq.

2202 5747 2309 5800 (l0)
2406 5747 2493 5800 ist.
2527 5745 2651 5800 eccl.
2685 5745 2778 5800 lib.
2815 5759 2933 5800 vut.
2959 5758 3079 5800 can.
3118 5744 3181 5798 l3

2202 5747 2309 5818 (10)
2355 5744 2493 5801 Hist.
2527 5745 2651 5802 eccl.
2685 5744 2793 5802 lib.
2815 5759 2933 5812 vut,
2959 5758 3079 5814 cap.
3118 5744 3204 5798 l5.
