3982 6346
327 364 457 419 1501

1318 359 1378 417 S.
1419 358 1693 417 PHILEE
1730 359 1948 417 ΕΡΙΞΤ.
1986 362 2075 416 AD
2113 361 2497 420 THMUITAS.

3408 363 3549 423 1563

1474 708 1604 821 S-
1686 708 2391 823 PHILEE

920 918 1315 982 ECCLESUE
1371 919 1911 981 THMUITARUM
1984 918 2337 982 EPISCOPI
2392 919 2493 980 ET
2548 918 2961 983 MABTYRIS

1733 1100 2060 1146 IXCERPTU
2069 1103 2116 1145 Μ

1066 1261 1226 1351 EX
1299 1259 1876 1352 EPISTOLA
1948 1261 2101 1349 AD
2172 1265 2829 1358 THMUITAS.

1284 1455 1437 1526 Apud
1482 1450 1677 1509 Euseb.
1702 1451 1843 1510 Hist.
1877 1455 2014 1513 eccl.
2044 1457 2139 1512 lib.
2174 1473 2295 1525 vm,
2334 1474 2453 1529 cap.
2488 1458 2577 1515 £0.

401 1728 616 1782 Τούτων
635 1726 886 1781 ἁπάντων
912 1726 1320 1798 ὑποδειγμάτων
1338 1729 1468 1798 ἡμῖν
1492 1727 1588 1782 καὶ
1606 1728 1886 1800 ὑπογραμ-

2053 1725 2091 1783 1.
2135 1726 2261 1782 Hac
2303 1727 2487 1782 omnia
2528 1728 2773 1797 exempla
2814 1742 2881 1782 ac
2920 1727 3073 1799 signa
3101 1736 3157 1785 et
3185 1730 3548 1800 pulcherrima

333 1819 451 1892 μῶν
469 1821 564 1875 καὶ
583 1817 764 1873 καλῶν
777 1818 1168 1892 γνωρισμάτων
1183 1821 1241 1873 ἐν
1264 1822 1380 1883 ταῖς
1404 1818 1575 1883 θείαις
1596 1820 1691 1874 καὶ
1719 1819 1905 1891 ἱεραῖς,

330 1912 572 1984 Γρανραϊς
603 1910 885 1981 κειμένων,
916 1909 1066 1964 οὐδὲν
1102 1909 1429 1981 μελήσαντες
1469 1909 1580 1980 (11)
1613 1910 1664 1964 οί
1707 1910 1885 1981 μακά-

333 2021 438 2075 ριοι
461 2005 511 2057 oi
546 2005 641 2057 σὺν
669 2004 798 2074 ἡμῖν
830 2002 1124 2074 μάρτυρες,
1154 2003 1214 2055 τὸ
1251 2002 1350 2073 τῆς
1377 2002 1553 2073 ψυχῆς
1579 2002 1733 2073 ὄμμα
1755 2001 1891 2075 πρὸς

327 2098 422 2151 τὸν
450 2096 543 2149 ἐπὶ
573 2095 787 2149 πάντων
816 2094 947 2147 Θεὸν
972 2093 1228 2165 καθαρῶς
1253 2094 1546 2156 τείναντες,
1573 2093 1780 2146 καὶτὸν
1804 2092 1889 2145 ἐπ’

327 2187 580 2258 εὐσεϐείᾳ
604 2186 827 2240 θάνατον
855 2187 911 2237 ὲν
938 2183 1012 2255 νῷ
1032 2184 1303 2249 λαϐόντες,
1330 2183 1497 2256 ἀπρὶξ
1524 2185 1623 2255 τῆς
1649 2183 1892 2256 κλήσεως

328 2279 569 2349 εἴχοντο·
606 2276 698 2331 τὸν
734 2275 831 2348 μὲν
860 2274 1062 2349 Κύριον
1101 2274 1256 2346 ἡμῶν
1299 2273 1504 2346 Ἰησοῦν
1546 2273 1775 2346 Χριστὸν
1801 2273 1895 2326 εὐο

331 2372 520 2441 ρόντες
569 2366 1063 2440 ὲνανθρωπήσαντα
1117 2364 1183 2419 δι’
1212 2366 1378 2436 ἡμᾶς,
1430 2365 1519 2419 ἵνα
1565 2367 1745 2419 πᾶσαν
1793 2364 1892 2435 μὲν

328 2457 607 2529 ἁμαρτίαν
657 2456 883 2528 ἐκκόψῃ,
930 2456 1116 2524 ἐφόδια
1158 2455 1215 2508 δὲ
1257 2455 1358 2525 τῆς
1405 2456 1484 2519 εἰς
1531 2454 1628 2527 τὴν
1677 2453 1892 2509 αἰώνιον

333 2549 477 2622 ζωὴν
521 2548 721 2602 εἰσόδου
767 2551 897 2619 ἡμῖν
956 2547 1274 2617 κατάθηταιο
1330 2549 1411 2602 Οὐ
1446 2545 1553 2618 γὰρ
1584 2546 1894 2617 ἁρπαγμὸν

333 2640 601 2712 ἡγήσατο
628 2639 693 2694 τὸ
712 2634 860 2693 εἶναι
891 2639 996 2693 ἵσα
1024 2637 1163 2704 Θεῷ·
1190 2639 1327 2693 ἀλλ’
1358 2639 1576 2693 ἑαυτὸν
1612 2638 1889 2704 ἐκένωσε,

331 2732 568 2803 μορφὴν·
591 2731 808 2785 δούλου
845 2730 1071 2785 λαϐώνο
1104 2730 1206 2784 καί
1232 2729 1495 2800 σχήματι
1526 2730 1787 2798 εὑρεθείς
1812 2730 1893 2796 ὡς

333 2822 657 2890 ἄνθρωπος,
684 2818 900 2875 ἑαυτὸν
920 2820 1321 2874 ἐταπείνωσεν
1343 2818 1454 2886 ἕως
1481 2819 1757 2884 θανάτου,
1791 2823 1892 2873 θα-

333 2912 517 2969 νάτου
540 2912 607 2966 δὲ
638 2912 924 2981 σταυροῦ.
970 2913 1061 2967 Διὸ
1104 2915 1197 2967 καὶ
1222 2912 1563 2984 ζηλώσαντες
1579 2913 1649 2968 τὰ
1674 2912 1893 2985 μείζονα

332 3006 644 3078 χαρίσματα
672 3005 721 3057 οἱ
744 3003 1100 3076 Χριστοφόροι
1134 3004 1408 3077 μάρτυρες
1428 3005 1561 3076 (1⁸2),
1594 3005 1771 3060 πάντα
1796 3006 1894 3076 μὲν
1928 3029 1932 3032 ⁴

1994 1819 2316 1874 documenta
2362 1818 2416 1872 in
2458 1818 2629 1873 sacris
2682 1817 2876 1874 litteris
2923 1829 3135 1874 exstare
3184 1835 3307 1874 cum
3351 1821 3554 1875 scirent

1994 1914 2292 1971 beatissimi
2356 1912 2451 1985 qui
2500 1912 2784 1968 nobiscum
2834 1913 3033 1970 versati
3079 1918 3206 1968 sunt
3251 1924 3551 1985 martyres,

1995 2006 2198 2077 absque
2243 2005 2351 2061 ulla
2391 2004 2765 2070 cunctatione,
2796 2005 3014 2060 oculum
3043 2007 3238 2062 mentis
3283 2007 3338 2061 in
3364 2022 3555 2076 supre-

1995 2112 2143 2153 mum
2176 2097 2417 2152 omnium
2445 2095 2615 2152 Deum
2646 2096 2858 2153 sincere
2886 2092 3201 2168 deiigentcs,
3232 2106 3286 2152 et
3321 2108 3551 2153 mortem

1995 2200 2095 2255 pro
2129 2183 2328 2255 pietate
2374 2184 2560 2239 libenti
2587 2184 2771 2241 animo
2812 2185 3235 2257 amplectentes,
3278 2189 3552 2244 vocationi

1997 2291 2111 2331 sua:
2160 2276 2508 2345 pertinaciter
2558 2276 2913 2333 inhaeserunt.
2988 2276 3197 2348 Quippe
3246 2280 3343 2350 qui
3387 2280 3554 2350 probe

1997 2376 2239 2433 nossent,
2264 2366 2553 2423 Dominum
2582 2378 2831 2424 nostrum
2855 2366 3039 2424 Jesum
3064 2368 3342 2426 Christum
3369 2380 3554 2426 nostra

1997 2474 2163 2514 causa
2210 2459 2485 2514 hominem
2535 2460 2739 2518 idcirco
2782 2461 2986 2518 factum
3018 2462 3206 2527 fuisse,
3244 2470 3305 2517 ut
3346 2471 3402 2517 et
3430 2478 3556 2532 pec-

1998 2558 2181 2604 catum
2229 2551 2454 2606 omnino
2488 2552 2856 2619 exscinderet,
2892 2564 2946 2610 et
2982 2554 3048 2608 ad
3083 2554 3252 2607 vitam
3296 2562 3555 2608 aeternam

1998 2638 2452 2696 contendentibus
2485 2640 2644 2697 nobis
2673 2642 2916 2699 subsidia
2953 2642 3161 2697 itineris
3194 2651 3553 2712 compararet.

2000 2728 2124 2785 Non
2150 2732 2294 2785 enim
2336 2733 2579 2801 rapinam
2617 2732 2906 2787 arbitratus
2940 2743 3019 2787 est
3042 2733 3322 2799 Christus,
3360 2749 3470 2786 esse
3502 2747 3557 2786 se

1999 2824 2253 2895 wqualem
2277 2824 2415 2890 Deo;
2447 2825 2537 2879 sed
2560 2826 2846 2880 exinaniuit
2873 2843 2927 2881 se
2950 2826 3140 2895 ipsum,
3169 2826 3303 2881 servi
3331 2825 3557 2895 formant

1999 2914 2220 2971 inducas
2238 2930 2259 2980 ;
2288 2925 2337 2969 et
2366 2917 2534 2986 specie
2579 2916 2693 2985 ipsa
2727 2917 2962 2970 inventus
2999 2916 3152 2986 quasi
3179 2914 3352 2981 homo,
3385 2914 3559 2968 Immi-

2000 3007 2150 3061 liavit
2195 3024 2250 3062 se
2280 3009 2453 3078 ipsum
2493 3024 2655 3079 usque
2693 3007 2761 3063 ad
2790 3017 3042 3074 mortem;
3077 3018 3127 3061 et
3165 3007 3374 3078 quidem
3416 3023 3558 3060 mor-

332 3098 491 3151 πόνον
521 3098 615 3151 καὶ
648 3095 906 3161 παντοίας
943 3096 1217 3167 αἰκισμῶν
1253 3096 1495 3159 ἐπινοίας
1518 3097 1616 3150 οὐκ
1640 3096 1892 3165 εἰσάπαξ,

2000 3108 2100 3153 tem
2144 3100 2313 3153 crucis
2336 3100 2376 3154 ί.
2426 3098 2660 3154 Proinde
2710 3098 2935 3153 meliora
2991 3098 3320 3154 charismata
3361 3113 3557 3155 conse-

333 3189 447 3244 ἀλλ’
477 3189 576 3262 ἤδη
618 3190 711 3245 καὶ
758 3189 1029 3259 δεύτερον,
1057 3188 1200 3253 τινὲς
1237 3189 1531 3260 ὑπέμειναν
1554 3206 1569 3219 ⁸
1621 3191 1800 3255 πάσας
1840 3189 1900 3244 δὲ

332 3281 560 3346 ἀπειλὰς
584 3282 645 3335 οὐ
671 3282 847 3352 λόγοις
879 3283 1057 3355 μόνον,
1096 3281 1231 3336 ἀλλὰ
1262 3282 1356 3337 καὶ
1389 3281 1570 3354 ἔργοις
1598 3282 1705 3337 τῶν
1736 3283 1895 3354 δορυ-

334 3374 515 3446 φόρων
568 3375 685 3429 κατ’
730 3376 908 3430 αὐτῶν
955 3377 1438 3448 φιλοτιμουμένων,
1486 3378 1585 3431 οὐκ
1628 3376 1893 3430 ἐνεδίδουν

333 3466 433 3537 τὴν
458 3467 700 3538 γνώμην,
734 3465 825 3520 διὰ
842 3469 903 3521 τὸ
924 3467 1038 3537 τὴν
1062 3469 1301 3523 τελείαν
1325 3467 1565 3540 ἀγάπην
1593 3465 1709 3532 ἔξω
1735 3466 1893 3533 ,βά-λ-

333 3562 467 3614 λειν
492 3559 599 3614 τὸν
623 3560 828 3629 φόϐον.

2001 3198 2210 3245 ctantes
2254 3199 2525 3262 martyres
2567 3190 2662 3262 qui
2686 3188 2962 3255 Clu-istum
3012 3190 3314 3261 gestabant,
3367 3204 3558 3247 omnes

1996 3296 2293 3348 aerumnas,
2331 3282 2515 3337 omnia
2553 3289 2950 3338 tormentorum
2994 3298 3192 3354 genera
3234 3297 3355 3353 qua:
3396 3297 3558 3338 exco-

1996 3371 2156 3442 gitari
2184 3380 2493 3442 potuerant,
2531 3387 2642 3426 non
2668 3372 2857 3436 semel,
2894 3373 2990 3428 sed
3030 3373 3225 3427 iterum
3263 3389 3328 3429 ac
3357 3373 3554 3443 saepius

1994 3465 2244 3519 nonnulli
2287 3464 2680 3520 sustinuerunt.
2707 3462 2773 3518 Et
2801 3479 2926 3518 cum
2954 3464 3212 3520 satellites
3244 3480 3354 3520 non
3382 3466 3557 3521 solum

1992 3559 2173 3615 verbis
2202 3559 2491 3622 minantes,
2520 3557 2612 3613 sed
2646 3558 2809 3611 etiam
2835 3554 2994 3612 lactis
3030 3566 3290 3613 terrorem
3319 3559 3452 3629 ipsis
3479 3560 3561 3613 in-

335 3661 519 3721 cutere
556 3652 802 3708 certatim
836 3652 1156 3722 niterentur,
1200 3667 1311 3709 non
1349 3663 1529 3709 tamen
1573 3651 1730 3709 fracti
1761 3662 1890 3711 sunt
1927 3653 2131 3723 animo,
2161 3667 2226 3710 eo
2254 3652 2396 3724 quod
2440 3652 2668 3722 perfecta
2701 3651 2932 3706 charitas
3000 3650 3145 3719 {oras
3216 3651 3459 3721 ejiciebat
3491 3656 3563 3707 ti—

337 3763 530 3802 morem
556 3749 596 3803 '.

406 3832 507 3891 Ὧν
537 3822 853 3907 καταλέγειν
891 3839 990 3911 τὴν
1032 3838 1233 3913 ἀρετὴν
1282 3841 1376 3894 καὶ
1417 3839 1516 3911 τὴν
1561 3841 1647 3910 ἐφ’
1689 3841 1893 3913 ἑκάστῃ

337 3928 556 4000 βασάνῳ
585 3929 853 4003 ἀνδρείαν,
897 3932 982 3996 τίς
1011 3931 1076 3987 ἂν
1116 3933 1368 4005 ἁρκέσειε
1395 3933 1584 4003 λόγος;
1639 3933 1899 3998 Ἀνέσεως

338 4017 447 4089 γὰρ
497 4018 663 4091 οὖσης
716 4020 885 4075 ἅπασι
932 4025 1046 4086 τοῖς
1096 4022 1437 4095 βουλομένοις
1477 4021 1801 4095 ἐνυϐρίζειν,
1846 4025 1898 4077 οι

343 4111 441 4182 μὲν
466 4111 642 4178 ξύλοις
670 4112 918 4168 ἐπαίοντο
935 4130 950 4145 ·
974 4114 1151 4187 ἕτεροι
1174 4116 1232 4169 δὲ
1268 4116 1483 4186 ῥάϐδοις
1505 4133 1519 4146 ·
1544 4114 1689 4175 ἄλλοι
1720 4115 1776 4169 δὲ
1798 4115 1902 4186 μά·

341 4201 511 4268 στιξιν
528 4220 541 4236 ο
567 4204 741 4277 ἕτεροι
764 4204 818 4259 δὲ
846 4204 1004 4260 πάλιν
1029 4205 1232 4278 ίμάσινο
1256 4207 1475 4262 morat
1495 4205 1765 4279 σχοινίοις.
1790 4205 1903 4259 Καὶ

338 4288 408 4363 ἦν
454 4296 488 4367 ἡ
527 4294 624 4349 θέα
664 4296 773 4349 τῶν
815 4297 1085 4369 αἰκισμῶν
1135 4298 1506 4372 ὲνηλλαγμένη
1560 4300 1654 4354 καὶ
1701 4298 1900 4370 πολλὴν

338 4386 439 4458 τὴν
486 4387 543 4440 ὲν
574 4386 708 4459 αὐτῇ
740 4389 932 4442 κακίαν
970 4388 1187 4461 ἔχουσα.
1224 4392 1284 4445 Oi
1323 4391 1421 4461 μὲν
1466 4389 1573 4462 γὰρ
1616 4391 1790 4445 ὀπίσω
1820 4389 1899 4444 τὼ

2091 3835 2159 3891 Il.
2213 3834 2457 3902 Quorum
2509 3832 2762 3888 virtutem
2806 3839 2860 3885 et
2901 3829 2956 3883 in
3001 3829 3228 3900 singulis
3272 3832 3560 3887 tormentis

2000 3927 2393 3993 fortitudinem,
2421 3939 2542 3995 quas
2565 3923 2779 3978 tandem
2804 3923 2980 3979 oratio
3011 3922 3181 3994 possit
3205 3923 3563 3993 percensere?
3612 3973 3619 3979 .

1999 4020 2137 4075 Nam
2177 4034 2302 4074 cum
2345 4033 2442 4073 eos
2487 4015 2687 4086 injuria
2735 4014 2951 4071 allicere
3003 4015 3177 4070 cuivis
3218 4015 3424 4082 liceret,
3467 4015 3562 4071 alii

2002 4111 2260 4178 fustibus,
2302 4109 2392 4164 alii
2440 4109 2627 4179 virgis,
2668 4107 2759 4161 alii
2809 4105 2993 4176 ﬂagris
3032 4120 3127 4161 eos
3162 4107 3554 4162 verberabant:

2004 4205 2225 4276 quidam
2271 4202 2438 4269 loris;
2490 4200 2736 4256 nonnulli
2785 4201 2947 4255 etiam
2994 4197 3217 4255 funibus
3260 4199 3559 4255 cadebant.

2005 4296 2242 4369 Eratque
2300 4290 2609 4364 huiusmodi
2653 4291 2994 4348 cruciatuum
3046 4292 3412 4361 spectaculum
3465 4306 3562 4345 va-

2005 4388 2149 4444 rium
2203 4393 2259 4443 et
2306 4384 2588 4455 multiplex
2633 4384 2962 4454 plenumque
3027 4381 3266 4438 malitias.
3328 4379 3560 4448 Quidam

340 4481 491 4553 χεῖρε
523 4479 783 4544 δεθέντες,
822 4481 949 4552 περὶ
990 4483 1050 4536 τὸ
1079 4482 1234 4550 ξύλον
1265 4483 1378 4554 (15)
1425 4482 1751 4555 ἐξηρτῶντο,
1805 4484 1898 4537 καὶ

2005 4480 2149 4535 enim
2192 4478 2409 4533 illorum
2457 4474 2711 4530 manibus
2751 4487 2874 4544 post
2926 4482 3136 4544 tergum
3182 4470 3441 4530 revinctis
3491 4473 3562 4528 ad

345 4571 641 4642 μαγγανοις
678 4572 787 4626 τισὶ
826 4572 1143 4628 διετείνοντο
1182 4575 1290 4628 πᾶν
1343 4574 1519 4645 μέλος.
1570 4571 1684 4629 Εἶθ’
1730 4575 1901 4640 οὕτως

341 4661 430 4715 διὰ
453 4662 649 4727 παντὸς
670 4662 763 4717 τοῦ
799 4661 1048 4734 σώματος
1074 4665 1275 4736 ἐπῆγον
1303 4668 1368 4720 ὲκ
1394 4666 1697 4731 κελεύσεως
1725 4669 1775 4721 οἱ
1803 4666 1902 4739 βα-

346 4755 609 4819 σανισταὶ,
639 4752 699 4809 οὐ
731 4754 982 4828 καθάπερ
1020 4759 1133 4821 τοῖς
1165 4757 1414 4827 φονεῦσιν
1461 4760 1555 4812 ἐπὶ
1584 4759 1693 4812 τῶν
1739 4759 1902 4812 πλευ-

349 4845 456 4917 ρῶν
490 4848 669 4918 μόνον,
698 4846 833 4902 ἀλλὰ
877 4849 974 4902 καὶ
1003 4849 1104 4919 τῆς
1144 4851 1376 4923 γαστρὸς
1424 4852 1515 4904 καὶ
1553 4850 1777 4921 κνημῶν
1809 4850 1903 4905 καὶ

347 4938 587 5011 παρειῶν
623 4941 735 5004 τοῖς
773 4941 1125 5013 ἀμυντηρίοις
1170 4940 1423 5007 ἐκόλαζον
1460 4941 1590 5015 (ut)-
1630 4942 1807 5014 ἕτεροι
1846 4941 1903 4996 δὲ

423 5056 441 5086 ¹
463 5052 698 5124 Philipp.
724 5060 784 5123 ιι,
807 5057 928 5112 6-8.
1004 5058 1025 5088 ¹
1050 5058 1072 5111 l
1104 5055 1262 5112 Joan.
1282 5073 1353 5124 Iv,
1374 5056 1463 5111 18.

422 5166 439 5235 (
447 5165 530 5238 11)
558 5166 747 5239 Οὐδὲν
773 5166 1166 5239 μελήονοντες.
1213 5166 1399 5239 Scljbe
1433 5165 1812 5239 μελλῄσαντες,
1846 5174 1906 5220 ut

348 5234 545 5307 legitur
582 5237 636 5291 in
672 5234 861 5293 codice
905 5237 1071 5301 Med.,
1096 5238 1263 5307 Man,
1296 5234 1445 5293 Fuk.’
1476 5247 1530 5293 et
1554 5234 1720 5291 Savil.
1759 5234 1906 5307 Idem

346 5306 503 5363 error
549 5322 616 5362 ex
646 5307 959 5363 eorumdem
1009 5306 1255 5362 codicum
1308 5309 1628 5362 auctoritate
1676 5321 1707 5360 a
1747 5306 1907 5362 nobis

347 5378 668 5433 emendatus
699 5386 783 5433 est
811 5393 1001 5432 rursus
1041 5376 1179 5431 infra
1216 5378 1268 5431 in
1296 5376 1399 5433 hac
1434 5376 1632 5431 Phileae
1654 5376 1904 5445 epistola.

421 5446 531 5520 (12)
557 5448 1080 5520 ᾃοὶ-Χριστοφόροι
1123 5447 1441 5520 μάρτυρες.
1498 5447 1551 5502 ld
1588 5456 1673 5520 est
1689 5443 1907 5499 Christo

348 5518 422 5587 pta
439 5516 520 5573 ni.
550 5516 641 5573 Sic
660 5516 896 5587 lgnatius
917 5516 1292 5572 ’Antiochenus
1315 5518 1601 5587 cpiscopus
1623 5516 1801 5569 dictus
1823 5523 1908 5569 est

351 5588 637 5658 Θεοφόρος,
674 5587 726 5643 id
751 5596 833 5658 est
864 5587 971 5658 Deo
1004 5587 1205 5658 plenas.

424 5652 718 5727 (iﬁlﬂspt
758 5656 824 5710 τὸ
865 5652 1073 5721 ξύλον.
1120 5654 1421 5726 Equuleum
1460 5654 1733 5727 intelligo.
1776 5652 1907 5727 Reis

352 5727 495 5780 enim
519 5724 525 5727 ’
548 5726 601 5781 in
629 5724 858 5795 eouuleo
904 5724 1204 5796 suspensis,
1255 5727 1420 5782 latera
1450 5724 1908 5798 ferreis'uugulis

353 5796 721 5851 exarabantur

353 5804 721 5854 exarabantur

2002 4570 2239 4639 stipitem
2283 4565 2750 4637 suspendebantur
2780 4582 2795 4620 :
2831 4580 2895 4620 ac
2920 4564 3112 4620 deinde
3146 4565 3399 4621 universa
3436 4578 3563 4620 cor-

2000 4660 2151 4731 poris
2178 4659 2420 4714 membra
2449 4659 2716 4715 machinis
2743 4656 3064 4728 quibusdam
3092 4657 3560 4713 diSIendebantur.

2003 4752 2133 4806 Post
2168 4750 2283 4805 haec
2318 4758 2550 4805 tortores
2576 4749 2731 4819 jussu
2775 4749 2978 4819 iudicis
3026 4749 3281 4803 universo
3323 4746 3564 4818 corpori,

2001 4854 2178 4911 neque
2221 4848 2281 4894 ut
2329 4839 2615 4895 homicidis
2656 4839 2814 4905 solet,
2848 4838 3102 4894 lateribus
3142 4837 3432 4904 duntaxat,
3467 4836 3563 4891 sed

2001 4944 2165 4999 etiam
2205 4942 2402 5010 ventri,
2445 4942 2698 4998 cruribus
2746 4958 2811 4997 ac
2844 4940 2998 5013 genis
3039 4940 3314 4997 cruciatus
3372 4938 3565 4994 ferreis

2074 5162 2193 5234 (H)
2234 5161 2635 5234 ἈμυνττιοίοιςΔ
2658 5157 2959 5234 ἐκόλαζον.
2989 5157 3187 5234 [Eadem
3214 5155 3376 5234 verba
3399 5154 3563 5234 habet

2004 5224 2395 5302 metaphrastes
2431 5224 2492 5285 ἱιῖ
2520 5224 2664 5302 Actis
2686 5230 2963 5302 passionis
2987 5227 3202 5302 Philete.
3231 5224 3563 5293 Nicephorus

2004 5297 2255 5374 emendat
2273 5299 2623 5374 ἀμυντηρίοις
2644 5297 2741 5364 τὰς
2760 5299 3018 5374 κολάσεις.
3039 5297 3220 5358 Recte,
3235 5305 3294 5374 ut
3310 5303 3561 5374 apparet:

2005 5364 2326 5444 ἁμυντήριοξ
2363 5364 2538 5426 autem
2593 5380 2731 5444 sunt.
2764 5369 3000 5444 ungulae,
3049 5377 3112 5444 ut
3150 5364 3569 5444 recteﬁulinus

2006 5435 2186 5498 vertit.
2205 5435 2471 5496 Videntur
2502 5454 2687 5510 tamen,
2704 5435 3015 5510 ᾁμυνῖεῄρια
3031 5436 3248 5510 aliquid
3276 5435 3399 5504 plus
3416 5450 3567 5510 esse,

2007 5529 2169 5590 quam
2210 5512 2442 5590 ungulae.
2494 5510 2629 5565 Nam
2676 5504 2974 5590 Hesychius
3018 5504 3362 5590 ἀμυντήριον
3401 5504 3567 5585 ’ξίφος

2006 5576 2256 5654 δίστομον
2288 5576 2686 5656 interpretatur
2710 5620 2743 5656 ,_
2779 5576 2831 5656 id
2883 5586 2965 5656 est
3013 5576 3252 5656 gladium
3308 5577 3570 5656 utrinque

2008 5646 2226 5707 acutum
2258 5670 2271 5705 :
2300 5663 2355 5706 et
2396 5646 2460 5705 in‘
2488 5652 2589 5705 hoc
2613 5648 2904 5704 crudelitas
2929 5646 3172 5713 judieum
3208 5656 3443 5709 notatur,
3472 5646 3573 5715 qui

2010 5738 2117 5776 non
2146 5722 2380 5779 contenti
2409 5720 2746 5789 simplicibus
2777 5717 3014 5789 ungulis,
3043 5717 3322 5775 novaculis
3355 5716 3422 5774 ad
3444 5732 3573 5772 exa-

2013 5794 2179 5849 rauda
2211 5788 2699 5864 tuarlyrumlatera
2731 5788 3040 5844 utebantur.

3510 5946 3819 6047 ﬂ
