  <div class='ocr_page' id='page_1' title='image "/cluster/home/n/w/nwhite01/storage/ocr_20150623/10/hvd.32044073501348/797.png"; bbox 0 0 3982 6346; ppageno 0'>
   <div class='ocr_carea' id='block_1_1' title="bbox 439 377 574 431">
    <p class='ocr_par' dir='ltr' id='par_1_1' title="bbox 439 377 574 431">
     <span class='ocr_line' id='line_1_1' title="bbox 439 377 574 431; baseline 0.015 -2"><span class='ocrx_word' id='word_1_1' title='bbox 439 377 574 431; x_wconf 72' lang='grc'><strong>156⁸5</strong></span> 
     </span>
    </p>
   </div>
   <div class='ocr_carea' id='block_1_2' title="bbox 1649 374 2439 434">
    <p class='ocr_par' dir='ltr' id='par_1_2' title="bbox 1649 374 2439 434">
     <span class='ocr_line' id='line_1_2' title="bbox 1649 374 2439 434; baseline -0.004 -2"><span class='ocrx_word' id='word_1_2' title='bbox 1649 376 1707 432; x_wconf 87' lang='lat' dir='ltr'><strong>S.</strong></span> <span class='ocrx_word' id='word_1_3' title='bbox 1749 374 2021 432; x_wconf 67' lang='lat' dir='ltr'><strong>PHILEE</strong></span> <span class='ocrx_word' id='word_1_4' title='bbox 2060 374 2439 434; x_wconf 70' lang='lat' dir='ltr'><strong>THMUITANI</strong></span> 
     </span>
    </p>
   </div>
   <div class='ocr_carea' id='block_1_3' title="bbox 3531 368 3680 424">
    <p class='ocr_par' dir='ltr' id='par_1_3' title="bbox 3531 368 3680 424">
     <span class='ocr_line' id='line_1_3' title="bbox 3531 368 3680 424; baseline 0 -1"><span class='ocrx_word' id='word_1_5' title='bbox 3531 368 3680 424; x_wconf 64' lang='lat'><strong>1565</strong></span> 
     </span>
    </p>
   </div>
   <div class='ocr_carea' id='block_1_4' title="bbox 437 492 2003 570">
    <p class='ocr_par' dir='ltr' id='par_1_4' title="bbox 437 495 1995 566">
     <span class='ocr_line' id='line_1_4' title="bbox 437 495 1995 566; baseline 0.004 -19"><span class='ocrx_word' id='word_1_6' title='bbox 437 495 655 566; x_wconf 80' lang='lat' dir='ltr'><strong>ungulis</strong></span> <span class='ocrx_word' id='word_1_7' title='bbox 693 496 1040 551; x_wconf 78' lang='lat' dir='ltr'><strong>adhibebant.</strong></span> <span class='ocrx_word' id='word_1_8' title='bbox 1074 497 1306 563; x_wconf 82' lang='lat' dir='ltr'><strong>Quidam</strong></span> <span class='ocrx_word' id='word_1_9' title='bbox 1344 513 1472 553; x_wconf 80' lang='lat' dir='ltr'><strong>vero</strong></span> <span class='ocrx_word' id='word_1_10' title='bbox 1515 499 1683 553; x_wconf 88' lang='lat' dir='ltr'><strong>altera</strong></span> <span class='ocrx_word' id='word_1_11' title='bbox 1730 516 1890 554; x_wconf 90' lang='lat' dir='ltr'><strong>manu</strong></span> <span class='ocrx_word' id='word_1_12' title='bbox 1930 500 1995 554; x_wconf 79' lang='lat' dir='ltr'><strong>ad</strong></span> 
     </span>
    </p>
   </div>
   <div class='ocr_carea' id='block_1_5' title="bbox 2108 492 3675 570">
    <p class='ocr_par' dir='ltr' id='par_1_5' title="bbox 2108 492 3675 570">
     <span class='ocr_line' id='line_1_5' title="bbox 2108 492 3675 570; baseline -0.005 -18"><span class='ocrx_word' id='word_1_13' title='bbox 2108 498 2206 552; x_wconf 66' lang='grc' dir='ltr'>Ξπὺ</span> <span class='ocrx_word' id='word_1_14' title='bbox 2235 500 2332 570; x_wconf 81' lang='grc' dir='ltr'>τῆς</span> <span class='ocrx_word' id='word_1_15' title='bbox 2358 501 2518 563; x_wconf 74' lang='grc' dir='ltr'>στοᾶς</span> <span class='ocrx_word' id='word_1_16' title='bbox 2566 499 2694 569; x_wconf 82' lang='grc' dir='ltr'>μιᾶς</span> <span class='ocrx_word' id='word_1_17' title='bbox 2723 497 2902 568; x_wconf 75' lang='grc' dir='ltr'>χειρὸς</span> <span class='ocrx_word' id='word_1_18' title='bbox 2946 492 3307 566; x_wconf 74' lang='grc' dir='ltr'><strong>ἐξηρτημένοι</strong></span> <span class='ocrx_word' id='word_1_19' title='bbox 3350 492 3675 562; x_wconf 74' lang='grc' dir='ltr'><strong>αἰωροῦντο,</strong></span> 
     </span>
    </p>
   </div>
   <div class='ocr_carea' id='block_1_6' title="bbox 436 589 2001 660">
    <p class='ocr_par' dir='ltr' id='par_1_6' title="bbox 436 589 2001 660">
     <span class='ocr_line' id='line_1_6' title="bbox 436 589 2001 660; baseline 0.003 -19"><span class='ocrx_word' id='word_1_20' title='bbox 436 590 704 659; x_wconf 79' lang='lat' dir='ltr'><strong>porticum</strong></span> <span class='ocrx_word' id='word_1_21' title='bbox 742 589 995 658; x_wconf 80' lang='lat' dir='ltr'><strong>suSpensi</strong></span> <span class='ocrx_word' id='word_1_22' title='bbox 1028 591 1372 659; x_wconf 88' lang='lat' dir='ltr'><strong>pendebant;</strong></span> <span class='ocrx_word' id='word_1_23' title='bbox 1406 591 1605 660; x_wconf 83' lang='lat' dir='ltr'><strong>quibus</strong></span> <span class='ocrx_word' id='word_1_24' title='bbox 1647 593 2001 647; x_wconf 76' lang='lat' dir='ltr'><strong>articulorum</strong></span> 
     </span>
    </p>
   </div>
   <div class='ocr_carea' id='block_1_7' title="bbox 438 686 2002 757">
    <p class='ocr_par' dir='ltr' id='par_1_7' title="bbox 438 686 2002 757">
     <span class='ocr_line' id='line_1_7' title="bbox 438 686 2002 757; baseline 0.001 -19"><span class='ocrx_word' id='word_1_25' title='bbox 438 687 917 754; x_wconf 83' lang='lat' dir='ltr'><strong>membrorumque</strong></span> <span class='ocrx_word' id='word_1_26' title='bbox 951 686 1192 739; x_wconf 90' lang='lat' dir='ltr'><strong>omnium</strong></span> <span class='ocrx_word' id='word_1_27' title='bbox 1235 686 1501 742; x_wconf 86' lang='lat' dir='ltr'><strong>distensio</strong></span> <span class='ocrx_word' id='word_1_28' title='bbox 1528 688 1724 757; x_wconf 82' lang='lat' dir='ltr'><strong>quovis</strong></span> <span class='ocrx_word' id='word_1_29' title='bbox 1759 687 2002 742; x_wconf 84' lang='lat' dir='ltr'><strong>cruciatu</strong></span> 
     </span>
    </p>
   </div>
   <div class='ocr_carea' id='block_1_8' title="bbox 435 774 2003 831">
    <p class='ocr_par' dir='ltr' id='par_1_8' title="bbox 435 774 2003 831">
     <span class='ocr_line' id='line_1_8' title="bbox 435 774 2003 831; baseline 0.002 -4"><span class='ocrx_word' id='word_1_30' title='bbox 435 784 556 828; x_wconf 81' lang='lat' dir='ltr'><strong>erat</strong></span> <span class='ocrx_word' id='word_1_31' title='bbox 583 774 849 829; x_wconf 88' lang='lat' dir='ltr'><strong>acerbior.</strong></span> <span class='ocrx_word' id='word_1_32' title='bbox 893 774 999 828; x_wconf 89' lang='lat' dir='ltr'><strong>Alii</strong></span> <span class='ocrx_word' id='word_1_33' title='bbox 1030 776 1271 829; x_wconf 74' lang='lat' dir='ltr'><strong>vultibus</strong></span> <span class='ocrx_word' id='word_1_34' title='bbox 1310 776 1363 830; x_wconf 94' lang='lat' dir='ltr'><strong>in</strong></span> <span class='ocrx_word' id='word_1_35' title='bbox 1403 792 1462 831; x_wconf 87' lang='lat' dir='ltr'><strong>se</strong></span> <span class='ocrx_word' id='word_1_36' title='bbox 1501 784 1695 831; x_wconf 88' lang='lat' dir='ltr'><strong>mutuo</strong></span> <span class='ocrx_word' id='word_1_37' title='bbox 1722 776 2003 831; x_wconf 78' lang='lat' dir='ltr'><strong>conversis</strong></span> 
     </span>
    </p>
   </div>
   <div class='ocr_carea' id='block_1_9' title="bbox 439 867 2004 937">
    <p class='ocr_par' dir='ltr' id='par_1_9' title="bbox 439 867 2004 937">
     <span class='ocr_line' id='line_1_9' title="bbox 439 867 2004 937; baseline 0.003 -18"><span class='ocrx_word' id='word_1_38' title='bbox 439 868 506 921; x_wconf 88' lang='lat' dir='ltr'><strong>ad</strong></span> <span class='ocrx_word' id='word_1_39' title='bbox 536 867 821 921; x_wconf 86' lang='lat' dir='ltr'><strong>columnas</strong></span> <span class='ocrx_word' id='word_1_40' title='bbox 851 867 1236 936; x_wconf 77' lang='lat' dir='ltr'><strong>alligabantur,</strong></span> <span class='ocrx_word' id='word_1_41' title='bbox 1270 867 1498 937; x_wconf 88' lang='lat' dir='ltr'><strong>pedibus</strong></span> <span class='ocrx_word' id='word_1_42' title='bbox 1520 868 1696 922; x_wconf 87' lang='lat' dir='ltr'><strong>solum</strong></span> <span class='ocrx_word' id='word_1_43' title='bbox 1739 884 1845 923; x_wconf 92' lang='lat' dir='ltr'><strong>non</strong></span> <span class='ocrx_word' id='word_1_44' title='bbox 1874 885 2004 923; x_wconf 88' lang='lat' dir='ltr'><strong>con-</strong></span> 
     </span>
    </p>
   </div>
   <div class='ocr_carea' id='block_1_10' title="bbox 441 957 2001 1027">
    <p class='ocr_par' dir='ltr' id='par_1_10' title="bbox 441 957 2001 1027">
     <span class='ocr_line' id='line_1_10' title="bbox 441 957 2001 1027; baseline 0.001 -16"><span class='ocrx_word' id='word_1_45' title='bbox 441 958 805 1027; x_wconf 81' lang='lat' dir='ltr'><strong>tingentibus;</strong></span> <span class='ocrx_word' id='word_1_46' title='bbox 847 957 984 1011; x_wconf 89' lang='lat' dir='ltr'><strong>adeo</strong></span> <span class='ocrx_word' id='word_1_47' title='bbox 1032 966 1095 1012; x_wconf 91' lang='lat' dir='ltr'><strong>ut</strong></span> <span class='ocrx_word' id='word_1_48' title='bbox 1131 958 1349 1012; x_wconf 87' lang='lat' dir='ltr'><strong>vincula</strong></span> <span class='ocrx_word' id='word_1_49' title='bbox 1396 958 1662 1027; x_wconf 75' lang='lat' dir='ltr'><strong>gravitate</strong></span> <span class='ocrx_word' id='word_1_50' title='bbox 1711 973 2001 1026; x_wconf 89' lang='lat' dir='ltr'><strong>corporum</strong></span> 
     </span>
    </p>
   </div>
   <div class='ocr_carea' id='block_1_11' title="bbox 437 1049 2004 1119">
    <p class='ocr_par' dir='ltr' id='par_1_11' title="bbox 437 1049 2004 1119">
     <span class='ocr_line' id='line_1_11' title="bbox 437 1049 2004 1119; baseline 0.001 -15"><span class='ocrx_word' id='word_1_51' title='bbox 437 1049 651 1114; x_wconf 80' lang='lat' dir='ltr'><strong>adacta,</strong></span> <span class='ocrx_word' id='word_1_52' title='bbox 682 1050 863 1105; x_wconf 87' lang='lat' dir='ltr'><strong>acrius</strong></span> <span class='ocrx_word' id='word_1_53' title='bbox 910 1050 1340 1103; x_wconf 88' lang='lat' dir='ltr'><strong>intenderentur.</strong></span> <span class='ocrx_word' id='word_1_54' title='bbox 1386 1049 1564 1119; x_wconf 88' lang='lat' dir='ltr'><strong>Atque</strong></span> <span class='ocrx_word' id='word_1_55' title='bbox 1608 1050 1661 1104; x_wconf 89' lang='lat' dir='ltr'><strong>id</strong></span> <span class='ocrx_word' id='word_1_56' title='bbox 1703 1050 2004 1105; x_wconf 84' lang='lat' dir='ltr'><strong>tolerabant</strong></span> 
     </span>
    </p>
   </div>
   <div class='ocr_carea' id='block_1_12' title="bbox 439 1140 2007 1212">
    <p class='ocr_par' dir='ltr' id='par_1_12' title="bbox 439 1140 2007 1212">
     <span class='ocr_line' id='line_1_12' title="bbox 439 1140 2007 1212; baseline 0.001 -19"><span class='ocrx_word' id='word_1_57' title='bbox 439 1156 548 1194; x_wconf 85' lang='lat' dir='ltr'><strong>non</strong></span> <span class='ocrx_word' id='word_1_58' title='bbox 584 1140 760 1194; x_wconf 91' lang='lat' dir='ltr'><strong>solum</strong></span> <span class='ocrx_word' id='word_1_59' title='bbox 810 1141 1053 1210; x_wconf 92' lang='lat' dir='ltr'><strong>quandiu</strong></span> <span class='ocrx_word' id='word_1_60' title='bbox 1102 1156 1303 1210; x_wconf 71' lang='lat' dir='ltr'><strong>praases</strong></span> <span class='ocrx_word' id='word_1_61' title='bbox 1347 1155 1441 1195; x_wconf 87' lang='lat' dir='ltr'><strong>eos</strong></span> <span class='ocrx_word' id='word_1_62' title='bbox 1480 1141 1877 1212; x_wconf 81' lang='lat' dir='ltr'><strong>alloquebatur,</strong></span> <span class='ocrx_word' id='word_1_63' title='bbox 1912 1149 2007 1195; x_wconf 88' lang='lat' dir='ltr'><strong>aut</strong></span> 
     </span>
    </p>
   </div>
   <div class='ocr_carea' id='block_1_13' title="bbox 440 1231 2001 1302">
    <p class='ocr_par' dir='ltr' id='par_1_13' title="bbox 440 1231 2001 1302">
     <span class='ocr_line' id='line_1_13' title="bbox 440 1231 2001 1302; baseline 0.002 -18"><span class='ocrx_word' id='word_1_64' title='bbox 440 1232 729 1287; x_wconf 83' lang='lat' dir='ltr'><strong>audiendis</strong></span> <span class='ocrx_word' id='word_1_65' title='bbox 756 1231 891 1302; x_wconf 89' lang='lat' dir='ltr'><strong>ipsis</strong></span> <span class='ocrx_word' id='word_1_66' title='bbox 919 1231 1171 1293; x_wconf 87' lang='lat' dir='ltr'><strong>vacabat,</strong></span> <span class='ocrx_word' id='word_1_67' title='bbox 1201 1232 1295 1286; x_wconf 91' lang='lat' dir='ltr'><strong>sed</strong></span> <span class='ocrx_word' id='word_1_68' title='bbox 1330 1240 1449 1286; x_wconf 89' lang='lat' dir='ltr'><strong>toto</strong></span> <span class='ocrx_word' id='word_1_69' title='bbox 1477 1233 1862 1302; x_wconf 88' lang='lat' dir='ltr'><strong>propemodum</strong></span> <span class='ocrx_word' id='word_1_70' title='bbox 1896 1232 2001 1287; x_wconf 91' lang='lat' dir='ltr'><strong>die.</strong></span> 
     </span>
    </p>
   </div>
   <div class='ocr_carea' id='block_1_14' title="bbox 439 1320 2004 1386">
    <p class='ocr_par' dir='ltr' id='par_1_14' title="bbox 439 1320 2004 1386">
     <span class='ocr_line' id='line_1_14' title="bbox 439 1320 2004 1386; baseline 0.001 -11"><span class='ocrx_word' id='word_1_71' title='bbox 439 1320 573 1376; x_wconf 80' lang='lat' dir='ltr'><strong>Nam</strong></span> <span class='ocrx_word' id='word_1_72' title='bbox 613 1324 703 1377; x_wconf 92' lang='lat' dir='ltr'><strong>ubi</strong></span> <span class='ocrx_word' id='word_1_73' title='bbox 736 1324 802 1377; x_wconf 90' lang='lat' dir='ltr'><strong>ad</strong></span> <span class='ocrx_word' id='word_1_74' title='bbox 845 1323 982 1377; x_wconf 88' lang='lat' dir='ltr'><strong>alios</strong></span> <span class='ocrx_word' id='word_1_75' title='bbox 1009 1322 1306 1385; x_wconf 85' lang='lat' dir='ltr'><strong>audiendos</strong></span> <span class='ocrx_word' id='word_1_76' title='bbox 1352 1324 1673 1386; x_wconf 79' lang='lat' dir='ltr'><strong>transierat,</strong></span> <span class='ocrx_word' id='word_1_77' title='bbox 1724 1323 2004 1380; x_wconf 86' lang='lat' dir='ltr'><strong>ministros</strong></span> 
     </span>
    </p>
   </div>
   <div class='ocr_carea' id='block_1_15' title="bbox 440 1412 2003 1483">
    <p class='ocr_par' dir='ltr' id='par_1_15' title="bbox 440 1412 2003 1483">
     <span class='ocr_line' id='line_1_15' title="bbox 440 1412 2003 1483; baseline 0.001 -18"><span class='ocrx_word' id='word_1_78' title='bbox 440 1412 601 1467; x_wconf 82' lang='lat' dir='ltr'><strong>oliicii</strong></span> <span class='ocrx_word' id='word_1_79' title='bbox 639 1414 720 1467; x_wconf 91' lang='lat' dir='ltr'><strong>sui</strong></span> <span class='ocrx_word' id='word_1_80' title='bbox 763 1414 1133 1482; x_wconf 84' lang='lat' dir='ltr'><strong>relinquebat,</strong></span> <span class='ocrx_word' id='word_1_81' title='bbox 1178 1413 1272 1482; x_wconf 88' lang='lat' dir='ltr'><strong>qui</strong></span> <span class='ocrx_word' id='word_1_82' title='bbox 1319 1414 1593 1483; x_wconf 86' lang='lat' dir='ltr'><strong>prioribus</strong></span> <span class='ocrx_word' id='word_1_83' title='bbox 1629 1414 2003 1478; x_wconf 88' lang='lat' dir='ltr'><strong>imminerent;</strong></span> 
     </span>
    </p>
   </div>
   <div class='ocr_carea' id='block_1_16' title="bbox 441 1502 2008 1575">
    <p class='ocr_par' dir='ltr' id='par_1_16' title="bbox 441 1502 2008 1575">
     <span class='ocr_line' id='line_1_16' title="bbox 441 1502 2008 1575; baseline 0.001 -18"><span class='ocrx_word' id='word_1_84' title='bbox 441 1507 485 1557; x_wconf 90' lang='lat' dir='ltr'><strong>si</strong></span> <span class='ocrx_word' id='word_1_85' title='bbox 516 1502 655 1558; x_wconf 82' lang='lat' dir='ltr'><strong>forte</strong></span> <span class='ocrx_word' id='word_1_86' title='bbox 687 1504 812 1574; x_wconf 87' lang='lat' dir='ltr'><strong>quis</strong></span> <span class='ocrx_word' id='word_1_87' title='bbox 857 1513 1251 1558; x_wconf 85' lang='lat' dir='ltr'><strong>tormentorum</strong></span> <span class='ocrx_word' id='word_1_88' title='bbox 1294 1506 1587 1560; x_wconf 82' lang='lat' dir='ltr'><strong>acerbitate</strong></span> <span class='ocrx_word' id='word_1_89' title='bbox 1612 1505 1787 1560; x_wconf 83' lang='lat' dir='ltr'><strong>victus</strong></span> <span class='ocrx_word' id='word_1_90' title='bbox 1828 1521 1857 1559; x_wconf 88' lang='lat' dir='ltr'><strong>a</strong></span> <span class='ocrx_word' id='word_1_91' title='bbox 1882 1520 2008 1575; x_wconf 89' lang='lat' dir='ltr'><strong>pro-</strong></span> 
     </span>
    </p>
   </div>
   <div class='ocr_carea' id='block_1_17' title="bbox 440 1592 2008 1663">
    <p class='ocr_par' dir='ltr' id='par_1_17' title="bbox 440 1592 2008 1663">
     <span class='ocr_line' id='line_1_17' title="bbox 440 1592 2008 1663; baseline 0.001 -16"><span class='ocrx_word' id='word_1_92' title='bbox 440 1594 619 1663; x_wconf 89' lang='lat' dir='ltr'><strong>posito</strong></span> <span class='ocrx_word' id='word_1_93' title='bbox 646 1593 950 1648; x_wconf 78' lang='lat' dir='ltr'><strong>desciscere</strong></span> <span class='ocrx_word' id='word_1_94' title='bbox 970 1593 1264 1648; x_wconf 83' lang='lat' dir='ltr'><strong>videretur.</strong></span> <span class='ocrx_word' id='word_1_95' title='bbox 1312 1592 1648 1663; x_wconf 86' lang='lat' dir='ltr'><strong>Juhebatque</strong></span> <span class='ocrx_word' id='word_1_96' title='bbox 1681 1609 1775 1649; x_wconf 90' lang='lat' dir='ltr'><strong>eos</strong></span> <span class='ocrx_word' id='word_1_97' title='bbox 1801 1593 2008 1663; x_wconf 88' lang='lat' dir='ltr'><strong>absque</strong></span> 
     </span>
    </p>
   </div>
   <div class='ocr_carea' id='block_1_18' title="bbox 443 1684 2003 1757">
    <p class='ocr_par' dir='ltr' id='par_1_18' title="bbox 443 1684 2003 1757">
     <span class='ocr_line' id='line_1_18' title="bbox 443 1684 2003 1757; baseline 0.001 -20"><span class='ocrx_word' id='word_1_98' title='bbox 443 1685 549 1739; x_wconf 89' lang='lat' dir='ltr'><strong>ulla</strong></span> <span class='ocrx_word' id='word_1_99' title='bbox 582 1684 930 1740; x_wconf 86' lang='lat' dir='ltr'><strong>miseratione</strong></span> <span class='ocrx_word' id='word_1_100' title='bbox 955 1686 1186 1741; x_wconf 80' lang='lat' dir='ltr'><strong>vinculis</strong></span> <span class='ocrx_word' id='word_1_101' title='bbox 1213 1684 1426 1757; x_wconf 76' lang='lat' dir='ltr'><strong>stringi,</strong></span> <span class='ocrx_word' id='word_1_102' title='bbox 1455 1695 1509 1740; x_wconf 88' lang='lat' dir='ltr'><strong>et</strong></span> <span class='ocrx_word' id='word_1_103' title='bbox 1529 1693 1715 1755; x_wconf 90' lang='lat' dir='ltr'><strong>postea</strong></span> <span class='ocrx_word' id='word_1_104' title='bbox 1738 1701 1860 1741; x_wconf 91' lang='lat' dir='ltr'><strong>cum</strong></span> <span class='ocrx_word' id='word_1_105' title='bbox 1891 1685 2003 1755; x_wconf 89' lang='lat' dir='ltr'><strong>jam</strong></span> 
     </span>
    </p>
   </div>
   <div class='ocr_carea' id='block_1_19' title="bbox 442 1775 2006 1847">
    <p class='ocr_par' dir='ltr' id='par_1_19' title="bbox 442 1775 2006 1847">
     <span class='ocr_line' id='line_1_19' title="bbox 442 1775 2006 1847; baseline 0.002 -18"><span class='ocrx_word' id='word_1_106' title='bbox 442 1776 681 1830; x_wconf 90' lang='lat' dir='ltr'><strong>animam</strong></span> <span class='ocrx_word' id='word_1_107' title='bbox 726 1777 1067 1842; x_wconf 79' lang='lat' dir='ltr'><strong>exhalarent,</strong></span> <span class='ocrx_word' id='word_1_108' title='bbox 1122 1778 1273 1833; x_wconf 93' lang='lat' dir='ltr'><strong>humi</strong></span> <span class='ocrx_word' id='word_1_109' title='bbox 1294 1778 1532 1847; x_wconf 88' lang='lat' dir='ltr'><strong>abjcctos</strong></span> <span class='ocrx_word' id='word_1_110' title='bbox 1591 1778 1750 1833; x_wconf 87' lang='lat' dir='ltr'><strong>trahi.</strong></span> <span class='ocrx_word' id='word_1_111' title='bbox 1822 1775 2006 1847; x_wconf 86' lang='lat' dir='ltr'><strong>Neque</strong></span> 
     </span>
    </p>
   </div>
   <div class='ocr_carea' id='block_1_20' title="bbox 2110 584 3678 662">
    <p class='ocr_par' dir='ltr' id='par_1_20' title="bbox 2110 584 3678 662">
     <span class='ocr_line' id='line_1_20' title="bbox 2110 584 3678 662; baseline -0.005 -17"><span class='ocrx_word' id='word_1_112' title='bbox 2110 590 2290 661; x_wconf 85' lang='grc' dir='ltr'>πάσης</span> <span class='ocrx_word' id='word_1_113' title='bbox 2338 590 2623 662; x_wconf 72' lang='grc' dir='ltr'><strong>ἀλγηδόνος</strong></span> <span class='ocrx_word' id='word_1_114' title='bbox 2673 589 2976 656; x_wconf 72' lang='grc' dir='ltr'><strong>δεινοτέραν</strong></span> <span class='ocrx_word' id='word_1_115' title='bbox 3028 587 3124 657; x_wconf 81' lang='grc' dir='ltr'>τὴν</span> <span class='ocrx_word' id='word_1_116' title='bbox 3165 585 3271 641; x_wconf 82' lang='grc' dir='ltr'>ἀπὺ</span> <span class='ocrx_word' id='word_1_117' title='bbox 3311 586 3422 639; x_wconf 85' lang='grc' dir='ltr'>τῶν</span> <span class='ocrx_word' id='word_1_118' title='bbox 3456 584 3678 656; x_wconf 82' lang='grc' dir='ltr'>ἄρθρων</span> 
     </span>
    </p>
   </div>
   <div class='ocr_carea' id='block_1_21' title="bbox 2107 676 3677 753">
    <p class='ocr_par' dir='ltr' id='par_1_21' title="bbox 2107 676 3677 753">
     <span class='ocr_line' id='line_1_21' title="bbox 2107 676 3677 753; baseline -0.005 -18"><span class='ocrx_word' id='word_1_119' title='bbox 2107 684 2202 735; x_wconf 71' lang='grc' dir='ltr'>καὶ</span> <span class='ocrx_word' id='word_1_120' title='bbox 2239 681 2412 753; x_wconf 83' lang='grc' dir='ltr'>μελῶν</span> <span class='ocrx_word' id='word_1_121' title='bbox 2439 682 2593 735; x_wconf 85' lang='grc' dir='ltr'>τάσιν</span> <span class='ocrx_word' id='word_1_122' title='bbox 2634 680 2851 751; x_wconf 75' lang='grc' dir='ltr'>ἔχοντες</span> <span class='ocrx_word' id='word_1_123' title='bbox 2872 695 2885 709; x_wconf 73' lang='grc' dir='ltr'><strong>ο</strong></span> <span class='ocrx_word' id='word_1_124' title='bbox 2918 677 3065 731; x_wconf 78' lang='grc' dir='ltr'>ἄλλοι</span> <span class='ocrx_word' id='word_1_125' title='bbox 3091 677 3148 730; x_wconf 82' lang='grc' dir='ltr'>δὲ</span> <span class='ocrx_word' id='word_1_126' title='bbox 3183 678 3320 748; x_wconf 81' lang='grc' dir='ltr'>πρὸς</span> <span class='ocrx_word' id='word_1_127' title='bbox 3348 680 3465 739; x_wconf 81' lang='grc' dir='ltr'>τοῖς</span> <span class='ocrx_word' id='word_1_128' title='bbox 3497 676 3677 728; x_wconf 78' lang='grc' dir='ltr'>κίοσιν</span> 
     </span>
    </p>
   </div>
   <div class='ocr_carea' id='block_1_22' title="bbox 2110 766 3680 847">
    <p class='ocr_par' dir='ltr' id='par_1_22' title="bbox 2110 766 3680 847">
     <span class='ocr_line' id='line_1_22' title="bbox 2110 766 3680 847; baseline -0.005 -19"><span class='ocrx_word' id='word_1_129' title='bbox 2110 774 2510 847; x_wconf 70' lang='grc' dir='ltr'><strong>ἀντιπρόσωποι</strong></span> <span class='ocrx_word' id='word_1_130' title='bbox 2541 772 2754 826; x_wconf 80' lang='grc' dir='ltr'>ὲδοῦντο</span> <span class='ocrx_word' id='word_1_131' title='bbox 2785 773 2846 825; x_wconf 74' lang='grc' dir='ltr'><strong>ού</strong></span> <span class='ocrx_word' id='word_1_132' title='bbox 2886 770 3142 842; x_wconf 77' lang='grc' dir='ltr'>βεϐηκόσι</span> <span class='ocrx_word' id='word_1_133' title='bbox 3168 773 3284 836; x_wconf 85' lang='grc' dir='ltr'>τοῖς</span> <span class='ocrx_word' id='word_1_134' title='bbox 3316 771 3468 831; x_wconf 74' lang='grc' dir='ltr'>ποσὶ,</span> <span class='ocrx_word' id='word_1_135' title='bbox 3495 767 3576 837; x_wconf 82' lang='grc' dir='ltr'>τῷ</span> <span class='ocrx_word' id='word_1_136' title='bbox 3615 766 3680 821; x_wconf 66' lang='grc' dir='ltr'>δὲ</span> 
     </span>
    </p>
   </div>
   <div class='ocr_carea' id='block_1_23' title="bbox 2111 859 3682 938">
    <p class='ocr_par' dir='ltr' id='par_1_23' title="bbox 2111 859 3682 938">
     <span class='ocr_line' id='line_1_23' title="bbox 2111 859 3682 938; baseline -0.004 -19"><span class='ocrx_word' id='word_1_137' title='bbox 2111 866 2266 938; x_wconf 86' lang='grc' dir='ltr'>βάρει</span> <span class='ocrx_word' id='word_1_138' title='bbox 2297 866 2388 919; x_wconf 79' lang='grc' dir='ltr'>τοῦ</span> <span class='ocrx_word' id='word_1_139' title='bbox 2420 865 2666 936; x_wconf 81' lang='grc' dir='ltr'>σώματος</span> <span class='ocrx_word' id='word_1_140' title='bbox 2697 863 3029 935; x_wconf 73' lang='grc' dir='ltr'>βιαζομένων</span> <span class='ocrx_word' id='word_1_141' title='bbox 3059 862 3194 935; x_wconf 83' lang='grc' dir='ltr'>μετά</span> <span class='ocrx_word' id='word_1_142' title='bbox 3220 861 3431 923; x_wconf 79' lang='grc' dir='ltr'><strong>τάσεως</strong></span> <span class='ocrx_word' id='word_1_143' title='bbox 3452 859 3682 913; x_wconf 80' lang='grc' dir='ltr'>ἀνελκο-</span> 
     </span>
    </p>
   </div>
   <div class='ocr_carea' id='block_1_24' title="bbox 2113 951 3681 1028">
    <p class='ocr_par' dir='ltr' id='par_1_24' title="bbox 2113 951 3681 1028">
     <span class='ocr_line' id='line_1_24' title="bbox 2113 951 3681 1028; baseline -0.006 -17"><span class='ocrx_word' id='word_1_144' title='bbox 2113 957 2287 1028; x_wconf 82' lang='grc' dir='ltr'>μένων</span> <span class='ocrx_word' id='word_1_145' title='bbox 2313 957 2419 1010; x_wconf 85' lang='grc' dir='ltr'><strong>τῶν</strong></span> <span class='ocrx_word' id='word_1_146' title='bbox 2443 955 2653 1027; x_wconf 81' lang='grc' dir='ltr'>δεσμῶν</span> <span class='ocrx_word' id='word_1_147' title='bbox 2674 973 2687 986; x_wconf 67' lang='grc' dir='ltr'><strong>ε</strong></span> <span class='ocrx_word' id='word_1_148' title='bbox 2723 956 2817 1010; x_wconf 73' lang='grc' dir='ltr'>καὶ</span> <span class='ocrx_word' id='word_1_149' title='bbox 2835 954 2979 1009; x_wconf 78' lang='grc' dir='ltr'>τοῦθ’</span> <span class='ocrx_word' id='word_1_150' title='bbox 3001 955 3288 1025; x_wconf 75' lang='grc' dir='ltr'><strong>ὑπέμενον,</strong></span> <span class='ocrx_word' id='word_1_151' title='bbox 3316 954 3417 1006; x_wconf 78' lang='grc' dir='ltr'>οὐκ</span> <span class='ocrx_word' id='word_1_152' title='bbox 3443 951 3531 1020; x_wconf 74' lang='grc' dir='ltr'><strong>ἐφ’</strong></span> <span class='ocrx_word' id='word_1_153' title='bbox 3548 952 3681 1003; x_wconf 73' lang='grc' dir='ltr'>ὅσον</span> 
     </span>
    </p>
   </div>
   <div class='ocr_carea' id='block_1_25' title="bbox 2111 1041 3681 1120">
    <p class='ocr_par' dir='ltr' id='par_1_25' title="bbox 2111 1041 3681 1120">
     <span class='ocr_line' id='line_1_25' title="bbox 2111 1041 3681 1120; baseline -0.004 -19"><span class='ocrx_word' id='word_1_154' title='bbox 2111 1048 2537 1120; x_wconf 77' lang='grc' dir='ltr'><strong>προσδιελέγετο,</strong></span> <span class='ocrx_word' id='word_1_155' title='bbox 2561 1048 2668 1101; x_wconf 72' lang='grc' dir='ltr'>οὐδ’</span> <span class='ocrx_word' id='word_1_156' title='bbox 2694 1048 2878 1111; x_wconf 76' lang='grc' dir='ltr'>αὐτοῖς</span> <span class='ocrx_word' id='word_1_157' title='bbox 2903 1046 3187 1117; x_wconf 77' lang='grc' dir='ltr'>ἐσχόλαζεν</span> <span class='ocrx_word' id='word_1_158' title='bbox 3205 1048 3234 1099; x_wconf 86' lang='grc' dir='ltr'><strong>ό</strong></span> <span class='ocrx_word' id='word_1_159' title='bbox 3260 1043 3509 1115; x_wconf 76' lang='grc' dir='ltr'>ἡγεμὼν,</span> <span class='ocrx_word' id='word_1_160' title='bbox 3539 1041 3681 1094; x_wconf 69' lang='lat' dir='ltr'><strong>am</strong></span> 
     </span>
    </p>
   </div>
   <div class='ocr_carea' id='block_1_26' title="bbox 2113 1132 3681 1211">
    <p class='ocr_par' dir='ltr' id='par_1_26' title="bbox 2113 1132 3681 1211">
     <span class='ocr_line' id='line_1_26' title="bbox 2113 1132 3681 1211; baseline -0.005 -18"><span class='ocrx_word' id='word_1_161' title='bbox 2113 1141 2393 1211; x_wconf 73' lang='grc' dir='ltr'>μονονουχὶ</span> <span class='ocrx_word' id='word_1_162' title='bbox 2430 1139 2496 1193; x_wconf 85' lang='grc' dir='ltr'><strong>δι’</strong></span> <span class='ocrx_word' id='word_1_163' title='bbox 2540 1139 2667 1209; x_wconf 81' lang='grc' dir='ltr'>ὅλης</span> <span class='ocrx_word' id='word_1_164' title='bbox 2710 1139 2809 1209; x_wconf 79' lang='grc' dir='ltr'>τῆς</span> <span class='ocrx_word' id='word_1_165' title='bbox 2841 1139 3074 1210; x_wconf 82' lang='grc' dir='ltr'>ἡμέρας.</span> <span class='ocrx_word' id='word_1_166' title='bbox 3121 1138 3250 1189; x_wconf 81' lang='grc' dir='ltr'>Ὅτε</span> <span class='ocrx_word' id='word_1_167' title='bbox 3298 1135 3407 1207; x_wconf 83' lang='grc' dir='ltr'>γὰρ</span> <span class='ocrx_word' id='word_1_168' title='bbox 3445 1134 3543 1188; x_wconf 71' lang='grc' dir='ltr'>καὶ</span> <span class='ocrx_word' id='word_1_169' title='bbox 3587 1132 3681 1201; x_wconf 74' lang='grc' dir='ltr'><strong>ἐφ’</strong></span> 
     </span>
    </p>
   </div>
   <div class='ocr_carea' id='block_1_27' title="bbox 2112 1224 3686 1304">
    <p class='ocr_par' dir='ltr' id='par_1_27' title="bbox 2112 1224 3686 1304">
     <span class='ocr_line' id='line_1_27' title="bbox 2112 1224 3686 1304; baseline -0.005 -20"><span class='ocrx_word' id='word_1_170' title='bbox 2112 1232 2332 1304; x_wconf 79' lang='grc' dir='ltr'>ἑτέρους</span> <span class='ocrx_word' id='word_1_171' title='bbox 2357 1230 2656 1303; x_wconf 80' lang='grc' dir='ltr'>μετέϐαινε.</span> <span class='ocrx_word' id='word_1_172' title='bbox 2684 1232 2795 1293; x_wconf 84' lang='grc' dir='ltr'>τοῖς</span> <span class='ocrx_word' id='word_1_173' title='bbox 2816 1229 3099 1300; x_wconf 80' lang='grc' dir='ltr'>προτέροις</span> <span class='ocrx_word' id='word_1_174' title='bbox 3124 1227 3526 1297; x_wconf 85' lang='grc' dir='ltr'>κατελίμπανεν</span> <span class='ocrx_word' id='word_1_175' title='bbox 3557 1224 3686 1292; x_wconf 69' lang='grc' dir='ltr'>ἔφε-</span> 
     </span>
    </p>
   </div>
   <div class='ocr_carea' id='block_1_28' title="bbox 2111 1315 3679 1395">
    <p class='ocr_par' dir='ltr' id='par_1_28' title="bbox 2111 1315 3679 1395">
     <span class='ocr_line' id='line_1_28' title="bbox 2111 1315 3679 1395; baseline -0.006 -17"><span class='ocrx_word' id='word_1_176' title='bbox 2111 1323 2321 1395; x_wconf 90' lang='grc' dir='ltr'>δρεύειν</span> <span class='ocrx_word' id='word_1_177' title='bbox 2356 1325 2484 1388; x_wconf 75' lang='grc' dir='ltr'>τοὺς</span> <span class='ocrx_word' id='word_1_178' title='bbox 2513 1325 2579 1394; x_wconf 76' lang='grc' dir='ltr'><strong>τῇ</strong></span> <span class='ocrx_word' id='word_1_179' title='bbox 2610 1321 2822 1392; x_wconf 75' lang='grc' dir='ltr'>ἐξουσίᾳ</span> <span class='ocrx_word' id='word_1_180' title='bbox 2845 1319 3011 1375; x_wconf 80' lang='grc' dir='ltr'>αὑτοῦ</span> <span class='ocrx_word' id='word_1_181' title='bbox 3038 1317 3512 1391; x_wconf 82' lang='grc' dir='ltr'>ὑπηρετουμένους</span> <span class='ocrx_word' id='word_1_182' title='bbox 3540 1315 3679 1386; x_wconf 77' lang='grc'><strong>(15)’</strong></span> 
     </span>
    </p>
   </div>
   <div class='ocr_carea' id='block_1_29' title="bbox 2113 1408 3679 1488">
    <p class='ocr_par' dir='ltr' id='par_1_29' title="bbox 2113 1408 3679 1488">
     <span class='ocr_line' id='line_1_29' title="bbox 2113 1408 3679 1488; baseline -0.008 -17"><span class='ocrx_word' id='word_1_183' title='bbox 2113 1417 2167 1471; x_wconf 83' lang='grc' dir='ltr'>εἴ</span> <span class='ocrx_word' id='word_1_184' title='bbox 2196 1416 2297 1471; x_wconf 89' lang='grc' dir='ltr'><strong>πού</strong></span> <span class='ocrx_word' id='word_1_185' title='bbox 2340 1434 2425 1480; x_wconf 89' lang='grc' dir='ltr'><strong>τις</strong></span> <span class='ocrx_word' id='word_1_186' title='bbox 2462 1415 2715 1488; x_wconf 73' lang='grc' dir='ltr'>ἡττηθεὶς</span> <span class='ocrx_word' id='word_1_187' title='bbox 2752 1415 2859 1467; x_wconf 86' lang='grc' dir='ltr'>τῶν</span> <span class='ocrx_word' id='word_1_188' title='bbox 2891 1414 3139 1485; x_wconf 84' lang='grc' dir='ltr'>βασάνων</span> <span class='ocrx_word' id='word_1_189' title='bbox 3183 1411 3440 1464; x_wconf 73' lang='grc' dir='ltr'>ἐνδιδόναι</span> <span class='ocrx_word' id='word_1_190' title='bbox 3470 1408 3679 1461; x_wconf 76' lang='grc' dir='ltr'>ἐδόκει·</span> 
     </span>
    </p>
   </div>
   <div class='ocr_carea' id='block_1_30' title="bbox 2111 1496 3683 1577">
    <p class='ocr_par' dir='ltr' id='par_1_30' title="bbox 2111 1496 3683 1577">
     <span class='ocr_line' id='line_1_30' title="bbox 2111 1496 3683 1577; baseline -0.008 -15"><span class='ocrx_word' id='word_1_191' title='bbox 2111 1508 2343 1577; x_wconf 82' lang='grc' dir='ltr'>ἀφειδῶς</span> <span class='ocrx_word' id='word_1_192' title='bbox 2373 1507 2428 1561; x_wconf 81' lang='grc' dir='ltr'>δὲ</span> <span class='ocrx_word' id='word_1_193' title='bbox 2469 1506 2703 1560; x_wconf 83' lang='grc' dir='ltr'>κελεύων</span> <span class='ocrx_word' id='word_1_194' title='bbox 2730 1506 2820 1559; x_wconf 72' lang='grc' dir='ltr'>καὶ</span> <span class='ocrx_word' id='word_1_195' title='bbox 2849 1508 2962 1569; x_wconf 80' lang='grc' dir='ltr'>τοῖς</span> <span class='ocrx_word' id='word_1_196' title='bbox 2984 1505 3202 1574; x_wconf 86' lang='grc' dir='ltr'>δεσμοῖς</span> <span class='ocrx_word' id='word_1_197' title='bbox 3230 1499 3515 1573; x_wconf 79' lang='grc' dir='ltr'>προσιέναι</span> <span class='ocrx_word' id='word_1_198' title='bbox 3539 1496 3683 1567; x_wconf 78' lang='grc'>(16),</span> 
     </span>
    </p>
   </div>
   <div class='ocr_carea' id='block_1_31' title="bbox 2112 1587 3682 1668">
    <p class='ocr_par' dir='ltr' id='par_1_31' title="bbox 2112 1587 3682 1668">
     <span class='ocr_line' id='line_1_31' title="bbox 2112 1587 3682 1668; baseline -0.008 -16"><span class='ocrx_word' id='word_1_199' title='bbox 2112 1598 2205 1652; x_wconf 74' lang='grc' dir='ltr'>καὶ</span> <span class='ocrx_word' id='word_1_200' title='bbox 2236 1595 2543 1668; x_wconf 87' lang='grc' dir='ltr'>μεταταῦτα</span> <span class='ocrx_word' id='word_1_201' title='bbox 2579 1594 3055 1668; x_wconf 76' lang='grc' dir='ltr'>ψυχορραγοῦντας</span> <span class='ocrx_word' id='word_1_202' title='bbox 3086 1592 3281 1654; x_wconf 73' lang='grc' dir='ltr'>αὐτοὺς</span> <span class='ocrx_word' id='word_1_203' title='bbox 3312 1587 3682 1659; x_wconf 85' lang='grc' dir='ltr'>κατατιθεμέ-</span> 
     </span>
    </p>
   </div>
   <div class='ocr_carea' id='block_1_32' title="bbox 2113 1677 3685 1760">
    <p class='ocr_par' dir='ltr' id='par_1_32' title="bbox 2113 1677 3685 1760">
     <span class='ocr_line' id='line_1_32' title="bbox 2113 1677 3685 1760; baseline -0.007 -19"><span class='ocrx_word' id='word_1_204' title='bbox 2113 1705 2237 1752; x_wconf 91' lang='grc' dir='ltr'>νους</span> <span class='ocrx_word' id='word_1_205' title='bbox 2278 1688 2358 1751; x_wconf 82' lang='grc' dir='ltr'><strong>είς</strong></span> <span class='ocrx_word' id='word_1_206' title='bbox 2388 1688 2487 1760; x_wconf 79' lang='grc' dir='ltr'>τὴν</span> <span class='ocrx_word' id='word_1_207' title='bbox 2517 1687 2620 1759; x_wconf 79' lang='grc' dir='ltr'><strong>γῆν</strong></span> <span class='ocrx_word' id='word_1_208' title='bbox 2655 1684 2922 1739; x_wconf 78' lang='grc' dir='ltr'>ἕλκεσθαι’</span> <span class='ocrx_word' id='word_1_209' title='bbox 2958 1684 3019 1738; x_wconf 72' lang='grc' dir='ltr'>οὐ</span> <span class='ocrx_word' id='word_1_210' title='bbox 3061 1683 3170 1755; x_wconf 86' lang='grc' dir='ltr'>γὰρ</span> <span class='ocrx_word' id='word_1_211' title='bbox 3200 1678 3337 1734; x_wconf 74' lang='grc' dir='ltr'>εἶναι</span> <span class='ocrx_word' id='word_1_212' title='bbox 3368 1679 3474 1733; x_wconf 74' lang='grc' dir='ltr'>κᾶν</span> <span class='ocrx_word' id='word_1_213' title='bbox 3511 1677 3685 1749; x_wconf 77' lang='grc' dir='ltr'>μέρος</span> 
     </span>
    </p>
   </div>
   <div class='ocr_carea' id='block_1_33' title="bbox 2112 1771 3677 1852">
    <p class='ocr_par' dir='ltr' id='par_1_33' title="bbox 2112 1771 3677 1852">
     <span class='ocr_line' id='line_1_33' title="bbox 2112 1771 3677 1852; baseline -0.008 -18"><span class='ocrx_word' id='word_1_214' title='bbox 2112 1780 2294 1843; x_wconf 82' lang='grc' dir='ltr'>αὐτοῖς</span> <span class='ocrx_word' id='word_1_215' title='bbox 2337 1780 2613 1852; x_wconf 80' lang='grc' dir='ltr'>φροντίδος</span> <span class='ocrx_word' id='word_1_216' title='bbox 2640 1778 2767 1850; x_wconf 70' lang='grc' dir='ltr'>περὶ</span> <span class='ocrx_word' id='word_1_217' title='bbox 2795 1776 2977 1849; x_wconf 71' lang='grc' dir='ltr'><strong>ἡμιζόν⁸</strong></span> <span class='ocrx_word' id='word_1_218' title='bbox 3008 1774 3120 1830; x_wconf 76' lang='grc' dir='ltr'>ἀλλ’</span> <span class='ocrx_word' id='word_1_219' title='bbox 3152 1772 3294 1827; x_wconf 77' lang='grc' dir='ltr'>οὕτω</span> <span class='ocrx_word' id='word_1_220' title='bbox 3324 1773 3420 1827; x_wconf 72' lang='grc' dir='ltr'>καὶ</span> <span class='ocrx_word' id='word_1_221' title='bbox 3443 1771 3677 1825; x_wconf 81' lang='grc' dir='ltr'>διανοεί-</span> 
     </span>
    </p>
   </div>
   <div class='ocr_carea' id='block_1_34' title="bbox 441 1861 2003 1944">
    <p class='ocr_par' dir='ltr' id='par_1_34' title="bbox 441 1867 2003 1923">
     <span class='ocr_line' id='line_1_34' title="bbox 441 1867 2003 1923; baseline 0.001 -4"><span class='ocrx_word' id='word_1_222' title='bbox 441 1867 587 1921; x_wconf 88' lang='lat' dir='ltr'><strong>enim</strong></span> <span class='ocrx_word' id='word_1_223' title='bbox 622 1867 800 1921; x_wconf 87' lang='lat' dir='ltr'><strong>aiebat</strong></span> <span class='ocrx_word' id='word_1_224' title='bbox 829 1868 912 1921; x_wconf 88' lang='lat' dir='ltr'><strong>vel</strong></span> <span class='ocrx_word' id='word_1_225' title='bbox 960 1868 1240 1922; x_wconf 87' lang='lat' dir='ltr'><strong>minimam</strong></span> <span class='ocrx_word' id='word_1_226' title='bbox 1291 1868 1458 1923; x_wconf 91' lang='lat' dir='ltr'><strong>nostri</strong></span> <span class='ocrx_word' id='word_1_227' title='bbox 1489 1883 1674 1922; x_wconf 91' lang='lat' dir='ltr'><strong>curam</strong></span> <span class='ocrx_word' id='word_1_228' title='bbox 1703 1868 2003 1922; x_wconf 86' lang='lat' dir='ltr'><strong>habendam</strong></span> 
     </span>
    </p>
   </div>
   <div class='ocr_carea' id='block_1_35' title="bbox 2108 1861 3683 1944">
    <p class='ocr_par' dir='ltr' id='par_1_35' title="bbox 2109 1861 3683 1944">
     <span class='ocr_line' id='line_1_35' title="bbox 2109 1861 3683 1944; baseline -0.006 -19"><span class='ocrx_word' id='word_1_229' title='bbox 2109 1870 2229 1925; x_wconf 83' lang='grc' dir='ltr'>σθαι</span> <span class='ocrx_word' id='word_1_230' title='bbox 2267 1871 2376 1943; x_wconf 79' lang='grc'><strong>(17)</strong></span> <span class='ocrx_word' id='word_1_231' title='bbox 2422 1872 2515 1926; x_wconf 74' lang='grc' dir='ltr'><strong>καὶ</strong></span> <span class='ocrx_word' id='word_1_232' title='bbox 2566 1872 2845 1944; x_wconf 82' lang='grc' dir='ltr'>πράττειν,</span> <span class='ocrx_word' id='word_1_233' title='bbox 2891 1869 2967 1932; x_wconf 84' lang='grc' dir='ltr'>ὡς</span> <span class='ocrx_word' id='word_1_234' title='bbox 3017 1866 3206 1939; x_wconf 77' lang='grc' dir='ltr'>μηκέτ’</span> <span class='ocrx_word' id='word_1_235' title='bbox 3248 1866 3439 1919; x_wconf 72' lang='grc' dir='ltr'>ὅντων·</span> <span class='ocrx_word' id='word_1_236' title='bbox 3473 1861 3683 1933; x_wconf 49' lang='lat' dir='ltr'><strong>tati-qv</strong></span> 
     </span>
    </p>
   </div>
   <div class='ocr_carea' id='block_1_36' title="bbox 438 1960 2006 2030">
    <p class='ocr_par' dir='ltr' id='par_1_36' title="bbox 438 1960 2006 2030">
     <span class='ocr_line' id='line_1_36' title="bbox 438 1960 2006 2030; baseline 0 -15"><span class='ocrx_word' id='word_1_237' title='bbox 438 1975 564 2015; x_wconf 88' lang='lat' dir='ltr'><strong>esse</strong></span> <span class='ocrx_word' id='word_1_238' title='bbox 588 1978 602 2014; x_wconf 91' lang='lat'>:</span> <span class='ocrx_word' id='word_1_239' title='bbox 628 1960 720 2014; x_wconf 89' lang='lat' dir='ltr'><strong>sed</strong></span> <span class='ocrx_word' id='word_1_240' title='bbox 750 1969 976 2016; x_wconf 88' lang='lat' dir='ltr'><strong>cunctos</strong></span> <span class='ocrx_word' id='word_1_241' title='bbox 1005 1962 1085 2015; x_wconf 91' lang='lat' dir='ltr'><strong>sic</strong></span> <span class='ocrx_word' id='word_1_242' title='bbox 1115 1961 1182 2016; x_wconf 90' lang='lat' dir='ltr'><strong>de</strong></span> <span class='ocrx_word' id='word_1_243' title='bbox 1206 1962 1365 2016; x_wconf 90' lang='lat' dir='ltr'><strong>nobis</strong></span> <span class='ocrx_word' id='word_1_244' title='bbox 1395 1962 1616 2026; x_wconf 90' lang='lat' dir='ltr'><strong>sentire,</strong></span> <span class='ocrx_word' id='word_1_245' title='bbox 1645 1960 1726 2016; x_wconf 88' lang='lat' dir='ltr'><strong>sic</strong></span> <span class='ocrx_word' id='word_1_246' title='bbox 1754 1975 1880 2030; x_wconf 80' lang='lat' dir='ltr'><strong>erga</strong></span> <span class='ocrx_word' id='word_1_247' title='bbox 1906 1975 2006 2015; x_wconf 91' lang='lat' dir='ltr'><strong>nos</strong></span> 
     </span>
    </p>
   </div>
   <div class='ocr_carea' id='block_1_37' title="bbox 440 2052 2001 2123">
    <p class='ocr_par' dir='ltr' id='par_1_37' title="bbox 440 2052 2001 2123">
     <span class='ocr_line' id='line_1_37' title="bbox 440 2052 2001 2123; baseline -0.001 -17"><span class='ocrx_word' id='word_1_248' title='bbox 440 2067 599 2121; x_wconf 80' lang='lat' dir='ltr'><strong>agere</strong></span> <span class='ocrx_word' id='word_1_249' title='bbox 621 2052 838 2118; x_wconf 81' lang='lat' dir='ltr'><strong>debere,</strong></span> <span class='ocrx_word' id='word_1_250' title='bbox 870 2053 1027 2123; x_wconf 87' lang='lat' dir='ltr'><strong>quasi</strong></span> <span class='ocrx_word' id='word_1_251' title='bbox 1065 2068 1172 2107; x_wconf 90' lang='lat' dir='ltr'><strong>nou</strong></span> <span class='ocrx_word' id='word_1_252' title='bbox 1201 2054 1434 2123; x_wconf 88' lang='lat' dir='ltr'><strong>amplius</strong></span> <span class='ocrx_word' id='word_1_253' title='bbox 1463 2053 1711 2107; x_wconf 88' lang='lat' dir='ltr'><strong>homines</strong></span> <span class='ocrx_word' id='word_1_254' title='bbox 1738 2067 2001 2107; x_wconf 88' lang='lat' dir='ltr'><strong>essemus.</strong></span> 
     </span>
    </p>
   </div>
   <div class='ocr_carea' id='block_1_38' title="bbox 441 2141 2007 2213">
    <p class='ocr_par' dir='ltr' id='par_1_38' title="bbox 441 2141 2007 2213">
     <span class='ocr_line' id='line_1_38' title="bbox 441 2141 2007 2213; baseline 0.001 -17"><span class='ocrx_word' id='word_1_255' title='bbox 441 2141 597 2197; x_wconf 79' lang='lat' dir='ltr'><strong>Hunc</strong></span> <span class='ocrx_word' id='word_1_256' title='bbox 640 2144 852 2198; x_wconf 83' lang='lat' dir='ltr'><strong>scilicet</strong></span> <span class='ocrx_word' id='word_1_257' title='bbox 904 2144 1203 2199; x_wconf 90' lang='lat' dir='ltr'><strong>secundum</strong></span> <span class='ocrx_word' id='word_1_258' title='bbox 1255 2143 1556 2199; x_wconf 88' lang='lat' dir='ltr'><strong>cruciatum</strong></span> <span class='ocrx_word' id='word_1_259' title='bbox 1612 2151 1734 2213; x_wconf 89' lang='lat' dir='ltr'><strong>post</strong></span> <span class='ocrx_word' id='word_1_260' title='bbox 1779 2143 2007 2198; x_wconf 81' lang='lat' dir='ltr'><strong>verbera</strong></span> 
     </span>
    </p>
   </div>
   <div class='ocr_carea' id='block_1_39' title="bbox 440 2234 1339 2303">
    <p class='ocr_par' dir='ltr' id='par_1_39' title="bbox 440 2234 1339 2303">
     <span class='ocr_line' id='line_1_39' title="bbox 440 2234 1339 2303; baseline 0 -14"><span class='ocrx_word' id='word_1_261' title='bbox 440 2234 645 2289; x_wconf 86' lang='lat' dir='ltr'><strong>inimici</strong></span> <span class='ocrx_word' id='word_1_262' title='bbox 678 2236 848 2289; x_wconf 89' lang='lat' dir='ltr'><strong>nostri</strong></span> <span class='ocrx_word' id='word_1_263' title='bbox 879 2235 1339 2303; x_wconf 80' lang='lat' dir='ltr'><strong>exeogitaverant.</strong></span> 
     </span>
    </p>
   </div>
   <div class='ocr_carea' id='block_1_40' title="bbox 512 2325 2008 2397">
    <p class='ocr_par' dir='ltr' id='par_1_40' title="bbox 512 2325 2008 2397">
     <span class='ocr_line' id='line_1_40' title="bbox 512 2325 2008 2397; baseline 0.001 -18"><span class='ocrx_word' id='word_1_264' title='bbox 512 2325 599 2380; x_wconf 88' lang='lat' dir='ltr'><strong>lll.</strong></span> <span class='ocrx_word' id='word_1_265' title='bbox 641 2325 870 2394; x_wconf 85' lang='lat' dir='ltr'><strong>Quidam</strong></span> <span class='ocrx_word' id='word_1_266' title='bbox 902 2328 1060 2381; x_wconf 88' lang='lat' dir='ltr'><strong>etiam</strong></span> <span class='ocrx_word' id='word_1_267' title='bbox 1092 2334 1215 2397; x_wconf 86' lang='lat' dir='ltr'><strong>post</strong></span> <span class='ocrx_word' id='word_1_268' title='bbox 1251 2326 1593 2381; x_wconf 86' lang='lat' dir='ltr'><strong>tormentain</strong></span> <span class='ocrx_word' id='word_1_269' title='bbox 1635 2341 1800 2381; x_wconf 88' lang='lat' dir='ltr'><strong>nervo</strong></span> <span class='ocrx_word' id='word_1_270' title='bbox 1821 2325 2008 2395; x_wconf 84' lang='lat' dir='ltr'><strong>jacue-</strong></span> 
     </span>
    </p>
   </div>
   <div class='ocr_carea' id='block_1_41' title="bbox 438 2419 2008 2490">
    <p class='ocr_par' dir='ltr' id='par_1_41' title="bbox 438 2419 2008 2490">
     <span class='ocr_line' id='line_1_41' title="bbox 438 2419 2008 2490; baseline -0.001 -18"><span class='ocrx_word' id='word_1_271' title='bbox 438 2429 609 2486; x_wconf 84' lang='lat' dir='ltr'><strong>runt,</strong></span> <span class='ocrx_word' id='word_1_272' title='bbox 667 2420 896 2489; x_wconf 82' lang='lat' dir='ltr'><strong>pedibus</strong></span> <span class='ocrx_word' id='word_1_273' title='bbox 932 2420 998 2474; x_wconf 92' lang='lat' dir='ltr'><strong>ad</strong></span> <span class='ocrx_word' id='word_1_274' title='bbox 1027 2430 1263 2490; x_wconf 88' lang='lat' dir='ltr'><strong>quatuor</strong></span> <span class='ocrx_word' id='word_1_275' title='bbox 1300 2434 1473 2490; x_wconf 88' lang='lat' dir='ltr'><strong>usque</strong></span> <span class='ocrx_word' id='word_1_276' title='bbox 1512 2420 1779 2475; x_wconf 79' lang='lat' dir='ltr'><strong>foramina</strong></span> <span class='ocrx_word' id='word_1_277' title='bbox 1808 2419 2008 2474; x_wconf 86' lang='lat' dir='ltr'><strong>divari-</strong></span> 
     </span>
    </p>
   </div>
   <div class='ocr_carea' id='block_1_42' title="bbox 439 2510 2006 2582">
    <p class='ocr_par' dir='ltr' id='par_1_42' title="bbox 439 2510 2006 2582">
     <span class='ocr_line' id='line_1_42' title="bbox 439 2510 2006 2582; baseline 0.001 -18"><span class='ocrx_word' id='word_1_278' title='bbox 439 2511 612 2576; x_wconf 85' lang='lat' dir='ltr'><strong>catis;</strong></span> <span class='ocrx_word' id='word_1_279' title='bbox 652 2510 723 2564; x_wconf 87' lang='lat' dir='ltr'><strong>ita</strong></span> <span class='ocrx_word' id='word_1_280' title='bbox 767 2520 825 2564; x_wconf 94' lang='lat' dir='ltr'><strong>ut</strong></span> <span class='ocrx_word' id='word_1_281' title='bbox 862 2511 1041 2581; x_wconf 88' lang='lat' dir='ltr'><strong>supini</strong></span> <span class='ocrx_word' id='word_1_282' title='bbox 1083 2527 1206 2566; x_wconf 85' lang='lat' dir='ltr'><strong>esse</strong></span> <span class='ocrx_word' id='word_1_283' title='bbox 1249 2520 1591 2582; x_wconf 85' lang='lat' dir='ltr'><strong>cogerentur,</strong></span> <span class='ocrx_word' id='word_1_284' title='bbox 1635 2527 1758 2566; x_wconf 90' lang='lat' dir='ltr'><strong>cum</strong></span> <span class='ocrx_word' id='word_1_285' title='bbox 1805 2511 1876 2565; x_wconf 92' lang='lat' dir='ltr'><strong>ob</strong></span> <span class='ocrx_word' id='word_1_286' title='bbox 1914 2525 2006 2565; x_wconf 86' lang='lat' dir='ltr'><strong>re-</strong></span> 
     </span>
    </p>
   </div>
   <div class='ocr_carea' id='block_1_43' title="bbox 440 2606 2006 2677">
    <p class='ocr_par' dir='ltr' id='par_1_43' title="bbox 440 2606 2006 2677">
     <span class='ocr_line' id='line_1_43' title="bbox 440 2606 2006 2677; baseline -0.004 -15"><span class='ocrx_word' id='word_1_287' title='bbox 440 2617 624 2662; x_wconf 82' lang='lat' dir='ltr'><strong>centes</strong></span> <span class='ocrx_word' id='word_1_288' title='bbox 657 2608 933 2677; x_wconf 81' lang='lat' dir='ltr'><strong>plagarum</strong></span> <span class='ocrx_word' id='word_1_289' title='bbox 966 2606 1250 2660; x_wconf 89' lang='lat' dir='ltr'><strong>cicatrices</strong></span> <span class='ocrx_word' id='word_1_290' title='bbox 1277 2618 1415 2674; x_wconf 90' lang='lat' dir='ltr'><strong>quas</strong></span> <span class='ocrx_word' id='word_1_291' title='bbox 1451 2612 1565 2657; x_wconf 86' lang='lat' dir='ltr'><strong>toto</strong></span> <span class='ocrx_word' id='word_1_292' title='bbox 1602 2617 1830 2673; x_wconf 82' lang='lat' dir='ltr'><strong>corpore</strong></span> <span class='ocrx_word' id='word_1_293' title='bbox 1854 2616 2006 2669; x_wconf 76' lang='lat' dir='ltr'><strong>gere-</strong></span> 
     </span>
    </p>
   </div>
   <div class='ocr_carea' id='block_1_44' title="bbox 443 2691 2005 2765">
    <p class='ocr_par' dir='ltr' id='par_1_44' title="bbox 443 2691 2005 2765">
     <span class='ocr_line' id='line_1_44' title="bbox 443 2691 2005 2765; baseline -0.004 -13"><span class='ocrx_word' id='word_1_294' title='bbox 443 2699 594 2759; x_wconf 89' lang='lat' dir='ltr'><strong>bant,</strong></span> <span class='ocrx_word' id='word_1_295' title='bbox 628 2708 773 2752; x_wconf 90' lang='lat' dir='ltr'><strong>stare</strong></span> <span class='ocrx_word' id='word_1_296' title='bbox 798 2697 1022 2750; x_wconf 91' lang='lat' dir='ltr'><strong>omnino</strong></span> <span class='ocrx_word' id='word_1_297' title='bbox 1048 2712 1153 2750; x_wconf 93' lang='lat' dir='ltr'><strong>non</strong></span> <span class='ocrx_word' id='word_1_298' title='bbox 1178 2705 1419 2765; x_wconf 90' lang='lat' dir='ltr'><strong>possent.</strong></span> <span class='ocrx_word' id='word_1_299' title='bbox 1463 2695 1565 2748; x_wconf 82' lang='lat' dir='ltr'><strong>Alii</strong></span> <span class='ocrx_word' id='word_1_300' title='bbox 1602 2694 1753 2748; x_wconf 91' lang='lat' dir='ltr'><strong>humi</strong></span> <span class='ocrx_word' id='word_1_301' title='bbox 1776 2691 2005 2763; x_wconf 72' lang='lat' dir='ltr'><strong>proiecti</strong></span> 
     </span>
    </p>
   </div>
   <div class='ocr_carea' id='block_1_45' title="bbox 436 2785 2007 2861">
    <p class='ocr_par' dir='ltr' id='par_1_45' title="bbox 436 2785 2007 2861">
     <span class='ocr_line' id='line_1_45' title="bbox 436 2785 2007 2861; baseline -0.003 -18"><span class='ocrx_word' id='word_1_302' title='bbox 436 2790 689 2861; x_wconf 86' lang='lat' dir='ltr'><strong>jaeebant</strong></span> <span class='ocrx_word' id='word_1_303' title='bbox 707 2805 814 2860; x_wconf 71' lang='lat' dir='ltr'><strong>pra:</strong></span> <span class='ocrx_word' id='word_1_304' title='bbox 830 2790 994 2844; x_wconf 86' lang='lat' dir='ltr'><strong>nimia</strong></span> <span class='ocrx_word' id='word_1_305' title='bbox 1017 2797 1411 2843; x_wconf 80' lang='lat' dir='ltr'><strong>tormentorum</strong></span> <span class='ocrx_word' id='word_1_306' title='bbox 1435 2788 1752 2853; x_wconf 88' lang='lat' dir='ltr'><strong>acerbitate;</strong></span> <span class='ocrx_word' id='word_1_307' title='bbox 1770 2794 1824 2840; x_wconf 91' lang='lat' dir='ltr'><strong>et</strong></span> <span class='ocrx_word' id='word_1_308' title='bbox 1838 2785 2007 2839; x_wconf 90' lang='lat' dir='ltr'><strong>multo</strong></span> 
     </span>
    </p>
   </div>
   <div class='ocr_carea' id='block_1_46' title="bbox 440 2878 2006 2952">
    <p class='ocr_par' dir='ltr' id='par_1_46' title="bbox 440 2878 2006 2952">
     <span class='ocr_line' id='line_1_46' title="bbox 440 2878 2006 2952; baseline -0.004 -16"><span class='ocrx_word' id='word_1_309' title='bbox 440 2884 660 2951; x_wconf 72' lang='lat' dir='ltr'><strong>gravius</strong></span> <span class='ocrx_word' id='word_1_310' title='bbox 684 2899 846 2952; x_wconf 89' lang='lat' dir='ltr'><strong>quam</strong></span> <span class='ocrx_word' id='word_1_311' title='bbox 866 2883 994 2937; x_wconf 91' lang='lat' dir='ltr'><strong>dum</strong></span> <span class='ocrx_word' id='word_1_312' title='bbox 1014 2882 1390 2936; x_wconf 88' lang='lat' dir='ltr'><strong>cruciarentur</strong></span> <span class='ocrx_word' id='word_1_313' title='bbox 1405 2880 1768 2950; x_wconf 87' lang='lat' dir='ltr'><strong>spectaculum</strong></span> <span class='ocrx_word' id='word_1_314' title='bbox 1795 2878 2006 2931; x_wconf 89' lang='lat' dir='ltr'><strong>intuen-</strong></span> 
     </span>
    </p>
   </div>
   <div class='ocr_carea' id='block_1_47' title="bbox 443 2971 2006 3043">
    <p class='ocr_par' dir='ltr' id='par_1_47' title="bbox 443 2971 2006 3043">
     <span class='ocr_line' id='line_1_47' title="bbox 443 2971 2006 3043; baseline -0.006 -16"><span class='ocrx_word' id='word_1_315' title='bbox 443 2974 589 3028; x_wconf 86' lang='lat' dir='ltr'><strong>tibus</strong></span> <span class='ocrx_word' id='word_1_316' title='bbox 626 2974 965 3043; x_wconf 68' lang='lat' dir='ltr'><strong>praebebant,</strong></span> <span class='ocrx_word' id='word_1_317' title='bbox 1000 2973 1149 3026; x_wconf 78' lang='lat' dir='ltr'><strong>varia</strong></span> <span class='ocrx_word' id='word_1_318' title='bbox 1213 2986 1278 3027; x_wconf 84' lang='lat' dir='ltr'><strong>ac</strong></span> <span class='ocrx_word' id='word_1_319' title='bbox 1337 2971 1656 3039; x_wconf 88' lang='lat' dir='ltr'><strong>tnultiplicia</strong></span> <span class='ocrx_word' id='word_1_320' title='bbox 1707 2973 2006 3022; x_wconf 84' lang='lat' dir='ltr'><strong>tormento-</strong></span> 
     </span>
    </p>
   </div>
   <div class='ocr_carea' id='block_1_48' title="bbox 444 3057 2005 3134">
    <p class='ocr_par' dir='ltr' id='par_1_48' title="bbox 444 3057 2005 3134">
     <span class='ocr_line' id='line_1_48' title="bbox 444 3057 2005 3134; baseline -0.006 -14"><span class='ocrx_word' id='word_1_321' title='bbox 444 3082 565 3120; x_wconf 86' lang='lat' dir='ltr'><strong>rum</strong></span> <span class='ocrx_word' id='word_1_322' title='bbox 613 3067 915 3134; x_wconf 80' lang='lat' dir='ltr'><strong>excogitata</strong></span> <span class='ocrx_word' id='word_1_323' title='bbox 962 3078 1160 3132; x_wconf 82' lang='lat' dir='ltr'><strong>genera</strong></span> <span class='ocrx_word' id='word_1_324' title='bbox 1208 3061 1529 3129; x_wconf 87' lang='lat' dir='ltr'><strong>corporibus</strong></span> <span class='ocrx_word' id='word_1_325' title='bbox 1572 3060 1686 3115; x_wconf 85' lang='lat' dir='ltr'><strong>suis</strong></span> <span class='ocrx_word' id='word_1_326' title='bbox 1715 3057 2005 3113; x_wconf 59' lang='lat' dir='ltr'><strong>circumice</strong></span> 
     </span>
    </p>
   </div>
   <div class='ocr_carea' id='block_1_49' title="bbox 445 3149 2002 3223">
    <p class='ocr_par' dir='ltr' id='par_1_49' title="bbox 445 3149 2002 3223">
     <span class='ocr_line' id='line_1_49' title="bbox 445 3149 2002 3223; baseline -0.005 -12"><span class='ocrx_word' id='word_1_327' title='bbox 445 3166 645 3212; x_wconf 84' lang='lat' dir='ltr'><strong>rentes.</strong></span> <span class='ocrx_word' id='word_1_328' title='bbox 684 3156 816 3221; x_wconf 75' lang='lat' dir='ltr'><strong>Qua:</strong></span> <span class='ocrx_word' id='word_1_329' title='bbox 853 3171 978 3210; x_wconf 89' lang='lat' dir='ltr'><strong>cum</strong></span> <span class='ocrx_word' id='word_1_330' title='bbox 1026 3156 1099 3208; x_wconf 91' lang='lat' dir='ltr'><strong>ita</strong></span> <span class='ocrx_word' id='word_1_331' title='bbox 1127 3161 1460 3223; x_wconf 78' lang='lat' dir='ltr'><strong>gererentur,</strong></span> <span class='ocrx_word' id='word_1_332' title='bbox 1504 3151 1596 3205; x_wconf 90' lang='lat' dir='ltr'><strong>alii</strong></span> <span class='ocrx_word' id='word_1_333' title='bbox 1638 3151 1691 3204; x_wconf 93' lang='lat' dir='ltr'><strong>in</strong></span> <span class='ocrx_word' id='word_1_334' title='bbox 1728 3149 1860 3220; x_wconf 88' lang='lat' dir='ltr'><strong>ipsis</strong></span> <span class='ocrx_word' id='word_1_335' title='bbox 1888 3159 2002 3205; x_wconf 86' lang='lat' dir='ltr'><strong>tor-</strong></span> 
     </span>
    </p>
   </div>
   <div class='ocr_carea' id='block_1_50' title="bbox 443 3242 2005 3317">
    <p class='ocr_par' dir='ltr' id='par_1_50' title="bbox 443 3242 2005 3317">
     <span class='ocr_line' id='line_1_50' title="bbox 443 3242 2005 3317; baseline -0.004 -14"><span class='ocrx_word' id='word_1_336' title='bbox 443 3250 641 3303; x_wconf 81' lang='lat' dir='ltr'><strong>mentis</strong></span> <span class='ocrx_word' id='word_1_337' title='bbox 666 3246 1045 3317; x_wconf 79' lang='lat' dir='ltr'><strong>exspirahant,</strong></span> <span class='ocrx_word' id='word_1_338' title='bbox 1087 3244 1391 3298; x_wconf 84' lang='lat' dir='ltr'><strong>constantia</strong></span> <span class='ocrx_word' id='word_1_339' title='bbox 1426 3258 1523 3297; x_wconf 85' lang='lat' dir='ltr'><strong>sua</strong></span> <span class='ocrx_word' id='word_1_340' title='bbox 1555 3242 1812 3312; x_wconf 90' lang='lat' dir='ltr'><strong>pudorem</strong></span> <span class='ocrx_word' id='word_1_341' title='bbox 1854 3242 2005 3298; x_wconf 89' lang='lat' dir='ltr'><strong>incu-</strong></span> 
     </span>
    </p>
   </div>
   <div class='ocr_carea' id='block_1_51' title="bbox 445 3336 2005 3396">
    <p class='ocr_par' dir='ltr' id='par_1_51' title="bbox 445 3336 2005 3396">
     <span class='ocr_line' id='line_1_51' title="bbox 445 3336 2005 3396; baseline -0.002 -2"><span class='ocrx_word' id='word_1_342' title='bbox 445 3344 641 3396; x_wconf 85' lang='lat' dir='ltr'><strong>tientes</strong></span> <span class='ocrx_word' id='word_1_343' title='bbox 698 3338 1031 3394; x_wconf 87' lang='lat' dir='ltr'><strong>adversario.</strong></span> <span class='ocrx_word' id='word_1_344' title='bbox 1082 3338 1206 3391; x_wconf 82' lang='lat' dir='ltr'><strong>‘Alii</strong></span> <span class='ocrx_word' id='word_1_345' title='bbox 1268 3336 1566 3393; x_wconf 82' lang='lat' dir='ltr'><strong>semineces</strong></span> <span class='ocrx_word' id='word_1_346' title='bbox 1622 3337 1677 3391; x_wconf 93' lang='lat' dir='ltr'><strong>in</strong></span> <span class='ocrx_word' id='word_1_347' title='bbox 1732 3353 2005 3392; x_wconf 86' lang='lat' dir='ltr'><strong>carcerem</strong></span> 
     </span>
    </p>
   </div>
   <div class='ocr_carea' id='block_1_52' title="bbox 442 3429 2004 3503">
    <p class='ocr_par' dir='ltr' id='par_1_52' title="bbox 442 3429 2004 3503">
     <span class='ocr_line' id='line_1_52' title="bbox 442 3429 2004 3503; baseline -0.003 -15"><span class='ocrx_word' id='word_1_348' title='bbox 442 3434 604 3497; x_wconf 90' lang='lat' dir='ltr'><strong>trusi,</strong></span> <span class='ocrx_word' id='word_1_349' title='bbox 652 3432 840 3503; x_wconf 90' lang='lat' dir='ltr'><strong>paucis</strong></span> <span class='ocrx_word' id='word_1_350' title='bbox 869 3441 988 3500; x_wconf 89' lang='lat' dir='ltr'><strong>post</strong></span> <span class='ocrx_word' id='word_1_351' title='bbox 1015 3431 1207 3485; x_wconf 80' lang='lat' dir='ltr'><strong>diebus</strong></span> <span class='ocrx_word' id='word_1_352' title='bbox 1237 3429 1518 3484; x_wconf 90' lang='lat' dir='ltr'><strong>doloribus</strong></span> <span class='ocrx_word' id='word_1_353' title='bbox 1558 3430 1805 3500; x_wconf 75' lang='lat' dir='ltr'><strong>OppI&#39;CSSi</strong></span> <span class='ocrx_word' id='word_1_354' title='bbox 1836 3430 2004 3484; x_wconf 91' lang='lat' dir='ltr'><strong>vitam</strong></span> 
     </span>
    </p>
   </div>
   <div class='ocr_carea' id='block_1_53' title="bbox 443 3520 2003 3593">
    <p class='ocr_par' dir='ltr' id='par_1_53' title="bbox 443 3520 2003 3593">
     <span class='ocr_line' id='line_1_53' title="bbox 443 3520 2003 3593; baseline -0.003 -14"><span class='ocrx_word' id='word_1_355' title='bbox 443 3526 721 3580; x_wconf 67' lang='lat' dir='ltr'><strong>(inierunt.</strong></span> <span class='ocrx_word' id='word_1_356' title='bbox 784 3522 997 3593; x_wconf 85' lang='lat' dir='ltr'><strong>Reliqui</strong></span> <span class='ocrx_word' id='word_1_357' title='bbox 1055 3523 1361 3577; x_wconf 90' lang='lat' dir='ltr'><strong>curantium</strong></span> <span class='ocrx_word' id='word_1_358' title='bbox 1410 3523 1665 3576; x_wconf 89' lang='lat' dir='ltr'><strong>remediis</strong></span> <span class='ocrx_word' id='word_1_359' title='bbox 1697 3520 2003 3587; x_wconf 81' lang='lat' dir='ltr'><strong>refocillati,</strong></span> 
     </span>
    </p>
   </div>
   <div class='ocr_carea' id='block_1_54' title="bbox 443 3613 2006 3686">
    <p class='ocr_par' dir='ltr' id='par_1_54' title="bbox 443 3613 2006 3686">
     <span class='ocr_line' id='line_1_54' title="bbox 443 3613 2006 3686; baseline -0.003 -14"><span class='ocrx_word' id='word_1_360' title='bbox 443 3629 686 3686; x_wconf 88' lang='lat' dir='ltr'><strong>tempore</strong></span> <span class='ocrx_word' id='word_1_361' title='bbox 718 3616 837 3685; x_wconf 89' lang='lat' dir='ltr'><strong>ipso</strong></span> <span class='ocrx_word' id='word_1_362' title='bbox 866 3631 930 3670; x_wconf 91' lang='lat' dir='ltr'><strong>ac</strong></span> <span class='ocrx_word' id='word_1_363' title='bbox 956 3615 1212 3670; x_wconf 88' lang='lat' dir='ltr'><strong>diuturna</strong></span> <span class='ocrx_word' id='word_1_364' title='bbox 1243 3614 1483 3669; x_wconf 87' lang='lat' dir='ltr'><strong>carceris</strong></span> <span class='ocrx_word' id='word_1_365' title='bbox 1517 3628 1667 3667; x_wconf 90' lang='lat' dir='ltr'><strong>mora</strong></span> <span class='ocrx_word' id='word_1_366' title='bbox 1696 3613 2006 3668; x_wconf 81' lang='lat' dir='ltr'><strong>ﬁdentiores</strong></span> 
     </span>
    </p>
   </div>
   <div class='ocr_carea' id='block_1_55' title="bbox 441 3704 2005 3777">
    <p class='ocr_par' dir='ltr' id='par_1_55' title="bbox 441 3704 2005 3777">
     <span class='ocr_line' id='line_1_55' title="bbox 441 3704 2005 3777; baseline -0.003 -15"><span class='ocrx_word' id='word_1_367' title='bbox 441 3723 681 3763; x_wconf 77' lang='lat' dir='ltr'><strong>evasere.</strong></span> <span class='ocrx_word' id='word_1_368' title='bbox 744 3708 928 3777; x_wconf 85' lang='lat' dir='ltr'><strong>Itaque</strong></span> <span class='ocrx_word' id='word_1_369' title='bbox 992 3723 1116 3762; x_wconf 91' lang='lat' dir='ltr'><strong>cum</strong></span> <span class='ocrx_word' id='word_1_370' title='bbox 1158 3714 1343 3777; x_wconf 88' lang='lat' dir='ltr'><strong>postea</strong></span> <span class='ocrx_word' id='word_1_371' title='bbox 1402 3705 1724 3775; x_wconf 90' lang='lat' dir='ltr'><strong>juberentur</strong></span> <span class='ocrx_word' id='word_1_372' title='bbox 1781 3704 2005 3774; x_wconf 87' lang='lat' dir='ltr'><strong>eligere,</strong></span> 
     </span>
    </p>
   </div>
   <div class='ocr_carea' id='block_1_56' title="bbox 443 3794 2005 3859">
    <p class='ocr_par' dir='ltr' id='par_1_56' title="bbox 443 3794 2005 3859">
     <span class='ocr_line' id='line_1_56' title="bbox 443 3794 2005 3859; baseline 0 -9"><span class='ocrx_word' id='word_1_373' title='bbox 443 3808 626 3852; x_wconf 81' lang='lat' dir='ltr'><strong>utrum</strong></span> <span class='ocrx_word' id='word_1_374' title='bbox 689 3799 950 3859; x_wconf 89' lang='lat' dir='ltr'><strong>mallent,</strong></span> <span class='ocrx_word' id='word_1_375' title='bbox 1005 3812 1073 3851; x_wconf 89' lang='lat' dir='ltr'><strong>an</strong></span> <span class='ocrx_word' id='word_1_376' title='bbox 1126 3795 1391 3851; x_wconf 86' lang='lat' dir='ltr'><strong>contactis</strong></span> <span class='ocrx_word' id='word_1_377' title='bbox 1448 3794 1673 3849; x_wconf 80' lang='lat' dir='ltr'><strong>nefariis</strong></span> <span class='ocrx_word' id='word_1_378' title='bbox 1724 3795 2005 3850; x_wconf 80' lang='lat' dir='ltr'><strong>sacriﬁciis</strong></span> 
     </span>
    </p>
   </div>
   <div class='ocr_carea' id='block_1_57' title="bbox 443 3887 2004 3951">
    <p class='ocr_par' dir='ltr' id='par_1_57' title="bbox 443 3887 2004 3951">
     <span class='ocr_line' id='line_1_57' title="bbox 443 3887 2004 3951; baseline -0.001 -8"><span class='ocrx_word' id='word_1_379' title='bbox 443 3891 593 3946; x_wconf 88' lang='lat' dir='ltr'><strong>omni</strong></span> <span class='ocrx_word' id='word_1_380' title='bbox 628 3891 871 3945; x_wconf 89' lang='lat' dir='ltr'><strong>molestia</strong></span> <span class='ocrx_word' id='word_1_381' title='bbox 913 3889 1150 3951; x_wconf 87' lang='lat' dir='ltr'><strong>liberari.</strong></span> <span class='ocrx_word' id='word_1_382' title='bbox 1192 3896 1245 3942; x_wconf 89' lang='lat' dir='ltr'><strong>et</strong></span> <span class='ocrx_word' id='word_1_383' title='bbox 1279 3887 1655 3943; x_wconf 70' lang='lat' dir='ltr'><strong>abominandae</strong></span> <span class='ocrx_word' id='word_1_384' title='bbox 1704 3887 2004 3942; x_wconf 84' lang='lat' dir='ltr'><strong>absolutio-</strong></span> 
     </span>
    </p>
   </div>
   <div class='ocr_carea' id='block_1_58' title="bbox 442 3979 2005 4049">
    <p class='ocr_par' dir='ltr' id='par_1_58' title="bbox 442 3979 2005 4049">
     <span class='ocr_line' id='line_1_58' title="bbox 442 3979 2005 4049; baseline -0.004 -11"><span class='ocrx_word' id='word_1_385' title='bbox 442 3985 529 4038; x_wconf 90' lang='lat' dir='ltr'><strong>nis</strong></span> <span class='ocrx_word' id='word_1_386' title='bbox 563 3982 883 4037; x_wconf 86' lang='lat' dir='ltr'><strong>senteutiam</strong></span> <span class='ocrx_word' id='word_1_387' title='bbox 913 3982 982 4035; x_wconf 91' lang='lat' dir='ltr'><strong>ab</strong></span> <span class='ocrx_word' id='word_1_388' title='bbox 1010 3981 1142 4049; x_wconf 89' lang='lat' dir='ltr'><strong>ipsis</strong></span> <span class='ocrx_word' id='word_1_389' title='bbox 1182 3979 1475 4049; x_wconf 85' lang='lat' dir='ltr'><strong>consequi;</strong></span> <span class='ocrx_word' id='word_1_390' title='bbox 1513 3995 1583 4032; x_wconf 84' lang='lat' dir='ltr'><strong>an</strong></span> <span class='ocrx_word' id='word_1_391' title='bbox 1619 3993 1749 4033; x_wconf 89' lang='lat' dir='ltr'><strong>vero</strong></span> <span class='ocrx_word' id='word_1_392' title='bbox 1798 3979 2005 4033; x_wconf 81' lang='lat' dir='ltr'><strong>sacriﬁ-</strong></span> 
     </span>
    </p>
   </div>
   <div class='ocr_carea' id='block_1_59' title="bbox 441 4071 2004 4143">
    <p class='ocr_par' dir='ltr' id='par_1_59' title="bbox 441 4071 2004 4143">
     <span class='ocr_line' id='line_1_59' title="bbox 441 4071 2004 4143; baseline -0.004 -11"><span class='ocrx_word' id='word_1_393' title='bbox 441 4092 569 4132; x_wconf 87' lang='lat' dir='ltr'><strong>care</strong></span> <span class='ocrx_word' id='word_1_394' title='bbox 595 4077 893 4133; x_wconf 86' lang='lat' dir='ltr'><strong>abnuentes</strong></span> <span class='ocrx_word' id='word_1_395' title='bbox 942 4074 1118 4143; x_wconf 88' lang='lat' dir='ltr'><strong>capite</strong></span> <span class='ocrx_word' id='word_1_396' title='bbox 1164 4072 1413 4126; x_wconf 89' lang='lat' dir='ltr'><strong>damnari</strong></span> <span class='ocrx_word' id='word_1_397' title='bbox 1445 4090 1457 4125; x_wconf 92' lang='lat'><strong>:</strong></span> <span class='ocrx_word' id='word_1_398' title='bbox 1487 4088 1679 4127; x_wconf 83' lang='lat' dir='ltr'><strong>omnes</strong></span> <span class='ocrx_word' id='word_1_399' title='bbox 1704 4071 1836 4125; x_wconf 82' lang='lat' dir='ltr'><strong>nihil</strong></span> <span class='ocrx_word' id='word_1_400' title='bbox 1865 4088 2004 4127; x_wconf 91' lang='lat' dir='ltr'><strong>cun-</strong></span> 
     </span>
    </p>
   </div>
   <div class='ocr_carea' id='block_1_60' title="bbox 513 4225 2001 4297">
    <p class='ocr_par' dir='ltr' id='par_1_60' title="bbox 513 4225 2001 4297">
     <span class='ocr_line' id='line_1_60' title="bbox 513 4225 2001 4297; baseline -0.002 -13"><span class='ocrx_word' id='word_1_401' title='bbox 513 4231 625 4297; x_wconf 77' lang='grc'><strong>(15)</strong></span> <span class='ocrx_word' id='word_1_402' title='bbox 665 4230 809 4296; x_wconf 81' lang='grc' dir='ltr'>Τοὺς</span> <span class='ocrx_word' id='word_1_403' title='bbox 841 4228 915 4296; x_wconf 78' lang='grc' dir='ltr'>τῇ</span> <span class='ocrx_word' id='word_1_404' title='bbox 939 4228 1191 4297; x_wconf 73' lang='grc' dir='ltr'>ἐξουσίᾳ</span> <span class='ocrx_word' id='word_1_405' title='bbox 1231 4225 1774 4297; x_wconf 76' lang='grc' dir='ltr'>ὑπηρετουμένους.</span> <span class='ocrx_word' id='word_1_406' title='bbox 1822 4228 2001 4296; x_wconf 80' lang='lat' dir='ltr'><strong>Appa-</strong></span> 
     </span>
    </p>
   </div>
   <div class='ocr_carea' id='block_1_61' title="bbox 440 4298 2004 4369">
    <p class='ocr_par' dir='ltr' id='par_1_61' title="bbox 440 4298 2004 4369">
     <span class='ocr_line' id='line_1_61' title="bbox 440 4298 2004 4369; baseline -0.003 -14"><span class='ocrx_word' id='word_1_407' title='bbox 440 4304 658 4364; x_wconf 70' lang='lat' dir='ltr'><strong>ritores,</strong></span> <span class='ocrx_word' id='word_1_408' title='bbox 695 4317 789 4355; x_wconf 91' lang='lat' dir='ltr'><strong>seu</strong></span> <span class='ocrx_word' id='word_1_409' title='bbox 824 4301 1076 4354; x_wconf 86' lang='lat' dir='ltr'><strong>ollieiales</strong></span> <span class='ocrx_word' id='word_1_410' title='bbox 1106 4301 1380 4369; x_wconf 89' lang='lat' dir='ltr'><strong>intelligit,</strong></span> <span class='ocrx_word' id='word_1_411' title='bbox 1409 4300 1503 4366; x_wconf 91' lang='lat' dir='ltr'><strong>qui</strong></span> <span class='ocrx_word' id='word_1_412' title='bbox 1539 4298 2004 4369; x_wconf 59' lang='lat' dir='ltr'><strong>praelecto_Augu-</strong></span> 
     </span>
    </p>
   </div>
   <div class='ocr_carea' id='block_1_62' title="bbox 440 4365 2003 4439">
    <p class='ocr_par' dir='ltr' id='par_1_62' title="bbox 440 4365 2003 4439">
     <span class='ocr_line' id='line_1_62' title="bbox 440 4365 2003 4439; baseline -0.002 -14"><span class='ocrx_word' id='word_1_413' title='bbox 440 4372 567 4425; x_wconf 91' lang='lat' dir='ltr'><strong>stali</strong></span> <span class='ocrx_word' id='word_1_414' title='bbox 605 4371 1063 4439; x_wconf 85' lang='lat' dir='ltr'><strong>obsequebantur.</strong></span> <span class='ocrx_word' id='word_1_415' title='bbox 1100 4369 1174 4421; x_wconf 87' lang='lat' dir='ltr'><strong>De</strong></span> <span class='ocrx_word' id='word_1_416' title='bbox 1209 4365 1311 4423; x_wconf 75' lang='lat' dir='ltr'><strong>hoc</strong></span> <span class='ocrx_word' id='word_1_417' title='bbox 1341 4365 1484 4422; x_wconf 83' lang='lat' dir='ltr'><strong>enim</strong></span> <span class='ocrx_word' id='word_1_418' title='bbox 1525 4367 1763 4439; x_wconf 67' lang='lat' dir='ltr'><strong>loquitur</strong></span> <span class='ocrx_word' id='word_1_419' title='bbox 1789 4365 2003 4439; x_wconf 68' lang='lat' dir='ltr'><strong>Phileas</strong></span> 
     </span>
    </p>
   </div>
   <div class='ocr_carea' id='block_1_63' title="bbox 442 4435 2003 4511">
    <p class='ocr_par' dir='ltr' id='par_1_63' title="bbox 442 4435 2003 4511">
     <span class='ocr_line' id='line_1_63' title="bbox 442 4435 2003 4511; baseline -0.004 -16"><span class='ocrx_word' id='word_1_420' title='bbox 442 4443 495 4495; x_wconf 90' lang='lat' dir='ltr'><strong>in</strong></span> <span class='ocrx_word' id='word_1_421' title='bbox 529 4443 630 4496; x_wconf 88' lang='lat' dir='ltr'><strong>hac</strong></span> <span class='ocrx_word' id='word_1_422' title='bbox 656 4435 905 4511; x_wconf 81' lang='lat' dir='ltr'><strong>epistola,</strong></span> <span class='ocrx_word' id='word_1_423' title='bbox 937 4454 985 4492; x_wconf 89' lang='lat' dir='ltr'><strong>et</strong></span> <span class='ocrx_word' id='word_1_424' title='bbox 1014 4440 1257 4511; x_wconf 81' lang='grc' dir='ltr'>ἡγεμόνα</span> <span class='ocrx_word' id='word_1_425' title='bbox 1282 4455 1405 4492; x_wconf 90' lang='lat' dir='ltr'><strong>eum</strong></span> <span class='ocrx_word' id='word_1_426' title='bbox 1435 4447 1613 4511; x_wconf 81' lang='lat' dir='ltr'><strong>vocat.</strong></span> <span class='ocrx_word' id='word_1_427' title='bbox 1656 4435 2003 4511; x_wconf 68' lang='lat' dir='ltr'><strong>Pei&#39;ro_é§oo-</strong></span> 
     </span>
    </p>
   </div>
   <div class='ocr_carea' id='block_1_64' title="bbox 443 4507 2000 4578">
    <p class='ocr_par' dir='ltr' id='par_1_64' title="bbox 443 4507 2000 4578">
     <span class='ocr_line' id='line_1_64' title="bbox 443 4507 2000 4578; baseline -0.001 -13"><span class='ocrx_word' id='word_1_428' title='bbox 443 4513 533 4566; x_wconf 80' lang='grc' dir='ltr'><strong>σία</strong></span> <span class='ocrx_word' id='word_1_429' title='bbox 565 4507 774 4565; x_wconf 29' lang='lat' dir='ltr'><strong>fere‘de</strong></span> <span class='ocrx_word' id='word_1_430' title='bbox 811 4507 1113 4578; x_wconf 79' lang='lat' dir='ltr'><strong>majoribus</strong></span> <span class='ocrx_word' id='word_1_431' title='bbox 1147 4510 1428 4578; x_wconf 89' lang='lat' dir='ltr'><strong>judicibus</strong></span> <span class='ocrx_word' id='word_1_432' title='bbox 1457 4507 1677 4571; x_wconf 88' lang='lat' dir='ltr'><strong>dicitur,</strong></span> <span class='ocrx_word' id='word_1_433' title='bbox 1708 4507 2000 4578; x_wconf 82' lang='lat' dir='ltr'><strong>quihabe-</strong></span> 
     </span>
    </p>
   </div>
   <div class='ocr_carea' id='block_1_65' title="bbox 441 4556 2076 4663">
    <p class='ocr_par' dir='ltr' id='par_1_65' title="bbox 441 4556 2076 4663">
     <span class='ocr_line' id='line_1_65' title="bbox 441 4556 2076 4663; baseline -0.002 -30"><span class='ocrx_word' id='word_1_434' title='bbox 441 4556 1116 4663; x_wconf 44' lang='lat' dir='ltr'><strong>$57.51;.“gua&#39;iiﬁral</strong></span> <span class='ocrx_word' id='word_1_435' title='bbox 1147 4556 1996 4663; x_wconf 49' lang='grc' dir='ltr'><strong>’[ῖξὶιίιίἷροῖέἕιὶιῖἐὖρὲιίἆῖιῖςε</strong></span> <span class='ocrx_word' id='word_1_436' title='bbox 2032 4556 2076 4610; x_wconf 83' lang='lat' dir='ltr'><strong>D</strong></span> 
     </span>
    </p>
   </div>
   <div class='ocr_carea' id='block_1_66' title="bbox 442 4646 2001 4719">
    <p class='ocr_par' dir='ltr' id='par_1_66' title="bbox 442 4646 2001 4719">
     <span class='ocr_line' id='line_1_66' title="bbox 442 4646 2001 4719; baseline -0.001 -15"><span class='ocrx_word' id='word_1_437' title='bbox 442 4660 502 4704; x_wconf 92' lang='lat' dir='ltr'><strong>ut</strong></span> <span class='ocrx_word' id='word_1_438' title='bbox 531 4646 916 4719; x_wconf 31' lang='lat' dir='ltr'><strong>aitiUlpianus.</strong></span> <span class='ocrx_word' id='word_1_439' title='bbox 956 4646 1086 4715; x_wconf 74' lang='lat' dir='ltr'><strong>Qua:</strong></span> <span class='ocrx_word' id='word_1_440' title='bbox 1111 4666 1210 4704; x_wconf 77' lang='lat' dir='ltr'><strong>vox</strong></span> <span class='ocrx_word' id='word_1_441' title='bbox 1237 4665 1304 4704; x_wconf 91' lang='lat' dir='ltr'><strong>eo</strong></span> <span class='ocrx_word' id='word_1_442' title='bbox 1329 4646 1491 4719; x_wconf 85' lang='lat' dir='ltr'><strong>sensu</strong></span> <span class='ocrx_word' id='word_1_443' title='bbox 1526 4646 1721 4719; x_wconf 70' lang='lat' dir='ltr'><strong>saepius</strong></span> <span class='ocrx_word' id='word_1_444' title='bbox 1762 4648 2001 4702; x_wconf 89' lang='lat' dir='ltr'><strong>occurrit</strong></span> 
     </span>
    </p>
   </div>
   <div class='ocr_carea' id='block_1_67' title="bbox 438 4717 2000 4790">
    <p class='ocr_par' dir='ltr' id='par_1_67' title="bbox 438 4717 2000 4790">
     <span class='ocr_line' id='line_1_67' title="bbox 438 4717 2000 4790; baseline -0.001 -17"><span class='ocrx_word' id='word_1_445' title='bbox 438 4720 580 4788; x_wconf 81' lang='lat' dir='ltr'><strong>apud</strong></span> <span class='ocrx_word' id='word_1_446' title='bbox 606 4717 1357 4790; x_wconf 71' lang='lat' dir='ltr'><strong>JoaimemChrysostomum.</strong></span> <span class='ocrx_word' id='word_1_447' title='bbox 1384 4718 1555 4790; x_wconf 68' lang='lat' dir='ltr'><strong>Porro</strong></span> <span class='ocrx_word' id='word_1_448' title='bbox 1583 4717 1868 4790; x_wconf 73' lang='lat' dir='ltr'><strong>prtefectns</strong></span> <span class='ocrx_word' id='word_1_449' title='bbox 1889 4720 2000 4772; x_wconf 85' lang='lat' dir='ltr'><strong>Au—</strong></span> 
     </span>
    </p>
   </div>
   <div class='ocr_carea' id='block_1_68' title="bbox 436 4787 2001 4859">
    <p class='ocr_par' dir='ltr' id='par_1_68' title="bbox 436 4787 2001 4859">
     <span class='ocr_line' id='line_1_68' title="bbox 436 4787 2001 4859; baseline 0 -18"><span class='ocrx_word' id='word_1_450' title='bbox 436 4787 666 4859; x_wconf 77' lang='lat' dir='ltr'><strong>gustalis</strong></span> <span class='ocrx_word' id='word_1_451' title='bbox 722 4805 786 4843; x_wconf 91' lang='lat' dir='ltr'><strong>eo</strong></span> <span class='ocrx_word' id='word_1_452' title='bbox 816 4787 1033 4859; x_wconf 83' lang='lat' dir='ltr'><strong>quidem</strong></span> <span class='ocrx_word' id='word_1_453' title='bbox 1052 4799 1312 4859; x_wconf 88' lang='lat' dir='ltr'><strong>tempore</strong></span> <span class='ocrx_word' id='word_1_454' title='bbox 1340 4799 1457 4845; x_wconf 84' lang='lat' dir='ltr'><strong>erat</strong></span> <span class='ocrx_word' id='word_1_455' title='bbox 1485 4787 1783 4859; x_wconf 69' lang='lat' dir='ltr'><strong>Hierocles,</strong></span> <span class='ocrx_word' id='word_1_456' title='bbox 1798 4804 2001 4859; x_wconf 74' lang='lat' dir='ltr'><strong>quem-</strong></span> 
     </span>
    </p>
   </div>
   <div class='ocr_carea' id='block_1_69' title="bbox 436 4856 1999 4929">
    <p class='ocr_par' dir='ltr' id='par_1_69' title="bbox 436 4856 1999 4929">
     <span class='ocr_line' id='line_1_69' title="bbox 436 4856 1999 4929; baseline -0.002 -15"><span class='ocrx_word' id='word_1_457' title='bbox 436 4856 733 4914; x_wconf 79' lang='lat' dir='ltr'><strong>admodum</strong></span> <span class='ocrx_word' id='word_1_458' title='bbox 785 4856 971 4915; x_wconf 77' lang='lat' dir='ltr'><strong>scribit</strong></span> <span class='ocrx_word' id='word_1_459' title='bbox 1024 4856 1362 4929; x_wconf 82' lang='lat' dir='ltr'><strong>Epiphanius</strong></span> <span class='ocrx_word' id='word_1_460' title='bbox 1419 4861 1473 4914; x_wconf 91' lang='lat' dir='ltr'><strong>in</strong></span> <span class='ocrx_word' id='word_1_461' title='bbox 1525 4858 1714 4913; x_wconf 68' lang='lat' dir='ltr'><strong>haeresi</strong></span> <span class='ocrx_word' id='word_1_462' title='bbox 1767 4856 1999 4912; x_wconf 83' lang='lat' dir='ltr'><strong>Meletia-</strong></span> 
     </span>
    </p>
   </div>
   <div class='ocr_carea' id='block_1_70' title="bbox 434 4944 652 4984">
    <p class='ocr_par' dir='ltr' id='par_1_70' title="bbox 434 4944 652 4984">
     <span class='ocr_line' id='line_1_70' title="bbox 434 4944 652 4984; baseline -0.018 0"><span class='ocrx_word' id='word_1_463' title='bbox 434 4944 652 4984; x_wconf 63' lang='lat' dir='ltr'><strong>llfll&#39;lllll.</strong></span> 
     </span>
    </p>
   </div>
   <div class='ocr_carea' id='block_1_71' title="bbox 506 4996 1998 5069">
    <p class='ocr_par' dir='ltr' id='par_1_71' title="bbox 506 4996 1998 5069">
     <span class='ocr_line' id='line_1_71' title="bbox 506 4996 1998 5069; baseline 0.001 -18"><span class='ocrx_word' id='word_1_464' title='bbox 506 5000 618 5069; x_wconf 74' lang='lat' dir='ltr'><strong>(lli)</strong></span> <span class='ocrx_word' id='word_1_465' title='bbox 652 4997 785 5064; x_wconf 85' lang='grc' dir='ltr'>Τοῖς</span> <span class='ocrx_word' id='word_1_466' title='bbox 819 4997 1062 5067; x_wconf 81' lang='grc' dir='ltr'>δεσμοῖς</span> <span class='ocrx_word' id='word_1_467' title='bbox 1102 5000 1429 5068; x_wconf 76' lang='grc' dir='ltr'>προσιέναι.</span> <span class='ocrx_word' id='word_1_468' title='bbox 1479 4997 1625 5053; x_wconf 82' lang='lat' dir='ltr'><strong>Nova</strong></span> <span class='ocrx_word' id='word_1_469' title='bbox 1680 5007 1733 5053; x_wconf 92' lang='lat' dir='ltr'><strong>et</strong></span> <span class='ocrx_word' id='word_1_470' title='bbox 1762 4996 1998 5052; x_wconf 89' lang='lat' dir='ltr'><strong>insolens</strong></span> 
     </span>
    </p>
   </div>
   <div class='ocr_carea' id='block_1_72' title="bbox 434 5069 1214 5125">
    <p class='ocr_par' dir='ltr' id='par_1_72' title="bbox 434 5069 1214 5125">
     <span class='ocr_line' id='line_1_72' title="bbox 434 5069 1214 5125; baseline 0 0"><span class='ocrx_word' id='word_1_471' title='bbox 434 5071 569 5125; x_wconf 84' lang='lat' dir='ltr'><strong>mihi</strong></span> <span class='ocrx_word' id='word_1_472' title='bbox 604 5070 815 5124; x_wconf 86' lang='lat' dir='ltr'><strong>videtur</strong></span> <span class='ocrx_word' id='word_1_473' title='bbox 845 5069 957 5122; x_wconf 74' lang='lat' dir='ltr'><strong>haec</strong></span> <span class='ocrx_word' id='word_1_474' title='bbox 993 5071 1214 5125; x_wconf 80' lang='lat' dir='ltr'><strong>locutio.</strong></span> 
     </span>
    </p>
   </div>
   <div class='ocr_carea' id='block_1_73' title="bbox 506 5135 1991 5212">
    <p class='ocr_par' dir='ltr' id='par_1_73' title="bbox 506 5135 1991 5212">
     <span class='ocr_line' id='line_1_73' title="bbox 506 5135 1991 5212; baseline -0.003 -18"><span class='ocrx_word' id='word_1_475' title='bbox 506 5140 616 5212; x_wconf 88' lang='lat' dir='ltr'><strong>(l7)</strong></span> <span class='ocrx_word' id='word_1_476' title='bbox 653 5140 816 5212; x_wconf 54' lang='lat' dir='ltr'><strong>Ofrw</strong></span> <span class='ocrx_word' id='word_1_477' title='bbox 850 5140 945 5192; x_wconf 77' lang='grc' dir='ltr'>καὶ</span> <span class='ocrx_word' id='word_1_478' title='bbox 981 5139 1362 5212; x_wconf 78' lang='grc' dir='ltr'>διανοεῖσθαι.</span> <span class='ocrx_word' id='word_1_479' title='bbox 1384 5138 1566 5194; x_wconf 85' lang='lat' dir='ltr'><strong>Nostri</strong></span> <span class='ocrx_word' id='word_1_480' title='bbox 1594 5135 1991 5212; x_wconf 68' lang='lat' dir='ltr'><strong>chice_s_h_laz.,</strong></span> 
     </span>
    </p>
   </div>
   <div class='ocr_carea' id='block_1_74' title="bbox 435 5206 1995 5332">
    <p class='ocr_par' dir='ltr' id='par_1_74' title="bbox 435 5206 1995 5332">
     <span class='ocr_line' id='line_1_74' title="bbox 435 5206 1995 5332; baseline -0.002 -70"><span class='ocrx_word' id='word_1_481' title='bbox 435 5206 575 5332; x_wconf 53' lang='lat' dir='ltr'><strong>:Ied.</strong></span> <span class='ocrx_word' id='word_1_482' title='bbox 601 5206 656 5264; x_wconf 72' lang='lat' dir='ltr'><strong>et</strong></span> <span class='ocrx_word' id='word_1_483' title='bbox 679 5209 812 5263; x_wconf 86' lang='lat' dir='ltr'><strong>Fuk.</strong></span> <span class='ocrx_word' id='word_1_484' title='bbox 839 5224 1021 5265; x_wconf 88' lang='lat' dir='ltr'><strong>vocem</strong></span> <span class='ocrx_word' id='word_1_485' title='bbox 1047 5209 1251 5264; x_wconf 90' lang='lat' dir='ltr'><strong>addunt</strong></span> <span class='ocrx_word' id='word_1_486' title='bbox 1279 5211 1381 5265; x_wconf 92' lang='lat' dir='ltr'><strong>hoc</strong></span> <span class='ocrx_word' id='word_1_487' title='bbox 1404 5213 1587 5272; x_wconf 89' lang='lat' dir='ltr'><strong>modo,</strong></span> <span class='ocrx_word' id='word_1_488' title='bbox 1613 5207 1756 5261; x_wconf 75' lang='grc' dir='ltr'>οὓτω</span> <span class='ocrx_word' id='word_1_489' title='bbox 1780 5206 1995 5261; x_wconf 76' lang='grc' dir='ltr'>ἐδόκουν</span> 
     </span>
     <span class='ocr_line' id='line_1_75' title="bbox 469 5297 663 5332; baseline 0 0"><span class='ocrx_word' id='word_1_490' title='bbox 469 5297 663 5332; x_wconf 87' lang='grc' dir='ltr'><strong>ιαν.....</strong></span> 
     </span>
    </p>
   </div>
   <div class='ocr_carea' id='block_1_75' title="bbox 469 5297 663 5335">
    <p class='ocr_par' dir='ltr' id='par_1_75' title="bbox 469 5297 663 5335">
     <span class='ocr_line' id='line_1_76' title="bbox 469 5297 663 5335; baseline 0.015 -3"><span class='ocrx_word' id='word_1_491' title='bbox 469 5297 663 5335; x_wconf 87' lang='grc' dir='ltr'><strong>ιαν.....</strong></span> 
     </span>
    </p>
   </div>
   <div class='ocr_carea' id='block_1_76' title="bbox 507 5347 1991 5420">
    <p class='ocr_par' dir='ltr' id='par_1_76' title="bbox 507 5347 1991 5420">
     <span class='ocr_line' id='line_1_77' title="bbox 507 5347 1991 5420; baseline -0.001 -18"><span class='ocrx_word' id='word_1_492' title='bbox 507 5351 620 5420; x_wconf 68' lang='grc'><strong>(18)</strong></span> <span class='ocrx_word' id='word_1_493' title='bbox 675 5350 907 5418; x_wconf 73' lang='grc' dir='ltr'>Ταύτην</span> <span class='ocrx_word' id='word_1_494' title='bbox 949 5349 1235 5417; x_wconf 77' lang='grc' dir='ltr'>δευτέραν</span> <span class='ocrx_word' id='word_1_495' title='bbox 1264 5348 1564 5413; x_wconf 78' lang='grc' dir='ltr'>βάσανον.</span> <span class='ocrx_word' id='word_1_496' title='bbox 1616 5347 1991 5420; x_wconf 79' lang='lat' dir='ltr'><strong>Raptationem</strong></span> 
     </span>
    </p>
   </div>
   <div class='ocr_carea' id='block_1_77' title="bbox 436 5416 1992 5488">
    <p class='ocr_par' dir='ltr' id='par_1_77' title="bbox 436 5416 1992 5488">
     <span class='ocr_line' id='line_1_78' title="bbox 436 5416 1992 5488; baseline 0.003 -20"><span class='ocrx_word' id='word_1_497' title='bbox 436 5416 703 5488; x_wconf 79' lang='lat' dir='ltr'><strong>intelligit.</strong></span> <span class='ocrx_word' id='word_1_498' title='bbox 738 5416 954 5476; x_wconf 86' lang='lat' dir='ltr'><strong>Primus</strong></span> <span class='ocrx_word' id='word_1_499' title='bbox 983 5416 1127 5474; x_wconf 84' lang='lat' dir='ltr'><strong>enim</strong></span> <span class='ocrx_word' id='word_1_500' title='bbox 1165 5421 1443 5474; x_wconf 88' lang='lat' dir='ltr'><strong>cruciatus</strong></span> <span class='ocrx_word' id='word_1_501' title='bbox 1474 5427 1591 5472; x_wconf 90' lang='lat' dir='ltr'><strong>erat</strong></span> <span class='ocrx_word' id='word_1_502' title='bbox 1611 5418 1896 5471; x_wconf 86' lang='lat' dir='ltr'><strong>verberum</strong></span> <span class='ocrx_word' id='word_1_503' title='bbox 1928 5433 1992 5473; x_wconf 86' lang='lat' dir='ltr'><strong>ac</strong></span> 
     </span>
    </p>
   </div>
   <div class='ocr_carea' id='block_1_78' title="bbox 434 5488 1987 5559">
    <p class='ocr_par' dir='ltr' id='par_1_78' title="bbox 434 5488 1987 5559">
     <span class='ocr_line' id='line_1_79' title="bbox 434 5488 1987 5559; baseline 0.001 -20"><span class='ocrx_word' id='word_1_504' title='bbox 434 5489 715 5557; x_wconf 83' lang='lat' dir='ltr'><strong>plagarum</strong></span> <span class='ocrx_word' id='word_1_505' title='bbox 751 5500 805 5544; x_wconf 87' lang='lat' dir='ltr'><strong>et</strong></span> <span class='ocrx_word' id='word_1_506' title='bbox 833 5491 1179 5559; x_wconf 82' lang='lat' dir='ltr'><strong>ungularum.</strong></span> <span class='ocrx_word' id='word_1_507' title='bbox 1209 5490 1511 5551; x_wconf 85' lang='lat' dir='ltr'><strong>Secundus,</strong></span> <span class='ocrx_word' id='word_1_508' title='bbox 1544 5498 1603 5543; x_wconf 90' lang='lat' dir='ltr'><strong>ut</strong></span> <span class='ocrx_word' id='word_1_509' title='bbox 1648 5488 1798 5542; x_wconf 89' lang='lat' dir='ltr'><strong>humi</strong></span> <span class='ocrx_word' id='word_1_510' title='bbox 1821 5488 1987 5557; x_wconf 89' lang='lat' dir='ltr'><strong>depo-</strong></span> 
     </span>
    </p>
   </div>
   <div class='ocr_carea' id='block_1_79' title="bbox 432 5559 1765 5628">
    <p class='ocr_par' dir='ltr' id='par_1_79' title="bbox 432 5559 1765 5628">
     <span class='ocr_line' id='line_1_80' title="bbox 432 5559 1765 5628; baseline 0.001 -19"><span class='ocrx_word' id='word_1_511' title='bbox 432 5560 526 5611; x_wconf 82' lang='lat' dir='ltr'><strong>siti</strong></span> <span class='ocrx_word' id='word_1_512' title='bbox 558 5562 900 5614; x_wconf 89' lang='lat' dir='ltr'><strong>traherentur</strong></span> <span class='ocrx_word' id='word_1_513' title='bbox 934 5569 987 5613; x_wconf 73' lang='grc' dir='ltr'><strong>ιιι</strong></span> <span class='ocrx_word' id='word_1_514' title='bbox 1019 5569 1360 5628; x_wconf 86' lang='lat' dir='ltr'><strong>raptarentur</strong></span> <span class='ocrx_word' id='word_1_515' title='bbox 1395 5559 1447 5611; x_wconf 91' lang='lat' dir='ltr'><strong>in</strong></span> <span class='ocrx_word' id='word_1_516' title='bbox 1479 5573 1765 5628; x_wconf 78' lang='lat' dir='ltr'><strong>carcerem.</strong></span> 
     </span>
    </p>
   </div>
   <div class='ocr_carea' id='block_1_80' title="bbox 510 5627 1989 5698">
    <p class='ocr_par' dir='ltr' id='par_1_80' title="bbox 510 5627 1989 5698">
     <span class='ocr_line' id='line_1_81' title="bbox 510 5627 1989 5698; baseline 0.001 -16"><span class='ocrx_word' id='word_1_517' title='bbox 510 5630 619 5697; x_wconf 88' lang='lat' dir='ltr'><strong>(l9)</strong></span> <span class='ocrx_word' id='word_1_518' title='bbox 671 5630 796 5682; x_wconf 80' lang='grc' dir='ltr'><strong>Ἐπὶ</strong></span> <span class='ocrx_word' id='word_1_519' title='bbox 822 5629 928 5683; x_wconf 84' lang='grc' dir='ltr'>τοῦ</span> <span class='ocrx_word' id='word_1_520' title='bbox 954 5627 1146 5694; x_wconf 76' lang='grc' dir='ltr'>ξύλου</span> <span class='ocrx_word' id='word_1_521' title='bbox 1181 5630 1455 5698; x_wconf 73' lang='grc' dir='ltr'>κείμενοι.</span> <span class='ocrx_word' id='word_1_522' title='bbox 1505 5627 1742 5682; x_wconf 86' lang='lat' dir='ltr'><strong>Pessime</strong></span> <span class='ocrx_word' id='word_1_523' title='bbox 1774 5627 1989 5697; x_wconf 78' lang='lat' dir='ltr'><strong>Langus</strong></span> 
     </span>
    </p>
   </div>
   <div class='ocr_carea' id='block_1_81' title="bbox 438 5697 1989 5763">
    <p class='ocr_par' dir='ltr' id='par_1_81' title="bbox 438 5697 1989 5763">
     <span class='ocr_line' id='line_1_82' title="bbox 438 5697 1989 5763; baseline 0.001 -12"><span class='ocrx_word' id='word_1_524' title='bbox 438 5707 702 5752; x_wconf 78' lang='lat' dir='ltr'><strong>ratastam</strong></span> <span class='ocrx_word' id='word_1_525' title='bbox 750 5701 934 5755; x_wconf 78' lang='lat' dir='ltr'><strong>vertit.</strong></span> <span class='ocrx_word' id='word_1_526' title='bbox 973 5700 1069 5753; x_wconf 86' lang='lat' dir='ltr'><strong>llic</strong></span> <span class='ocrx_word' id='word_1_527' title='bbox 1097 5700 1240 5753; x_wconf 90' lang='lat' dir='ltr'><strong>enim</strong></span> <span class='ocrx_word' id='word_1_528' title='bbox 1271 5697 1335 5751; x_wconf 83' lang='grc' dir='ltr'>τὸ</span> <span class='ocrx_word' id='word_1_529' title='bbox 1365 5697 1517 5763; x_wconf 83' lang='grc' dir='ltr'>ξύλον</span> <span class='ocrx_word' id='word_1_530' title='bbox 1558 5700 1713 5752; x_wconf 87' lang='lat' dir='ltr'><strong>aliter</strong></span> <span class='ocrx_word' id='word_1_531' title='bbox 1754 5700 1989 5753; x_wconf 87' lang='lat' dir='ltr'><strong>sumitur</strong></span> 
     </span>
    </p>
   </div>
   <div class='ocr_carea' id='block_1_82' title="bbox 440 5768 1983 5839">
    <p class='ocr_par' dir='ltr' id='par_1_82' title="bbox 440 5768 1983 5839">
     <span class='ocr_line' id='line_1_83' title="bbox 440 5768 1983 5839; baseline 0.001 -19"><span class='ocrx_word' id='word_1_532' title='bbox 440 5783 504 5820; x_wconf 85' lang='lat' dir='ltr'><strong>ac</strong></span> <span class='ocrx_word' id='word_1_533' title='bbox 532 5784 713 5839; x_wconf 69' lang='lat' dir='ltr'><strong>supra.</strong></span> <span class='ocrx_word' id='word_1_534' title='bbox 742 5768 877 5823; x_wconf 85' lang='lat' dir='ltr'><strong>Nam</strong></span> <span class='ocrx_word' id='word_1_535' title='bbox 910 5786 1074 5839; x_wconf 80' lang='lat' dir='ltr'><strong>supra</strong></span> <span class='ocrx_word' id='word_1_536' title='bbox 1119 5771 1334 5839; x_wconf 85' lang='lat' dir='ltr'><strong>quidem</strong></span> <span class='ocrx_word' id='word_1_537' title='bbox 1365 5769 1582 5838; x_wconf 87' lang='lat' dir='ltr'><strong>punitur</strong></span> <span class='ocrx_word' id='word_1_538' title='bbox 1606 5783 1701 5837; x_wconf 87' lang='lat' dir='ltr'><strong>pro</strong></span> <span class='ocrx_word' id='word_1_539' title='bbox 1735 5770 1983 5836; x_wconf 62' lang='lat' dir='ltr'><strong>uinuleo.</strong></span> 
     </span>
    </p>
   </div>
   <div class='ocr_carea' id='block_1_83' title="bbox 443 5837 1988 5914">
    <p class='ocr_par' dir='ltr' id='par_1_83' title="bbox 443 5837 1988 5914">
     <span class='ocr_line' id='line_1_84' title="bbox 443 5837 1988 5914; baseline -0.001 -20"><span class='ocrx_word' id='word_1_540' title='bbox 443 5847 503 5894; x_wconf 75' lang='lat' dir='ltr'><strong>ut</strong></span> <span class='ocrx_word' id='word_1_541' title='bbox 532 5837 610 5893; x_wconf 13' lang='lat' dir='ltr'><strong>exi</strong></span> <span class='ocrx_word' id='word_1_542' title='bbox 631 5837 824 5894; x_wconf 77' lang='lat' dir='ltr'><strong>Ruﬁno</strong></span> <span class='ocrx_word' id='word_1_543' title='bbox 858 5837 1183 5895; x_wconf 79' lang='lat' dir='ltr'><strong>monuimus.</strong></span> <span class='ocrx_word' id='word_1_544' title='bbox 1225 5839 1319 5895; x_wconf 89' lang='lat' dir='ltr'><strong>llic</strong></span> <span class='ocrx_word' id='word_1_545' title='bbox 1350 5837 1475 5898; x_wconf 73' lang='lat' dir='ltr'><strong>vero</strong></span> <span class='ocrx_word' id='word_1_546' title='bbox 1510 5854 1606 5914; x_wconf 80' lang='lat' dir='ltr'><strong>pro</strong></span> <span class='ocrx_word' id='word_1_547' title='bbox 1643 5854 1807 5893; x_wconf 76' lang='lat' dir='ltr'><strong>tlrtvo</strong></span> <span class='ocrx_word' id='word_1_548' title='bbox 1838 5840 1988 5908; x_wconf 82' lang='lat' dir='ltr'><strong>poni-</strong></span> 
     </span>
    </p>
   </div>
   <div class='ocr_carea' id='block_1_84' title="bbox 2106 1952 3684 2031">
    <p class='ocr_par' dir='ltr' id='par_1_84' title="bbox 2106 1952 3684 2031">
     <span class='ocr_line' id='line_1_85' title="bbox 2106 1952 3684 2031; baseline -0.006 -18"><span class='ocrx_word' id='word_1_549' title='bbox 2106 1959 2361 2031; x_wconf 80' lang='grc' dir='ltr'>δευτέραν</span> <span class='ocrx_word' id='word_1_550' title='bbox 2390 1960 2618 2031; x_wconf 83' lang='grc' dir='ltr'>βάσανον</span> <span class='ocrx_word' id='word_1_551' title='bbox 2644 1959 2753 2030; x_wconf 79' lang='grc'><strong>(18)</strong></span> <span class='ocrx_word' id='word_1_552' title='bbox 2781 1958 2876 2012; x_wconf 73' lang='grc' dir='ltr'><strong>ἐπὶ</strong></span> <span class='ocrx_word' id='word_1_553' title='bbox 2900 1960 3021 2020; x_wconf 85' lang='grc' dir='ltr'>ταῖς</span> <span class='ocrx_word' id='word_1_554' title='bbox 3045 1955 3279 2026; x_wconf 77' lang='grc' dir='ltr'>πληγαῖς</span> <span class='ocrx_word' id='word_1_555' title='bbox 3306 1952 3418 2007; x_wconf 85' lang='grc' dir='ltr'><strong>τῶν</strong></span> <span class='ocrx_word' id='word_1_556' title='bbox 3445 1952 3684 2006; x_wconf 77' lang='grc' dir='ltr'>ὑπεναν-</span> 
     </span>
    </p>
   </div>
   <div class='ocr_carea' id='block_1_85' title="bbox 2105 2052 2625 2123">
    <p class='ocr_par' dir='ltr' id='par_1_85' title="bbox 2105 2052 2625 2123">
     <span class='ocr_line' id='line_1_86' title="bbox 2105 2052 2625 2123; baseline -0.004 -18"><span class='ocrx_word' id='word_1_557' title='bbox 2105 2052 2238 2105; x_wconf 88' lang='grc' dir='ltr'>τίων</span> <span class='ocrx_word' id='word_1_558' title='bbox 2271 2053 2625 2123; x_wconf 83' lang='grc' dir='ltr'>ὲφευρόντων.</span> 
     </span>
    </p>
   </div>
   <div class='ocr_carea' id='block_1_86' title="bbox 2176 2331 3673 2408">
    <p class='ocr_par' dir='ltr' id='par_1_86' title="bbox 2176 2331 3673 2408">
     <span class='ocr_line' id='line_1_87' title="bbox 2176 2331 3673 2408; baseline -0.004 -17"><span class='ocrx_word' id='word_1_559' title='bbox 2176 2332 2353 2391; x_wconf 82' lang='grc' dir='ltr'>Ἦσαν</span> <span class='ocrx_word' id='word_1_560' title='bbox 2385 2336 2441 2391; x_wconf 84' lang='grc' dir='ltr'>δὲ</span> <span class='ocrx_word' id='word_1_561' title='bbox 2464 2336 2514 2391; x_wconf 89' lang='grc' dir='ltr'><strong>οί</strong></span> <span class='ocrx_word' id='word_1_562' title='bbox 2554 2337 2649 2392; x_wconf 75' lang='grc' dir='ltr'>καὶ</span> <span class='ocrx_word' id='word_1_563' title='bbox 2684 2336 2819 2408; x_wconf 82' lang='grc' dir='ltr'>μετὰ</span> <span class='ocrx_word' id='word_1_564' title='bbox 2850 2337 2974 2401; x_wconf 75' lang='grc' dir='ltr'>τοὺς</span> <span class='ocrx_word' id='word_1_565' title='bbox 3004 2336 3295 2408; x_wconf 70' lang='grc' dir='ltr'>αἰκισμοὺς</span> <span class='ocrx_word' id='word_1_566' title='bbox 3338 2334 3429 2389; x_wconf 69' lang='grc' dir='ltr'><strong>ἐπὶ</strong></span> <span class='ocrx_word' id='word_1_567' title='bbox 3452 2332 3546 2388; x_wconf 70' lang='grc' dir='ltr'>τοῦ</span> <span class='ocrx_word' id='word_1_568' title='bbox 3575 2331 3673 2398; x_wconf 77' lang='grc' dir='ltr'><strong>ξύ-</strong></span> 
     </span>
    </p>
   </div>
   <div class='ocr_carea' id='block_1_87' title="bbox 2105 2418 3667 2500">
    <p class='ocr_par' dir='ltr' id='par_1_87' title="bbox 2105 2418 3667 2500">
     <span class='ocr_line' id='line_1_88' title="bbox 2105 2418 3667 2500; baseline -0.002 -18"><span class='ocrx_word' id='word_1_569' title='bbox 2105 2429 2197 2482; x_wconf 87' lang='grc' dir='ltr'><strong>λου</strong></span> <span class='ocrx_word' id='word_1_570' title='bbox 2228 2430 2467 2500; x_wconf 84' lang='grc' dir='ltr'>κείμενοι</span> <span class='ocrx_word' id='word_1_571' title='bbox 2500 2429 2611 2500; x_wconf 79' lang='grc'><strong>(19)</strong></span> <span class='ocrx_word' id='word_1_572' title='bbox 2645 2418 2732 2483; x_wconf 74' lang='grc' dir='ltr'><strong>διὰ</strong></span> <span class='ocrx_word' id='word_1_573' title='bbox 2770 2429 2877 2482; x_wconf 84' lang='grc' dir='ltr'><strong>τῶν</strong></span> <span class='ocrx_word' id='word_1_574' title='bbox 2909 2428 3189 2499; x_wconf 76' lang='grc' dir='ltr'>τεσσάρων</span> <span class='ocrx_word' id='word_1_575' title='bbox 3232 2425 3380 2480; x_wconf 81' lang='grc' dir='ltr'>ὀπῶν</span> <span class='ocrx_word' id='word_1_576' title='bbox 3415 2426 3667 2479; x_wconf 80' lang='grc' dir='ltr'>διατεταο</span> 
     </span>
    </p>
   </div>
   <div class='ocr_carea' id='block_1_88' title="bbox 2111 2516 3681 2590">
    <p class='ocr_par' dir='ltr' id='par_1_88' title="bbox 2111 2516 3681 2590">
     <span class='ocr_line' id='line_1_89' title="bbox 2111 2516 3681 2590; baseline -0.003 -18"><span class='ocrx_word' id='word_1_577' title='bbox 2111 2519 2257 2590; x_wconf 87' lang='grc' dir='ltr'>μένοι</span> <span class='ocrx_word' id='word_1_578' title='bbox 2289 2518 2455 2590; x_wconf 77' lang='grc' dir='ltr'>ἄμφω</span> <span class='ocrx_word' id='word_1_579' title='bbox 2490 2518 2568 2570; x_wconf 87' lang='grc' dir='ltr'>τὼ</span> <span class='ocrx_word' id='word_1_580' title='bbox 2598 2518 2748 2580; x_wconf 83' lang='grc' dir='ltr'>πόδε,</span> <span class='ocrx_word' id='word_1_581' title='bbox 2778 2518 2852 2582; x_wconf 80' lang='grc' dir='ltr'>ὡς</span> <span class='ocrx_word' id='word_1_582' title='bbox 2885 2519 2978 2572; x_wconf 77' lang='grc' dir='ltr'>καὶ</span> <span class='ocrx_word' id='word_1_583' title='bbox 3022 2519 3140 2571; x_wconf 80' lang='grc' dir='ltr'>κατ’</span> <span class='ocrx_word' id='word_1_584' title='bbox 3183 2518 3432 2587; x_wconf 85' lang='grc' dir='ltr'>ἀνάγκην</span> <span class='ocrx_word' id='word_1_585' title='bbox 3477 2516 3681 2578; x_wconf 65' lang='grc' dir='ltr'>αὐτοὺς</span> 
     </span>
    </p>
   </div>
   <div class='ocr_carea' id='block_1_89' title="bbox 2109 2605 3680 2681">
    <p class='ocr_par' dir='ltr' id='par_1_89' title="bbox 2109 2605 3680 2681">
     <span class='ocr_line' id='line_1_90' title="bbox 2109 2605 3680 2681; baseline -0.001 -19"><span class='ocrx_word' id='word_1_586' title='bbox 2109 2610 2201 2662; x_wconf 68' lang='grc' dir='ltr'><strong>ἐπὶ</strong></span> <span class='ocrx_word' id='word_1_587' title='bbox 2227 2609 2319 2663; x_wconf 78' lang='grc' dir='ltr'><strong>τοῦ</strong></span> <span class='ocrx_word' id='word_1_588' title='bbox 2338 2609 2493 2676; x_wconf 82' lang='grc' dir='ltr'>ξύλου</span> <span class='ocrx_word' id='word_1_589' title='bbox 2511 2609 2733 2673; x_wconf 80' lang='grc' dir='ltr'>ὑπτίους</span> <span class='ocrx_word' id='word_1_590' title='bbox 2747 2605 2906 2674; x_wconf 76' lang='grc' dir='ltr'>εἶναι,</span> <span class='ocrx_word' id='word_1_591' title='bbox 2928 2609 3002 2681; x_wconf 82' lang='grc' dir='ltr'>μὴ</span> <span class='ocrx_word' id='word_1_592' title='bbox 3018 2609 3348 2680; x_wconf 81' lang='grc' dir='ltr'>δυναμένους</span> <span class='ocrx_word' id='word_1_593' title='bbox 3364 2609 3499 2678; x_wconf 75' lang='grc'><strong>(19⁸)</strong></span> <span class='ocrx_word' id='word_1_594' title='bbox 3511 2608 3601 2662; x_wconf 78' lang='grc' dir='ltr'><strong>διὰ</strong></span> <span class='ocrx_word' id='word_1_595' title='bbox 3616 2609 3680 2660; x_wconf 70' lang='grc' dir='ltr'>τὸ</span> 
     </span>
    </p>
   </div>
   <div class='ocr_carea' id='block_1_90' title="bbox 2107 2699 3678 2773">
    <p class='ocr_par' dir='ltr' id='par_1_90' title="bbox 2107 2699 3678 2773">
     <span class='ocr_line' id='line_1_91' title="bbox 2107 2699 3678 2773; baseline -0.001 -18"><span class='ocrx_word' id='word_1_596' title='bbox 2107 2701 2303 2755; x_wconf 77' lang='grc' dir='ltr'>ἔναυλα</span> <span class='ocrx_word' id='word_1_597' title='bbox 2328 2700 2395 2753; x_wconf 87' lang='grc' dir='ltr'><strong>τά</strong></span> <span class='ocrx_word' id='word_1_598' title='bbox 2421 2701 2709 2773; x_wconf 86' lang='grc' dir='ltr'>τραύματα</span> <span class='ocrx_word' id='word_1_599' title='bbox 2741 2702 2847 2755; x_wconf 82' lang='grc' dir='ltr'>άπὸ</span> <span class='ocrx_word' id='word_1_600' title='bbox 2876 2702 2983 2755; x_wconf 81' lang='grc' dir='ltr'>τῶν</span> <span class='ocrx_word' id='word_1_601' title='bbox 3014 2701 3237 2773; x_wconf 82' lang='grc' dir='ltr'>πληγῶν</span> <span class='ocrx_word' id='word_1_602' title='bbox 3267 2701 3391 2755; x_wconf 84' lang='grc' dir='ltr'>καθ’</span> <span class='ocrx_word' id='word_1_603' title='bbox 3426 2701 3549 2754; x_wconf 82' lang='grc' dir='ltr'>ὅλου</span> <span class='ocrx_word' id='word_1_604' title='bbox 3582 2699 3678 2753; x_wconf 75' lang='grc' dir='ltr'><strong>τοῦ</strong></span> 
     </span>
    </p>
   </div>
   <div class='ocr_carea' id='block_1_91' title="bbox 2109 2791 3682 2864">
    <p class='ocr_par' dir='ltr' id='par_1_91' title="bbox 2109 2791 3682 2864">
     <span class='ocr_line' id='line_1_92' title="bbox 2109 2791 3682 2864; baseline -0.001 -18"><span class='ocrx_word' id='word_1_605' title='bbox 2109 2792 2356 2864; x_wconf 85' lang='grc' dir='ltr'>σώματος</span> <span class='ocrx_word' id='word_1_606' title='bbox 2371 2792 2534 2863; x_wconf 78' lang='grc' dir='ltr'>ἔχειν’</span> <span class='ocrx_word' id='word_1_607' title='bbox 2554 2792 2730 2863; x_wconf 72' lang='grc' dir='ltr'>ἕτεροι</span> <span class='ocrx_word' id='word_1_608' title='bbox 2746 2793 2802 2847; x_wconf 86' lang='grc' dir='ltr'>δὲ</span> <span class='ocrx_word' id='word_1_609' title='bbox 2822 2795 2900 2856; x_wconf 87' lang='grc' dir='ltr'><strong>είς</strong></span> <span class='ocrx_word' id='word_1_610' title='bbox 2911 2792 3170 2861; x_wconf 72' lang='grc' dir='ltr'>τοῦδαφος</span> <span class='ocrx_word' id='word_1_611' title='bbox 3188 2792 3457 2862; x_wconf 74' lang='grc' dir='ltr'>ῥιφέντες,</span> <span class='ocrx_word' id='word_1_612' title='bbox 3470 2791 3682 2845; x_wconf 78' lang='grc' dir='ltr'>ἔκειντο</span> 
     </span>
    </p>
   </div>
   <div class='ocr_carea' id='block_1_92' title="bbox 2107 2881 3680 2954">
    <p class='ocr_par' dir='ltr' id='par_1_92' title="bbox 2107 2881 3680 2954">
     <span class='ocr_line' id='line_1_93' title="bbox 2107 2881 3680 2954; baseline -0.003 -17"><span class='ocrx_word' id='word_1_613' title='bbox 2107 2884 2209 2937; x_wconf 81' lang='grc' dir='ltr'><strong>ὑπὸ</strong></span> <span class='ocrx_word' id='word_1_614' title='bbox 2240 2882 2342 2953; x_wconf 82' lang='grc' dir='ltr'>τῆς</span> <span class='ocrx_word' id='word_1_615' title='bbox 2364 2883 2471 2937; x_wconf 81' lang='grc' dir='ltr'><strong>τῶν</strong></span> <span class='ocrx_word' id='word_1_616' title='bbox 2498 2882 2743 2953; x_wconf 83' lang='grc' dir='ltr'>βασάνων</span> <span class='ocrx_word' id='word_1_617' title='bbox 2774 2882 2975 2954; x_wconf 86' lang='grc' dir='ltr'>ἀθρόας</span> <span class='ocrx_word' id='word_1_618' title='bbox 3000 2882 3303 2953; x_wconf 75' lang='grc' dir='ltr'>προσϐολῆς</span> <span class='ocrx_word' id='word_1_619' title='bbox 3322 2899 3340 2913; x_wconf 87' lang='grc'><strong>·</strong></span> <span class='ocrx_word' id='word_1_620' title='bbox 3368 2881 3680 2952; x_wconf 83' lang='grc' dir='ltr'>δεινοτέραν</span> 
     </span>
    </p>
   </div>
   <div class='ocr_carea' id='block_1_93' title="bbox 2105 2975 3679 3047">
    <p class='ocr_par' dir='ltr' id='par_1_93' title="bbox 2105 2975 3679 3047">
     <span class='ocr_line' id='line_1_94' title="bbox 2105 2975 3679 3047; baseline -0.001 -18"><span class='ocrx_word' id='word_1_621' title='bbox 2105 2976 2201 3047; x_wconf 84' lang='grc' dir='ltr'>τὴν</span> <span class='ocrx_word' id='word_1_622' title='bbox 2224 2975 2344 3045; x_wconf 69' lang='grc' dir='ltr'>ὄψιν</span> <span class='ocrx_word' id='word_1_623' title='bbox 2372 2976 2471 3045; x_wconf 81' lang='grc' dir='ltr'>τῆς</span> <span class='ocrx_word' id='word_1_624' title='bbox 2500 2975 2779 3046; x_wconf 77' lang='grc' dir='ltr'>ἐνεργείας</span> <span class='ocrx_word' id='word_1_625' title='bbox 2811 2978 2924 3039; x_wconf 84' lang='grc' dir='ltr'>τοῖς</span> <span class='ocrx_word' id='word_1_626' title='bbox 2948 2977 3115 3047; x_wconf 78' lang='grc' dir='ltr'>ὁρῶσι</span> <span class='ocrx_word' id='word_1_627' title='bbox 3147 2975 3497 3045; x_wconf 80' lang='grc' dir='ltr'>παρέχοντες,</span> <span class='ocrx_word' id='word_1_628' title='bbox 3553 2991 3679 3028; x_wconf 79' lang='grc' dir='ltr'>ποι-</span> 
     </span>
    </p>
   </div>
   <div class='ocr_carea' id='block_1_94' title="bbox 2107 3065 3679 3139">
    <p class='ocr_par' dir='ltr' id='par_1_94' title="bbox 2107 3065 3679 3139">
     <span class='ocr_line' id='line_1_95' title="bbox 2107 3065 3679 3139; baseline -0.003 -17"><span class='ocrx_word' id='word_1_629' title='bbox 2107 3068 2259 3133; x_wconf 87' lang='grc' dir='ltr'>κίλας</span> <span class='ocrx_word' id='word_1_630' title='bbox 2287 3068 2379 3122; x_wconf 79' lang='grc' dir='ltr'>καὶ</span> <span class='ocrx_word' id='word_1_631' title='bbox 2424 3067 2713 3139; x_wconf 85' lang='grc' dir='ltr'>διαφόρους</span> <span class='ocrx_word' id='word_1_632' title='bbox 2761 3071 2818 3122; x_wconf 80' lang='grc' dir='ltr'>ἐν</span> <span class='ocrx_word' id='word_1_633' title='bbox 2854 3070 2965 3132; x_wconf 84' lang='grc' dir='ltr'>τοῖς</span> <span class='ocrx_word' id='word_1_634' title='bbox 3001 3067 3215 3138; x_wconf 80' lang='grc' dir='ltr'>σώμασι</span> <span class='ocrx_word' id='word_1_635' title='bbox 3260 3066 3517 3139; x_wconf 80' lang='grc' dir='ltr'>φέροντες</span> <span class='ocrx_word' id='word_1_636' title='bbox 3566 3065 3679 3118; x_wconf 82' lang='grc' dir='ltr'><strong>τῶν</strong></span> 
     </span>
    </p>
   </div>
   <div class='ocr_carea' id='block_1_95' title="bbox 2109 3157 3675 3230">
    <p class='ocr_par' dir='ltr' id='par_1_95' title="bbox 2109 3157 3675 3230">
     <span class='ocr_line' id='line_1_96' title="bbox 2109 3157 3675 3230; baseline -0.002 -18"><span class='ocrx_word' id='word_1_637' title='bbox 2109 3158 2353 3230; x_wconf 84' lang='grc' dir='ltr'>βασάνων</span> <span class='ocrx_word' id='word_1_638' title='bbox 2397 3158 2498 3223; x_wconf 84' lang='grc' dir='ltr'><strong>τάς</strong></span> <span class='ocrx_word' id='word_1_639' title='bbox 2531 3160 2789 3225; x_wconf 73' lang='grc' dir='ltr'>ἐπινοίας.</span> <span class='ocrx_word' id='word_1_640' title='bbox 2846 3160 3061 3212; x_wconf 88' lang='grc' dir='ltr'>Τούτων</span> <span class='ocrx_word' id='word_1_641' title='bbox 3102 3157 3274 3222; x_wconf 70' lang='grc' dir='ltr'>οὕτως</span> <span class='ocrx_word' id='word_1_642' title='bbox 3335 3158 3591 3227; x_wconf 78' lang='grc' dir='ltr'>ἑχόντων,</span> <span class='ocrx_word' id='word_1_643' title='bbox 3623 3163 3675 3210; x_wconf 81' lang='lat' dir='ltr'><strong>ot</strong></span> 
     </span>
    </p>
   </div>
   <div class='ocr_carea' id='block_1_96' title="bbox 2111 3250 3673 3323">
    <p class='ocr_par' dir='ltr' id='par_1_96' title="bbox 2111 3250 3673 3323">
     <span class='ocr_line' id='line_1_97' title="bbox 2111 3250 3673 3323; baseline -0.003 -18"><span class='ocrx_word' id='word_1_644' title='bbox 2111 3252 2206 3323; x_wconf 84' lang='grc' dir='ltr'>μὲν</span> <span class='ocrx_word' id='word_1_645' title='bbox 2225 3250 2634 3322; x_wconf 63' lang='grc' dir='ltr'>ἐναπέθνησκον</span> <span class='ocrx_word' id='word_1_646' title='bbox 2664 3255 2781 3316; x_wconf 84' lang='grc' dir='ltr'>ταῖς</span> <span class='ocrx_word' id='word_1_647' title='bbox 2809 3251 3081 3323; x_wconf 85' lang='grc' dir='ltr'>βασάνοις,</span> <span class='ocrx_word' id='word_1_648' title='bbox 3104 3253 3170 3322; x_wconf 81' lang='grc' dir='ltr'><strong>τῇ</strong></span> <span class='ocrx_word' id='word_1_649' title='bbox 3192 3251 3459 3323; x_wconf 76' lang='grc' dir='ltr'>καρτερίᾳ</span> <span class='ocrx_word' id='word_1_650' title='bbox 3483 3267 3673 3304; x_wconf 83' lang='grc' dir='ltr'>καται-</span> 
     </span>
    </p>
   </div>
   <div class='ocr_carea' id='block_1_97' title="bbox 2108 3342 3677 3414">
    <p class='ocr_par' dir='ltr' id='par_1_97' title="bbox 2108 3342 3677 3414">
     <span class='ocr_line' id='line_1_98' title="bbox 2108 3342 3677 3414; baseline 0 -18"><span class='ocrx_word' id='word_1_651' title='bbox 2108 3344 2397 3413; x_wconf 79' lang='grc' dir='ltr'>σχύναντες</span> <span class='ocrx_word' id='word_1_652' title='bbox 2425 3343 2516 3399; x_wconf 79' lang='grc' dir='ltr'>τὸν</span> <span class='ocrx_word' id='word_1_653' title='bbox 2546 3344 2869 3398; x_wconf 67' lang='grc' dir='ltr'>ἀντίπαλον*</span> <span class='ocrx_word' id='word_1_654' title='bbox 2900 3346 2950 3398; x_wconf 75' lang='lat' dir='ltr'><strong>oi</strong></span> <span class='ocrx_word' id='word_1_655' title='bbox 2980 3344 3037 3397; x_wconf 75' lang='grc' dir='ltr'>δὲ</span> <span class='ocrx_word' id='word_1_656' title='bbox 3075 3342 3368 3414; x_wconf 79' lang='grc' dir='ltr'>ἡμιθνῆτες</span> <span class='ocrx_word' id='word_1_657' title='bbox 3398 3344 3458 3397; x_wconf 84' lang='grc' dir='ltr'>ὲν</span> <span class='ocrx_word' id='word_1_658' title='bbox 3483 3343 3563 3413; x_wconf 81' lang='grc' dir='ltr'><strong>τῷ</strong></span> <span class='ocrx_word' id='word_1_659' title='bbox 3586 3342 3677 3396; x_wconf 83' lang='grc' dir='ltr'>δε-</span> 
     </span>
    </p>
   </div>
   <div class='ocr_carea' id='block_1_98' title="bbox 2108 3434 3680 3508">
    <p class='ocr_par' dir='ltr' id='par_1_98' title="bbox 2108 3434 3680 3508">
     <span class='ocr_line' id='line_1_99' title="bbox 2108 3434 3680 3508; baseline 0 -20"><span class='ocrx_word' id='word_1_660' title='bbox 2108 3435 2404 3508; x_wconf 85' lang='grc' dir='ltr'>σμωτηρίῳ</span> <span class='ocrx_word' id='word_1_661' title='bbox 2450 3436 2885 3507; x_wconf 75' lang='grc' dir='ltr'>συγκλειόμενοι,</span> <span class='ocrx_word' id='word_1_662' title='bbox 2936 3436 3052 3507; x_wconf 85' lang='grc' dir='ltr'>μετ’</span> <span class='ocrx_word' id='word_1_663' title='bbox 3100 3435 3163 3489; x_wconf 81' lang='grc' dir='ltr'>οὐ</span> <span class='ocrx_word' id='word_1_664' title='bbox 3216 3434 3417 3498; x_wconf 83' lang='grc' dir='ltr'>πολλὰς</span> <span class='ocrx_word' id='word_1_665' title='bbox 3461 3434 3680 3505; x_wconf 79' lang='grc' dir='ltr'>ἡμέρας</span> 
     </span>
    </p>
   </div>
   <div class='ocr_carea' id='block_1_99' title="bbox 2104 3526 3680 3599">
    <p class='ocr_par' dir='ltr' id='par_1_99' title="bbox 2104 3526 3680 3599">
     <span class='ocr_line' id='line_1_100' title="bbox 2104 3526 3680 3599; baseline -0.001 -20"><span class='ocrx_word' id='word_1_666' title='bbox 2104 3528 2225 3590; x_wconf 79' lang='grc' dir='ltr'>ταῖς</span> <span class='ocrx_word' id='word_1_667' title='bbox 2255 3526 2511 3599; x_wconf 82' lang='grc' dir='ltr'>ἀλγηδόσι</span> <span class='ocrx_word' id='word_1_668' title='bbox 2544 3527 2888 3598; x_wconf 84' lang='grc' dir='ltr'>συνεχόμενοι</span> <span class='ocrx_word' id='word_1_669' title='bbox 2923 3526 3280 3580; x_wconf 75' lang='grc' dir='ltr'>ὲτελειοῦντοο</span> <span class='ocrx_word' id='word_1_670' title='bbox 3317 3527 3369 3580; x_wconf 87' lang='grc' dir='ltr'>οἱ</span> <span class='ocrx_word' id='word_1_671' title='bbox 3400 3526 3460 3580; x_wconf 80' lang='grc' dir='ltr'>δὲ</span> <span class='ocrx_word' id='word_1_672' title='bbox 3497 3527 3680 3579; x_wconf 63' lang='grc' dir='ltr'>λοιποὶ</span> 
     </span>
    </p>
   </div>
   <div class='ocr_carea' id='block_1_100' title="bbox 2104 3617 3678 3691">
    <p class='ocr_par' dir='ltr' id='par_1_100' title="bbox 2104 3617 3678 3691">
     <span class='ocr_line' id='line_1_101' title="bbox 2104 3617 3678 3691; baseline 0.001 -22"><span class='ocrx_word' id='word_1_673' title='bbox 2104 3617 2201 3687; x_wconf 80' lang='grc' dir='ltr'>τῆς</span> <span class='ocrx_word' id='word_1_674' title='bbox 2249 3617 2358 3670; x_wconf 84' lang='grc' dir='ltr'><strong>ἀπὸ</strong></span> <span class='ocrx_word' id='word_1_675' title='bbox 2395 3618 2495 3688; x_wconf 80' lang='grc' dir='ltr'>τῆς</span> <span class='ocrx_word' id='word_1_676' title='bbox 2542 3617 2834 3691; x_wconf 83' lang='grc' dir='ltr'>θεραπείας</span> <span class='ocrx_word' id='word_1_677' title='bbox 2882 3619 3227 3690; x_wconf 85' lang='grc' dir='ltr'>άνακτήσεως</span> <span class='ocrx_word' id='word_1_678' title='bbox 3275 3618 3550 3689; x_wconf 83' lang='grc' dir='ltr'>τυχόντες,</span> <span class='ocrx_word' id='word_1_679' title='bbox 3598 3618 3678 3689; x_wconf 81' lang='grc' dir='ltr'><strong>τῷ</strong></span> 
     </span>
    </p>
   </div>
   <div class='ocr_carea' id='block_1_101' title="bbox 2106 3708 3678 3782">
    <p class='ocr_par' dir='ltr' id='par_1_101' title="bbox 2106 3708 3678 3782">
     <span class='ocr_line' id='line_1_102' title="bbox 2106 3708 3678 3782; baseline 0.002 -22"><span class='ocrx_word' id='word_1_680' title='bbox 2106 3708 2279 3779; x_wconf 85' lang='grc' dir='ltr'>χρόνῳ</span> <span class='ocrx_word' id='word_1_681' title='bbox 2307 3710 2401 3764; x_wconf 77' lang='grc' dir='ltr'>καὶ</span> <span class='ocrx_word' id='word_1_682' title='bbox 2425 3712 2489 3781; x_wconf 82' lang='grc' dir='ltr'>τῇ</span> <span class='ocrx_word' id='word_1_683' title='bbox 2523 3711 2622 3781; x_wconf 84' lang='grc' dir='ltr'>τῆς</span> <span class='ocrx_word' id='word_1_684' title='bbox 2650 3710 2899 3780; x_wconf 82' lang='grc' dir='ltr'>φυλακῆς</span> <span class='ocrx_word' id='word_1_685' title='bbox 2925 3710 3198 3781; x_wconf 73' lang='grc' dir='ltr'>διατριϐῇ,</span> <span class='ocrx_word' id='word_1_686' title='bbox 3237 3708 3678 3782; x_wconf 74' lang='grc' dir='ltr'>θαρσαλεώτεροι</span> 
     </span>
    </p>
   </div>
   <div class='ocr_carea' id='block_1_102' title="bbox 2107 3802 3679 3875">
    <p class='ocr_par' dir='ltr' id='par_1_102' title="bbox 2107 3802 3679 3875">
     <span class='ocr_line' id='line_1_103' title="bbox 2107 3802 3679 3875; baseline -0.002 -18"><span class='ocrx_word' id='word_1_687' title='bbox 2107 3804 2396 3872; x_wconf 74' lang='grc' dir='ltr'>ἐγίγνοντο.</span> <span class='ocrx_word' id='word_1_688' title='bbox 2422 3803 2577 3857; x_wconf 75' lang='grc' dir='ltr'>Οὕτω</span> <span class='ocrx_word' id='word_1_689' title='bbox 2609 3802 2739 3870; x_wconf 82' lang='grc' dir='ltr'>γοῦν</span> <span class='ocrx_word' id='word_1_690' title='bbox 2772 3802 2934 3875; x_wconf 76' lang='grc' dir='ltr'>ἡνίκα</span> <span class='ocrx_word' id='word_1_691' title='bbox 2957 3802 3376 3874; x_wconf 83' lang='grc' dir='ltr'>προσετέτακτο,</span> <span class='ocrx_word' id='word_1_692' title='bbox 3407 3802 3679 3874; x_wconf 63' lang='grc' dir='ltr'>αἱρέσεοκ</span> 
     </span>
    </p>
   </div>
   <div class='ocr_carea' id='block_1_103' title="bbox 2106 3892 3674 3966">
    <p class='ocr_par' dir='ltr' id='par_1_103' title="bbox 2106 3892 3674 3966">
     <span class='ocr_line' id='line_1_104' title="bbox 2106 3892 3674 3966; baseline -0.003 -18"><span class='ocrx_word' id='word_1_693' title='bbox 2106 3895 2358 3966; x_wconf 81' lang='grc' dir='ltr'>κειμένης</span> <span class='ocrx_word' id='word_1_694' title='bbox 2377 3895 2408 3966; x_wconf 81' lang='grc' dir='ltr'>ἢ</span> <span class='ocrx_word' id='word_1_695' title='bbox 2433 3895 2778 3966; x_wconf 70' lang='grc' dir='ltr'>ἐφαψάμενον</span> <span class='ocrx_word' id='word_1_696' title='bbox 2803 3895 2902 3966; x_wconf 80' lang='grc' dir='ltr'>τῆς</span> <span class='ocrx_word' id='word_1_697' title='bbox 2916 3892 3143 3963; x_wconf 75' lang='grc' dir='ltr'>ἐναγοῦς</span> <span class='ocrx_word' id='word_1_698' title='bbox 3175 3893 3364 3957; x_wconf 87' lang='grc' dir='ltr'>Θυσίας</span> <span class='ocrx_word' id='word_1_699' title='bbox 3379 3893 3674 3964; x_wconf 60' lang='lat' dir='ltr'><strong>amem-</strong></span> 
     </span>
    </p>
   </div>
   <div class='ocr_carea' id='block_1_104' title="bbox 2104 3983 3674 4058">
    <p class='ocr_par' dir='ltr' id='par_1_104' title="bbox 2104 3983 3674 4058">
     <span class='ocr_line' id='line_1_105' title="bbox 2104 3983 3674 4058; baseline -0.001 -19"><span class='ocrx_word' id='word_1_700' title='bbox 2104 4003 2195 4039; x_wconf 86' lang='grc' dir='ltr'><strong>τον</strong></span> <span class='ocrx_word' id='word_1_701' title='bbox 2215 3983 2372 4051; x_wconf 83' lang='grc' dir='ltr'>εἶναι,</span> <span class='ocrx_word' id='word_1_702' title='bbox 2411 3987 2507 4058; x_wconf 80' lang='grc' dir='ltr'>τῆς</span> <span class='ocrx_word' id='word_1_703' title='bbox 2540 3987 2814 4058; x_wconf 80' lang='grc' dir='ltr'>ὲπαράτου</span> <span class='ocrx_word' id='word_1_704' title='bbox 2840 3985 3149 4057; x_wconf 82' lang='grc' dir='ltr'>ἐλευθερίας</span> <span class='ocrx_word' id='word_1_705' title='bbox 3179 3984 3290 4056; x_wconf 73' lang='grc'><strong>(20)</strong></span> <span class='ocrx_word' id='word_1_706' title='bbox 3338 3985 3467 4055; x_wconf 76' lang='grc' dir='ltr'>παρ’</span> <span class='ocrx_word' id='word_1_707' title='bbox 3492 3984 3674 4038; x_wconf 78' lang='grc' dir='ltr'>αὐτῶν</span> 
     </span>
    </p>
   </div>
   <div class='ocr_carea' id='block_1_105' title="bbox 2105 4076 3671 4152">
    <p class='ocr_par' dir='ltr' id='par_1_105' title="bbox 2105 4076 3671 4152">
     <span class='ocr_line' id='line_1_106' title="bbox 2105 4076 3671 4152; baseline -0.003 -19"><span class='ocrx_word' id='word_1_708' title='bbox 2105 4080 2334 4150; x_wconf 84' lang='grc' dir='ltr'>τυχόντα</span> <span class='ocrx_word' id='word_1_709' title='bbox 2351 4096 2364 4110; x_wconf 73' lang='grc'>⁸</span> <span class='ocrx_word' id='word_1_710' title='bbox 2393 4080 2426 4152; x_wconf 83' lang='grc' dir='ltr'>ἤ</span> <span class='ocrx_word' id='word_1_711' title='bbox 2461 4079 2534 4151; x_wconf 83' lang='grc' dir='ltr'>μὴ</span> <span class='ocrx_word' id='word_1_712' title='bbox 2557 4078 2772 4144; x_wconf 84' lang='grc' dir='ltr'>θύοντα,</span> <span class='ocrx_word' id='word_1_713' title='bbox 2805 4079 2902 4148; x_wconf 82' lang='grc' dir='ltr'>τὴν</span> <span class='ocrx_word' id='word_1_714' title='bbox 2932 4078 3022 4132; x_wconf 74' lang='grc' dir='ltr'>ἐπὶ</span> <span class='ocrx_word' id='word_1_715' title='bbox 3038 4077 3250 4148; x_wconf 82' lang='grc' dir='ltr'>θανάτῳ</span> <span class='ocrx_word' id='word_1_716' title='bbox 3276 4077 3432 4147; x_wconf 87' lang='grc' dir='ltr'>δίκην</span> <span class='ocrx_word' id='word_1_717' title='bbox 3453 4076 3671 4147; x_wconf 69' lang='grc' dir='ltr'>ὲκδέχευ</span> 
     </span>
    </p>
   </div>
   <div class='ocr_carea' id='block_1_106' title="bbox 2103 4231 3668 4303">
    <p class='ocr_par' dir='ltr' id='par_1_106' title="bbox 2103 4231 3668 4303">
     <span class='ocr_line' id='line_1_107' title="bbox 2103 4231 3668 4303; baseline -0.003 -12"><span class='ocrx_word' id='word_1_718' title='bbox 2103 4245 2212 4302; x_wconf 90' lang='lat' dir='ltr'><strong>tur,</strong></span> <span class='ocrx_word' id='word_1_719' title='bbox 2246 4236 2296 4291; x_wconf 91' lang='lat' dir='ltr'><strong>id</strong></span> <span class='ocrx_word' id='word_1_720' title='bbox 2324 4245 2406 4291; x_wconf 87' lang='lat' dir='ltr'><strong>est</strong></span> <span class='ocrx_word' id='word_1_721' title='bbox 2437 4234 2791 4303; x_wconf 83' lang='lat' dir='ltr'><strong>compedibus</strong></span> <span class='ocrx_word' id='word_1_722' title='bbox 2811 4233 3023 4301; x_wconf 74' lang='lat' dir='ltr'><strong>ligneis.</strong></span> <span class='ocrx_word' id='word_1_723' title='bbox 3056 4231 3233 4287; x_wconf 87' lang='lat' dir='ltr'><strong>Latini</strong></span> <span class='ocrx_word' id='word_1_724' title='bbox 3264 4233 3425 4286; x_wconf 87' lang='lat' dir='ltr'><strong>etiam</strong></span> <span class='ocrx_word' id='word_1_725' title='bbox 3460 4232 3668 4301; x_wconf 84' lang='lat' dir='ltr'><strong>lignum</strong></span> 
     </span>
    </p>
   </div>
   <div class='ocr_carea' id='block_1_107' title="bbox 2103 4303 3671 4372">
    <p class='ocr_par' dir='ltr' id='par_1_107' title="bbox 2103 4303 3671 4372">
     <span class='ocr_line' id='line_1_108' title="bbox 2103 4303 3671 4372; baseline -0.003 -11"><span class='ocrx_word' id='word_1_726' title='bbox 2103 4322 2169 4362; x_wconf 90' lang='lat' dir='ltr'><strong>eo</strong></span> <span class='ocrx_word' id='word_1_727' title='bbox 2198 4322 2361 4361; x_wconf 91' lang='lat' dir='ltr'><strong>sensu</strong></span> <span class='ocrx_word' id='word_1_728' title='bbox 2389 4307 2661 4359; x_wconf 76' lang='lat' dir='ltr'><strong>dixerunt.</strong></span> <span class='ocrx_word' id='word_1_729' title='bbox 2698 4303 2772 4358; x_wconf 86' lang='lat' dir='ltr'><strong>De</strong></span> <span class='ocrx_word' id='word_1_730' title='bbox 2800 4305 2885 4357; x_wconf 92' lang='lat' dir='ltr'><strong>his</strong></span> <span class='ocrx_word' id='word_1_731' title='bbox 2909 4304 3260 4372; x_wconf 86' lang='lat' dir='ltr'><strong>compedibus</strong></span> <span class='ocrx_word' id='word_1_732' title='bbox 3285 4303 3671 4372; x_wconf 60' lang='lat' dir='ltr'><strong>iritelligendus</strong></span> 
     </span>
    </p>
   </div>
   <div class='ocr_carea' id='block_1_108' title="bbox 2103 4364 3671 4443">
    <p class='ocr_par' dir='ltr' id='par_1_108' title="bbox 2103 4364 3671 4443">
     <span class='ocr_line' id='line_1_109' title="bbox 2103 4364 3671 4443; baseline -0.004 -13"><span class='ocrx_word' id='word_1_733' title='bbox 2103 4386 2185 4431; x_wconf 83' lang='lat' dir='ltr'><strong>est</strong></span> <span class='ocrx_word' id='word_1_734' title='bbox 2214 4378 2365 4430; x_wconf 93' lang='lat' dir='ltr'><strong>locus</strong></span> <span class='ocrx_word' id='word_1_735' title='bbox 2394 4376 2445 4428; x_wconf 91' lang='lat' dir='ltr'><strong>in</strong></span> <span class='ocrx_word' id='word_1_736' title='bbox 2472 4377 2618 4429; x_wconf 75' lang='lat' dir='ltr'><strong>Actis</strong></span> <span class='ocrx_word' id='word_1_737' title='bbox 2650 4384 2943 4443; x_wconf 83' lang='lat' dir='ltr'><strong>martyrum</strong></span> <span class='ocrx_word' id='word_1_738' title='bbox 2972 4364 3200 4427; x_wconf 68' lang='lat' dir='ltr'><strong>Tarae-lii</strong></span> <span class='ocrx_word' id='word_1_739' title='bbox 3225 4412 3239 4433; x_wconf 88' lang='lat'><strong>.</strong></span> <span class='ocrx_word' id='word_1_740' title='bbox 3292 4364 3535 4443; x_wconf 31' lang='lat' dir='ltr'><strong>Probiiet</strong></span> <span class='ocrx_word' id='word_1_741' title='bbox 3561 4374 3671 4425; x_wconf 75' lang='lat' dir='ltr'><strong>An-</strong></span> 
     </span>
    </p>
   </div>
   <div class='ocr_carea' id='block_1_109' title="bbox 2103 4442 3672 4509">
    <p class='ocr_par' dir='ltr' id='par_1_109' title="bbox 2103 4442 3672 4509">
     <span class='ocr_line' id='line_1_110' title="bbox 2103 4442 3672 4509; baseline -0.001 -10"><span class='ocrx_word' id='word_1_742' title='bbox 2103 4448 2305 4499; x_wconf 84' lang='lat' dir='ltr'><strong>dronici</strong></span> <span class='ocrx_word' id='word_1_743' title='bbox 2333 4463 2351 4501; x_wconf 91' lang='lat'><strong><em>:</em></strong></span> <span class='ocrx_word' id='word_1_744' title='bbox 2379 4444 2511 4501; x_wconf 87' lang='lat' dir='ltr'><strong>Cum</strong></span> <span class='ocrx_word' id='word_1_745' title='bbox 2536 4442 2833 4499; x_wconf 75' lang='lat' dir='ltr'><strong>verberatus</strong></span> <span class='ocrx_word' id='word_1_746' title='bbox 2867 4453 3021 4509; x_wconf 76' lang='lat' dir='ltr'><strong>esset,</strong></span> <span class='ocrx_word' id='word_1_747' title='bbox 3048 4459 3241 4509; x_wconf 67' lang='lat' dir='ltr'><strong>prorae:</strong></span> <span class='ocrx_word' id='word_1_748' title='bbox 3265 4443 3404 4496; x_wconf 73' lang='lat' dir='ltr'><strong>dixit</strong></span> <span class='ocrx_word' id='word_1_749' title='bbox 3432 4462 3445 4496; x_wconf 92' lang='lat'><strong>:</strong></span> <span class='ocrx_word' id='word_1_750' title='bbox 3470 4442 3672 4497; x_wconf 68' lang='lat' dir='ltr'><strong>Mittite</strong></span> 
     </span>
    </p>
   </div>
   <div class='ocr_carea' id='block_1_110' title="bbox 2105 4514 3669 4586">
    <p class='ocr_par' dir='ltr' id='par_1_110' title="bbox 2105 4514 3669 4586">
     <span class='ocr_line' id='line_1_111' title="bbox 2105 4514 3669 4586; baseline -0.001 -17"><span class='ocrx_word' id='word_1_751' title='bbox 2105 4518 2186 4571; x_wconf 81' lang='lat' dir='ltr'><strong>illi</strong></span> <span class='ocrx_word' id='word_1_752' title='bbox 2213 4518 2411 4586; x_wconf 77' lang='lat' dir='ltr'><strong>ferrum</strong></span> <span class='ocrx_word' id='word_1_753' title='bbox 2435 4531 2526 4584; x_wconf 87' lang='lat' dir='ltr'><strong>per</strong></span> <span class='ocrx_word' id='word_1_754' title='bbox 2549 4525 2777 4585; x_wconf 82' lang='lat' dir='ltr'><strong>quatuor</strong></span> <span class='ocrx_word' id='word_1_755' title='bbox 2802 4514 2920 4568; x_wconf 80' lang='lat' dir='ltr'><strong>lora</strong></span> <span class='ocrx_word' id='word_1_756' title='bbox 2954 4529 3249 4586; x_wconf 51' lang='lat' dir='ltr'><strong>negaram,</strong></span> <span class='ocrx_word' id='word_1_757' title='bbox 3270 4523 3325 4586; x_wconf 78' lang='lat' dir='ltr'><strong>et</strong></span> <span class='ocrx_word' id='word_1_758' title='bbox 3345 4514 3669 4586; x_wconf 65' lang='lat' dir='ltr'><strong>dimittente:</strong></span> 
     </span>
    </p>
   </div>
   <div class='ocr_carea' id='block_1_111' title="bbox 2107 4582 3670 4657">
    <p class='ocr_par' dir='ltr' id='par_1_111' title="bbox 2107 4582 3670 4657">
     <span class='ocr_line' id='line_1_112' title="bbox 2107 4582 3670 4657; baseline -0.001 -19"><span class='ocrx_word' id='word_1_759' title='bbox 2107 4582 2337 4657; x_wconf 65' lang='lat' dir='ltr'><strong>aliquam</strong></span> <span class='ocrx_word' id='word_1_760' title='bbox 2399 4582 2662 4657; x_wconf 52' lang='lat' dir='ltr'><strong>{armari</strong></span> <span class='ocrx_word' id='word_1_761' title='bbox 2699 4601 2972 4657; x_wconf 76' lang='lat' dir='ltr'><strong>apponere.</strong></span> <span class='ocrx_word' id='word_1_762' title='bbox 3032 4583 3099 4657; x_wconf 82' lang='lat' dir='ltr'><strong>Et</strong></span> <span class='ocrx_word' id='word_1_763' title='bbox 3142 4582 3196 4636; x_wconf 90' lang='lat' dir='ltr'><strong>in</strong></span> <span class='ocrx_word' id='word_1_764' title='bbox 3244 4582 3670 4657; x_wconf 24' lang='lat' dir='ltr'><strong>Actis‘lfttciasi</strong></span> 
     </span>
    </p>
   </div>
   <div class='ocr_carea' id='block_1_112' title="bbox 2106 4652 3666 4737">
    <p class='ocr_par' dir='ltr' id='par_1_112' title="bbox 2106 4652 3666 4737">
     <span class='ocr_line' id='line_1_113' title="bbox 2106 4652 3666 4737; baseline -0.001 -29"><span class='ocrx_word' id='word_1_765' title='bbox 2106 4652 2375 4737; x_wconf 54' lang='lat' dir='ltr'><strong>martyris.</strong></span> <span class='ocrx_word' id='word_1_766' title='bbox 2407 4653 2665 4737; x_wconf 65' lang='lat' dir='ltr'><strong>Syncsius</strong></span> <span class='ocrx_word' id='word_1_767' title='bbox 2697 4657 2750 4736; x_wconf 61' lang='lat' dir='ltr'><strong>in</strong></span> <span class='ocrx_word' id='word_1_768' title='bbox 2768 4652 3019 4737; x_wconf 75' lang='lat' dir='ltr'><strong>oratione</strong></span> <span class='ocrx_word' id='word_1_769' title='bbox 3045 4653 3112 4737; x_wconf 61' lang='lat' dir='ltr'><strong>de</strong></span> <span class='ocrx_word' id='word_1_770' title='bbox 3141 4669 3334 4737; x_wconf 64' lang='lat' dir='ltr'><strong>regno:</strong></span> <span class='ocrx_word' id='word_1_771' title='bbox 3369 4652 3505 4735; x_wconf 56' lang='lat' dir='ltr'><strong>’Ajtl‘</strong></span> <span class='ocrx_word' id='word_1_772' title='bbox 3537 4655 3666 4737; x_wconf 55' lang='grc' dir='ltr'>οξγε</span> 
     </span>
    </p>
   </div>
   <div class='ocr_carea' id='block_1_113' title="bbox 2109 4722 3670 4797">
    <p class='ocr_par' dir='ltr' id='par_1_113' title="bbox 2109 4722 3670 4797">
     <span class='ocr_line' id='line_1_114' title="bbox 2109 4722 3670 4797; baseline 0 -19"><span class='ocrx_word' id='word_1_773' title='bbox 2109 4722 2308 4796; x_wconf 73' lang='grc' dir='ltr'>μᾶλλον</span> <span class='ocrx_word' id='word_1_774' title='bbox 2325 4722 2621 4797; x_wconf 59' lang='grc' dir='ltr'>κινήσεται</span> <span class='ocrx_word' id='word_1_775' title='bbox 2639 4724 2767 4797; x_wconf 41' lang='grc' dir='ltr'>’τῶν</span> <span class='ocrx_word' id='word_1_776' title='bbox 2809 4726 2872 4797; x_wconf 81' lang='grc' dir='ltr'>ἐν</span> <span class='ocrx_word' id='word_1_777' title='bbox 2903 4727 2970 4795; x_wconf 82' lang='grc' dir='ltr'>τῇ</span> <span class='ocrx_word' id='word_1_778' title='bbox 2998 4722 3323 4797; x_wconf 18' lang='grc' dir='ltr'>Λποδοκάὶιῃ,</span> <span class='ocrx_word' id='word_1_779' title='bbox 3367 4723 3447 4793; x_wconf 84' lang='grc' dir='ltr'>τῷ</span> <span class='ocrx_word' id='word_1_780' title='bbox 3478 4722 3670 4793; x_wconf 74' lang='grc' dir='ltr'>φαυλο-</span> 
     </span>
    </p>
   </div>
   <div class='ocr_carea' id='block_1_114' title="bbox 2105 4792 3663 4865">
    <p class='ocr_par' dir='ltr' id='par_1_114' title="bbox 2105 4792 3663 4865">
     <span class='ocr_line' id='line_1_115' title="bbox 2105 4792 3663 4865; baseline 0.001 -17"><span class='ocrx_word' id='word_1_781' title='bbox 2105 4792 2250 4865; x_wconf 79' lang='grc' dir='ltr'>τάτῳ</span> <span class='ocrx_word' id='word_1_782' title='bbox 2277 4795 2386 4847; x_wconf 82' lang='grc' dir='ltr'>τῶν</span> <span class='ocrx_word' id='word_1_783' title='bbox 2413 4792 2605 4859; x_wconf 84' lang='grc' dir='ltr'>ξύλων.</span> <span class='ocrx_word' id='word_1_784' title='bbox 2639 4793 2810 4848; x_wconf 85' lang='lat' dir='ltr'><strong>Porro</strong></span> <span class='ocrx_word' id='word_1_785' title='bbox 2832 4792 2972 4865; x_wconf 84' lang='lat' dir='ltr'><strong>sicut</strong></span> <span class='ocrx_word' id='word_1_786' title='bbox 2995 4795 3049 4847; x_wconf 92' lang='lat' dir='ltr'><strong>in</strong></span> <span class='ocrx_word' id='word_1_787' title='bbox 3078 4792 3663 4865; x_wconf 26' lang='lat' dir='ltr'><strong>baePliileze’epistola</strong></span> 
     </span>
    </p>
   </div>
   <div class='ocr_carea' id='block_1_115' title="bbox 2106 4863 3664 4934">
    <p class='ocr_par' dir='ltr' id='par_1_115' title="bbox 2106 4863 3664 4934">
     <span class='ocr_line' id='line_1_116' title="bbox 2106 4863 3664 4934; baseline 0.001 -16"><span class='ocrx_word' id='word_1_788' title='bbox 2106 4863 2261 4932; x_wconf 73' lang='grc' dir='ltr'>ξύλον</span> <span class='ocrx_word' id='word_1_789' title='bbox 2279 4865 2436 4919; x_wconf 90' lang='lat' dir='ltr'><strong>modo</strong></span> <span class='ocrx_word' id='word_1_790' title='bbox 2452 4881 2549 4933; x_wconf 89' lang='lat' dir='ltr'><strong>pro</strong></span> <span class='ocrx_word' id='word_1_791' title='bbox 2563 4865 2793 4934; x_wconf 89' lang='lat' dir='ltr'><strong>equuleo</strong></span> <span class='ocrx_word' id='word_1_792' title='bbox 2804 4864 3058 4928; x_wconf 88' lang='lat' dir='ltr'><strong>sumitur,</strong></span> <span class='ocrx_word' id='word_1_793' title='bbox 3080 4863 3243 4934; x_wconf 88' lang='lat' dir='ltr'><strong>modo</strong></span> <span class='ocrx_word' id='word_1_794' title='bbox 3257 4879 3358 4933; x_wconf 88' lang='lat' dir='ltr'><strong>pro</strong></span> <span class='ocrx_word' id='word_1_795' title='bbox 3369 4881 3571 4921; x_wconf 80' lang='lat' dir='ltr'><strong>nervo:</strong></span> <span class='ocrx_word' id='word_1_796' title='bbox 3593 4867 3664 4920; x_wconf 83' lang='lat' dir='ltr'><strong>ita</strong></span> 
     </span>
    </p>
   </div>
   <div class='ocr_carea' id='block_1_116' title="bbox 2106 4933 3664 5004">
    <p class='ocr_par' dir='ltr' id='par_1_116' title="bbox 2106 4933 3664 5004">
     <span class='ocr_line' id='line_1_117' title="bbox 2106 4933 3664 5004; baseline 0.001 -15"><span class='ocrx_word' id='word_1_797' title='bbox 2106 4936 2159 4989; x_wconf 90' lang='lat' dir='ltr'><strong>in</strong></span> <span class='ocrx_word' id='word_1_798' title='bbox 2187 4936 2329 4989; x_wconf 79' lang='lat' dir='ltr'><strong>Actis</strong></span> <span class='ocrx_word' id='word_1_799' title='bbox 2359 4934 2615 5004; x_wconf 78' lang='lat' dir='ltr'><strong>Theodori</strong></span> <span class='ocrx_word' id='word_1_800' title='bbox 2643 4936 2893 5003; x_wconf 76' lang='lat' dir='ltr'><strong>martyris</strong></span> <span class='ocrx_word' id='word_1_801' title='bbox 2928 4950 3047 5004; x_wconf 64' lang='lat' dir='ltr'><strong>quae</strong></span> <span class='ocrx_word' id='word_1_802' title='bbox 3090 4933 3359 4989; x_wconf 85' lang='lat' dir='ltr'><strong>habentur</strong></span> <span class='ocrx_word' id='word_1_803' title='bbox 3380 4934 3525 5003; x_wconf 82' lang='lat' dir='ltr'><strong>apud</strong></span> <span class='ocrx_word' id='word_1_804' title='bbox 3557 4935 3664 4990; x_wconf 84' lang='lat' dir='ltr'><strong>Su-</strong></span> 
     </span>
    </p>
   </div>
   <div class='ocr_carea' id='block_1_117' title="bbox 2104 5003 3665 5087">
    <p class='ocr_par' dir='ltr' id='par_1_117' title="bbox 2104 5003 3665 5087">
     <span class='ocr_line' id='line_1_118' title="bbox 2104 5003 3665 5087; baseline 0.001 -28"><span class='ocrx_word' id='word_1_805' title='bbox 2104 5006 2247 5087; x_wconf 77' lang='lat' dir='ltr'><strong>rium</strong></span> <span class='ocrx_word' id='word_1_806' title='bbox 2277 5005 2364 5060; x_wconf 92' lang='lat' dir='ltr'><strong>die</strong></span> <span class='ocrx_word' id='word_1_807' title='bbox 2404 5005 2437 5059; x_wconf 90' lang='lat'><strong>9</strong></span> <span class='ocrx_word' id='word_1_808' title='bbox 2462 5003 2798 5068; x_wconf 85' lang='lat' dir='ltr'><strong>Novembris,</strong></span> <span class='ocrx_word' id='word_1_809' title='bbox 2843 5003 3050 5074; x_wconf 83' lang='lat' dir='ltr'><strong>lignum</strong></span> <span class='ocrx_word' id='word_1_810' title='bbox 3092 5004 3294 5074; x_wconf 89' lang='lat' dir='ltr'><strong>duplici</strong></span> <span class='ocrx_word' id='word_1_811' title='bbox 3327 5010 3491 5060; x_wconf 81' lang='lat' dir='ltr'><strong>modo</strong></span> <span class='ocrx_word' id='word_1_812' title='bbox 3521 5007 3665 5061; x_wconf 84' lang='lat' dir='ltr'><strong>acci-</strong></span> 
     </span>
    </p>
   </div>
   <div class='ocr_carea' id='block_1_118' title="bbox 2126 5086 2268 5129">
    <p class='ocr_par' dir='ltr' id='par_1_118' title="bbox 2126 5086 2268 5129">
     <span class='ocr_line' id='line_1_119' title="bbox 2126 5086 2268 5129; baseline 0.007 -2"><span class='ocrx_word' id='word_1_813' title='bbox 2126 5086 2268 5129; x_wconf 77' lang='lat' dir='ltr'><strong>llllll‘.</strong></span> 
     </span>
    </p>
   </div>
   <div class='ocr_carea' id='block_1_119' title="bbox 2103 5091 3662 5217">
    <p class='ocr_par' dir='ltr' id='par_1_119' title="bbox 2103 5091 3662 5217">
     <span class='ocr_line' id='line_1_120' title="bbox 2103 5091 3662 5217; baseline 0.002 -18"><span class='ocrx_word' id='word_1_814' title='bbox 2103 5091 2322 5217; x_wconf 41' lang='lat'><strong>{&quot;831</strong></span> <span class='ocrx_word' id='word_1_815' title='bbox 2371 5142 2533 5200; x_wconf 84' lang='lat' dir='ltr'><strong>Deest</strong></span> <span class='ocrx_word' id='word_1_816' title='bbox 2585 5143 2912 5216; x_wconf 83' lang='grc' dir='ltr'>έστηκέναι,</span> <span class='ocrx_word' id='word_1_817' title='bbox 2974 5143 3118 5213; x_wconf 90' lang='lat' dir='ltr'><strong>quod</strong></span> <span class='ocrx_word' id='word_1_818' title='bbox 3180 5145 3309 5210; x_wconf 69' lang='lat' dir='ltr'><strong>legit</strong></span> <span class='ocrx_word' id='word_1_819' title='bbox 3370 5146 3662 5217; x_wconf 82' lang='lat' dir='ltr'><strong>interpres.</strong></span> 
     </span>
    </p>
   </div>
   <div class='ocr_carea' id='block_1_120' title="bbox 2103 5213 2539 5271">
    <p class='ocr_par' dir='ltr' id='par_1_120' title="bbox 2103 5213 2539 5271">
     <span class='ocr_line' id='line_1_121' title="bbox 2103 5213 2539 5271; baseline -0.002 -2"><span class='ocrx_word' id='word_1_820' title='bbox 2103 5213 2264 5271; x_wconf 75' lang='lat' dir='ltr'><strong>Eutr.</strong></span> <span class='ocrx_word' id='word_1_821' title='bbox 2296 5213 2539 5269; x_wconf 73' lang='grc' dir='ltr'>ῬΑτιιοι..</span> 
     </span>
    </p>
   </div>
   <div class='ocr_carea' id='block_1_121' title="bbox 2171 5304 3661 5378">
    <p class='ocr_par' dir='ltr' id='par_1_121' title="bbox 2171 5304 3661 5378">
     <span class='ocr_line' id='line_1_122' title="bbox 2171 5304 3661 5378; baseline 0.001 -17"><span class='ocrx_word' id='word_1_822' title='bbox 2171 5307 2283 5378; x_wconf 67' lang='grc'><strong>(20)</strong></span> <span class='ocrx_word' id='word_1_823' title='bbox 2319 5305 2438 5375; x_wconf 76' lang='grc' dir='ltr'><strong>Τῆς</strong></span> <span class='ocrx_word' id='word_1_824' title='bbox 2467 5304 2761 5378; x_wconf 71' lang='grc' dir='ltr'>ἐπαράτου</span> <span class='ocrx_word' id='word_1_825' title='bbox 2774 5306 3133 5378; x_wconf 75' lang='grc' dir='ltr'>ἐλευθερίας.</span> <span class='ocrx_word' id='word_1_826' title='bbox 3159 5305 3483 5378; x_wconf 82' lang='lat' dir='ltr'><strong>Libertatem</strong></span> <span class='ocrx_word' id='word_1_827' title='bbox 3502 5321 3661 5362; x_wconf 76' lang='lat' dir='ltr'><strong>voca-</strong></span> 
     </span>
    </p>
   </div>
   <div class='ocr_carea' id='block_1_122' title="bbox 2099 5377 3661 5446">
    <p class='ocr_par' dir='ltr' id='par_1_122' title="bbox 2099 5377 3661 5446">
     <span class='ocr_line' id='line_1_123' title="bbox 2099 5377 3661 5446; baseline -0.001 -15"><span class='ocrx_word' id='word_1_828' title='bbox 2099 5377 2250 5443; x_wconf 86' lang='lat' dir='ltr'><strong>bant,</strong></span> <span class='ocrx_word' id='word_1_829' title='bbox 2265 5394 2386 5432; x_wconf 92' lang='lat' dir='ltr'><strong>cum</strong></span> <span class='ocrx_word' id='word_1_830' title='bbox 2403 5377 2525 5446; x_wconf 91' lang='lat' dir='ltr'><strong>quis</strong></span> <span class='ocrx_word' id='word_1_831' title='bbox 2538 5377 2770 5446; x_wconf 77' lang='lat' dir='ltr'><strong>vinculis</strong></span> <span class='ocrx_word' id='word_1_832' title='bbox 2797 5377 3114 5441; x_wconf 89' lang='lat' dir='ltr'><strong>solveretur,</strong></span> <span class='ocrx_word' id='word_1_833' title='bbox 3130 5384 3182 5431; x_wconf 87' lang='lat' dir='ltr'><strong>et</strong></span> <span class='ocrx_word' id='word_1_834' title='bbox 3200 5377 3364 5431; x_wconf 88' lang='lat' dir='ltr'><strong>libere</strong></span> <span class='ocrx_word' id='word_1_835' title='bbox 3379 5393 3489 5446; x_wconf 88' lang='lat' dir='ltr'><strong>quo</strong></span> <span class='ocrx_word' id='word_1_836' title='bbox 3505 5378 3661 5431; x_wconf 84' lang='lat' dir='ltr'><strong>vellet</strong></span> 
     </span>
    </p>
   </div>
   <div class='ocr_carea' id='block_1_123' title="bbox 2099 5444 3660 5516">
    <p class='ocr_par' dir='ltr' id='par_1_123' title="bbox 2099 5444 3660 5516">
     <span class='ocr_line' id='line_1_124' title="bbox 2099 5444 3660 5516; baseline 0 -15"><span class='ocrx_word' id='word_1_837' title='bbox 2099 5448 2249 5502; x_wconf 89' lang='lat' dir='ltr'><strong>abire</strong></span> <span class='ocrx_word' id='word_1_838' title='bbox 2276 5444 2564 5502; x_wconf 77' lang='lat' dir='ltr'><strong>sineretur.</strong></span> <span class='ocrx_word' id='word_1_839' title='bbox 2627 5444 2759 5511; x_wconf 64' lang='lat' dir='ltr'><strong>Qua:</strong></span> <span class='ocrx_word' id='word_1_840' title='bbox 2790 5462 2893 5500; x_wconf 78' lang='lat' dir='ltr'><strong>vox</strong></span> <span class='ocrx_word' id='word_1_841' title='bbox 2935 5462 3042 5500; x_wconf 92' lang='lat' dir='ltr'><strong>non</strong></span> <span class='ocrx_word' id='word_1_842' title='bbox 3085 5464 3209 5502; x_wconf 84' lang='lat' dir='ltr'><strong>raro</strong></span> <span class='ocrx_word' id='word_1_843' title='bbox 3242 5444 3481 5501; x_wconf 82' lang='lat' dir='ltr'><strong>occurrit</strong></span> <span class='ocrx_word' id='word_1_844' title='bbox 3518 5447 3660 5516; x_wconf 83' lang='lat' dir='ltr'><strong>apud</strong></span> 
     </span>
    </p>
   </div>
   <div class='ocr_carea' id='block_1_124' title="bbox 2098 5517 3658 5585">
    <p class='ocr_par' dir='ltr' id='par_1_124' title="bbox 2098 5517 3658 5585">
     <span class='ocr_line' id='line_1_125' title="bbox 2098 5517 3658 5585; baseline 0.001 -15"><span class='ocrx_word' id='word_1_845' title='bbox 2098 5517 2413 5580; x_wconf 81' lang='lat' dir='ltr'><strong>Eusebium,</strong></span> <span class='ocrx_word' id='word_1_846' title='bbox 2457 5533 2521 5569; x_wconf 91' lang='lat' dir='ltr'><strong>eo</strong></span> <span class='ocrx_word' id='word_1_847' title='bbox 2548 5532 2709 5571; x_wconf 90' lang='lat' dir='ltr'><strong>sensu</strong></span> <span class='ocrx_word' id='word_1_848' title='bbox 2753 5532 2914 5585; x_wconf 82' lang='lat' dir='ltr'><strong>quem</strong></span> <span class='ocrx_word' id='word_1_849' title='bbox 2942 5517 3073 5571; x_wconf 81' lang='lat' dir='ltr'><strong>dixi.</strong></span> <span class='ocrx_word' id='word_1_850' title='bbox 3104 5517 3193 5573; x_wconf 89' lang='lat' dir='ltr'><strong>Sic</strong></span> <span class='ocrx_word' id='word_1_851' title='bbox 3221 5519 3413 5572; x_wconf 85' lang='lat' dir='ltr'><strong>Arator</strong></span> <span class='ocrx_word' id='word_1_852' title='bbox 3440 5517 3495 5572; x_wconf 90' lang='lat' dir='ltr'><strong>in</strong></span> <span class='ocrx_word' id='word_1_853' title='bbox 3521 5518 3615 5573; x_wconf 86' lang='lat' dir='ltr'><strong>lib.</strong></span> <span class='ocrx_word' id='word_1_854' title='bbox 3638 5531 3658 5571; x_wconf 85' lang='grc' dir='ltr'><strong>ι</strong></span> 
     </span>
    </p>
   </div>
   <div class='ocr_carea' id='block_1_125' title="bbox 2095 5587 2697 5657">
    <p class='ocr_par' dir='ltr' id='par_1_125' title="bbox 2095 5587 2697 5657">
     <span class='ocr_line' id='line_1_126' title="bbox 2095 5587 2697 5657; baseline -0.003 -15"><span class='ocrx_word' id='word_1_855' title='bbox 2095 5590 2406 5657; x_wconf 78' lang='lat' dir='ltr'><strong>Apostolica:</strong></span> <span class='ocrx_word' id='word_1_856' title='bbox 2433 5587 2697 5641; x_wconf 70' lang='lat' dir='ltr'><strong>historias:</strong></span> 
     </span>
    </p>
   </div>
   <div class='ocr_carea' id='block_1_126' title="bbox 2554 5676 3138 5748">
    <p class='ocr_par' dir='ltr' id='par_1_126' title="bbox 2554 5676 3138 5748">
     <span class='ocr_line' id='line_1_127' title="bbox 2554 5676 3138 5748; baseline 0.003 -17"><span class='ocrx_word' id='word_1_857' title='bbox 2694 5676 2979 5731; x_wconf 86' lang='lat' dir='ltr'><strong>Danmatio</strong></span> <span class='ocrx_word' id='word_1_858' title='bbox 3004 5679 3138 5748; x_wconf 76' lang='lat' dir='ltr'><strong>justi</strong></span> 
     </span>
    </p>
   </div>
   <div class='ocr_carea' id='block_1_127' title="bbox 2310 5745 2970 5815">
    <p class='ocr_par' dir='ltr' id='par_1_127' title="bbox 2310 5745 2970 5815">
     <span class='ocr_line' id='line_1_128' title="bbox 2310 5745 2970 5815; baseline 0.003 -15"><span class='ocrx_word' id='word_1_859' title='bbox 2310 5745 2552 5800; x_wconf 70' lang='lat' dir='ltr'><strong>Libertas</strong></span> <span class='ocrx_word' id='word_1_860' title='bbox 2580 5757 2655 5801; x_wconf 75' lang='lat' dir='ltr'><strong>est</strong></span> <span class='ocrx_word' id='word_1_861' title='bbox 2684 5749 2824 5815; x_wconf 81' lang='lat' dir='ltr'><strong>facta</strong></span> <span class='ocrx_word' id='word_1_862' title='bbox 2850 5750 2970 5802; x_wconf 72' lang='lat' dir='ltr'><strong>reis.</strong></span> 
     </span>
    </p>
   </div>
   <div class='ocr_carea' id='block_1_128' title="bbox 2174 5836 3023 5893">
    <p class='ocr_par' dir='ltr' id='par_1_128' title="bbox 2174 5836 3023 5893">
     <span class='ocr_line' id='line_1_129' title="bbox 2174 5836 3023 5893; baseline -0.002 -1"><span class='ocrx_word' id='word_1_863' title='bbox 2174 5836 2228 5893; x_wconf 89' lang='lat' dir='ltr'><strong>ld</strong></span> <span class='ocrx_word' id='word_1_864' title='bbox 2256 5846 2335 5893; x_wconf 85' lang='lat' dir='ltr'><strong>est</strong></span> <span class='ocrx_word' id='word_1_865' title='bbox 2361 5836 2633 5892; x_wconf 88' lang='lat' dir='ltr'><strong>absolutio</strong></span> <span class='ocrx_word' id='word_1_866' title='bbox 2662 5846 2716 5892; x_wconf 92' lang='lat' dir='ltr'><strong>et</strong></span> <span class='ocrx_word' id='word_1_867' title='bbox 2744 5836 3023 5892; x_wconf 71' lang='lat' dir='ltr'><strong>relaxatio.</strong></span> 
     </span>
    </p>
   </div>
  </div>
