3982 6346
252 381 271 432 1
288 380 386 433 5'53

1149 374 1365 430 EPIST.
1406 370 1496 427 AD
1535 373 1885 429 MELETIUM
1926 369 2543 427 LYCOPOLYTANUM.

3334 365 3470 420 1566

250 494 402 546 σθαι’
447 492 595 544 οὐδὲν
632 492 1009 564 μελλήσαντες,
1044 493 1293 562 ἁσμένως
1338 494 1429 544 ἐπὶ
1456 493 1547 544 τὸν
1589 493 1808 546 θάνατον

1913 491 2063 554 ctati,
2093 490 2276 543 libenti
2308 488 2491 542 animo
2513 487 2579 540 ad
2610 494 2834 540 mortem
2861 493 3233 552 perrexerunt.
3256 483 3465 553 Quippe

248 581 503 652 ἐχώρουν.
555 583 787 650 ᾜδεσαν
828 582 935 653 γὰρ
982 583 1050 634 τὰ
1096 583 1199 634 ὑπὸ
1244 582 1349 634 τῶν
1381 582 1539 653 ἱερῶν
1581 583 1807 653 Γραφῶν

248 675 376 742 ἡμῖν
416 674 819 743 προορισθέντα.
877 675 941 728 '0
971 675 1078 745 γὰρ
1117 673 1425 737 θυσιάζων,
1473 675 1624 746 φησὶ,
1656 673 1815 734 θεοῖς

245 765 485 832 ἑτέροις,
512 765 1109 834 ἐξολοθρευθήσεται·
1145 769 1237 819 καὶ
1271 768 1373 830 ὅτι,
1411 767 1531 818 Οὐκ
1566 762 1804 818 ἔσονταί

248 870 348 906 σοι
383 853 504 907 θεοὶ
540 854 724 923 ἕτεροι
761 857 926 924 πλὴν
955 857 1099 925 ἐμοῦ
1129 856 1259 925 (‘21).

254 1073 368 1089 ~—

1909 582 2078 651 probe
2114 589 2328 645 norant,
2358 595 2479 648 qua:
2515 579 2568 633 in
2608 578 2780 634 sacris
2803 577 2993 631 litteris
3034 577 3186 632 nobis
3216 576 3465 644 ιιι-ωεστε-

1911 689 1996 743 pta
2023 683 2168 728 sunt.
2209 672 2313 737 Qui
2350 672 2494 726 enim
2533 671 2800 738 sacriﬁcat
2829 670 2930 722 diis
2967 668 3184 731 alienis,
3220 669 3293 722 ait
3317 666 3465 720 Scri-

1909 775 2064 833 ptura
2102 765 2142 829 ³,
2173 761 2631 817 exterminabitur.
2672 762 2738 816 Et
2779 762 2972 815 iterum
2997 761 3052 816 δε
3092 759 3211 812 Non
3254 758 3468 812 habebis

1909 857 2030 910 deos
2063 857 2260 908 alienos
2281 867 2471 924 praeter
2500 871 2598 909 me.

381 1061 3462 1086 MM

703 1233 1234 1322 EJUSDEM
1309 1231 1720 1321 SANCTI
1796 1229 2272 1318 PHILEIE
2347 1226 3033 1316 THMUITANI

838 1420 1174 1482 EPISTOLA
1223 1422 1312 1477 AD
1345 1421 1698 1478 MELETlUll-l
1738 1420 2312 1478 LYCOPOLITANUM
2347 1419 2728 1478 EPISCOPUM
2771 1419 2910 1492 (22).

1301 1747 1554 1794 ΙΝΙΤΠΞΜ
1603 1749 1913 1792 EPISTULA!
1954 1749 2411 1792 EPISCOPORUM.

345 1891 657 1955 Iiastcntcs,
709 1891 1038 1957 PACHOMIUS,
1090 1891 1431 1958 Tnaonoaus,
1471 1893 1724 1958 Penus,
1761 1893 2009 1949 Μειετιο
2040 1895 2236 1950 dilecto
2267 1902 2321 1948 et
2347 1892 2724 1947 comministro
2765 1893 2818 1946 in
2849 1892 3075 1946 Domino
3118 1892 3369 1947 salutem.

319 2045 561 2117 Simplici
611 2051 822 2103 ratione
869 2048 1073 2101 incerta
1115 2047 1276 2100 verba
1322 2047 1649 2102 mstimantes
1687 2063 1808 2117 quae
1838 2053 1880 2112 Β
1909 2063 2008 2103 nec
2051 2049 2252 2104 nostris
2292 2047 2842 2113 incarcerationibus,
2875 2055 2926 2100 et
2951 2046 3369 2112 tcntationibns,
3411 2049 3471 2101 ct

241 2139 314 2192 de
343 2148 393 2192 te
423 2138 812 2201 audiebantur,
848 2137 1172 2207 quibusdam
1210 2137 1274 2191 ad
1305 2153 1405 2192 nos
1447 2139 1807 2207 pervenienti-

242 2230 350 2282 lius
378 2229 662 2282 nuntiatur
696 2229 868 2282 aliena
895 2245 925 2281 a
953 2243 1103 2282 more
1137 2227 1320 2282 divino
1349 2239 1403 2282 et
1423 2229 1605 2297 regula
1637 2229 1808 2283 eccle-

243 2323 491 2386 siastica,
528 2337 648 2392 qua:
673 2338 702 2375 a
737 2330 787 2375 te
813 2333 1115 2386 conantur,
1153 2321 1260 2377 imo
1291 2323 1461 2392 magis
1488 2325 1656 2389 liunt,
1691 2339 1810 2392 qua:

243 2429 350 2468 nec
395 2413 620 2468 auribus
667 2415 943 2482 suscipere
977 2414 1266 2478 vellemus,
1314 2415 1720 2470 considerantes
1753 2416 1806 2468 in

245 2505 624 2574 magnitudine
679 2505 960 2558 audaciam
1010 2515 1062 2560 et
1109 2515 1335 2560 conatus
1384 2507 1638 2562 incertos.
1703 2506 1807 2562 Sed

242 2596 506 2666 quoniam
541 2596 594 2648 in
628 2594 914 2664 praesentia
959 2596 1300 2651 advenientes
1329 2597 1482 2651 multi
1526 2599 1609 2653 his
1649 2599 1806 2654 ﬁdem

245 2689 660 2756 imposuerunt,
709 2695 762 2740 et
804 2688 1097 2742 contestari
1147 2687 1284 2742 facta
1330 2706 1436 2743 non
1469 2690 1807 2756 dubitabant,

196 2852 198 2854 ν
247 2778 418 2833 nimis
439 2779 767 2832 admirantes
794 2779 1057 2848 compulsi
1089 2793 1276 2834 sumus
1316 2781 1412 2834 bas
1440 2781 1645 2836 litteras
1673 2797 1807 2836 con—

245 2873 411 2924 ticere
445 2870 512 2924 ad
543 2880 595 2926 te
626 2887 640 2924 :
673 2870 890 2938 qualem
936 2872 1098 2924 etiam
1142 2873 1559 2927 commotionem
1613 2874 1722 2943 (25)
1755 2885 1808 2930 et

242 2962 523 3016 tristitiam
556 2965 917 3016 communiter
943 2963 1216 3026 omnibus,
1255 2971 1308 3018 et
1342 2965 1648 3034 singillatim
1679 2966 1803 3020 uni-

242 3055 463 3124 cuique,
497 3055 720 3124 praebuit
745 3071 773 3109 a
820 3065 870 3109 te
904 3053 1042 3110 facta
1069 3056 1338 3110 ordinatio
1381 3057 1432 3110 in
1459 3058 1707 3127 pat‘mciis
1740 3059 1808 3112 ad

243 3158 299 3200 te
328 3147 549 3201 minime
596 3147 1008 3216 pertinentibus,
1040 3163 1139 3202 nec
1163 3148 1341 3202 dicere
1369 3149 1527 3202 etiam
1555 3151 1812 3218 prazvale-

244 3255 393 3294 mus.
454 3239 630 3294 Pauca
676 3250 851 3294 tamen
901 3249 950 3294 te
986 3249 1271 3309 arguentes
1317 3255 1422 3293 non
1452 3243 1806 3297 cessavimus.

247 3327 361 3382 Lex
393 3337 476 3381 est
504 3337 712 3396 patrum
741 3337 793 3381 et
822 3338 1156 3398 pr0patrum,
1193 3345 1352 3399 quam
1380 3346 1478 3384 nec
1517 3331 1628 3400 ipse
1651 3333 1806 3403 igno-

245 3434 360 3483 ras,
389 3420 678 3472 constituta
713 3421 1008 3473 secundum
1037 3421 1274 3473 divinum
1298 3430 1349 3476 et
1379 3400 1804 3478 ecclesiasticum
1833 3400 1876 3460 ε

245 3509 492 3563 ordinem
522 3527 536 3563 :
569 3526 693 3562 nam
721 3521 911 3564 cuncta
940 3527 1038 3580 pro
1062 3510 1155 3566 Dei
1182 3511 1379 3580 placito
1403 3522 1456 3566 et
1476 3513 1593 3568 zelo
1623 3514 1808 3568 melio-

246 3619 390 3656 rum.
450 3603 532 3656 Ab
570 3603 700 3672 ipsis
725 3613 808 3656 est
835 3603 1188 3657 constitutum
1215 3612 1268 3657 et
1297 3604 1460 3657 ﬁxum
1483 3645 1498 3668 ,
1533 3604 1585 3659 in
1615 3606 1808 3662 alienis

244 3695 501 3765 parteciis
545 3711 651 3749 non
707 3696 867 3749 licere
896 3694 1057 3749 alicui
1103 3695 1479 3764 episcoporum
1511 3697 1806 3750 ordinatio-

246 3806 346 3844 nes
375 3791 682 3851 celebrare;
732 3804 852 3858 qua:
899 3789 980 3844 lex
1025 3789 1160 3843 bene
1203 3791 1364 3844 nimis
1396 3806 1584 3858 magna
1607 3800 1720 3853 est,
1756 3801 1809 3846 et

247 3897 372 3934 cum
399 3881 660 3949 sapientia
692 3881 1004 3934 adinventa.
1040 3879 1307 3945 Quoniam
1340 3882 1572 3950 primum
1599 3891 1808 3950 oportet

246 3978 714 4031 conversationem
761 3982 814 4030 et
865 3976 1028 4028 vitam
1081 3991 1268 4029 eorum
1327 3976 1417 4045 qui
1465 3977 1803 4041 ordinantur,

247 4083 372 4122 cum
431 4082 622 4136 magna
668 4067 1086 4135 scrupulositate
1131 4069 1361 4120 scrutari
1415 4084 1428 4120 :
1475 4067 1702 4127 deinde,
1751 4078 1808 4122 ttt

248 4157 428 4212 omnis
451 4156 701 4211 confusio
739 4164 794 4212 et
825 4156 1149 4211 turbolentia
1178 4157 1485 4224 auferatur;
1533 4158 1622 4211 vix
1661 4159 1804 4212 enim

249 4249 622 4318 unusquisque
653 4248 946 4317 parmciam
979 4264 1161 4318 regere
1190 4250 1382 4317 poterit
1412 4265 1587 4313 suam,
1620 4258 1672 4303 et
1699 4266 1806 4302 tna-

248 4357 353 4412 gna
385 4341 726 4395 solicitudine
754 4339 1045 4409 multisque
1085 4341 1499 4409 cogitationibus
1529 4342 1806 4397 ministros

250 4432 517 4501 reperire,
549 4447 670 4486 cum
699 4431 896 4500 quibus
947 4446 1106 4484 omne
1135 4440 1344 4500 tempus
1375 4432 1494 4486 vita:
1525 4432 1802 4502 transegit,

248 4535 301 4578 ct
335 4524 386 4577 in
419 4524 664 4578 manibus
689 4521 806 4592 ejus
858 4531 985 4576 sunt
1037 4522 1271 4577 educati.
1341 4520 1422 4576 Tu
1469 4533 1646 4577 autem
1673 4525 1804 4578 nihil

249 4616 442 4670 horum
477 4615 857 4678 considerans,
913 4629 1011 4668 nec
1045 4612 1225 4667 futura
1264 4615 1668 4682 contemplans,
1707 4632 1803 4670 nec

249 4710 526 4762 beatorum
552 4716 764 4777 patrum
791 4717 1096 4760 nostrorum
1116 4715 1168 4760 et
1186 4704 1400 4760 Christo
1429 4714 1801 4774 susceptorum
1836 4744 1878 4798 D

247 4815 344 4868 per
366 4797 736 4852 successiones
770 4798 938 4868 legem
959 4836 975 4860 ,
1027 4812 1200 4865 neque
1253 4795 1430 4864 magni
1466 4796 1706 4865 episcopi
1738 4812 1802 4852 ac

251 4889 417 4957 patris
441 4887 609 4942 nostri
629 4885 769 4941 Petri
802 4888 1165 4951 honorem,ex
1193 4903 1302 4957 quo
1327 4887 1508 4941 cuncti
1533 4902 1628 4956 per
1652 4903 1800 4956 spem

249 4996 412 5044 quam
444 4978 703 5032 habemus
733 4981 785 5030 in
811 4977 1040 5031 Domino
1060 4975 1185 5032 Jesu
1208 4976 1444 5043 Christo,
1468 4975 1802 5046 pendemus;

320 5132 340 5164 ³
364 5133 528 5186 Exod.
552 5148 686 5198 nn,
711 5131 799 5185 20.
875 5132 896 5163 ⁸
918 5130 1086 5185 Exod.
1112 5148 1202 5197 xx,
1221 5131 1274 5185 3.

321 5288 433 5357 (2i)
464 5288 636 5355 Πλὴν
666 5289 830 5357 ἐμοῦ.
860 5288 953 5343 llis
981 5305 1045 5342 ex
1066 5287 1262 5342 Philem
1293 5290 1516 5359 epistola
1545 5289 1788 5344 recitatis

251 5356 516 5429 Eusebius
547 5356 725 5429 statim
758 5360 964 5414 subdit:
987 5377 1004 5409 ι
1028 5359 1149 5412 Haec
1174 5369 1299 5413 sunt
1321 5356 1442 5414 vere
1471 5361 1800 5429 philosophi.

253 5444 353 5482 nec
377 5428 554 5481 minus
581 5426 673 5481 Dei
701 5444 858 5500 quam
889 5430 1164 5497 sapientia:
1191 5431 1449 5484 amatoris
1471 5426 1657 5497 verba,
1685 5426 1805 5500 qua:

254 5509 379 5552 ante
413 5506 708 5551 extremam
732 5498 930 5568 judicis
953 5505 1295 5562 sententiam,
1325 5500 1502 5555 adhuc
1543 5501 1596 5554 in
1623 5498 1804 5554 custo-

253 5569 340 5621 dia
385 5569 741 5631 constitutus,
779 5569 842 5622 ad
887 5570 1080 5623 fratres
1114 5568 1364 5623 Ecclesia:
1405 5587 1516 5624 sua:
1547 5570 1797 5638 scripsit;

253 5639 445 5699 partim
488 5653 596 5707 quo
636 5639 688 5691 in
727 5647 866 5692 statu
909 5650 1213 5692 versaretur
1259 5655 1566 5708 exponens;
1605 5641 1796 5708 partim

251 5722 344 5761 eos
378 5708 694 5772 adhortans,
727 5719 785 5761 ut
807 5710 1058 5776 pietatem
1103 5709 1154 5762 in
1185 5709 1459 5764 Clu-istum
1485 5710 1646 5764 etiam
1678 5719 1800 5778 post

249 5778 454 5832 obitum
499 5793 656 5835 suum
681 5779 904 5849 jamjam
938 5778 1331 5847 imminentem,
1367 5781 1641 5836 mordicus
1674 5779 1801 5834 reti-

1909 2141 2197 2196 cotidianis
2228 2157 2292 2195 ac
2321 2139 2689 2209 multiplicatis
2720 2138 3054 2208 Opprobriis,
3106 2153 3205 2192 nec
3244 2153 3467 2206 oppres-

1909 2232 2152 2287 sionibus
2181 2242 2232 2287 et
2261 2233 2528 2302 angustiis
2557 2231 2699 2301 apud
2734 2245 2924 2286 omnes
2969 2231 3246 2300 placatus,
3281 2229 3467 2284 omnia

1907 2325 2109 2396 pariter
2147 2336 2386 2380 evertere
2411 2341 2578 2379 ausus
2609 2341 2688 2378 es.
2726 2324 2830 2378 Pro
2864 2325 3060 2393 quibus
3097 2338 3217 2390 quze
3246 2322 3340 2375 tibi
3369 2337 3469 2376 ex-

1909 2417 2207 2470 cusationis
2230 2416 2446 2470 occasio
2476 2417 2845 2486 relinquetur?
2880 2414 2984 2468 Sed
3020 2413 3246 2467 forsitan
3273 2412 3420 2466 dices
3449 2429 3464 2465 :

1908 2505 2200 2576 Egentibus
2232 2506 2482 2575 gregibus
2511 2521 2574 2560 ac
2599 2505 2875 2571 desolatis,
2899 2513 3116 2574 pastore
3146 2518 3254 2557 non
3286 2503 3470 2557 subsi-

1907 2610 2098 2660 stente.
2133 2615 2199 2652 ne
2224 2599 2514 2654 multorum
2541 2599 2912 2652 incredulitate
2944 2595 3096 2650 multi
3137 2595 3465 2650 subtrahan-

1908 2703 2017 2753 tur,
2051 2693 2117 2746 ad
2147 2693 2245 2746 hoc
2277 2692 2513 2761 perveni.
2557 2691 2659 2746 Sed
2692 2692 3052 2746 certissimum
3079 2700 3180 2756 est,
3206 2689 3326 2742 illos
3356 2702 3465 2742 non

1907 2796 2064 2851 egere
2096 2800 2108 2834 :
2144 2781 2376 2850 primum
2425 2781 2549 2851 quia
2587 2783 2738 2836 multi
2784 2791 2910 2836 sunt
2938 2781 3367 2838 circumeuntes,
3413 2785 3468 2830 ct

1908 2887 2152 2948 potentes
2177 2879 2426 2944 visitare;
2455 2879 2646 2932 deinde
2668 2877 2765 2932 etsi
2799 2877 2926 2947 quid
2949 2877 3016 2929 ab
3042 2875 3173 2944 ipsis
3201 2873 3471 2942 negligen-

1908 2971 2016 3025 tius
2060 2970 2353 3040 agebatur,
2389 2979 2701 3038 oportuerat
2745 2983 2809 3022 ex
2847 2967 3041 3037 populo
3088 2978 3377 3035 properare
3403 2977 3468 3015 ac

1909 3078 2011 3116 nos
2037 3062 2251 3132 exigere
2279 3076 2377 3131 pro
2404 3061 2614 3115 merito.
2661 3059 2763 3114 Sed
2793 3058 3039 3114 sciebant
3087 3071 3145 3110 se
3184 3054 3464 3108 ministro-

1909 3170 2030 3207 rum
2065 3169 2171 3208 non
2202 3169 2322 3209 esse
2364 3168 2584 3223 egenos,
2627 3161 2679 3206 et.
2705 3152 2827 3206 ideo
2853 3151 2918 3203 ad
2950 3151 3046 3202 bos
3075 3147 3330 3217 petendos
3354 3160 3465 3199 non

1910 3253 2290 3314 pervenerunt.
2353 3243 2642 3306 Sciebant,
2670 3243 2812 3312 quod
2836 3249 3114 3294 monentes
3141 3254 3234 3294 eos
3264 3239 3332 3292 ab
3365 3238 3468 3291 hac

1911 3336 2261 3406 inquisitione
2291 3345 2385 3389 aut
2410 3335 2834 3396 dimittebatnus,
2867 3341 2958 3386 aut
2981 3347 3103 3386 cum
3133 3330 3281 3384 omni
3307 3345 3466 3384 scru-

1907 3431 2193 3500 pulositate
2235 3431 2396 3483 fiebat
2439 3432 2582 3498 quod
2613 3427 2740 3480 utile
2766 3425 3078 3489 videbatur;
3132 3424 3293 3477 ﬁebat
3319 3421 3463 3476 enitn

1908 3524 2009 3578 sub
2035 3531 2324 3590 urguente,
2375 3529 2428 3574 et
2477 3521 2529 3574 in
2578 3519 2828 3572 manibus
2871 3517 3136 3587 probitate
3173 3515 3466 3569 constituta

1907 3616 2263 3685 cogitabatur.
2329 3612 2410 3667 Tu
2450 3622 2630 3667 autem
2681 3621 2788 3664 tam
2831 3610 3057 3664 viriliter
3102 3607 3460 3676 quorumdam

1907 3705 2258 3761 considerans
2283 3706 2646 3774 deeeptiones,
2672 3712 2726 3756 ct
2755 3703 2932 3756 inania
2961 3702 3144 3761 verba,
3173 3701 3464 3767 subreptus

1907 3798 1972 3851 ad
2003 3797 2375 3852 ordinationes
2409 3793 2726 3865 prosiluisti.
2789 3792 2844 3849 Si
2876 3793 3020 3846 enim
3054 3790 3466 3859 adstringebant

1907 3890 2320 3943 circumstantes
2355 3897 2422 3952 te,
2453 3895 2506 3940 et
2544 3884 2941 3954 compellebant
2973 3884 3282 3952 ignorantes
3311 3880 3461 3933 ordi-

1905 3998 2028 4036 nem
2061 3981 2514 4044 ecclesiasticum,
2551 3989 2864 4040 oportuerat
2892 3987 2944 4033 te
2972 3985 3286 4047 sequentem
3309 3988 3464 4041 regu-

1906 4075 2012 4128 lam
2041 4074 2234 4128 litteris
2259 4089 2358 4128 nos
2384 4073 2646 4138 cdocere;
2676 4083 2729 4127 et
2755 4073 2827 4126 ita
2859 4071 3001 4141 quod
3032 4067 3283 4138 expedire
3308 4063 3460 4118 vide-

1905 4163 2085 4228 batur,
2120 4162 2298 4216 fiebat.
2342 4162 2397 4216 Si
2429 4161 2564 4217 forte
2589 4161 2981 4232 persuadebant
3002 4159 3097 4212 tibi
3124 4157 3341 4227 quidam
3377 4153 3463 4209 di-

1905 4267 2117 4319 centes,
2167 4255 2233 4310 de
2264 4255 2420 4309 nobis
2463 4255 2623 4309 tinem
2659 4269 2779 4308 esse
2819 4253 3018 4307 factum
3050 4250 3214 4322 (quod
3239 4263 3337 4304 nec
3365 4247 3462 4302 tibi

1905 4348 2007 4416 ipsi
2050 4357 2166 4401 crat
2213 4348 2474 4415 ignotum,
2513 4344 2655 4414 quod
2682 4353 2864 4398 essent
2893 4343 3046 4398 multi
3076 4349 3265 4395 euntes
3293 4348 3345 4392 et
3376 4353 3464 4392 re—

1905 4439 2130 4493 deuntes
2155 4439 2221 4492 ad
2252 4455 2385 4499 nos,
2449 4437 2543 4506 qui
2595 4443 2844 4506 poterant.
2895 4430 3174 4500 visitare),
3226 4429 3326 4483 ctsi
3359 4429 3464 4481 hoc

1906 4529 2118 4594 fuisset,
2159 4530 2504 4598 oportebatte
2526 4527 2746 4595 majoris
2777 4525 2942 4594 patris
2976 4530 3287 4591 exspectare
3313 4518 3462 4588 judi-

1904 4622 2071 4682 cium,
2098 4630 2151 4674 et
2173 4620 2332 4689 hujus
2364 4620 2437 4672 rei
2469 4618 2899 4687 permissionem.
2966 4614 3069 4668 Sed
3098 4614 3290 4666 borum
3324 4610 3460 4664 nihil

1904 4712 2146 4782 cogitans
2165 4751 2180 4774 ,
2209 4723 2262 4764 et
2285 4710 2432 4765 aliud
2463 4725 2688 4778 sperans
2711 4748 2725 4770 ,
2759 4708 2925 4760 immo
2962 4705 3134 4776 magis
3163 4704 3334 4758 nostri
3365 4719 3462 4757 cu-

1908 4819 2023 4858 ram
2060 4818 2167 4856 non
2191 4816 2401 4870 gerens,
2427 4801 2742 4869 przepositos
2770 4798 3033 4868 quosdam
3056 4797 3251 4868 populo
3282 4795 3465 4865 provi-

1907 4895 2035 4948 disli
2093 4912 2108 4948 :
2172 4910 2296 4946 nam
2350 4895 2462 4962 jam
2526 4890 2899 4963 cognovimus,
2930 4900 2982 4945 et
3025 4891 3318 4945 schismata
3348 4888 3461 4956 (Ἡ)

1904 4984 2249 5054 fuisse,quod
2271 4983 2452 5037 multis
2478 4991 2568 5036 tua
2591 4983 2868 5051 displicuit
2896 4980 3288 5036 irrationabilis
3315 4978 3461 5033 ordi-

1910 5296 2115 5342 nerent.
2146 5305 2164 5337 ι

1984 5356 2095 5425 (9.2)
2136 5355 2286 5411 Hanc
2313 5356 2593 5425 epistolam
2623 5372 2743 5412 cum
2777 5359 2897 5411 altis
2922 5357 3296 5425 ecclesiasticae
3323 5359 3459 5412 anti-

1909 5424 2130 5498 guttatis
2178 5424 2541 5482 monuiuentis
2585 5428 2790 5495 primus
2837 5427 3003 5481 edidit
3051 5437 3102 5498 γ.
3134 5424 3232 5498 __cl.
3275 5426 3459 5498 Scipio

1910 5495 2152 5550 Malfeius
2180 5513 2243 5549 ex
2276 5506 2490 5551 vetusto
2519 5514 2621 5551 ms.
2651 5499 2837 5552 codice
2865 5495 3082 5563 capituli
3133 5495 3462 5556 Veronensis

1909 5565 1962 5638 _in
1998 5565 2202 5638 Osserv.
2236 5569 2428 5631 letter.,
2463 5577 2591 5621 tom.
2630 5567 2713 5633 Ill,
2746 5584 2866 5638 pag.
2905 5569 2960 5638 ll
2985 5566 3114 5630 -17,
3164 5582 3271 5638 quo
3301 5569 3460 5622 exhi-

1905 5634 2062 5689 betur
2095 5634 2349 5707 llistoriw
2381 5634 3118 5707 fragmentum'de'scltismate
3161 5635 3462 5693 Meletiano.

2002 5707 2093 5770 25)
2134 5705 2567 5772 Commotionem,
2594 5707 2716 5769 Ms.,
2742 5707 3180 5760 communionem.

2002 5708 2093 5770 25)
2134 5708 2567 5772 Commotionem,
2594 5708 2716 5769 Ms.,
2742 5721 2947 5759 commit

1980 5708 2092 5848 iii)
2131 5772 2446 5834 ScMsmata.
2478 5779 2601 5846 Ms.,
2640 5777 2947 5831 chrismate.
