3982 6346
538 388 678 442 1567
1650 380 1708 436 S.
1752 378 2054 435 THEONIE
2091 381 2134 434 A

2210 376 2555 435 EXANDRINI
3625 378 3764 433 1538

537 503 706 556 natio.
752 502 839 557 Ad
875 503 988 556 haec
1015 515 1115 556 nec
1140 498 1440 556 beatissimi
1468 496 1798 567 provisoris,
1836 505 1891 550 et
1925 493 2097 549 induti
2126 508 2172 563 Α
2200 493 2332 546 catis
2358 491 2545 546 alienis
2569 506 2587 544 :
2614 491 2816 562 pariter
2851 504 3008 545 suam
3037 503 3162 560 erga
3190 489 3341 543 illum
3375 489 3764 545 demonstrans

534 597 815 652 Christum
863 595 1106 653 omnium
1142 603 1392 649 nostrum
1434 590 1663 661 apostoli
1687 588 1842 645 Pauli
1874 588 2095 643 verbum
2199 581 2591 652 providentiam
2624 590 2679 636 et
2705 581 3035 650 exemplum.
3057 595 3122 635 ac
3144 580 3313 650 legem
3336 595 3445 650 qua
3460 596 3589 636 cum
3611 582 3761 635 omni

537 688 711 742 suasit
736 686 971 751 morari,
1000 696 1056 739 et
1083 683 1418 754 propositum
1456 680 1612 737 facile
1643 680 1955 745 continere;
2001 679 2098 748 qui
2201 672 2624 742 scrupulositate
2650 680 2707 727 et
2736 672 2946 728 cautela
2984 671 3251 741 eligantur
3294 671 3611 727 ordinandi.
3648 673 3759 729 Ad-

319 2488 432 2625 ᾅ
488 2469 859 2587 qm,
932 2499 1075 2561 π,
1121 2496 1360 2611 .107-
1408 2485 1587 2546 3/6.

535 777 781 831 scribens
816 774 1192 844 acceptissimo
1239 772 1351 826 tilio
1379 768 1668 825 Timotheo
1706 768 1841 825 dicit
1868 768 1891 802 ⁸
1924 786 1937 822 :
1978 766 2096 820 Ha-

538 881 633 919 nus
663 866 859 919 nemini
887 866 992 919 cita
1019 864 1350 935 imposueris,
1380 878 1469 915 nec
1498 859 1960 916 communicaveris
1981 873 2100 929 pec-

2201 762 2636 833 uuntiamus(25)
2661 762 2717 816 in
2743 771 3021 833 posterum
3045 763 3162 828 tibi,
3185 772 3246 817 ut
3268 764 3470 833 regulae
3501 772 3684 819 tutum
3707 772 3764 820 et

2201 854 2473 910 salubrem
2498 854 2789 909 terminum
2817 854 3138 910 conﬁrmare
3156 854 3377 911 studeas
3404 854 3543 927 (26).

1723 977 1877 1033 Finis
1915 975 2152 1047 epistula:
2199 973 2577 1043 episcoporum.

607 1097 758 1153 Hanc
800 1097 1082 1168 epistolam
1125 1108 1413 1169 postquam
1458 1094 1697 1166 suscepit
1724 1104 1778 1151 et
1806 1092 1968 1164 legit,
2000 1095 2100 1146 nec

535 1188 838 1259 rescripsit,
872 1204 971 1243 nec
997 1189 1064 1242 ad
1093 1203 1187 1243 eos
1212 1189 1451 1258 perrexit
1472 1188 1539 1241 ad
1569 1199 1872 1248 carcerem,
1901 1196 1999 1236 nec
2030 1181 2098 1235 ad

537 1279 751 1333 beatum
782 1276 999 1335 Petrum
1030 1280 1093 1333 iit
1123 1298 1136 1333 :
1170 1278 1427 1332 omnibus
1469 1286 1649 1331 autem
1684 1276 1770 1330 his
1808 1272 2097 1345 episcopis,

537 1370 867 1441 presbyteris
903 1385 966 1424 ac
991 1370 1311 1425 diaconibus
1360 1367 1701 1423 Alexandriae
1726 1367 1868 1437 apud
1912 1380 2099 1420 carce-

538 1476 651 1515 rem
703 1460 1024 1531 martyrium
1073 1461 1287 1530 passis,
1324 1460 1601 1530 ingressus
1642 1468 1724 1514 est
1764 1459 1946 1515 statim
1974 1457 2098 1514 Ale—

536 1550 843 1605 xandriam.
886 1548 1018 1605 Erat
1057 1562 1237 1605 autem
1284 1551 1337 1603 in
1369 1550 1585 1604 civitate
1610 1549 1828 1619 quidam
1857 1547 2096 1603 lsidorns

537 1640 777 1702 nomine,
806 1640 1050 1694 moribus
1083 1640 1459 1705 turbulentus,
1493 1638 1732 1693 doctoris
1767 1637 1972 1691 habens
2001 1636 2098 1691 de—

537 1730 832 1796 siderium;
879 1739 935 1786 et
962 1730 1125 1784 Arius
1153 1731 1372 1800 quidam
1401 1728 1643 1783 habitum
1669 1737 1894 1798 portans
1922 1727 2095 1796 pieta-

2198 1096 2342 1143 esset
2370 1087 2514 1157 quod
2545 1086 2876 1157 requireret,
2933 1095 3310 1144 succurrentes
3336 1087 3422 1154 ei,
3457 1087 3765 1143 invidentes

2198 1179 2404 1234 scilicet
2431 1177 2802 1247 pontiﬁcatum
2845 1177 2909 1232 Β.
2938 1176 3113 1246 Petri,
3149 1187 3209 1233 ut
3237 1185 3601 1248 cognoscatur
3629 1194 3765 1233 con-

2197 1269 2531 1339 cupiscentia
2563 1266 2783 1334 Meletii,
2818 1269 3159 1341 presbyteros
3185 1269 3385 1339 quibus
3417 1269 3643 1325 dederat
3670 1286 3766 1340 po-

2196 1368 2444 1415 testatem
2492 1356 2553 1411 Β.
2602 1358 2795 1415 Petrus
2848 1359 2916 1414 de
2968 1359 3202 1429 partecia
3247 1359 3470 1414 visitare
3530 1359 3770 1414 Alexan-

2200 1450 2396 1513 driam,
2428 1448 2659 1505 latentes
2686 1445 2899 1503 Melctio
2918 1448 3446 1505 demonstraverunt.
3471 1448 3768 1504 Commen-

2200 1546 2331 1600 dans
2350 1545 2429 1601 eis
2469 1543 2811 1599 occasionem
2833 1543 3106 1612 Meletius,
3136 1544 3405 1616 separavit
3440 1560 3559 1609 eos,
3591 1555 3645 1600 et
3672 1562 3767 1599 or-

2200 1638 2406 1694 dinavit
2435 1638 2550 1708 ipse
2570 1638 2731 1705 duos,
2754 1655 2923 1696 unum
2953 1642 3007 1698 in
3034 1657 3273 1709 carcere,
3301 1651 3356 1697 et
3377 1643 3545 1697 alium
3575 1645 3631 1698 in
3653 1659 3769 1700 me-

2201 1730 2349 1786 tallo.

538 1821 637 1882 tis.
669 1830 723 1876 et
760 1821 873 1890 ipse
903 1820 1145 1876 doctoris
1178 1821 1506 1875 desiderium
1557 1820 1781 1874 habens.
1843 1817 1909 1871 Hi
1947 1826 2095 1887 post-
2126 1830 2168 1885 Β
2266 1822 2362 1878 His
2386 1822 2605 1892 agnitis,
2635 1821 2693 1876 Β.
2715 1821 2904 1878 Petrus
2933 1839 3056 1879 cum
3086 1826 3256 1881 multa
3274 1828 3535 1897 patientia
3561 1826 3768 1898 populo

536 1925 697 1981 quam
752 1919 1121 1981 cognoverunt
1171 1910 1517 1981 cupiditatem
1577 1908 1809 1973 Meletii,
1860 1916 1915 1963 et
1962 1907 2096 1979 quid

607 2042 718 2113 (25)
756 2042 1076 2098 Ordinandi.
1096 2044 1504 2099 Adnuntiamus.
1525 2042 1653 2112 Ms.,
1685 2043 1980 2100 ordinanda
2007 2045 2098 2098 ad-

438 2178 447 2185 .
538 2114 773 2185 nun_lias.

609 2183 720 2249 (26)
761 2181 1019 2247 Studeas,
1069 2182 1169 2239 Ms.
1222 2183 1481 2237 studetur.
1537 2183 1594 2237 In
1640 2182 1856 2237 laudato
1887 2183 2093 2249 codice,

536 2253 870 2308 collectionis
910 2253 1150 2309 historia:
1192 2264 1383 2308 auctor
1414 2255 1595 2310 relatae
1622 2264 1860 2323 quatuor
1887 2254 2098 2323 episco-

2200 1915 2423 1985 scripsit
2448 1913 2815 1969 Alexandrino
2847 1915 3132 1985 epistolam
3166 1918 3273 1972 hoc
3302 1918 3466 1973 modo
3492 1917 3634 1989 ('27).

2201 2044 2664 2127 parumreptstolze
2694 2059 2725 2099 a
2747 2042 2931 2127 Philea
2957 2054 3018 2101 ut
3037 2046 3252 2104 videtur
3268 2048 3614 2119 conscripta,
3636 2049 3770 2104 sub-

2201 2116 2493 2201 ditustatigp
2525 2131 2647 2184 quae
2674 2125 2997 2201 sequantur.
3271 2189 3283 2199 .
3374 2189 3387 2201 ‘
3488 2116 3548 2201 “ﬁ
3614 2186 3655 2201 ﬁ
3753 2190 3765 2201 ‘

2278 2182 2390 2255 (27)
2432 2182 2769 2238 Hoc—modo:
2813 2184 2963 2240 Hanc
2996 2194 3173 2240 autem
3199 2203 3229 2240 e
3271 2189 3475 2243 istolam
3513 2187 3573 2242 S.
3612 2186 3769 2243 Petri

2202 2254 2552 2310 Alexandrini
2580 2255 2749 2311 habes
2779 2255 2919 2310 infra
2943 2258 3010 2310 ad
3038 2271 3167 2310 ann.
3194 2203 3300 2312 581
3334 2268 3373 2313 t.
3398 2257 3536 2313 XVI.

541 2410 3776 2462 Μ

1644 2586 1828 2631 CIRCA
1863 2586 2088 2630 ANNUH
2122 2585 2353 2629 DOMINI
2384 2587 2685 2632 οοιανιιι.

1493 2781 1665 2960 S.
1805 2776 2813 2960 THEONAS

1166 3052 1928 3169 EPISCOPUS
1983 3054 3129 3173 ALEXANDBINUS.

1902 3361 2453 3455 NOTITIA.

1383 3513 1671 3577 ((ἱιιιλιωη
1700 3515 1819 3573 Yet,
1851 3514 1992 3565 Patr.
2019 3512 2268 3578 Bibliollt.,
2291 3521 2329 3566 ι.
2356 3517 2447 3581 ιν,
2470 3518 2691 3583 Proleg.,
2713 3534 2762 3584 p.
2791 3522 2917 3585 vni.)

612 3806 653 3892 ξς
694 3803 1075 3892 Ilieonasqao
1108 3816 1335 3892 {corpore
1369 3806 1543 3892 sedem
1569 3805 1997 3892 Alexandrinam
2027 3811 2329 3892 obtinuerit.
2373 3813 2849 3892 Ejusprgzsttlatns
2882 3817 3398 3892 cupide/inium”.
3436 3818 3550 3875 Sub
3590 3838 3650 3877 eo
3683 3823 3781 3892 ﬂo-

544 3877 655 3959 ruit
685 3875 909 3959 Pierias
935 3875 1080 3929 illius
1104 3873 1352 3959 Ecclesiae
1375 3877 1659 3957 presbyter,
1683 3879 1763 3931 vir
1784 3881 2289 3959 sum_mus._1:heo_nw
2314 3873 2565 3959 meritoria
2592 3886 2647 3959 in
2672 3885 2826 3959 fastis
2854 3873 3218 3959 ecclesiasticis
3251 3873 3596 3959 consignata.

616 3943 675 4000 ll.
708 3945 917 4033 ⁸Ειςκειαξ
941 3962 1005 4033 es
1037 3943 1683 4033 ιξζιέιὶςηινεζΔιᾳιεζξὶᾳηείεῙμδΔ
1723 3949 1949 4018 epistola
1990 3953 2057 4006 ad
2089 3952 2390 4010 Lucianum
2430 3943 2889 4012 cubiculariorum
2929 3957 3238 4029 praefectum
3270 3943 3434 4031 digna
3462 3943 3636 4033 plane
3667 3979 3781 4033 qu

543 4018 720 4087 ntagni
758 4018 1003 4087 ducatur.
1038 4013 1394 4087 Quanglonam
1426 4013 1745 4085 conscripta.

611 4084 699 4142 Ill.
742 4086 826 4139 Ea:
855 4085 1081 4140 Eusebio
1114 4094 1163 4139 et
1191 4084 1471 4140 Lactantio
1495 4087 1607 4156 ejus
1634 4089 1910 4159 integritas
1939 4091 2328 4161 comprobatur.

612 4206 655 4263 l.
693 4205 927 4263 Maximo
977 4204 1233 4263 Ecclesiae
1268 4207 1643 4263 Alexandrina;
1701 4210 1961 4275 antistiti,
2008 4212 2103 4282 qui
2130 4216 2176 4276 (ζ
2207 4214 2311 4269 sub
2361 4212 2481 4284 ejus
2526 4212 2785 4269 nimirum
2835 4214 3096 4285 regimine
3141 4215 3388 4272 ﬂoruisse
3442 4215 3681 4272 Pieriam
3716 4217 3779 4272 ad

545 4315 691 4356 anno
731 4298 894 4355 Probi
929 4299 1274 4370 imperatoris
1311 4300 1525 4363 ultimo,
1556 4299 1756 4356 Christi
1778 4300 1884 4355 289.
1923 4304 2112 4359 deces-

546 4393 653 4459 sit,
723 4401 785 4447 ut
852 4399 1047 4446 auctor
1109 4398 1194 4446 est
1244 4388 1511 4446 Eusebius
1558 4391 1676 4462 (l),
1721 4392 1980 4448 suffectus
2029 4402 2113 4449 est

547 4481 819 4549 Theonas,
850 4482 946 4554 qui
991 4497 1164 4538 annos
1205 4482 1574 4537 novemdecim
1608 4483 1914 4538 ministerio
1944 4483 2117 4540 fuisse

546 4575 863 4647 perfunctus
894 4573 1123 4631 traditur
1154 4572 1224 4628 ab
1239 4572 1442 4628 ‘eodem
1463 4570 1697 4629 Eusebio
1723 4582 1830 4629 tam
1865 4574 1917 4629 in
1946 4572 2115 4629 Chro-

548 4668 663 4721 nico
690 4682 855 4739 quam
898 4668 956 4723 in
1000 4664 1243 4721 Historia
1288 4663 1363 4735 (2)
1391 4704 1406 4729 ,
1446 4672 1506 4718 ut
1537 4664 1763 4735 proinde
1796 4679 2112 4735 supremum

548 4759 689 4812 diem
717 4758 910 4813 obierit
934 4773 1078 4813 anno
1109 4755 1214 4813 500
1236 4765 1488 4812 canente
1520 4774 1534 4811 :
1566 4756 1830 4826 siquidem
1866 4756 1994 4811 anni
2024 4756 2112 4822 i9,

551 4862 767 4901 menses
820 4847 1031 4917 aliquos
1075 4848 1342 4903 duntaxat
1387 4844 1631 4916 attigisse
1676 4842 1993 4912 Theonam,
2045 4859 2114 4900 ex

553 4938 710 4993 initio
737 4937 1080 5009 episcopatus
1117 4936 1262 4993 Petri
1298 4937 1416 5009 ejus
1447 4936 1780 4993 successoris
1810 4934 2115 4992 Dodwellus

554 5042 737 5102 aperte
763 5033 1096 5087 demonstrat
1121 5030 1238 5103 (5);
1267 5030 1492 5102 ejusque
1521 5027 1800 5083 sententias
1823 5025 2116 5083 Tillemork

553 5123 689 5178 tium
719 5136 936 5194 quoque
960 5121 1237 5176 adhaerere
1268 5120 1633 5191 comperimus
1667 5118 1766 5190 (4).
1886 5185 1902 5198 ο

622 5213 800 5269 Pauca
833 5220 961 5269 sunt
986 5211 1274 5266 admodum
1305 5227 1336 5267 a
1363 5211 1634 5267 veteribus
1663 5209 1728 5264 de
1750 5206 1969 5263 Thoona
2000 5222 2116 5262 mc-

558 5306 741 5361 moriae
764 5304 997 5375 prodita.
1026 5302 1161 5360 Illud
1186 5318 1355 5359 unum
1376 5303 1637 5359 discimus
1658 5316 1724 5355 ex
1747 5298 1976 5354 Eusebio
2006 5297 2113 5369 (5):

627 5417 651 5451 ⁸
676 5417 697 5471 l
726 5416 873 5473 Tim.
904 5433 962 5484 ν,
983 5414 1078 5470 22.

625 5530 702 5599 (1)
739 5532 799 5584 In
827 5528 1021 5599 Chron.
1055 5527 1122 5583 ad
1147 5544 1275 5585 ann.
1300 5542 1607 5584 uccxcvn.

627 5596 707 5667 (2)
747 5600 848 5664 ld.,
886 5598 1032 5655 Hist.
1065 5600 1216 5665 eccl.,
1247 5599 1340 5653 lib.
1370 5614 1463 5661 vn,
1501 5596 1747 5667 cap.ult.

651 5662 706 5740 3)
747 5662 969 5740 Dissert.
997 5671 1137 5740 sing.
1166 5662 1232 5724 ad
1253 5669 1437 5740 Pears.
1461 5662 1665 5740 capI_6,
1694 5669 1721 5738 §
1750 5664 1840 5740 QQ,
1867 5680 1996 5740 pag.
2025 5662 2114 5717 75.

652 5733 906 5864 ῼΠΜέηι.
926 5733 1134 5806 θεειέιῖ,
1163 5751 1296 5796 tom.
1336 5739 1422 5804 IV,
1444 5733 1556 5795 nut’.
1583 5737 1638 5801 2,
1668 5733 1775 5819 sur,
1794 5733 2117 5800 S."l‘héon.,

2147 5595 2344 5670 uta

2215 4306 2531 4379 presbyterii
2561 4307 2823 4361 honorem
2862 4315 3108 4361 evectum
3129 4345 3146 4372 ,
3175 4307 3334 4377 eique
3363 4305 3691 4363 Christiana:
3722 4308 3782 4362 ﬁ-

2212 4398 2299 4452 dei
2325 4397 2716 4454 institutionem
2746 4398 2798 4452 in
2828 4399 3012 4453 schola
3035 4396 3397 4453 Alexandrina
3429 4398 3606 4455 fuisse
3636 4415 3781 4454 com-

2212 4489 2472 4557 missam;
2505 4490 2703 4561 quippe
2734 4489 2825 4561 qui
2868 4490 3202 4546 sublimioris
3228 4491 3593 4562 philosophiae
3624 4503 3781 4562 atque

2214 4580 2538 4651 evangelica:
2561 4581 2989 4637 conversationis
3018 4583 3289 4637 sincerum
3315 4584 3619 4654 specimen,
3653 4600 3779 4654 ope.

2214 4670 2367 4726 ribus
2420 4670 2551 4740 ipsis
2599 4687 2712 4742 pra:
2754 4672 2959 4728 caeteris
2990 4674 3244 4729 omnibus
3271 4673 3575 4729 exhiberet.
3614 4674 3782 4729 Cete—

2215 4777 2337 4816 rum
2366 4759 2604 4817 Theonte
2635 4760 2974 4827 memoriam,
3008 4771 3067 4818 ut
3110 4779 3142 4818 a
3173 4764 3302 4819 viris
3346 4764 3522 4820 doctis
3563 4762 3782 4818 Reuau-

2214 4854 2365 4910 dotio
2398 4854 2474 4926 (6)
2505 4864 2559 4911 et
2588 4853 2883 4926 Lequienio
2912 4855 2990 4928 (7)
3015 4856 3313 4924 erudimur,
3362 4856 3643 4912 celebrant
3680 4856 3781 4911 Co-

2216 4944 2363 5015 ptilze
2392 4945 2478 5000 die
2511 4961 2551 5000 ιι
2595 4939 2801 5000 mensis
2835 4943 2993 5014 Tybi,
3021 4947 3137 5004 sive
3162 4946 3232 5002 28
3268 4945 3586 5003 Decembris
3617 4966 3635 5001 :
3665 4946 3786 5016 ejus

2215 5044 2396 5089 tamen
2425 5036 2539 5091 dies
2566 5036 2737 5094 festus
2769 5042 2823 5094 in
2855 5039 3051 5095 tabulis
3092 5037 3471 5097 ecclesiasticis
3502 5037 3649 5108 apud
3687 5035 3790 5092 La-

2216 5126 2362 5182 tinos
2385 5130 2563 5199 agitur
2590 5130 2677 5186 die
2699 5130 2772 5186 23
2796 5116 3050 5203 Augusti.

2287 5214 2355 5272 ll.
2403 5217 2693 5289 Superiore
2746 5223 2945 5278 saeculo
2992 5222 3135 5277 edita
3177 5231 3263 5276 est
3303 5236 3332 5276 a
3386 5220 3655 5277 Dacherio
3705 5217 3785 5287 (8)

2218 5309 2448 5381 epistola
2500 5308 2722 5368 Thoona:
2770 5314 2998 5385 episcopi
3048 5314 3283 5368 Laciano
3335 5312 3787 5367 cubiculariorum

2288 5528 2366 5669 (5;
2410 5526 2549 5582 Hist.
2579 5526 2729 5594 εσσε..
2760 5527 2797 5582 1.
2828 5543 2880 5582 c.

2290 5600 2344 5669 (6
2407 5597 2547 5669 Hist.
2566 5599 2868 5669 patriarch.

2407 5597 2547 5652 Hist.
2579 5599 2868 5667 patriarch.
2907 5597 3059 5651 Alex.
3079 5637 3094 5659 ,
3130 5611 3251 5667 pag.
3279 5596 3365 5651 ες.

2316 5667 2371 5731 7)
2413 5667 2507 5723 0r.
2549 5667 2747 5723 Christ.
2768 5709 2783 5733 ,
2818 5677 2949 5722 tom.
2981 5667 3046 5725 ll.
3080 5683 3201 5736 pag.
3227 5667 3350 5723 596.

2325 5688 2371 5731 Η
2413 5688 2507 5723 υτ.
2549 5688 2747 5723 ωιηει.
2768 5709 2783 5733 ,
2818 5688 2949 5722 ῐΟῐῐΙ.
2981 5688 3046 5725 ιι.
3080 5688 3201 5736 βίης.
3227 5688 3350 5723 οξτο.

2295 5688 2369 5811 (8)
2405 5738 2613 5809 Spicil.,
2641 5748 2771 5794 tom.
2797 5736 2886 5806 lli,
2916 5754 3035 5810 pag.
3065 5737 3171 5793 ‘297
3197 5752 3321 5795 nov.
3341 5735 3474 5792 edit.
