1977 3554
102 142 117 168 1
127 141 182 169 569

567 140 677 171 EPIST.
696 140 740 167 AD
755 139 939 169 'LUCIANUM
956 139 1227 169 CUBICULARIUM.

1666 145 1734 173 1570

102 200 235 235 prwfecto
257 200 396 235 inscripta,
420 200 557 236 praeclaris
571 200 732 228 Christiame
746 201 854 235 pietatis
870 205 896 228 et
910 203 933 230 A
946 200 996 228 das
1013 201 1094 228 etiam
1112 201 1268 236 provincias
1291 201 1508 235 committebant,
1530 203 1605 230 omni
1628 204 1733 231 sacriﬁ-

102 246 261 281 prudentize
284 246 414 274 institutis
438 247 556 278 referta,
581 247 792 282 primasvamque
818 248 897 283 plane

102 293 313 328 simplicitatem
331 293 466 321 redolens.
484 293 517 321 Et
530 293 647 329 primum
660 294 780 329 quidem,
795 295 829 321 ab
849 294 898 321 ho-

103 339 188 366 mine
206 338 300 366 Graeco
315 338 399 366 fuisse
413 339 486 366 illam
508 339 696 374 perscriptam,
716 347 748 367 ex
773 347 806 366 eo
829 346 897 367 con-

104 389 168 412 stat
192 384 265 419 quod
295 389 391 412 auctor
417 384 523 413 divinas
548 385 702 420 Scripturas
729 393 896 413 commemo-

103 439 177 458 rans
191 431 230 466 (9)
248 439 255 458 :
272 431 336 464 Eas,
353 431 450 466 inquit,
469 432 537 458 mira
552 432 686 467 diligentia
704 436 729 458 et
746 431 896 467 largissime

104 477 244 511 impendio
264 476 424 504 Ptolemaeus
447 476 634 512 Philadelphus
657 478 685 504 in
710 485 826 505 LINGUAI
849 485 897 505 N0-

103 531 200 550 snmt
225 523 328 550 traduci
351 524 460 550 curauit.
489 522 581 558 Neque
605 531 671 551 sane
698 524 823 552 dubitare
847 532 897 552 nos

103 567 177 594 sinit
189 567 310 602 epistola:
328 568 421 601 dictio,
436 568 502 602 quin
519 576 577 595 eam
593 576 608 595 e
623 568 717 596 Graeco
730 568 824 597 Latine
837 570 897 597 red-

102 613 196 640 ditam
213 613 409 640 existimemus.
429 613 560 641 Praeterea
584 614 683 649 scripta
700 614 786 643 fuisse
806 616 896 650 perhi-

103 658 192 685 betur
207 659 320 694 epistola
337 659 491 694 hujusmodi
506 659 560 695 (10)
576 668 638 694 pace
656 669 701 695 per
712 661 808 688 bonum
823 662 896 696 prin—

104 705 197 739 cipem
230 704 354 732 Ecclesiis
386 714 519 733 concessa.
552 705 683 741 Denique‘
701 711 816 734 testatur
845 715 895 734 au-

103 755 169 778 ctor
183 750 238 786 (11)
248 771 256 783 ,
273 751 416 786 principem
432 753 516 786 ipsum
534 752 649 779 nondum
663 752 821 781 Christianae
834 753 894 780 reli-

104 796 182 831 gioni
207 797 369 831 ascriptum,
386 797 412 824 in
439 797 517 831 cujus
542 798 643 832 palatio
666 798 894 826 cubiculariorum

105 841 231 876 prefecti
253 850 366 870 munere
390 842 552 878 fungebatur
569 843 719 877 Luciauus,
739 844 802 879 ipsis
815 844 894 871 Chri-

104 888 205 915 stianis
222 888 290 915 velut
307 888 469 922 ﬁdelioribus
483 890 563 916 vitam
580 894 605 916 et
629 898 722 924 corpus
742 899 818 917 suum
839 899 894 917 ser-

105 935 224 960 vandum
246 934 398 962 credidisse.
420 934 458 962 Ex
484 935 584 970 quibus
607 943 671 971 ergo
692 936 894 964 characteribus

105 984 185 1008 recte
196 979 317 1015 arguisse
329 980 408 1008 nobis
421 981 546 1008 videntur
560 981 734 1009 doctissimus
749 982 894 1009 Tillemon-

106 1026 168 1054 tius
178 1027 233 1062 (Η)
244 1031 270 1054 et
281 1026 441 1055 Dacheriani
453 1027 586 1063 Spicilegii
598 1036 717 1064 nuperus
728 1029 816 1056 editor
826 1029 893 1064 (15),

107 1072 182 1099 hanc
195 1073 337 1107 epistolam
354 1073 426 1101 haud
444 1074 522 1101 aliter
536 1082 597 1101 esse
610 1074 794 1109 accipiendam
811 1082 892 1110 quam

106 1116 144 1143 de
160 1116 317 1144 Diocletiani
333 1118 458 1153 imperio,
473 1122 618 1153 antequam
634 1119 678 1147 ille
693 1127 765 1147 anno
779 1119 831 1147 505
846 1120 893 1148 ad-

108 1170 207 1190 versus
221 1161 369 1190 Ecclesiam
386 1163 502 1197 fureret;
520 1172 601 1199 quam
617 1171 757 1201 propterea
768 1165 893 1195 Theonas

107 1208 254 1243 episcopus
264 1208 460 1237 Alexandrinus
471 1209 570 1237 seculo
579 1217 608 1237 Ill
622 1210 761 1238 desinente
776 1212 894 1246 perscri-

107 1254 203 1288 pserit.

145 1298 188 1325 Ill.
207 1298 294 1326 Perro
312 1298 345 1326 ad
362 1299 431 1327 hanc
439 1300 614 1328 .sententiam
631 1302 803 1329 astruendam
818 1302 893 1330 locu-

107 1344 279 1379 pletissimus
293 1346 369 1373 testis
382 1346 487 1374 accedit
499 1345 632 1375 Eusebius
646 1348 701 1383 (14)
716 1357 724 1375 ;
741 1357 750 1373 ‹
770 1348 892 1381 Qualem,

108 1392 219 1426 inquit,
245 1396 429 1427 quantamque
454 1393 567 1428 gloriam
590 1394 672 1421 simul
692 1402 723 1422 ac
741 1394 892 1423 libertatem

110 1437 234 1464 doctrina
257 1445 326 1466 verae
352 1446 415 1473 erga
442 1446 597 1473 supremum
621 1438 705 1467 Deum
730 1440 837 1475 pietatis
858 1456 893 1462 —

109 1483 183 1518 apud
201 1491 296 1511 omnes
319 1483 426 1512 Graecos
440 1485 541 1519 pariter
555 1493 587 1513 ac
601 1485 730 1514 barbaros
753 1491 815 1514 ante
829 1494 892 1521 per-

107 1530 280 1558 secutionem
303 1536 396 1558 nostra
421 1532 552 1559 memoria
581 1532 723 1560 excitatam
748 1537 891 1561 consecuta

106 1575 157 1605 sit.
184 1583 234 1603 nos
248 1581 320 1603 certe
336 1583 385 1611 pro
402 1577 498 1604 merito
521 1577 656 1612 explicare
671 1585 723 1605 non
737 1585 892 1613 possumus.

106 1621 278 1656 Argumento
299 1630 367 1650 esse-
378 1623 463 1657 possit
478 1623 664 1658 imperatorum
676 1623 849 1659 (Diocletiani
867 1629 894 1652 et

107 1666 231 1695 Herculii
246 1667 293 1704 Μ.)
309 1668 452 1704 benignitas
466 1677 528 1704 erga
540 1674 641 1697 nostra:
656 1678 666 1697 :
684 1670 783 1705 quibus
797 1678 892 1707 regen-

947 246 1026 273 candi
1051 250 1124 274 metu
1143 254 1190 274 eos
1205 246 1352 274 liberantes
1375 249 1411 274 ob
1432 247 1611 283 singularem,
1634 256 1688 283 qua
1707 250 1733 275 iu

947 291 1104 327 religionem
1132 297 1253 320 nostram
1278 292 1365 320 allecti
1389 298 1481 327 erant,
1505 293 1731 322 benevolentiam.

947 336 1018 370 Quid
1040 345 1111 373 opus
1135 342 1177 366 est
1200 338 1290 366 dicere
1316 339 1350 366 de
1370 339 1404 366 iis
1427 339 1474 374 qui
1499 340 1526 367 in
1545 341 1733 375 imperatorum

946 384 1054 419 palatiis
1078 384 1271 411 versabantur?
1292 384 1362 417 Quid
1377 385 1411 412 de
1426 385 1635 420 imperatoribus
1648 386 1733 420 ipsis?

946 430 998 463 Qui
1012 430 1170 457 domesticis
1192 430 1250 458 suis
1266 437 1415 465 eorumque
1429 431 1569 464 uxoribus,
1590 432 1683 460 liberis
1701 440 1733 460 ac

947 475 1048 506 servis,
1067 482 1099 502 ea
1122 482 1183 508 qua:
1203 475 1342 510 religionis
1366 482 1420 502 suae
1444 481 1539 508 erant,
1564 483 1618 504 tam
1642 477 1733 504 verbis

946 527 1027 554 quam
1051 519 1130 548 factis
1155 520 1239 548 libere
1260 521 1424 555 exsequendi
1446 529 1536 549 coram
1561 523 1731 557 semetipsis,

946 570 1105 601 potestatem
1121 566 1263 600 dederunt,
1287 567 1355 601 ipsis
1371 567 1406 594 ob
1418 568 1488 595 hanc
1499 568 1560 595 ﬁdei
1574 576 1630 596 suae
1650 569 1731 597 liber-

946 616 1028 639 tatem
1042 612 1152 647 gloriari
1167 620 1199 640 ac
1213 621 1242 640 se
1254 617 1392 641 ostentare
1405 614 1607 649 quodammodo
1620 616 1733 650 permit-

946 663 1032 686 tentes
1049 667 1056 685 :
1076 666 1177 694 eosque
1190 667 1246 694 prae
1260 660 1366 687 caeteris
1377 660 1504 688 omnibus
1520 660 1651 688 ministris
1667 669 1732 696 quo-

945 705 1006 732 dam
1025 712 1118 732 amore
1133 706 1376 740 prosequebantur.
1396 715 1405 732 ι
1424 705 1487 733 Haec
1510 706 1655 741 cpiscopus
1671 707 1730 735 Cac-

946 751 1095 784 sariensis;
1122 751 1168 786 qui
1186 751 1267 786 paulo
1293 755 1354 786 post
1376 751 1403 778 in
1428 752 1551 779 eamdem
1571 752 1729 780 sententiam

946 795 1041 823 scribit
1058 796 1114 831 (15)
1137 805 1146 822 ι
1172 795 1338 823 Dorotheum
1363 801 1390 824 et
1414 797 1533 831 reliquos
1556 797 1730 825 cubicularios

944 849 1038 876 pueros
1048 841 1148 868 summi
1163 842 1273 870 honoris
1284 843 1461 877 praerogativa
1473 843 1508 870 ab
1523 843 1731 878 imperatoribus

947 892 1058 915 ornatos
1071 886 1165 920 fuisse,
1182 888 1229 922 qui
1247 895 1299 915 non
1313 888 1403 915 minus
1417 889 1453 915 ab
1467 888 1562 916 iisdem
1582 889 1732 924 diligeban-

946 937 991 960 tur
1002 940 1084 967 quam
1099 933 1156 959 filii.
1175 944 1185 958 ι
1205 932 1252 960 His
1270 940 1390 961 consona
1406 933 1488 961 refert
1500 933 1667 966 Lactantius,
1682 935 1730 970 qui

946 986 977 1006 ca
1001 983 1160 1013 tempestate
1181 978 1258 1006 testis
1283 978 1368 1006 ferme
1394 980 1516 1007 oculatus
1539 979 1663 1007 ﬂorebat.
1684 979 1731 1008 Sic

946 1024 1018 1051 enim
1043 1025 1087 1052 ille
1101 1024 1158 1060 (l6)
1173 1033 1180 1051 :
1197 1024 1312 1052 Furebat
1331 1033 1391 1060 ergo
1412 1026 1555 1060 imperatur
1576 1025 1730 1060 (Diocletia-

946 1071 1007 1106 nus)
1018 1071 1077 1104 jam
1096 1079 1147 1097 non
1166 1072 1193 1097 in
1207 1070 1362 1098 domesticos
1383 1075 1503 1104 tantum,
1526 1071 1572 1098 sed
1587 1072 1614 1098 in
1631 1080 1729 1099 omnes.

945 1130 980 1136 -—-
995 1116 1174 1143 Potentissimi
1194 1116 1326 1152 quondam
1347 1117 1458 1143 eunuchi
1473 1118 1570 1150 necati,
1594 1125 1642 1152 per
1661 1125 1731 1153 quos

944 1162 1076 1197 palatium
1095 1167 1120 1189 et
1137 1163 1191 1196 ipse
1212 1163 1359 1191 constabat.
1377 1163 1443 1196 Qua:
1463 1163 1573 1198 quidem
1591 1164 1682 1191 omnia
1707 1164 1730 1191 si

946 1215 1007 1235 cum
1024 1208 1057 1236 iis
1072 1208 1247 1236 conferantur
1264 1216 1324 1243 quae
1347 1209 1382 1237 ab
1402 1209 1480 1237 initio
1500 1209 1533 1236 ad
1550 1209 1630 1236 finem
1645 1217 1731 1244 usque

945 1253 972 1280 in
988 1260 1037 1280 sua
1052 1253 1165 1288 epistola
1181 1254 1261 1281 tradit
1276 1259 1387 1288 auctor;
1409 1262 1489 1282 nemo
1509 1254 1649 1282 enimvero
1672 1254 1732 1282 fue-

944 1298 990 1330 rit,
1008 1298 1054 1334 qui
1069 1299 1156 1326 libcns
1173 1300 1322 1334 volensque
1338 1300 1498 1327 sententiam
1514 1300 1595 1327 modo
1608 1300 1733 1334 proposi-

945 1348 1000 1372 tam
1024 1352 1078 1372 non
1104 1345 1296 1379 amplectatur,
1318 1345 1419 1380 quique
1439 1346 1570 1373 detrectet
1592 1344 1730 1372 Theonarn

944 1391 1100 1426 episcopum
1109 1391 1323 1418 Alexandrinum
1341 1391 1400 1426 ejus
1413 1394 1550 1418 auctorem
1570 1398 1729 1426 agnoscere,

944 1441 975 1464 ut
990 1437 1103 1472 proinde
1128 1437 1201 1464 haud
1221 1445 1333 1465 necesse
1358 1437 1394 1465 sit
1418 1437 1502 1464 alium
1523 1445 1539 1464 a
1562 1436 1731 1465 Diocletiano

945 1482 1135 1517 imperatorem
1160 1490 1281 1518 querere
1309 1491 1370 1511 cum
1401 1483 1490 1511 Caveo
1513 1483 1568 1519 (l7)
1597 1483 1731 1512 Constan-

944 1529 1011 1557 tium
1026 1530 1167 1562 Chiorum,
1184 1535 1231 1557 aut
1245 1531 1328 1558 alium
1345 1538 1406 1558 cum
1418 1530 1552 1558 Dacherio
1567 1530 1624 1566 (18)
1637 1529 1729 1557 Theo-

946 1583 1008 1602 nam
1036 1576 1192 1611 episcopum
1216 1576 1378 1612 Cyzicenum
1402 1585 1482 1612 :quo
1508 1584 1588 1604 verus
1610 1576 1730 1611 epistola:

946 1626 1040 1648 auctor
1062 1626 1215 1654 statuatur,
1244 1623 1380 1658 simulque
1407 1623 1492 1658 ipsius
1514 1622 1635 1658 epistola:
1661 1622 1730 1649 inte-

944 1667 1028 1702 gritas
1042 1668 1226 1695 confirmetur.

106 1776 1707 1789 —-—_——_—q———————-——-—_-———

590 1858 848 1916 SANGTI
924 1858 1238 1917 THEONAS

720 1977 860 2000 EPISCOPI
895 1977 1115 2000 Διειλιωιιικι

320 2052 514 2084 EPISTOLA
541 2051 596 2083 AD
626 2051 829 2083 LUCIANUM
858 2050 1211 2083 CUBICULARIORUM
1239 2052 1514 2090 PRIEPOSITUM,

454 2133 486 2160 In
501 2142 552 2170 qua
566 2134 667 2160 monita
682 2133 835 2161 Christiana
857 2138 882 2160 et
897 2134 1005 2168 politicu
1020 2135 1102 2162 eidem
1119 2136 1233 2170 suggerit
1247 2134 1275 2162 S.
1295 2135 1386 2163 Pater.

594 2211 641 2242 (Ex
657 2209 754 2236 Acherii
765 2210 908 2241 Splcilegio,
921 2214 978 2236 tom.
990 2211 1034 2243 lll,
1046 2218 1102 2244 pag.
1114 2212 1239 2244 291-299.)

149 2363 273 2391 Theonas
282 2363 423 2398 episcopus
433 2361 553 2388 Luciano
561 2360 704 2396 praeposito
714 2360 895 2388 cubiculario-
909 2360 1075 2395 Dampliare
1104 2367 1159 2387 non
1187 2360 1289 2388 destitit
1313 2369 1320 2387 :
1343 2360 1398 2387 imo
1420 2360 1637 2395 persecutionum
1663 2369 1726 2396 pro-

114 2416 175 2436 rum
189 2407 356 2435 invictissimi
374 2405 503 2442 principis
516 2405 612 2432 nostri.

152 2453 170 2480 Ι.
191 2453 295 2481 Gratias
315 2459 366 2487 ago
380 2450 555 2486 omnipotenti
578 2450 633 2478 Deo
656 2454 683 2478 et
707 2450 820 2478 Domino
842 2458 893 2478 no.

114 2503 172 2526 stro
185 2497 247 2526 Jesu
270 2497 388 2531 Christo,
411 2497 458 2532 qui
472 2496 550 2523 fidem
572 2503 648 2523 suam
671 2504 718 2531 per
735 2497 891 2524 universum

114 2544 208 2570 orbem
227 2543 254 2570 in
276 2543 371 2571 salutis
394 2545 492 2569 nostrae
507 2541 616 2568 unicum
634 2541 782 2569 remedium
803 2541 891 2568 mani-

115 2589 224 2621 lcstare,
246 2597 278 2616 ac
303 2588 383 2616 etiam
408 2588 435 2615 in
461 2592 636 2623 tyrannorum
659 2587 892 2622 persecutionibus

151 2679 190 2714 (9)
211 2678 322 2711 Theon.,
341 2679 419 2714 epist.
436 2678 449 2714 ᾗ
466 2678 491 2705 7.

228 2713 366 2775 manu;
380 2713 394 2749 ᾗ
410 2714 434 2741 1.

154 2748 210 2783 (tt)
230 2748 299 2776 Ibid.

154 2781 383 2825 Μέγητα-οι.
395 2804 402 2817 ,
417 2789 485 2825 tom.
500 2782 553 2825 Π..
573 2790 633 2817 pag.
652 2782 698 2825 Zil
710 2802 717 2815 ,
732 2786 788 2810 not.
806 2781 831 2815 1,
848 2788 893 2809 sur

118 2819 146 2847 S.
162 2819 264 2847 Theon.
276 2840 282 2851 ,
296 2823 323 2845 et
336 2824 400 2846 tom.
417 2818 446 2851 V,
467 2823 517 2846 art.
534 2818 560 2852 3,
577 2825 635 2853 pag.
652 2818 676 2844 7.

153 2855 208 2890 (l5)
226 2854 319 2889 Spicil.
331 2854 349 2881 l.
363 2862 387 2881 c.

246 2862 319 2889 prcit.
332 2862 349 2881 ι.
363 2862 387 2881 c.

941 2406 1016 2434 cellis
1031 2406 1103 2433 velut
1122 2414 1218 2433 aurum
1242 2406 1269 2433 in
1290 2406 1400 2433 fornace
1413 2413 1596 2442 expugnatum
1615 2408 1723 2440 enituit,

941 2456 968 2479 et
980 2451 1039 2486 ejus
1053 2450 1150 2478 veritas
1165 2459 1198 2478 ac
1212 2451 1344 2478 celsitudo
1365 2452 1450 2485 magis
1471 2459 1577 2486 semper
1591 2460 1623 2480 ac
1638 2453 1725 2487 magis

942 2496 1088 2531 splenduit,
1109 2500 1139 2522 ut
1154 2496 1208 2531 jam
1231 2504 1297 2531 pace
1315 2504 1363 2531 per
1383 2497 1484 2523 bonum
1507 2496 1654 2531 principem
1673 2497 1725 2523 Ec-

941 2541 1032 2569 clesiis
1053 2548 1199 2572 concessa,
1215 2541 1430 2569 Christianorum
1461 2549 1539 2576 opera
1566 2542 1645 2569 ctiam
1675 2549 1723 2568 co-

945 2594 1004 2614 ram
1028 2586 1180 2614 inﬁdelibus
1200 2586 1321 2619 luceant,
1342 2592 1367 2614 et
1387 2587 1551 2623 gloriﬁcetur
1571 2587 1630 2614 inde
1643 2586 1724 2614 Pam

994 2675 1036 2710 14)
1059 2674 1128 2703 "iu.
1148 2675 1210 2702 εδει.
1226 2674 1273 2702 lib.
1293 2682 1351 2709 vni,
1367 2683 1426 2710 cap.
1444 2677 1467 2702 l.

993 2711 1037 2743 15)
1057 2710 1146 2743 Ibid.,
1174 2718 1233 2745 cap.
1250 2710 1276 2738 6.

994 2746 1036 2781 16)
1055 2745 1094 2781 De
1106 2745 1210 2773 mortib.
1227 2750 1353 2780 persecat.
1366 2766 1373 2778 ,
1394 2754 1453 2781 cap.
1470 2745 1511 2772 15.

995 2780 1037 2817 Ιῖ)
1058 2780 1223 2817 Hist._litler.
1236 2801 1243 2812 .
1264 2787 1329 2809 tum.
1348 2782 1366 2813 Ι,
1383 2788 1444 2817 pag.
1464 2781 1527 2810 ιη.

983 2816 1039 2852 (18)
1059 2815 1167 2850 Spicil.,
1185 2816 1204 2844 l.
1220 2824 1244 2843 c.

30 2960 1269 3334 vti,
