3982 6346
561 362 688 415 1571

1701 353 1758 406 S.
1802 347 2099 403 ΤιιιευΝίΕ
2141 343 2602 400 ΑἰιΕΧᾹΝῡΗῐΝΙ

3631 339 3760 391 liii

555 489 718 533 vester
743 479 828 548 qui
871 479 925 529 in
968 475 1108 528 cmlis
1152 484 1226 526 est
1266 470 1408 525 Deus
1443 471 1456 501 ¹
1485 489 1498 535 ;
1547 470 1688 539 quod
1735 469 1880 522 velut
1920 467 2106 536 przeci-
2136 477 2177 524 Α
2203 465 2399 519 Christi
2426 463 2758 532 repleamini.
2789 462 2978 515 Omnia
3008 469 3220 529 propter
3249 458 3425 527 ipsum
3452 456 3756 510 Creatorem

555 586 720 639 puum
756 584 786 622 a
831 569 985 621 nobis
1038 580 1135 634 pro
1180 565 1351 618 salute
1392 570 1597 625 nostra,
1643 560 1686 614 si
1718 559 2010 613 Christiani
2045 573 2102 610 re

554 662 730 730 potius
756 674 916 728 quam
964 657 1141 710 verbis
1175 670 1292 709 esse
1323 653 1605 723 cupimus,
1645 651 1992 720 quaerendum
2031 658 2105 700 at-

553 751 1042 822 queexoptandum
1071 757 1171 803 est.
1204 746 1336 800 Nam
1368 747 1413 799 si
1445 745 1670 815 gloriam
1694 750 1932 795 nostram
1961 755 2106 808 quie-

554 845 746 908 rimus,
781 855 893 895 rem
920 855 1114 892 vanam
1151 839 1517 905 caducamque
1544 833 1863 902 appetimus,
1903 841 1957 885 et
1984 848 2104 900 qua:

553 950 653 988 nos
692 935 838 1002 ipsos
867 932 934 985 ad
977 937 1204 984 mortem
1235 928 1477 997 perducit
1513 945 1525 979 :
1566 934 1621 978 at
1651 925 1818 994 gloria
1847 923 2024 978 Patris
2052 933 2106 976 et

555 1022 672 1075 Filii
708 1023 799 1090 qui
848 1035 944 1089 pro
997 1019 1166 1072 salute
1193 1025 1376 1070 nostra
1420 1015 1569 1069 cruci
1611 1013 1800 1067 aflixus
1842 1012 1963 1076 fuit,
2007 1030 2105 1066 nos

554 1112 734 1165 salvos
771 1108 898 1162 facit
957 1108 1009 1160 in
1061 1106 1478 1174 redemptionem
1523 1104 1940 1171 sempiternam;
1987 1121 2107 1172 qua:

555 1203 789 1256 maxima
829 1198 1258 1253 Christiauorum
1292 1205 1374 1249 est
1409 1193 1756 1262 exspectatio.

623 1295 737 1350 Non
769 1311 915 1365 ergo,
968 1295 1038 1348 mi
1084 1293 1336 1357 Luciaue,
1388 1300 1438 1344 te
1479 1290 1672 1359 jactari
1710 1302 1802 1343 aut
1845 1298 1974 1357 puto
2014 1297 2109 1342 aut

552 1389 675 1441 volo
721 1389 862 1456 quod
901 1386 1056 1439 multi
1097 1401 1158 1439 ex
1219 1381 1417 1452 palatio
1483 1381 1739 1450 principis
1795 1396 1887 1449 per
1945 1391 1995 1434 te
2039 1380 2104 1433 ad

554 1479 877 1546 agnitionem
931 1477 1165 1529 veritatis
1206 1481 1579 1544 pervenerunt,
1631 1472 1722 1526 sed
1775 1470 1946 1542 magis
1986 1487 2108 1540 gra-

555 1574 657 1624 tias
703 1569 811 1623 Deo
849 1580 1033 1622 nostro
1081 1566 1276 1620 referre
1327 1565 1507 1629 decet,
1539 1563 1630 1633 qui
1673 1572 1725 1616 te
1755 1562 1977 1615 abouum
2027 1562 2110 1615 iu-

555 1671 913 1717 strumentum
965 1661 1017 1712 in
1065 1675 1175 1714 rem
1222 1660 1417 1713 bonam
1469 1656 1734 1722 confecit,
1780 1663 1939 1724 teque
1970 1655 2107 1723 apud

556 1754 846 1822 principem
877 1752 1205 1810 sublimavit.
1229 1748 1590 1804 utChristiaui
1620 1746 1856 1802 nominis
1889 1747 2105 1800 odorem

556 1846 608 1898 in
645 1859 797 1898 suam
846 1845 1069 1914 gloriam
1096 1855 1146 1897 et
1187 1843 1478 1896 multorum
1508 1840 1731 1894 salutem
1762 1837 2107 1892 diffunderes.

554 1933 685 1988 Nam
739 1945 940 2003 quanto
999 1934 1170 2003 magis
1224 1933 1471 2001 princeps
1510 1932 1623 2000 ipse
1669 1929 1905 1983 nondum
1954 1927 2112 1982 Chri-

554 2026 743 2080 stiana:
789 2025 1036 2095 religioni
1087 2023 1390 2093 ascriptus,
1444 2021 1574 2092 ipsis
1619 2021 1938 2074 Christianis
1969 2020 2113 2075 velut

556 2118 884 2172 fidelioribus
930 2117 1094 2170 vitam
1138 2126 1189 2169 et
1229 2130 1428 2183 corpus
1458 2128 1617 2168 suum
1650 2113 1946 2166 curandum
1993 2125 2112 2166 cre-

553 2209 717 2271 didit;
761 2217 908 2261 tanto
936 2209 1089 2262 decet
1120 2221 1216 2260 vos
1245 2205 1600 2268 sollicitiores,
1654 2220 1716 2258 ac
1755 2205 1808 2256 iu
1842 2204 1985 2257 illius
2021 2218 2110 2257 sa-

555 2299 718 2352 lutem
762 2309 813 2354 et
861 2315 1044 2353 curam
1077 2298 1440 2367 diligentiores
1469 2312 1589 2350 esse
1617 2305 1668 2349 et
1699 2294 2109 2364 prospectiores,

553 2403 614 2444 ut
646 2408 736 2460 per
788 2390 835 2444 id
890 2391 1176 2459 plurimum
1205 2388 1405 2443 Christi
1442 2402 1636 2441 nomen
1668 2387 2012 2456 glorificetur,
2058 2392 2112 2439 et

557 2482 702 2536 illius
731 2483 860 2536 fides
893 2499 990 2552 per
1035 2499 1131 2536 vos
1159 2482 1252 2551 qui
1297 2480 1596 2550 principem
1627 2477 1834 2541 fovetis,
1871 2474 2112 2546 quotidie

555 2585 814 2644 augeatur
847 2591 861 2628 :
900 2589 1021 2628 nam
1047 2574 1173 2644 quia
1201 2589 1301 2627 nos
1327 2572 1599 2626 maleficos
1623 2570 1752 2623 olim
1779 2577 1832 2622 et
1856 2567 2111 2622 omnibus

554 2668 770 2738 flagitiis
803 2667 1028 2722 refertos
1058 2666 1300 2720 nonnulli
1335 2665 1540 2733 priores
1578 2661 1846 2731 principes
1885 2668 2108 2728 putave-

555 2770 712 2823 runt;
749 2759 840 2815 sed
869 2761 978 2828 jam
1006 2759 1248 2812 videntes
1276 2767 1452 2811 vestra
1486 2756 1622 2808 bona
1647 2767 1828 2822 opera,
1862 2767 1968 2806 non
1994 2764 2113 2820 pos-

551 2852 662 2906 sint
694 2851 800 2905 nisi
831 2851 1008 2919 ipsum
1036 2849 1308 2902 Christum
1339 2846 1661 2916 glorificare.

623 2941 684 2994 ll.
727 2941 910 3011 Itaque
953 2956 1162 2996 summa
1197 2955 1296 3009 ope
1326 2938 1477 2992 vobis
1509 2933 1860 2990 annitendum
1900 2941 2002 2996 est,
2042 2948 2109 2987 ne

553 3050 648 3088 vos
693 3033 892 3101 aliquid
939 3040 1092 3100 turpe
1139 3040 1232 3084 aut
1273 3030 1637 3088 inhonestum,
1691 3040 1758 3078 ne
1784 3024 2106 3095 flagitiosum

555 3124 848 3186 nominem,
883 3122 1160 3188 sentiatis;
1202 3135 1268 3174 ne
1297 3119 1495 3174 Christi
1531 3131 1728 3174 nomen
1760 3133 1855 3188 per
1890 3133 1989 3175 vos
2023 3119 2107 3188 ip—

553 3231 643 3270 sos
677 3214 1092 3282 blasphenietur.

621 3303 776 3359 Absit
805 3321 836 3357 a
863 3305 1015 3357 vobis
1051 3315 1108 3357 ut
1142 3302 1344 3356 aditum
1369 3301 1528 3357 alicui
1559 3301 1624 3356 ad
1654 3302 1948 3371 principem
1982 3316 2106 3370 pre-

553 3398 628 3450 tio
654 3396 927 3462 vendatis;
972 3404 1028 3450 ut
1079 3395 1362 3450 inhonesta
1389 3404 1481 3449 aut
1511 3396 1778 3465 precibus,
1820 3405 1912 3449 aut
1939 3394 2108 3464 pretio

556 3489 682 3544 victi
715 3491 896 3560 aliquo
934 3499 1088 3558 pacto
1127 3488 1353 3558 principi
1380 3490 1699 3559 suggeratis.
1749 3486 1939 3543 Omnis
1983 3505 2109 3542 ava-

553 3583 708 3662 ritiae.
739 3583 898 3636 ardor.
943 3598 973 3635 a
1019 3581 1170 3636 vobis
1219 3581 1472 3636 abscedat
1504 3583 1560 3647 ³,
1589 3596 1709 3650 qua:
1754 3581 2106 3634 idololatriatn

553 3676 730 3744 potius
761 3689 921 3744 quam
951 3672 1150 3727 Christi
1204 3673 1518 3743 religionem
1569 3681 1841 3740 operatur.
1892 3670 2106 3725 Nullum

552 3775 710 3836 turpe
738 3767 946 3821 lucrum
980 3765 1307 3829 Christiano,
1332 3763 1475 3817 nulla
1506 3763 1790 3832 duplicitas
1822 3763 2108 3818 convenire

557 3867 750 3927 potest,
780 3858 872 3926 qui
905 3856 1178 3912 Christum
1220 3855 1516 3924 simplicem
1565 3863 1619 3908 et
1661 3854 1863 3908 nudum
1909 3855 2106 3924 ample—

553 3951 736 4006 ctitur.
762 3947 917 4004 Nulla
947 3950 1248 4004 scurrilitas
1290 3957 1384 4003 aut
1430 3948 1814 4019 turpiloquium
1848 3947 1986 4002 inter
2014 3961 2108 4000 vos

557 4042 817 4096 habeatur
846 4042 886 4095 ³.
927 4040 1121 4095 Omnia
1154 4057 1274 4094 cum
1308 4041 1591 4104 modestia,
1619 4040 1886 4102 comitate,
1923 4037 2108 4092 affabi-

555 4134 701 4186 litate
741 4141 795 4186 et
836 4133 1043 4201 justitia
1073 4134 1378 4204 exigantur,
1412 4142 1470 4186 ut
1517 4132 1570 4185 in
1615 4131 1864 4185 omnibus
1910 4144 2106 4184 nomen

556 4225 647 4279 Dei
683 4232 735 4278 et
761 4224 971 4278 Domini
999 4225 1162 4278 nostri
1197 4223 1324 4279 Jesu
1356 4223 1554 4277 Christi
1588 4223 1932 4292 glorificetur.

626 4314 806 4370 Officia
857 4324 1034 4370 vestra
1085 4315 1150 4368 ad
1195 4330 1316 4384 qua:
1364 4314 1558 4384 singuli
1611 4313 1889 4368 constituti
1934 4311 2103 4374 estis,

555 4409 703 4462 omni
755 4423 876 4462 cum
926 4407 1115 4461 timore
1162 4405 1254 4461 Dei
1305 4415 1357 4460 et
1407 4421 1590 4461 amore
1636 4405 1892 4475 principis
1947 4414 2107 4473 atque

2206 567 2440 610 vestrum
2473 555 2709 617 suffer-te,
2757 555 2938 607 omnia
2974 551 3239 622 patimini,
3267 549 3450 602 omnia
3484 550 3684 604 vincite
3709 559 3761 604 et

2205 645 2580 713 supplantate,
2647 653 2707 696 ut
2765 641 3038 696 Christum
3098 639 3384 693 Dominum
3446 641 3756 708 acquiratis.

2205 735 2394 806 Magna
2431 744 2555 788 sunt
2592 734 2705 787 hzec
2744 742 2799 786 et
2847 733 3117 788 laboribus
3163 734 3320 802 plena
3372 749 3386 784 :
3435 732 3529 787 sed
3578 732 3665 800 qui
3706 733 3756 783 in

2205 843 2364 896 agone
2381 827 2662 886 contendit,
2686 825 2748 877 ab
2771 824 3006 877 omnibus
3026 841 3078 876 se
3109 825 3364 887 abstinet;
3382 836 3430 876 et
3453 824 3535 876 illi
3556 823 3757 892 quidem

2206 928 2262 970 ut
2321 917 2704 987 corruptibilem
2778 933 3021 970 coronam
3085 918 3388 984 accipiant,
3435 932 3530 967 nos
3589 924 3756 966 autem

2205 1010 2556 1078 incorruptam
2585 1009 2627 1061 ⁵.

2275 1121 2360 1174 lll.
2401 1121 2502 1174 Sed
2548 1121 2702 1191 quia,
2737 1130 2797 1173 ut
2837 1121 3014 1174 sentio
3041 1161 3055 1182 ,
3105 1120 3332 1173 diversis
3383 1118 3573 1172 officiis
3633 1120 3758 1173 estis

2207 1215 2445 1282 ascripti,
2486 1222 2538 1266 et
2575 1214 2816 1266 omnium
2853 1221 2906 1265 tu
2929 1254 2942 1274 ,
2975 1211 3233 1273 Luciane,
3268 1211 3592 1280 praepositus
3621 1212 3759 1264 dice-

2208 1307 2302 1370 ris,
2329 1320 2467 1375 quos
2495 1319 2682 1358 omnes
2715 1303 2882 1373 gratia
2921 1303 3120 1356 Christi
3151 1303 3242 1355 tibi
3277 1317 3535 1357 concessa
3573 1312 3759 1370 potens

2208 1413 2265 1449 es
2301 1407 2354 1449 et
2388 1397 2632 1465 regulare
2676 1403 2728 1448 et
2778 1393 3078 1457 instruere;
3115 1401 3294 1445 certus
3334 1407 3489 1454 sum,
3528 1407 3636 1444 non
3668 1391 3760 1444 tibi

2207 1487 2509 1557 displicebit
2557 1501 2642 1540 me
2677 1483 2833 1539 etiam
2881 1484 2944 1537 de
2986 1483 3174 1536 ofliciis
3221 1482 3326 1535 illis
3370 1482 3551 1550 aliqua
3599 1485 3761 1550 parti-

2207 1579 2422 1632 culatim
2452 1589 2506 1633 et
2534 1579 2824 1632 summarie
2851 1577 2941 1630 tibi
2969 1574 3168 1629 referre
3192 1590 3310 1643 qua:
3337 1588 3580 1627 sensero.
3631 1571 3758 1625 Nam

2209 1670 2440 1738 aliquem
2483 1683 2548 1723 ex
2575 1669 2729 1723 vobis
2771 1683 2984 1722 servare
3011 1667 3248 1735 privatas
3296 1664 3554 1733 principis
3601 1679 3760 1731 pecu-

2212 1762 2329 1815 nias
2359 1760 2557 1826 audio;
2594 1760 2760 1814 alium
2793 1769 2964 1813 vestes
2993 1767 3046 1810 et
3073 1765 3386 1811 ornamenta
3426 1755 3758 1824 imperialia;

2213 1852 2376 1906 alium
2406 1866 2533 1906 vasa
2561 1854 2791 1920 pretiosa
2813 1894 2828 1916 ,
2874 1851 3038 1904 alium
3065 1849 3258 1910 libros,
3292 1862 3454 1916 quem
3482 1862 3596 1899 non
3623 1847 3764 1900 hunc

2212 1946 2388 2000 adhuc
2421 1961 2488 2000 ex
2529 1945 2872 1999 credentibus
2904 1942 3159 2011 intelligo,
3194 1940 3357 1995 alium
3394 1939 3558 1992 aliam
3589 1939 3762 2008 supel-

2211 2039 2460 2094 lectilem.
2505 2037 2635 2104 Quae
2665 2053 2796 2093 sane
2822 2035 3272 2106 quemadmodum
3303 2034 3583 2087 tractanda
3634 2033 3762 2086 mihi

2210 2128 2512 2195 videantur,
2549 2129 2735 2198 paucis
2762 2129 3028 2182 indicabo.

2278 2241 2367 2295 IV.
2409 2242 2511 2308 Qui
2538 2243 2772 2312 privatas
2804 2241 3059 2311 principis
3096 2241 3353 2311 pecunias
3385 2242 3605 2305 detinet,
3644 2257 3767 2295 om-

2211 2335 2297 2387 nia
2331 2334 2434 2389 sub
2466 2343 2614 2388 certo
2639 2333 2846 2387 calculo
2872 2341 3184 2396 conservet;
3215 2342 3432 2401 paratus
3458 2332 3526 2386 sit
3551 2347 3766 2400 semper

2211 2426 2453 2479 omnium
2487 2434 2689 2480 certam
2728 2423 2949 2478 reddere
2980 2424 3243 2477 rationem
3281 2441 3296 2477 :
3333 2425 3515 2476 omnia
3541 2423 3763 2485 scribat,

2209 2519 2365 2571 etiam
2416 2516 2461 2572 si
2500 2516 2754 2586 possibile
2801 2525 2918 2581 est,
2972 2523 3260 2584 antequam
3309 2515 3461 2568 alteri
3510 2515 3768 2582 pecunias

2212 2607 2478 2678 porrigat;
2513 2621 2787 2675 nunquam
2817 2607 3088 2661 memoria:
3119 2605 3368 2672 confidat,
3418 2621 3544 2674 qua:
3582 2606 3649 2660 ad
3682 2607 3764 2659 di-

2209 2716 2362 2755 versa
2396 2699 2635 2770 quotidie
2666 2700 2918 2754 distracta
2958 2698 3115 2754 facile
3153 2699 3370 2763 labitur,
3427 2699 3498 2752 ita
3549 2709 3608 2752 ut
3652 2700 3764 2753 sine

2210 2794 2496 2862 scriptura,
2531 2795 2688 2847 etiam
2721 2809 2840 2862 quae
2881 2793 3024 2847 nullo
3049 2801 3203 2863 pacto
3232 2791 3452 2846 fuerunt
3495 2808 3565 2846 ex
3609 2794 3765 2847 corde

2209 2901 2592 2954 [nonnunquam
2619 2884 2977 2950 aflirmemus;
3017 2901 3117 2939 nec
3146 2884 3383 2953 vulgaris
3419 2885 3489 2936 sit
3523 2884 3768 2952 hujusce-

2208 2978 2349 3031 modi
2377 2979 2662 3046 scriptura,
2710 2977 2800 3030 sed
2838 2992 2958 3045 quae
2984 2975 3135 3030 facile
3161 2987 3214 3030 et
3244 2976 3388 3030 clare
3411 2977 3602 3029 omnia
3636 2991 3764 3046 pan-

2207 3070 2316 3134 dat,
2350 3078 2404 3124 et
2448 3079 2683 3124 mentem
2720 3069 3041 3138 requirentis
3084 3067 3200 3122 sine
3245 3069 3500 3137 serupulo
3533 3078 3631 3122 aut
3669 3069 3766 3123 du—

2133 3143 2176 3199 c
2208 3165 2464 3218 bitatioue
2505 3163 2818 3232 relinquat:
2851 3161 2994 3230 quod
3043 3159 3197 3215 facile
3249 3161 3368 3224 fiet,
3421 3161 3468 3215 si
3509 3161 3766 3216 distincte

2207 3271 2327 3328 quae
2351 3256 2679 3327 recipiuntur
2723 3263 2776 3309 et
2817 3269 2912 3324 per
2939 3269 2997 3308 se
3023 3254 3348 3319 scribantur,
3393 3260 3448 3306 et
3485 3267 3600 3321 quo
3630 3260 3765 3306 tem-

2207 3365 2356 3420 pore,
2388 3358 2442 3403 et
2469 3365 2562 3418 per
2583 3364 2740 3418 quem
2779 3356 2986 3416 recepta
3030 3347 3244 3411 fuerint,
3277 3357 3332 3402 et
3357 3361 3467 3415 quo
3502 3347 3558 3399 in
3595 3347 3718 3401 loco
3746 3367 3757 3399 :

2208 3441 2455 3496 similiter
2487 3451 2538 3495 et
2567 3441 2707 3510 quod
2737 3440 2858 3495 aliis
2886 3449 3158 3510 erogatur,
3195 3440 3277 3493 vel
3319 3439 3582 3508 principis
3611 3455 3762 3492 man-

2207 3534 2331 3588 dato
2357 3533 2679 3601 impenditur
2706 3547 2799 3600 per
2826 3545 2883 3586 se
2907 3546 3006 3586 suo
3030 3532 3216 3585 ordine
3240 3530 3515 3600 digeratur
3547 3547 3560 3584 :
3590 3529 3761 3583 fidelis

2208 3627 2277 3681 sit
2315 3627 2400 3681 ille
2433 3633 2693 3680 servuset
2717 3624 2972 3694 prudens,
3005 3634 3064 3678 ut
3085 3623 3311 3693 gaudeat
3342 3622 3606 3677 Dominus
3637 3638 3758 3675 eum

2208 3734 2368 3787 super
2405 3719 2546 3772 bona
2594 3732 2691 3772 sua
2737 3717 3082 3772 constituisse
3111 3717 3162 3779 °,
3196 3725 3249 3769 et
3273 3713 3551 3770 Christum
3581 3714 3634 3768 in
3671 3715 3761 3767 illo

2209 3812 2485 3883 glorificet.

2276 3927 2341 3982 V.
2384 3927 2492 3984 Nec
2535 3929 2710 3982 minor
2743 3928 2846 3982 erit
2886 3928 2961 3981 illi
2990 3927 3261 3997 diligentia
3292 3935 3345 3979 et
3373 3939 3500 3978 cura
3531 3925 3626 3993 qui
3667 3939 3758 3977 vc-

2209 4029 2318 4074 stes
2362 4029 2414 4074 et
2449 4020 2744 4090 imperialia
2771 4021 2970 4074 detinet
3018 4028 3364 4078 ornamenta,
3415 4031 3536 4086 quae
3577 4017 3758 4070 omnia

2208 4113 2307 4165 sub
2351 4112 2652 4166 certissimo
2687 4112 2860 4165 indice
2890 4111 3081 4166 habeat
3130 4120 3179 4164 et
3233 4111 3450 4164 adnotet
3497 4125 3618 4179 qua:
3673 4110 3758 4162 illa

2208 4201 2334 4267 sint,
2379 4202 2580 4270 qualia,
2611 4203 2807 4271 quibus
2853 4204 2904 4255 in
2954 4202 3084 4256 locis
3117 4202 3409 4264 recondita,
3445 4201 3666 4270 quando
3700 4217 3760 4254 ea

2209 4293 2471 4362 acceperit
2515 4301 2623 4347 eta
2671 4294 2901 4360 quibus,
2948 4309 3014 4347 an
3061 4293 3323 4347 maculata
3349 4293 3478 4346 .sint
3524 4293 3605 4346 vel
3643 4293 3762 4345 sine

2210 4386 2417 4440 macula
2449 4404 2462 4439 :
2495 4386 2584 4440 illa
2621 4387 2800 4440 omnia
2836 4401 2933 4440 sua
2969 4385 3243 4454 diligentia
3273 4393 3589 4451 conservet;
3619 4400 3762 4451 sape

556 4509 742 4554 exacta
783 4498 1054 4567 diligentia
1081 4498 1468 4566 exsequamini.
1515 4497 1821 4551 Mandatum
1849 4495 2105 4564 principis

2212 4478 2463 4539 revideat,
2513 4493 2654 4546 saepe
2697 4485 2983 4547 pertractet
3020 4487 3079 4532 ut
3121 4476 3331 4532 facilius
3359 4492 3760 4547 recognoscan-

556 4591 701 4660 quod
729 4589 895 4645 Deum
943 4605 1049 4644 non
1096 4589 1344 4655 offendit,
1390 4591 1457 4643 ab
1499 4589 1614 4659 ipso
1640 4588 1750 4642 Deo
1779 4589 2106 4658 processisse

560 4682 784 4750 putetis;
826 4697 1007 4735 amore
1035 4681 1234 4751 pariter
1258 4691 1311 4735 et
1334 4683 1545 4748 timore,
1590 4675 1936 4750 atque'omui
1980 4698 2103 4736 cum

551 4772 891 4843 jucunditate
920 4773 1176 4841 perlicite.
1217 4771 1358 4827 Nihil
1383 4783 1465 4827 est
1491 4774 1630 4828 enim
1663 4775 1804 4843 quod
1833 4775 2101 4828 hominem

559 4862 772 4930 magnis
809 4863 1189 4932 agitationibus
1234 4862 1513 4934 fatigatum
1567 4864 1639 4918 ita
1688 4873 1910 4927 recreet,
1967 4865 2105 4919 sicut

558 4953 734 5009 intimi
766 4954 1040 5009 servituris
1080 4955 1404 5010 conveniens
1435 4955 1764 5023 jucunditas,
1794 4962 1847 5008 et
1876 4955 2105 5024 benigna

559 5043 846 5113 patientia;
888 5057 987 5098 nec
1015 5044 1121 5098 ulla
1146 5044 1339 5101 iterum
1363 5060 1447 5099 res
1468 5045 1773 5098 econtrario
1807 5045 1954 5097 illum
1984 5059 2104 5113 per-

561 5134 863 5189 turbatione
894 5133 970 5187 ita
996 5133 1156 5188 allicit
1181 5145 1233 5189 et
1258 5135 1558 5200 contristat,
1587 5134 1726 5190 sicut
1752 5134 1969 5189 tristitia
2005 5135 2107 5188 im-

559 5226 958 5295 patientiaque,
1005 5233 1058 5280 et
1092 5224 1260 5293 ipsius
1309 5227 1584 5281 servitoris
1622 5224 2099 5280 submurmuratio.

558 5317 750 5370 Absint
781 5317 893 5370 haec
921 5331 952 5370 a
978 5315 1128 5370 vobis
1151 5314 1472 5371 Christianis
1491 5358 1507 5382 ,
1550 5318 1642 5387 qui
1677 5317 1791 5372 zelo
1819 5317 1937 5372 fidei
1967 5317 2105 5372 ince-

559 5408 723 5473 ditis;
759 5409 852 5461 sed
897 5415 956 5460 ut
1003 5407 1058 5460 in
1109 5406 1260 5460 vobis
1301 5407 1432 5475 ipsis
1480 5407 1865 5462 honorificetur
1894 5407 2032 5462 Deus
2060 5409 2101 5472 ⁸,

559 5495 739 5548 omnia
764 5494 889 5548 vitia
914 5495 1106 5550 mentis
1130 5502 1184 5549 et
1205 5495 1446 5564 corporis
1468 5497 1782 5566 supprimite
1804 5511 1854 5551 et
1880 5499 2101 5552 calcate.

560 5585 847 5640 lnduimini
880 5587 1132 5656 patientia
1160 5595 1215 5642 et
1248 5587 1588 5654 affabilitate;
1623 5589 1910 5644 virtutibus
1934 5599 1986 5643 et
2011 5605 2104 5658 spe

2213 4580 2298 4623 tur
2332 4589 2346 4623 :
2379 4569 2558 4623 omnia
2587 4570 2663 4624 illi
2693 4571 2802 4624 sint
2826 4571 2878 4624 iu
2906 4579 3174 4640 promptu,
3205 4570 3385 4624 omnia
3413 4577 3598 4638 parata
3623 4585 3639 4622 :
3671 4585 3761 4638 pe-

2210 4661 2369 4716 tentis
2412 4676 2620 4730 semper
2667 4661 2924 4731 principis
2965 4672 3059 4716 aut
3091 4664 3356 4731 praepositi
3402 4664 3485 4717 sui
3525 4673 3759 4717 mentem

2210 4754 2263 4806 in
2301 4754 2449 4806 omni
2475 4769 2531 4807 re
2562 4754 2721 4822 petita
2751 4753 3104 4807 clarissxmam
3135 4753 3352 4818 reddat;
3397 4754 3469 4808 ita
3495 4766 3676 4807 tamen
3708 4769 3762 4808 ut

2210 4841 2394 4895 omnia
2420 4857 2541 4895 cum
2576 4843 2873 4896 humilitate
2907 4853 2960 4897 et
2979 4844 3215 4912 jucunda
3243 4845 3498 4913 patientia
3525 4848 3680 4911 fiant,
3712 4859 3763 4899 et

2210 4931 2407 4986 Christi
2437 4948 2629 4987 nomen
2662 4933 2822 4986 etiam
2857 4935 2908 4987 in
2941 4949 2998 4988 re
3023 4949 3185 5003 parva
3209 4933 3475 4988 laudetur.

2281 5039 2366 5095 Vl.
2409 5039 2580 5096 Simili
2609 5042 2768 5096 modo
2791 5043 2876 5096 ille
2899 5054 3039 5113 agat,
3071 5043 3225 5112 cujus
3254 5043 3374 5097 ﬁdei
3401 5044 3606 5099 credita
3631 5057 3761 5098 suat

2211 5150 2337 5190 vasa
2381 5147 2632 5206 argentea
2657 5177 2670 5201 ,
2706 5152 2903 5201 aurea,
2952 5137 3279 5207 crystallina,
3319 5136 3401 5190 vel
3444 5138 3756 5198 murrbina.

2209 5228 2438 5292 escaria,
2470 5228 2555 5281 vel
2586 5227 2821 5296 potoria;
2857 5228 3034 5282 omnia
3063 5229 3332 5298 disponat,
3378 5230 3560 5282 omnia
3584 5239 3757 5292 notet,

2209 5327 2262 5370 et
2284 5327 2416 5386 quot
2436 5317 2686 5387 qualesve
2715 5319 2823 5373 sint
2847 5318 2899 5371 in
2929 5318 3032 5371 illis
3056 5318 3258 5387 lapides
3288 5319 3506 5387 pretiosi
3535 5334 3631 5372 sua
3671 5320 3757 5372 di-

2209 5408 2422 5477 ligentia
2455 5418 2836 5475 connumeret;
2872 5410 3052 5462 omnia
3091 5423 3283 5478 magna
3311 5425 3433 5463 cum
3470 5410 3757 5479 prudentia

2210 5499 2531 5566 consideret,
2566 5501 2742 5554 omnia
2772 5500 2882 5553 suis
2911 5500 3042 5554 locis
3081 5510 3134 5554 et
3174 5502 3504 5569 temporibus
3528 5502 3750 5571 prodat;

2209 5591 2292 5645 cui
2323 5591 2414 5645 dat
2433 5601 2483 5646 et
2513 5592 2748 5661 quando,
2774 5608 2803 5645 a
2827 5593 3021 5662 quibus
3045 5607 3105 5646 ea
3131 5593 3317 5662 recipit
3345 5592 3755 5663 diligentissime

667 5761 684 5792 ⁸
721 5760 904 5816 Matth.
935 5779 988 5826 v,
1023 5763 1104 5818 l6.
1147 5766 1168 5796 ¹
1196 5766 1405 5821 Coloss.
1439 5781 1518 5830 Ill,
1551 5765 1602 5820 5.
1679 5767 1698 5798 ³
1724 5765 1916 5837 Ephes.
1950 5783 1998 5831 ν,
2026 5767 2077 5821 4.
2153 5767 2172 5798 ⁸
2203 5766 2219 5819 l
2253 5766 2360 5821 Pet.
2397 5783 2466 5830 iv,
2506 5767 2584 5822 tl.
2627 5769 2646 5799 ⁸
2675 5767 2692 5820 l
2725 5767 2848 5822 Cor.
2881 5784 2955 5834 ix,
2978 5768 3066 5822 25.
3103 5768 3124 5800 ε
3152 5765 3336 5823 Matth.
3365 5783 3509 5834 xxzv,
3537 5766 3625 5834 £5,
3656 5767 3752 5821 47.
