1991 3173
144 186 212 216 1573

622 189 728 217 EPIST.
750 189 793 216 AD
814 189 989 217 l.l'Cl.\t‘iUM
1007 189 1278 219 CL’BICULARlUM.

1690 200 1758 227 ιεπι

141 249 268 284 inspiciat
281 270 287 280 ,
308 256 341 276 ne
366 257 443 276 error
467 253 493 276 ct
516 249 635 283 suspicio
666 249 735 276 mala
761 250 840 276 etiam
862 258 922 277 cum
938 252 961 279 Α
974 249 1054 276 etiam
1070 257 1182 284 corpore
1201 256 1226 278 et
1247 251 1412 280 indumentis
1431 255 1523 282 mundi
1540 256 1666 292 etnitidi,
1682 261 1755 288 nulla

142 295 238 328 maiori
252 295 352 322 danmo
366 295 391 322 in
407 295 486 323 rebus
501 295 626 329 pretiosis
640 302 774 322 occurrat.

177 339 231 366 Vll.
254 340 298 367 Ille
317 344 405 367 tamet]
429 340 580 374 praecipuus
601 340 670 366 inter
693 348 740 367 vos
762 340 814 367 erit
835 344 861 367 et
883 340 924 366 di-

141 385 345 420 ligentissimus,
361 386 404 413 cui
420 386 503 413 libros
514 386 661 413 servandos
676 386 800 421 princeps
815 386 924 413 manda-

141 433 209 459 verit
223 442 229 459 :
246 433 318 459 hunc
332 433 389 467 ipse
403 440 436 459 cx
451 433 562 467 probata
580 432 691 459 scientia
712 433 761 460 sibi
784 433 864 468 eliget
880 433 922 460 vi-

140 486 201 505 rum
217 486 325 511 gravem
341 483 367 505 et
381 479 486 513 magnis
512 478 592 505 rebus
615 482 718 513 aptum.
742 487 774 506 ac
796 480 922 507 omnibus

140 522 259 555 qtmsitis
276 522 436 556 respondere
449 527 588 557 paratum,
608 523 714 557 qttalem
731 523 922 558 Philadelphus

138 567 274 594 Aristeum
299 568 422 594 intimum
448 568 642 595 cubicularium
666 569 692 595 in
706 576 734 596 re
749 569 798 597 hac
813 570 920 606 delegit,

139 619 171 638 ac
195 611 371 638 nobilissima:
398 612 755 647 bibliothecze,pracposuit,
782 621 861 648 quem
887 615 920 641 ad

138 656 296 685 Eleazarum
313 657 436 685 maximis
448 666 509 685 cum
523 659 678 686 muneribus
693 667 741 693 pro
755 660 919 687 tradttcenda

138 702 277 736 Scriptura
290 711 366 730 sacra
380 703 495 737 legatum
514 703 587 730 misit
602 711 608 729 :
628 704 670 730 hic
687 704 754 731 idem
779 704 918 731 historiam

138 746 312 783 Septuaginta
327 749 506 783 interpretum
522 749 598 783 plene
613 749 731 783 scripsit.
749 749 777 776 Si
791 750 872 784 igitur
886 759 918 777 ex

136 794 307 821 credentibus
327 794 353 821 in
366 794 503 821 Christum
523 795 556 821 ad
577 794 627 821 hoc
642 795 729 829 ipsum
743 795 858 823 ofﬁcium
872 797 920 823 ad-

135 840 227 866 vocari
251 840 398 874 contingat,
422 848 475 866 non
500 844 609 874 spernat
623 845 648 867 et
665 840 721 874 ipse
742 841 844 868 litteras
867 850 918 869 sre-

134 883 242 910 t-ulares
266 887 292 911 et
314 884 452 918 gentilium
467 884 583 919 ingenia,
599 893 659 920 quae
676 885 823 921 principem
841 887 916 913 oble~

978 298 1066 321 tamen
1079 296 1263 329 superfluitate
1275 302 1322 324 aut
1332 298 1502 328 alTectatione
1513 302 1632 333 notandi,
1641 303 1755 331 neChri-

976 340 1061 366 stiana
1078 340 1206 368 modestia
1222 342 1389 378 deturpetur.
1405 345 1500 373 Omnia
1518 348 1575 374 suis
1590 350 1757 383 temporibus

975 385 1029 412 sint
1053 392 1160 420 parata,
1181 392 1208 414 et
1228 395 1278 415 suo
1297 391 1391 418 ordine
1414 400 1493 426 quam
1520 393 1620 426 optime
1641 395 1755 430 digesta.

976 429 1016 457 Sit
1035 432 1102 458 ordo
1127 432 1196 459 inter
1214 441 1262 460 vos
1285 439 1313 461 et
1339 435 1492 470 diligentia,
1520 446 1552 465 ne
1578 429 1702 467 confusio
1725 441 1753 471 in

974 484 1064 511 opere,
1080 483 1127 505 ant
1145 487 1233 506 rerntn
1259 481 1371 508 amissio
1386 483 1477 517 aliquo
1494 489 1572 518 pacto
1587 489 1726 519 proveniat
1746 498 1752 515 :

973 522 1151 556 disponantur
1167 528 1351 560 orncntnrqne
1366 532 1517 561 opportuna
1538 529 1593 555 loca
1610 538 1658 565 pro
1674 538 1754 566 captu

972 570 997 592 et
1013 567 1142 601 dignitate
1156 568 1287 596 locorum.

1008 611 1067 639 Sint
1095 614 1206 648 insuper
1234 619 1260 642 et
1284 616 1351 643 servi
1370 618 1451 644 vestri
1476 618 1678 651 honestissimi,
1697 620 1750 647 sint

971 659 1113 692 compositi
1129 663 1154 686 et
1173 660 1298 693 modesti,
1323 666 1349 688 et
1365 663 1441 690 vobis
1456 671 1536 697 quam
1552 665 1752 693 convenientis-

971 703 1052 736 simi;
1078 713 1146 739 quos
1169 705 1194 732 in
1211 713 1273 733 vera
1295 707 1416 734 doctrina
1441 710 1513 735 omni
1537 718 1597 737 eum
1624 712 1751 745 patientia

970 755 995 776 et
1012 750 1142 778 charitate
1157 750 1257 779 Christi
1275 753 1399 780 instruite
1412 759 1439 781 et
1452 754 1559 788 docete;
1583 757 1653 791 quod
1668 757 1690 784 si
1709 758 1751 784 in-

970 795 1133 823 structiones
1159 801 1264 827 vestras
1291 798 1425 833 negligant
1448 805 1473 826 et
1499 802 1709 835 parvipendant.
1737 811 1751 829 a

969 841 1044 868 vobis
1062 842 1181 876 abjicite,
1205 850 1238 869 ne
1262 843 1369 870 illorum
1390 847 1506 879 nequitia
1523 848 1613 881 aliquo
1630 853 1708 882 pacto
1724 849 1751 875 in

970 893 1017 913 vos
1041 887 1182 914 redundet.
1210 888 1277 916 Nam
1294 889 1444 918 diffamatus
1468 892 1593 920 dominos
1610 901 1642 921 ex
1659 902 1753 921 servo-

134 935 218 956 ctant.
242 930 379 957 Landandi
402 935 464 958 sunt
486 936 571 966 poetae
590 931 617 958 in
643 932 825 965 magnitudine
843 933 917 968 inge-
933 933 953 960 Β
968 939 1027 958 rum
1041 933 1205 968 malignitate
1219 936 1382 970 quandoqtte
1397 937 1523 971 vidimus,
1544 943 1570 965 et
1590 946 1659 974 savpc
1673 941 1751 967 audi-

133 977 184 1008 nii,
202 976 229 1003 in
251 976 421 1003 inventortttn
440 976 574 1008 acumine,
597 977 624 1003 in
648 978 831 1012 expressionis
853 986 912 1013 pro-

132 1022 247 1056 prietate
270 1026 296 1048 et
317 1021 470 1056 eloquentia
493 1029 613 1055 summa;
635 1023 759 1050 laudandi
776 1029 915 1058 oratores,

131 1068 260 1095 laudandi
278 1068 430 1103 philosophi
446 1069 472 1095 in
488 1076 585 1102 genere
604 1076 670 1103 suo;
691 1070 817 1097 laudandi
831 1071 916 1098 histo-

132 1113 183 1140 rici
205 1114 251 1147 qui
273 1118 407 1148 gestarum
433 1121 521 1140 rertnn
541 1114 649 1146 seriem,
675 1115 808 1150 majorum
828 1125 916 1145 mores

130 1164 160 1186 et
177 1160 297 1186 instituta
322 1159 399 1186 nobis
425 1159 578 1194 explicant,
602 1160 648 1194 qui
665 1160 769 1188 vivendi
792 1170 915 1190 normam

130 1213 166 1232 ex
184 1206 356 1240 antiquorum
371 1205 452 1240 gestis
467 1205 621 1232 ostendunt.
646 1207 782 1234 interdum
804 1214 830 1235 et
848 1209 917 1235 divi-

131 1259 183 1278 nas
202 1250 357 1285 Scriplttras
381 1250 484 1277 laudari
510 1252 660 1283 conabitur.
683 1260 751 1287 quas
772 1253 837 1280 mira
855 1253 916 1281 dili—

131 1295 225 1331 gentia
236 1300 263 1322 et
277 1295 429 1330 largissime
451 1295 586 1328 impendio
599 1296 758 1324 Ptolemaeus
780 1296 915 1325 Philadel-

130 1342 203 1376 phus
219 1341 244 1368 in
260 1341 379 1375 linguam
395 1344 513 1368 nostratn
534 1342 636 1369 traduci
652 1343 756 1369 curavit
771 1341 842 1378 (l9);
859 1344 916 1371 lau-

131 1385 241 1411 dabitur
254 1389 281 1411 et
292 1385 396 1411 interitu
409 1384 593 1419 Evangelium,
607 1386 804 1421 Apostolusque
815 1396 863 1422 pro
875 1390 915 1415 di~

130 1430 204 1456 vinis
233 1429 364 1462 oraculis;
392 1429 531 1464 insurgere
553 1430 650 1464 poterit
670 1430 769 1458 Christi
796 1433 914 1464 mentio;

130 1476 310 1511 explicabitur
336 1476 466 1510 paulatim
491 1475 549 1510 ejus
574 1476 631 1503 sola
652 1476 796 1510 divinitas;
824 1480 915 1506 omnia

131 1522 190 1549 haec
205 1529 266 1548 cum
281 1521 380 1548 Christi
398 1521 534 1555 adjutorio
549 1521 691 1555 provenire
706 1526 826 1556 possent.

168 1567 242 1594 Sciat
265 1574 328 1602 ergo
343 1567 387 1593 ille
406 1567 489 1594 libros
514 1574 608 1594 omnes
632 1575 701 1602 quos
720 1568 845 1603 princeps
868 1569 915 1596 ha-

130 1613 234 1645 buerit;
261 1620 331 1646 same
352 1612 413 1639 illos
432 1611 549 1638 revolvat
567 1616 593 1639 et
615 1620 664 1639 suo
690 1612 785 1639 ordine
805 1621 852 1647 per
872 1614 915 1640 iu-
929 1610 950 1637 C

130 1661 217 1687 (licem
230 1659 343 1694 pulchre
359 1659 484 1693 disponat
500 1667 507 1685 :
524 1658 546 1685 si
563 1665 627 1683 vero
651 1665 735 1685 novos
755 1659 797 1685 vel
812 1664 914 1687 veteres

129 1705 276 1733 transcribi
298 1704 413 1736 curabit,
433 1703 539 1731 studeat
561 1703 796 1732 emendatissimos
817 1705 914 1733 habere
941 1712 943 1716 '

130 1751 257 1778 librarios
273 1759 279 1778 :
295 1749 366 1784 quod
394 1749 416 1777 si
439 1748 497 1776 fieri
520 1755 573 1775 non
596 1752 699 1783 potest,
724 1748 797 1775 viros
820 1749 914 1777 doctos

128 1798 165 1825 ad
177 1796 373 1833 emendandum
387 1796 524 1830 disponat,
541 1795 648 1830 illisque
660 1802 708 1829 pro
722 1795 859 1823 laboribus
870 1796 914 1830 ju-

130 1847 173 1871 ste
193 1842 356 1875 satisfaciat;
375 1847 476 1869 veteres
502 1842 565 1868 item
580 1841 686 1868 codices
700 1848 748 1875 pro
768 1841 914 1875 indigentia

129 1889 257 1918 resarciri
278 1893 414 1924 procuret,
436 1892 566 1922 oruetque
582 1895 636 1914 non
650 1890 755 1914 tantum
771 1887 803 1913 ad
819 1895 914 1921 super-

129 1937 250 1965 stitiosos
266 1939 406 1970 sumptus,
428 1938 557 1969 quantum
572 1934 605 1960 ad
621 1933 684 1960 utile
704 1939 913 1966 ornamentum;

130 1983 222 2018 itaque
238 1981 318 2010 scribi
335 1981 362 2007 in
379 1980 525 2015 purpureis
537 1979 701 2021 membranis
715 1984 741 2006 et
753 1979 850 2007 litteris
864 1987 913 2006 au-

130 2029 185 2057 reis
199 2033 269 2056 totos
284 2027 401 2058 codices,
421 2027 473 2054 nisi
496 2025 648 2061 specialiter
663 2025 788 2060 princeps
803 2026 913 2053 deman-

131 2073 245 2106 daverit,
271 2079 326 2099 non
351 2071 477 2104 aﬂectet;
496 2070 587 2098 omnia
603 2075 691 2097 tamen
707 2069 805 2097 Caesari
819 2075 893 2105 grata
905 2090 912 2102 ,

131 2119 248 2145 maxima
264 2125 325 2145 cttm
341 2116 493 2144 obedientia
508 2119 696 2150 prosequetur.
719 2114 849 2149 Suggeret
865 2122 913 2149 pro

129 2172 211 2199 posse
224 2168 251 2191 et
265 2163 340 2190 omni
351 2170 413 2190 cum
430 2161 561 2189 modestia
582 2160 706 2195 principi,
725 2165 754 2187 ut
768 2168 815 2188 eos
830 2160 911 2195 legat,

129 2210 172 2237 vel
187 2210 238 2245 legi
254 2208 346 2236 audiat
358 2204 452 2240 libros,
464 2206 509 2242 qui
529 2211 555 2233 et
573 2206 655 2233 statui
670 2209 696 2233 et
715 2206 811 2233 honori
827 2206 910 2237 illius,

130 2265 163 2284 ac
181 2256 290 2284 utilitati
306 2255 390 2290 magis
403 2262 485 2290 quam
504 2252 691 2281 tantummodo
704 2252 833 2287 voluptati
847 2260 910 2279 con-

130 2303 242 2330 veniant
264 2311 271 2329 :
294 2305 389 2328 noscat
414 2300 470 2335 ipse
493 2299 568 2334 prius
588 2298 688 2333 optime
712 2298 787 2329 illos;
811 2297 910 2332 saepius

130 2348 227 2376 deinde
242 2355 335 2375 coram
348 2346 468 2381 principe
480 2345 580 2376 laudet,
599 2352 630 2371 ac
648 2341 741 2370 eet-um
754 2343 800 2378 qui
813 2351 912 2378 appro-

130 2394 194 2421 bant
210 2392 392 2421 testimonium
405 2396 432 2418 ct
442 2391 616 2418 auctoritates
628 2389 769 2417 commode
785 2389 909 2424 explicet,

130 2448 165 2466 ne
179 2446 228 2466 suo
243 2438 333 2466 sensui
348 2442 453 2464 tantum
470 2437 591 2463 videatur
606 2436 694 2463 inniti.

167 2484 235 2512 Vill.
255 2484 306 2517 Qui
328 2491 391 2510 vero
416 2491 515 2517 corpus
533 2482 661 2517 principis
683 2487 779 2508 curare
799 2480 908 2512 habent,

132 2531 186 2558 sint
199 2531 225 2557 in
242 2530 369 2557 omnibtts
384 2536 464 2563 quam
481 2526 687 2562 promptissimi,
702 2525 781 2552 hilari
792 2532 909 2559 semper.

131 2581 160 2604 nt
177 2576 305 2609 diximus,
320 2575 407 2607 vultu,
426 2574 505 2601 faceti
520 2580 726 2607 nonnunquam,
742 2572 788 2599 sed
804 2579 910 2599 summa

131 2630 236 2658 semper
249 2630 310 2650 cum
323 2620 464 2652 modestia,
478 2627 557 2655 quam
579 2619 606 2645 in
624 2618 699 2645 vobis
716 2618 843 2645 omnibus
858 2625 913 2651 prae

130 2669 235 2696 ueteris
263 2667 343 2695 rebus
365 2665 474 2697 laudet,
501 2664 628 2698 illamque
652 2671 684 2690 ex
707 2663 764 2698 ipsa
784 2662 913 2696 religione

130 2713 230 2741 Christi
254 2712 395 2748 provenire
423 2715 577 2745 cognoscat.
606 2708 670 2736 Sitis
689 2713 716 2735 et
747 2715 794 2734 vos
817 2715 911 2734 omnes

182 2776 193 2792 ⁷
210 2771 315 2799 Coloss.
336 2778 372 2803 tv,
388 2769 415 2796 6.

166 2833 222 2868 (l9)
241 2831 379 2859 Notandus
396 2830 442 2858 hic
461 2830 548 2868 locus,
559 2828 612 2868 ‘ubi
626 2826 909 2868 auctppl'atttlatdiri-

131 2861 179 2896 nati
190 2861 374 2902 scripturas...
387 2873 489 2900 quas...
503 2861 869 2902 Ptolemmusul‘hilndelphus
885 2868 910 2902 tu

132 2897 380 2932 unoudms’rnu
396 2897 508 2927 'trnduci
526 2900 635 2926 curavit.
661 2897 799 2939 llincjure
822 2901 911 2931 arguit

453 2769 464 2785 '
476 2767 497 2795 ll
511 2768 573 2796 Cor.
594 2775 631 2800 xt,
645 2767 688 2794 l9.
724 2767 735 2782 °
757 2765 839 2793 Marc.
854 2773 891 2795 ιιι,
909 2765 953 2793 25.

968 985 1066 1006 VllllllS.

1004 1024 1031 1050 Si
1051 1024 1083 1050 ad
1101 1025 1248 1060 Augustam
1264 1029 1408 1055 accesserit
1424 1030 1557 1065 princeps,
1582 1032 1622 1059 vel
1644 1033 1700 1067 ipsa
1716 1040 1750 1060 'a-I

967 1068 1053 1098 illum.
1076 1070 1136 1097 sitis
1156 1075 1220 1098 tunc
1243 1079 1292 1099 vos
1309 1080 1416 1107 quoque
1431 1080 1456 1100 et
1472 1076 1557 1102 oculis
1581 1080 1608 1103 et
1630 1082 1705 1109 cestu
1725 1083 1752 1105 ‹-ι

966 1114 1055 1140 verbis
1075 1116 1200 1143 omnibus
1222 1124 1302 1151 quam
1327 1119 1568 1153 cmnpositissimi;
1595 1122 1683 1148 videat
1707 1123 1749 1149 illa

967 1162 1083 1186 vestram
1102 1161 1295 1188 continentiam
1310 1166 1335 1189 et
1355 1164 1532 1197 modestiam;
1556 1165 1664 1192 videant
1678 1167 1750 1193 illius

966 1204 1078 1232 comites
1095 1210 1121 1232 et
1137 1207 1311 1241 pezlisseqnte,
1340 1208 1446 1235 videant
1469 1215 1493 1236 ct
1512 1211 1688 1245 admirentur,
1708 1218 1750 1238 at-

966 1258 1019 1284 que
1031 1250 1093 1278 inde
1104 1250 1195 1278 Jcsum
1215 1252 1352 1280 Christum
1366 1254 1510 1282 Dominum
1525 1254 1644 1284 nostrum
1662 1258 1687 1284 itt
1702 1266 1750 1284 vo—

966 1296 1007 1323 bis
1033 1296 1099 1331 ipsis
1134 1298 1296 1325 collaudent.
1329 1299 1446 1334 Lor/uela
1479 1306 1563 1328 vestra
1583 1311 1688 1338 semper
1716 1304 1750 1331 sit

966 1349 1046 1375 parca
1069 1346 1095 1369 et
1112 1344 1244 1377 modesta,
1264 1350 1344 1379 atque
1370 1347 1499 1381 religione
1519 1349 1592 1375 velut
1614 1350 1668 1375 sale
1688 1358 1751 1376 con-

965 1389 1022 1415 dita
1037 1390 1057 1415 ⁷.
1073 1389 1150 1417 Nulla
1166 1399 1277 1426 prorsus
1299 1393 1368 1420 inter
1381 1402 1427 1419 vos
1441 1395 1475 1421 sit
1490 1395 1601 1427 invidia,
1619 1402 1665 1423 aut
1681 1405 1749 1424 cou-

966 1434 1063 1467 tentio,
1089 1443 1147 1469 qua:
1165 1435 1191 1462 in
1210 1443 1318 1463 omnem
1343 1437 1530 1465 confusionem
1546 1445 1572 1467 et
1588 1441 1748 1468 divisionem

965 1486 1013 1506 vos
1026 1480 1183 1512 deduceret,
1210 1486 1237 1508 ct
1258 1482 1297 1510 sic
1312 1491 1419 1518 quoque
1440 1484 1466 1511 in
1486 1485 1576 1512 odium
1601 1487 1700 1514 Christi
1723 1492 1750 1514 et

965 1525 1096 1560 principis
1119 1530 1200 1561 atque
1215 1535 1349 1555 summam
1372 1530 1601 1558 abominationem
1619 1533 1749 1567 perduce-

967 1575 1017 1604 ret,
1036 1579 1086 1599 nec
1101 1572 1168 1607 lapis
1180 1578 1323 1601 structurae
1337 1579 1433 1602 vestra:
1447 1583 1526 1610 supra
1543 1576 1659 1612 lapidem
1677 1584 1750 1606 state

967 1622 1068 1650 posset.

1002 1662 1047 1690 lx.
1067 1663 1100 1690 Et
1128 1669 1176 1696 tu,
1209 1664 1327 1691 Luciane
1353 1666 1531 1700 charis‘sime,
1561 1675 1622 1696 cutn
1641 1669 1679 1697 sis
1704 1678 1750 1698 sa-

965 1708 1041 1742 piens
1056 1708 1077 1740 “,
1104 1708 1217 1736 libenter
1232 1714 1361 1745 supporta
1379 1711 1537 1746 insipientes
1553 1720 1560 1745 ;
1587 1718 1614 1740 et
1640 1713 1690 1748 ipsi
1705 1723 1750 1742 sa-

965 1754 1070 1788 pientes
1087 1754 1162 1781 fiant.

1002 1800 1072 1827 Nulli
1088 1809 1206 1836 unquam
1227 1802 1376 1829 molestiam
1393 1802 1499 1834 inferte,
1516 1804 1618 1832 nullum
1632 1806 1665 1833 ad
1677 1807 1747 1836 iram

967 1845 1111 1873 concitate.
1141 1844 1168 1871 Si
1197 1845 1273 1874 vobis
1301 1846 1398 1881 injuria
1422 1848 1575 1882 irrogatur,
1602 1850 1628 1877 in
1653 1849 1745 1879 Jesnm

964 1891 1100 1918 Christum
1127 1892 1271 1926 respicite;
1296 1897 1322 1919 et
1344 1895 1571 1927 quemadmodum
1598 1897 1696 1930 optatis
1717 1903 1747 1925 ut

968 1937 1044 1964 vobis
1061 1938 1117 1972 ipse
1136 1938 1271 1970 remittat,
1291 1939 1330 1966 sic
1352 1944 1378 1966 et
1397 1948 1443 1967 vos
1463 1940 1516 1967 illis
1529 1941 1654 1969 dimittite
1668 1944 1678 1959 ’
1694 1944 1707 1971 ε’
1719 1949 1746 1970 ct

965 1986 1029 2008 tunc
1050 1989 1290 2017 quoqueomnem
1311 1984 1438 2011 invidiam
1469 1985 1691 2021 snpplantabitis;
1718 1994 1746 2015 et

964 2032 1044 2062 caput
1065 2027 1169 2062 antiqui
1194 2029 1325 2062 serpentis
1354 2031 1497 2057 conterctis
1520 2031 1558 2063 η,
1579 2032 1625 2066 qui
1648 2034 1744 2061 vestris

964 2072 1042 2099 bonis
1056 2073 1182 2107 operibus
1197 2077 1223 2100 et
1236 2074 1408 2102 successibus
1421 2076 1493 2102 omni
1512 2084 1573 2103 cum
1590 2078 1689 2104 astutia
1702 2079 1744 2105 in-

964 2118 1087 2145 sidiatur.
1116 2118 1175 2145 Non
1196 2124 1336 2154 prartcreat
1351 2121 1408 2148 dies
1429 2122 1494 2155 quin
1508 2128 1658 2156 opportuno
1676 2128 1744 2151 tem-

964 2172 1029 2200 pore
1047 2166 1109 2192 dato
1123 2165 1223 2200 aliquid
1244 2173 1381 2193 sacrarum
1396 2167 1540 2193 lectionum
1558 2168 1665 2202 legatis,
1690 2170 1742 2196 ali-

963 2210 1028 2245 quid
1045 2211 1274 2245 contemplemini,
1293 2219 1341 2239 nec
1354 2219 1438 2239 sacra:
1452 2212 1597 2246 Scriptura:
1609 2214 1724 2241 litteratu
1735 2229 1741 2235 -

963 2263 1020 2283 ram
1035 2263 1147 2290 prorsus
1161 2256 1308 2291 abjiciatis;
1323 2257 1389 2284 nihil
1404 2257 1470 2284 adeo
1484 2258 1601 2285 animam
1617 2259 1703 2293 pascit
1715 2265 1743 2287 ct

963 2307 1079 2329 mentem
1102 2302 1259 2337 impinguat,
1283 2303 1353 2330 sicut
1369 2311 1453 2331 sacra:
1468 2303 1569 2331 faciunt
1586 2305 1715 2334 lectiones
1734 2317 1740 2334 :

963 2348 1009 2375 sed
1031 2355 1064 2374 cx
1087 2347 1140 2374 illis
1162 2348 1233 2375 hunc
1252 2349 1368 2374 maxime
1387 2349 1474 2383 capite
1496 2349 1625 2382 fructum,
1644 2356 1674 2378 ut
1692 2359 1741 2386 pa-

961 2393 1054 2420 tientia
1075 2397 1164 2419 vestra
1181 2393 1255 2425 juste
1278 2398 1303 2420 et
1327 2393 1387 2428 pie,
1417 2394 1469 2421 hnc
1494 2399 1535 2422 est
1560 2396 1588 2422 in
1611 2397 1742 2425 eharitate

960 2437 1076 2469 Christi,
1095 2441 1184 2464 vestra
1203 2437 1287 2464 ollicia
1307 2438 1492 2472 exsequamini
1506 2458 1513 2470 ,
1537 2443 1563 2466 ct
1587 2441 1741 2468 transitoria

961 2483 1053 2510 omnia
1068 2483 1103 2510 ob
1118 2483 1177 2517 ejus
1194 2482 1386 2517 promissiones
1407 2488 1523 2511 aeternas
1546 2487 1739 2516 eontemnatis.

963 2536 1023 2563 quae
1037 2536 1102 2556 sane
1117 2536 1226 2555 sensum
1240 2536 1347 2555 omnem
1370 2532 1397 2555 et
1413 2529 1575 2556 intellectum
1592 2531 1738 2557 humanum

962 2579 1124 2609 exsuperant
1139 2575 1170 2606 “,
1186 2580 1212 2601 et
1226 2582 1275 2601 vos
1289 2575 1359 2608 ipsos
1376 2574 1402 2601 in
1418 2574 1570 2602 felicitatem
1585 2580 1739 2609 perpetuam

963 2621 1122 2648 condnccnt.
1142 2620 1207 2647 Vale
1220 2620 1332 2647 feliciter
1344 2620 1371 2647 in
1382 2620 1502 2652 Christo,
1516 2620 1552 2647 mi
1565 2620 1671 2647 domine
1687 2620 1740 2647 Lu-

962 2674 1049 2693 ctane.

993 2766 1013 2781 ¹⁰
1031 2765 1110 2793 Rom.
1127 2773 1182 2798 xvr,
1201 2764 1246 2792 20.

963 2826 1104 2857 Acherius,
1131 2826 1199 2853 hanc
1224 2824 1363 2860 epistolam
1380 2824 1413 2850 ab
1428 2823 1535 2851 homine
1550 2823 1643 2853 Gneco
1658 2824 1741 2853 fuisse

963 2863 1149 2897 perscriptam.

1285 2765 1305 2780 “
1322 2764 1437 2799 Philipp.
1452 2771 1488 2795 1v,
1505 2763 1528 2789 'l.
