3982 6346
503 353 640 410 1679

1412 349 1750 407 ΑῡΒΕΝυΑ.
1786 381 1852 389 —-
1887 348 1945 404 S.
1986 345 2273 403 DIONYSII
2325 341 2785 405 ALEXANDRINI

3580 352 3716 409 {580

500 474 628 529 dum
667 471 915 537 Paulum,
960 469 1128 524 inllat.
1190 470 1333 524 Dixit
1384 486 1566 540 porro,
1614 470 1755 527 sicut
1797 469 2030 537 scriptun

2161 468 2360 533 φυσιοῖ.
2385 462 2531 520 Eine
2569 466 2645 527 δὲ,
2681 465 2824 520 καθὰ
2868 465 3194 534 γέγραπται,
3242 464 3340 520 καί
3390 470 3717 535 τρισχιλίας

498 576 599 630 est,
632 567 791 619 etiam
843 564 944 617 tria
996 562 1162 616 millia
1209 561 1488 631 parabolas
1522 561 1575 627 ³,
1619 561 1713 616 sed
1754 574 1862 615 non
1894 558 2054 628 spiri-

500 659 702 724 tuales,
747 672 931 713 verum
983 657 1170 726 quales
1212 657 1488 712 communi
1530 656 1727 725 politiae
1774 656 2051 709 hominum

480 755 803 817 congruunt
829 766 841 800 :
871 755 997 816 puta
1027 747 1093 800 de
1127 745 1453 800 animalibus
1498 746 1580 799 vel
1625 743 2048 811 medicamentis.

495 838 673 903 Quare
700 838 861 892 etiam
888 838 1091 892 urbane
1112 838 1388 907 subjunxit
1412 857 1424 890 :
1453 835 1610 899 Novi,
1637 838 1760 906 quia
1787 837 1933 906 atqui
1959 836 2050 889 hoc

382 940 389 946 '
491 939 571 982 est
608 929 847 984 voluntas
882 930 1115 997 spiritus.
1157 927 1442 983 Multitudo
1489 938 1666 982 autem
1707 928 2048 997 cognitionis,

493 1029 602 1068 non
643 1030 765 1085 quae
810 1016 881 1070 sit
918 1016 1087 1070 sancti
1142 1014 1370 1085 Spiritus
1399 1056 1412 1079 ,
1466 1017 1558 1071 sed
1605 1016 1747 1086 quod
1802 1016 2049 1086 princ'eps

490 1112 745 1169 Operatur
780 1105 940 1173 hujus
983 1104 1189 1168 mundi,
1224 1106 1496 1175 mittitque
1546 1107 1889 1176 supplantare
1934 1107 2051 1160 ani-

491 1209 641 1259 mas,
677 1195 937 1249 sollicitus
966 1197 1118 1249 valde
1166 1197 1231 1251 de
1277 1196 1709 1251 dimensionibus
1749 1198 1904 1262 cmli,
1942 1199 2047 1251 situ

490 1293 679 1352 teme,
710 1287 906 1340 ﬁnibus
938 1288 1121 1343 maris.
1162 1288 1229 1342 At
1268 1290 1359 1358 qui
1404 1288 1593 1341 harum
1641 1304 1821 1342 rerum
1862 1289 2046 1357 adjicit

488 1378 865 1447 cognitionem,
926 1380 1109 1447 adjicit
1148 1379 1395 1433 dolorem.
1438 1378 1759 1434 Scrutanlur
1804 1381 1947 1434 enim
1996 1391 2048 1436 et

485 1485 605 1538 quae
639 1479 766 1524 sunt
808 1471 891 1524 his
925 1471 1115 1527 altiora
1146 1491 1158 1525 :
1194 1487 1314 1542 quae
1342 1487 1533 1542 nempe
1561 1473 1857 1528 necessitas
1885 1474 1953 1527 sit
1989 1484 2047 1528 ut

484 1561 624 1630 ignis
654 1577 873 1616 sursum
911 1560 1136 1630 feratur,
1174 1579 1311 1633 aqua
1355 1564 1631 1620 deorsum.
1683 1566 1761 1620 Ac
1793 1566 1882 1618 uhi
1912 1566 2047 1619 didi-

483 1651 651 1704 cerint
678 1690 693 1716 ,
738 1650 791 1705 id
847 1652 1159 1722 contingere
1194 1654 1321 1724 quia
1359 1654 1447 1709 ille
1499 1655 1718 1724 quidem
1756 1655 1889 1710 levis
1931 1646 2043 1722 est,

481 1741 596 1798 haec
629 1744 841 1812 gravis;
879 1744 1140 1813 adjiciunt
1173 1745 1437 1810 dolorem,
1468 1756 1770 1815 quaerentes
1796 1764 1894 1803 cur
1933 1765 2040 1803 non

483 1834 662 1902 potius
698 1844 883 1890 contra
926 1834 1124 1891 factum
1158 1836 1246 1891 sit.

1138 1930 1287 1984 CAP.
1327 1929 1389 1984 ll.

548 2019 611 2073 V.
653 2021 703 2075 l.
735 2020 860 2074 Dixi
891 2036 982 2092 ego
1009 2022 1064 2073 in
1097 2023 1250 2076 corde
1274 2038 1385 2075 meo
1410 2036 1428 2075 :
1457 2021 1743 2085 Adesdum,
1781 2031 1925 2076 tenta
1952 2039 2041 2077 ceu

475 2114 529 2166 in
563 2114 922 2178 oblectatione,
958 2122 1006 2168 et
1035 2113 1148 2168 vide
1180 2115 1232 2167 in
1267 2114 1420 2172 bono.
1451 2116 1613 2185 Atqui
1651 2116 1747 2169 hoc
1786 2117 2013 2171 uanitas.

544 2290 880 2347 Tentaminis
910 2292 1108 2362 quippe
1138 2292 1330 2364 gratia,
1358 2302 1414 2348 et
1440 2308 1534 2363 per
1575 2294 1826 2351 accidens
1870 2310 1900 2350 a
1947 2311 2028 2365 ve-

472 2381 781 2436 nerabiliori
833 2393 887 2436 et
941 2383 1145 2443 duriori
1202 2383 1310 2438 vita
1369 2384 1514 2453 venit
1564 2384 1618 2438 in
1681 2387 2032 2454 voluptatem.

473 2470 884 2525 Oblectationem
920 2481 1095 2538 vocat,
1133 2487 1297 2544 quam
1334 2473 1414 2528 sic
1448 2474 1718 2543 appellant
1763 2475 2032 2530 homines.

471 2560 536 2614 In
589 2560 757 2624 bono,
808 2577 929 2632 qua:
978 2562 1104 2616 item
1161 2563 1298 2617 bona
1354 2566 1675 2619 nominant:
1722 2580 1842 2635 quae
1888 2565 2029 2620 haud

467 2662 729 2723 quantum
765 2655 896 2709 satis
931 2654 1200 2711 viviticant
1230 2670 1623 2724 possessorem,
1656 2672 1777 2727 quae
1803 2659 2027 2713 stultum

466 2743 703 2798 alliciunt
733 2755 1000 2815 agentem.

536 2836 599 2890 V.
637 2838 691 2891 2.
724 2837 876 2891 Risui
905 2839 1017 2890 dixi
1047 2836 1505 2892 Itallucinationem
1527 2854 1545 2891 :
1575 2847 1622 2892 et
1643 2839 1860 2904 ltetitite,
1890 2837 2030 2903 Quid

463 2930 607 2985 istud
640 2930 810 3000 facis?

534 3021 808 3091 Duplicem
842 3023 983 3076 risus
1015 3022 1173 3076 habet
1198 3020 1677 3077 hallucinationem
1710 3031 1864 3080 :tum
1895 3024 2024 3094 quia

462 3111 811 3168 hallucinatio
835 3123 1053 3182 generat
1085 3112 1248 3175 risus,
1282 3120 1336 3166 et
1366 3111 1549 3166 deﬂeri
1587 3127 1694 3168 non
1739 3113 1869 3169 sinit
1899 3130 2023 3185 pec-

2157 557 2514 624 παραϐολὰς,
2545 557 2657 611 ἀλλ’
2688 559 2748 611 οὐ
2786 557 2882 622 τὰς
2914 559 2973 611 ἐν
3013 557 3309 628 πνεύματι⁸
3339 557 3452 611 ἀλλ’
3491 557 3604 611 οἷαι
3648 564 3716 632 τῇ

2154 651 2306 719 κοινῇ
2330 649 2571 720 πολιτείᾳ
2591 650 2699 703 τῶν
2722 649 2818 702 ἀνθ
2828 649 3020 720 ρώπων
3043 650 3421 721 ἁρμόττουσιν·
3448 644 3560 703 οἷον
3584 651 3715 722 περὶ

2153 741 2306 806 ζώων
2339 741 2373 812 ἢ
2405 740 2727 812 φαρμάκων.
2752 740 2844 793 Διὸ
2879 741 2969 793 καὶ
3002 739 3376 793 ἀποσκώπτων
3412 743 3712 812 ἐπήγαγεν.

2156 834 2404 903 ’Ἐγ-νων,
2430 831 2519 886 ὅτι
2537 832 2635 885 καί
2653 849 2718 900 γε
2742 831 2918 884 τοῦτό
2938 832 3069 884 ἐστι
3089 832 3431 900 προαίρεσις
3452 835 3715 903 πνεύμα-

2151 937 2268 986 τος.
2300 920 2507 991 Πλῆθος
2552 919 2608 973 δὲ
2639 919 2909 988 γνώσεως,
2955 921 3016 973 οὐ
3046 918 3139 972 τοῦ
3187 921 3341 989 ἁγίου
3371 922 3712 994 Πνεύματος,

2150 1009 2262 1062 ἀλλ’
2290 1011 2424 1081 ὅπερ
2456 1012 2484 1063 ὁ
2531 1011 2710 1082 ἅρχων
2754 1012 2968 1082 ἐνεργεῖ
2994 1010 3182 1065 τούτου
3211 1012 3304 1065 τοῦ
3342 1014 3569 1085 κόσμου,
3614 1019 3712 1072 καὶ

2149 1102 2452 1171 ἐπιπέμπει
2497 1102 2834 1165 σκελίζεσθαι
2863 1103 2962 1166 τὰς
3005 1103 3199 1174 ψυχὰς,
3242 1105 3711 1178 πολυπραγμονῶν

2147 1192 2371 1262 οὐρανοῦ
2406 1193 2597 1263 μέτρα,
2645 1194 2746 1264 γῆς
2786 1193 2951 1257 θέσιν,
3000 1194 3273 1267 θαλάσσης
3297 1196 3531 1268 πέρατα.
3564 1200 3711 1254 ’Δλὶθ

2147 1285 2181 1335 ὀ
2199 1284 2537 1349 προστιθείς
2556 1284 2756 1337 τούτων
2769 1284 3009 1353 γνῶσιν,
3033 1288 3427 1355 προστίθησιν
3445 1290 3710 1360 ἄλγημα.

2159 1373 2447 1443 Ἐρευνῶσι
2485 1374 2593 1445 γὰρ
2623 1374 2690 1428 τὰ
2713 1376 2914 1428 τούτων
2942 1376 3232 1449 βαθύτερα,
3258 1379 3340 1443 τίς
3367 1383 3398 1450 ἡ
3431 1384 3591 1453 χρεία
3612 1383 3710 1438 τοῦ

2144 1464 2205 1516 τὸ
2233 1465 2341 1534 πῦρ
2369 1465 2478 1518 ἄνω
2508 1468 2727 1537 χωρεῖν,
2755 1466 2814 1519 τὸ
2834 1467 2890 1521 δὲ
2910 1467 3054 1539 ὕδωρ
3079 1469 3259 1535 κάτως
3294 1473 3387 1525 καὶ
3414 1472 3702 1542 μαθόντες.

2144 1555 2225 1608 ὃτι
2256 1556 2317 1609 τὸ
2343 1558 2439 1627 μὲν
2468 1557 2543 1619 ὡς
2574 1557 2791 1627 κοῦφον,
2819 1558 2878 1611 τὸ
2902 1559 2958 1612 δὲ
3000 1561 3075 1624 ὡς
3119 1561 3278 1634 βαρὺ,
3326 1564 3708 1634 προστιθέασιν

2143 1642 2384 1717 ἄλγημα,
2412 1649 2504 1700 καὶ
2536 1648 2679 1702 διατί
2712 1648 2786 1721 μὴ
2811 1650 3106 1718 ἀνάπαλινς

2793 1912 2947 1967 ΚΕΦ.
2983 1914 3056 1968 Β’.

2143 1999 2287 2069 Στιχ.
2323 2006 2391 2054 α’.
2438 1997 2625 2056 Εἶπον
2656 2003 2772 2072 ἐγὼ
2806 2006 2877 2057 ἐν
2904 2006 3116 2074 καρδίᾳ
3147 2025 3284 2077 μου⁸
3324 2012 3526 2079 Δεῦρο,
3568 2015 3699 2067 πεί-

2199 2106 2385 2158 ρασαι
2409 2092 2488 2158 ὡς
2512 2093 2580 2146 ἐν
2609 2097 2971 2166 εὐφροσύνῃ,
3005 2099 3099 2152 καί
3133 2098 3222 2153 ἴδε
3248 2101 3321 2153 ἐν
3345 2102 3560 2170 ἀγαθῷ.
3587 2108 3705 2160 Kal

2207 2199 2271 2251 τε
2301 2182 2473 2237 τοῦτο
2499 2186 2840 2255 ματαιότης.

2207 2273 2410 2344 Πείρας
2438 2275 2544 2347 γὰρ
2576 2276 2755 2343 ἕνεκα,
2787 2281 2881 2333 καὶ
2911 2282 3053 2336 κατά
3087 2284 3431 2356 συμϐεϐηκὸς
3460 2289 3562 2342 ἀπὸ
3600 2293 3691 2344 τοῦ

2139 2367 2455 2439 σεμνοτέρου
2503 2369 2594 2421 καὶ
2645 2371 3069 2442 κατεσκληκότος
3118 2375 3234 2445 βίου
3287 2375 3452 2451 ἦλθεν
3496 2385 3576 2447 εἰς
3602 2385 3693 2455 τὴν

2134 2454 2346 2549 ᾖδονήν.
2374 2459 2775 2531 Εὐφροσύνην
2805 2463 2864 2516 δέ
2894 2482 3076 2536 φησιν,
3110 2468 3174 2538 ἣν
3204 2454 3560 2541 ὀνομάζουσιν
3787 2534 3793 2549 ,η

2133 2542 2358 2616 θρωποι.
2403 2550 2505 2602 Ἐν
2532 2552 2730 2621 ἀγαθῷ
2749 2554 2823 2619 δὲ,
2856 2554 2892 2609 ἃ
2919 2557 3170 2612 καλοῦσιν
3197 2561 3398 2629 ἀγαθὰ,
3431 2564 3576 2638 ἆπερ
3601 2568 3698 2638 οὐχ

2134 2638 2293 2691 ἱκανὰ
2344 2640 2624 2705 ζωοποιεῖν
2662 2646 2751 2701 τὸν
2792 2650 3128 2721 κτησάμενον
3154 2652 3249 2726 (6),
3280 2655 3318 2709 ἃ
3346 2661 3572 2726 ματαιοῖ
3611 2660 3700 2712 τίαν

2134 2744 2455 2799 πραττοντα.

2201 2821 2348 2892 Στιχ.
2377 2823 2421 2894 β’
2478 2824 2560 2890 Τῷ
2582 2828 2788 2897 γέλωτι
2807 2827 2979 2886 εἶπον
3002 2838 3346 2906 περιφορὰν,
3373 2842 3473 2895 καὶ
3500 2842 3579 2911 τῇ
3610 2847 3701 2899 εὐ·-

2127 2914 2422 2983 φροσύνῃ,
2463 2916 2527 2970 Τί
2564 2918 2737 2973 τοῦτο
2768 2922 2990 2989 ποιεῖς

2194 3004 2397 3098 Διπλὴν
2429 3009 2457 3060 ὁ
2482 3008 2652 3076 γέλως
2682 3009 2793 3082 ἔχει
2836 3016 3164 3088 περιφορὰν·
3194 3019 3273 3073 ὅτι
3320 3022 3396 3091 τεζ
3422 3014 3725 3098 namq/api

2125 3097 2286 3189 γεννᾷ
2318 3097 2575 3189 γέλωτας,
2608 3102 2700 3154 καὶ
2732 3104 2944 3159 πενθεῖν
2975 3107 3035 3159 οὑ
3079 3116 3348 3184 συγχωρεί
3371 3115 3472 3178 τὰς
3514 3097 3698 3189 ἁμαρ-

460 3215 611 3269 cata;
664 3213 778 3259 tum
821 3204 951 3273 quia
988 3204 1072 3257 vir
1111 3203 1420 3275 huiusmodi
1463 3206 1847 3275 hallucinatur,
1881 3218 2022 3265 tem-

2141 3184 2265 3248 πίας,
2295 3187 2389 3239 καὶ⁹
2416 3188 2496 3241 ὃτι
2519 3186 2670 3254 οὗτος
2696 3194 3067 3266 περιφέρεται,
3103 3203 3323 3272 καιροὺς
3366 3205 3464 3257 καὶ
3492 3207 3696 3270 τόπους

461 3310 591 3365 pora
638 3303 693 3350 et
735 3295 852 3349 loca
884 3303 937 3348 et
969 3310 1225 3364 personas
1253 3305 1489 3355 mutans.
1536 3297 1716 3355 Evilat
1751 3300 1896 3355 enim
1937 3300 2022 3356 lu-

454 3394 663 3457 gentes.
707 3385 775 3439 Et
812 3386 1032 3453 lwtiliaz,
1067 3386 1207 3452 Quid
1250 3389 1393 3442 istud
1433 3389 1611 3459 facis?
1653 3389 1793 3457 Quid
1843 3393 2020 3464 pergis

459 3476 525 3531 ad
554 3491 650 3533 eos
695 3477 889 3547 quibus
924 3477 1006 3532 fas
1049 3493 1153 3533 non
1188 3486 1272 3534 est
1312 3480 1515 3534 laetari?
1562 3481 1626 3536 ad
1672 3483 2017 3551 temulentos,

457 3576 511 3622 et
537 3582 748 3635 avaros,
792 3576 847 3623 et
887 3570 1141 3637 rapaces?
1183 3568 1252 3623 Ut
1285 3571 1412 3640 quid
1442 3580 1622 3626 autem
1653 3582 1900 3643 tanquam
1938 3576 2017 3627 vi-

456 3676 581 3714 uum
603 3658 666 3715 ⁸2
694 3658 832 3726 Quia
868 3660 1050 3715 vinum
1081 3677 1177 3717 cor
1202 3662 1468 3718 exhilarat
1495 3682 1508 3718 :
1537 3663 1695 3719 mites
1731 3665 1875 3719 enim
1908 3666 2019 3721 etii-

456 3753 531 3805 cit
562 3752 829 3809 homines.
858 3753 1133 3808 Exhilarat
1170 3753 1300 3808 illud
1344 3755 1505 3810 etiam
1550 3772 1699 3819 caro,
1737 3773 1856 3828 qua:
1883 3773 2016 3815 con-

455 3843 613 3901 cinne
637 3855 692 3900 et
718 3855 839 3916 apte
869 3855 1133 3902 movetur.

527 4003 589 4059 V.
623 4004 676 4058 5.
713 4002 783 4057 Et
813 4020 902 4059 cor
933 4020 1102 4057 meum
1141 4004 1251 4058 dua:
1279 4006 1377 4061 vite
1409 4007 1509 4077 fuit
1553 4008 1609 4062 in
1652 4011 1932 4078 sapientia,
1963 4023 2015 4067 et

451 4095 688 4149 vincendi
717 4096 772 4149 in
802 4095 990 4149 ltetitia
1013 4110 1032 4148 :
1059 4096 1219 4150 donec
1246 4098 1444 4152 videam
1472 4101 1625 4170 quale
1650 4103 1841 4157 bonum
1880 4105 2009 4174 ﬁliis

451 4188 739 4253 hominum,
769 4188 907 4258 quod
954 4187 1145 4257 facient
1187 4189 1281 4242 sub
1325 4189 1455 4255 sole,
1498 4209 1769 4247 numerum
1806 4195 2009 4251 dierum

450 4292 572 4335 υιιω
596 4294 794 4335 eorum.

516 4450 810 4517 Deductus,
843 4453 1036 4523 inquit,
1068 4469 1163 4523 per
1196 4455 1516 4524 sapientiam
1562 4462 1813 4530 superavi
1854 4465 1999 4520 volu-

2126 3277 2458 3333 ἐναλλάττων
2486 3282 2577 3335 καὶ
2606 3284 2887 3355 πρόσωπα.
2921 3287 3111 3358 Φεύγει
3132 3291 3240 3364 γὰρ
3267 3296 3395 3357 τοὺς
3438 3296 3696 3351 πενθοῦν-

2126 3390 2242 3437 τας.
2268 3375 2379 3428 Καὶ
2409 3375 2484 3446 τῇ
2519 3380 2885 3453 εὐφροσύνῃ,
2927 3386 2987 3438 Tl
3026 3385 3200 3441 τοῦτο
3232 3388 3463 3455 ποιεῖς;
3490 3390 3558 3443 Τί
3595 3406 3693 3442 πον-

2128 3463 2257 3537 ρεύῃ
2301 3466 2438 3539 πρὸς
2481 3468 2574 3534 οὓς
2617 3472 2678 3524 οὐ
2729 3472 2885 3544 θέμις
2931 3476 3345 3549 εὑφραίνεσθαις
3396 3483 3533 3553 πρὸς
3561 3485 3692 3551 τοὺς

2126 3556 2390 3627 μεθύσους
2436 3562 2528 3613 καὶ
2568 3564 2889 3629 πλεονέκτας
2934 3569 3025 3621 καὶ
3057 3568 3350 3640 apem-(ag;
3383 3573 3482 3626 Διὰ
3528 3578 3583 3628 τί
3630 3578 3692 3632 δὲ

2121 3647 2202 3714 ὡς
2249 3644 2437 3715 alr-or;
2508 3653 2719 3724 Ἐπειδὴ
2768 3657 2864 3728 τὴν
2919 3659 3146 3731 καρδίαν
3195 3657 3335 3726 οἶνος
3375 3665 3686 3736 εὐφραίνει.

2123 3740 2472 3813 πραῦθύμους
2517 3745 2625 3818 γὰρ
2677 3749 2803 3812 τοὺς
2859 3750 3174 3823 ἀνθρώπους
3222 3755 3532 3829 ἐργάζεται·
3594 3761 3687 3813 εὐ-

2122 3831 2329 3901 φραίνει
2357 3832 2412 3886 δὲ
2443 3836 2611 3907 αὐτὴν
2638 3838 2730 3891 καὶ
2759 3838 2793 3910 ἡ
2824 3840 2979 3914 σὰρξ,
3012 3842 3246 3901 εὖτακτα
3274 3851 3567 3923 κινουμένη
3593 3853 3688 3905 καὶ

2123 3923 2340 3996 μέτρια.

2188 4015 2337 4085 Στιχ.
2368 4016 2438 4085 γ’.
2472 4018 2576 4073 Kal
2606 4022 2644 4089 ἠ
2664 4022 2875 4089 καρδία
2892 4042 3013 4094 μου
3040 4024 3353 4096 ὡδήγησεν
3372 4030 3444 4084 ἐν
3470 4033 3682 4100 σοφίᾳ,

2118 4104 2217 4157 καὶ
2252 4104 2357 4158 τοῦ
2396 4106 2689 4176 κρατῆσαι
2727 4110 2824 4165 ἐπὶ
2869 4115 3238 4187 εὐφροσύνῃ,
3274 4117 3386 4185 ἓως
3427 4116 3500 4175 οὗ
3543 4120 3683 4175 εἰδῶ

2118 4189 2291 4245 ποῖον
2335 4190 2402 4247 τὸ
2453 4194 2679 4262 ἀγαθὸν
2732 4199 2856 4265 τοῖς
2895 4200 3048 4267 υἱοῖς
3095 4203 3213 4257 τῶν
3254 4204 3596 4273 ἀνθρώπων,
3644 4209 3680 4262 ὃ

2117 4282 2481 4348 ποιήσουσιν
2510 4286 2625 4339 ὑπὸ
2654 4286 2761 4342 τὸν
2779 4288 2973 4358 ἣλιον,
2999 4293 3245 4363 ἀριθμὸν
3264 4294 3498 4364 ἡμερῶν
3529 4294 3683 4366 ζωῆς

2116 4372 2337 4430 αὐτῶν.
3186 4431 3199 4442 .

2200 4464 2531 4536 ὐδηγηθεὶς,
2556 4469 2739 4540 φησὶν,
2788 4471 2875 4525 διὰ
2925 4473 3114 4542 σοφίας
3154 4478 3533 4549 κατεκράτησα
3565 4480 3680 4532 τῶν

446 4551 621 4611 ptates
648 4544 703 4598 in
730 4544 931 4599 lattitia.
964 4544 1174 4615 Scepus
1204 4561 1329 4602 vero
1366 4548 1497 4603 mihi
1528 4553 1854 4623 cognitionis
1880 4555 2000 4623 fuit,

2141 4531 2449 4626 ιδονῶνμὲπὶ
2477 4531 2800 4634 εὐοροσύνῃο
2848 4531 3047 4628 exorto;
3073 4531 3129 4621 έέ
3164 4583 3255 4636 μοι
3295 4531 3393 4638 ei};
3419 4531 3677 4637 γνώσεως

445 4639 506 4685 ιιι
542 4632 673 4686 nulli
703 4633 782 4689 rei
806 4650 957 4689 vanae
985 4634 1091 4688 vita
1125 4643 1377 4702 vacaret;
1422 4639 1513 4693 sed
1561 4639 1762 4694 bonum
1795 4641 2004 4698 inveni-

445 4738 594 4789 rem,
641 4739 751 4794 quo
796 4725 918 4794 quis
966 4742 1187 4795 compos
1233 4726 1471 4795 eil‘ectus,
1508 4746 1615 4786 non
1664 4732 1880 4788 aberrat
1935 4736 2003 4790 ab

444 4813 592 4870 utilis
636 4813 863 4884 judicio.
915 4814 1070 4881 Quod
1120 4817 1392 4874 suﬁiciens
1436 4829 1519 4875 est
1570 4825 1999 4892 temporarium,

436 4906 816 4962 coextenditur
842 4917 1021 4962 autem
1056 4909 1152 4963 toti
1184 4911 1324 4965 vitaz.

514 4996 572 5052 ν.
589 4999 646 5054 4.
668 4997 931 5066 Ampliavi
962 5015 1089 5068 opus
1118 5017 1288 5055 meum
1309 5041 1324 5066 ,
1350 5003 1608 5072 aediﬁcavi
1636 5005 1764 5059 mihi
1784 5006 1998 5073 domos,

434 5088 675 5157 plantavi
706 5090 834 5144 mihi
861 5091 1056 5144 vineas.

511 5180 574 5236 ν.
606 5182 659 5237 5.
694 5180 825 5235 Feci
855 5182 979 5235 mihi
1012 5183 1187 5249 [tortos
1221 5195 1271 5238 et
1304 5187 1574 5241 viridaria.

508 5354 572 5411 V.
605 5357 657 5411 6.
701 5356 825 5412 Feci
869 5360 995 5412 mihi
1038 5365 1306 5417 natatoria
1350 5383 1625 5436 aquarum,
1658 5381 1712 5424 ut
1738 5372 1996 5441 efﬁcerem

432 5464 498 5503 ea:
526 5447 633 5503 illis
662 5449 858 5503 saltum
884 5453 1257 5520 germinantem
1287 5454 1447 5525 ligna.

506 5538 569 5594 ν.
603 5539 653 5592 7.
687 5539 908 5595 Possedi
940 5559 1112 5596 servos
1139 5558 1186 5600 et
1216 5547 1459 5615 ancillas,
1489 5560 1537 5602 et
1580 5567 1746 5608 rerum
1783 5555 1997 5625 fuerunt

503 5652 525 5685 ⁸
558 5651 621 5705 lll
642 5653 772 5725 Reg.
801 5672 872 5719 Iv,
898 5657 986 5712 52.
1063 5662 1085 5691 ⁸
1112 5658 1286 5718 Eccle.
1321 5678 1381 5728 ιι,
1408 5663 1461 5728 9.,
1496 5666 1546 5719 in
1571 5668 1646 5722 0’.

498 5774 576 5845 (6)
615 5774 713 5831 Ms.
742 5778 899 5830 κτισὲ
908 5795 1083 5849 μενον.

2109 4646 2169 4698 τὸ
2200 4648 2293 4700 ἐπὶ
2333 4648 2522 4719 μηδενὶ
2570 4654 2783 4724 ματαίῳ
2813 4654 2912 4726 τὴν
2949 4653 3093 4727 ζωὴν
3133 4658 3445 4730 ἀσχολῆσαι,
3490 4663 3675 4732 εὑρεῖν

2107 4735 2164 4789 δὲ
2189 4738 2249 4791 τὸ
2288 4739 2486 4806 ἀγαθόν
2505 4758 2519 4772 ⁸
2549 4738 2609 4797 οὗ
2637 4761 2720 4809 τις
2747 4744 2944 4815 τυχὼν,
2977 4748 3075 4819 οὐχ
3106 4748 3408 4822 ἁμαρτάνει
3445 4751 3548 4823 τῆς
3572 4754 3672 4808 τοῦ

2109 4830 2474 4903 συμφέροντος
2513 4835 2763 4907 κρίσεως.
2803 4841 2867 4891 Ὃ
2892 4838 3110 4909 διαρκές
3140 4843 3253 4895 ἐστι
3282 4844 3375 4897 καὶ
3400 4845 3673 4915 πρόσκαι-

2110 4936 2221 4991 ρον,
2250 4925 2316 4994 τῇ
2350 4923 2406 4977 δὲ
2432 4926 2615 5000 ἁπάσῃ
2640 4927 2749 4998 ζωῇ
2777 4932 3177 5002 παρατείνεται.

2177 5015 2324 5086 Στιχ.
2361 5018 2423 5072 δ’.
2492 5020 2863 5091 Ἐμεγάλυνα
2890 5025 3115 5095 ποίημά
3137 5044 3275 5096 μου·
3309 5027 3671 5100 ᾠκοδόμησά

2101 5123 2201 5174 μοι
2230 5108 2453 5175 οἴκους·
2481 5111 2782 5179 ἑφύτευσά
2814 5133 2916 5183 μοι
2945 5117 3316 5186 ἀμπελῶνας.

2176 5197 2323 5269 Στιχ.
2378 5207 2438 5253 ε’.
2505 5203 2791 5270 Ἐποίησά
2831 5224 2931 5275 μοι
2977 5207 3209 5275 κήπους
3259 5210 3664 5281 καὶπαραδει-

2147 5307 2274 5357 ους.

2173 5378 2318 5472 ξτιχ.
2348 5470 2362 5472 _
2384 5379 2461 5446 ς’.
2498 5384 2779 5455 Ἐποιήσά
2808 5407 2912 5458 μοι
2958 5394 3369 5464 κολυμϐήθρας
3402 5394 3659 5460 ὑδάτων,

2104 5470 2209 5514 τού
2231 5470 2477 5540 ποιῆσαι
2506 5476 2606 5529 ἀπ’
2632 5478 2826 5533 αὐτῶν
2850 5480 3075 5552 δρυμὸν
3094 5486 3453 5550 ,θλαστῶν-τα
3476 5487 3511 5551 ξ
3515 5489 3653 5540 6.1a.

2172 5562 2315 5633 Στιχ.
2353 5562 2416 5627 ξ’.
2467 5567 2845 5640 Ἐκτησὰμην
2880 5574 3137 5646 δούλους
3182 5579 3280 5634 καί
3312 5577 3653 5648 παιδίσκας,
