  <div class='ocr_page' id='page_1' title='image "/cluster/home/n/w/nwhite01/storage/ocr_20150623/10/hvd.32044073501348/806.png"; bbox 0 0 1991 3173; ppageno 0'>
   <div class='ocr_carea' id='block_1_1' title="bbox 171 195 239 224">
    <p class='ocr_par' dir='ltr' id='par_1_1' title="bbox 171 195 239 224">
     <span class='ocr_line' id='line_1_1' title="bbox 171 195 239 224; baseline 0 -1"><span class='ocrx_word' id='word_1_1' title='bbox 171 195 239 224; x_wconf 80' lang='grc'>1581</span> 
     </span>
    </p>
   </div>
   <div class='ocr_carea' id='block_1_2' title="bbox 669 206 1279 242">
    <p class='ocr_par' dir='ltr' id='par_1_2' title="bbox 669 206 1279 242">
     <span class='ocr_line' id='line_1_2' title="bbox 669 206 1279 242; baseline 0.015 -9"><span class='ocrx_word' id='word_1_2' title='bbox 669 206 940 237; x_wconf 75' lang='lat' dir='ltr'><em>COMMENTARIUS</em></span> <span class='ocrx_word' id='word_1_3' title='bbox 958 209 992 236; x_wconf 85' lang='lat' dir='ltr'><em>IN</em></span> <span class='ocrx_word' id='word_1_4' title='bbox 1010 209 1279 242; x_wconf 76' lang='lat' dir='ltr'><em>ECCLESIASTEM.</em></span> 
     </span>
    </p>
   </div>
   <div class='ocr_carea' id='block_1_3' title="bbox 1716 225 1785 254">
    <p class='ocr_par' dir='ltr' id='par_1_3' title="bbox 1716 225 1785 254">
     <span class='ocr_line' id='line_1_3' title="bbox 1716 225 1785 254; baseline 0.043 -3"><span class='ocrx_word' id='word_1_5' title='bbox 1716 225 1785 254; x_wconf 68' lang='grc'><em>1582</em></span> 
     </span>
    </p>
   </div>
   <div class='ocr_carea' id='block_1_4' title="bbox 167 254 928 314">
    <p class='ocr_par' dir='ltr' id='par_1_4' title="bbox 167 254 928 314">
     <span class='ocr_line' id='line_1_4' title="bbox 167 254 928 301; baseline 0.017 -21"><span class='ocrx_word' id='word_1_6' title='bbox 167 254 218 281; x_wconf 77' lang='grc' dir='ltr'><em>καὶ</em></span> <span class='ocrx_word' id='word_1_7' title='bbox 235 256 394 291; x_wconf 70' lang='grc' dir='ltr'><em>οἰκογενεῖς</em></span> <span class='ocrx_word' id='word_1_8' title='bbox 416 259 555 294; x_wconf 77' lang='grc' dir='ltr'><em>ἐγένοντό</em></span> <span class='ocrx_word' id='word_1_9' title='bbox 565 271 626 296; x_wconf 82' lang='grc' dir='ltr'>μοι.</span> <span class='ocrx_word' id='word_1_10' title='bbox 644 265 733 300; x_wconf 81' lang='grc' dir='ltr'>Καίγε</span> <span class='ocrx_word' id='word_1_11' title='bbox 752 266 858 301; x_wconf 79' lang='grc' dir='ltr'>κτῆσις</span> <span class='ocrx_word' id='word_1_12' title='bbox 875 268 928 300; x_wconf 69' lang='lat' dir='ltr'><em>ﬁat</em></span> 
     </span>
     <span class='ocr_line' id='line_1_5' title="bbox 168 302 826 314; baseline 0.02 -8"><span class='ocrx_word' id='word_1_13' title='bbox 168 302 272 314; x_wconf 42' lang='grc' dir='ltr'><em>Μην-</em></span> <span class='ocrx_word' id='word_1_14' title='bbox 297 304 343 314; x_wconf 75' lang='lat'>___.</span> <span class='ocrx_word' id='word_1_15' title='bbox 377 313 389 314; x_wconf 33' lang='grc' dir='ltr'><em>η</em></span> <span class='ocrx_word' id='word_1_16' title='bbox 465 307 470 314; x_wconf 96' lang='grc'><strong><em>,</em></strong></span> <span class='ocrx_word' id='word_1_17' title='bbox 536 308 542 314; x_wconf 94' lang='grc'>.</span> <span class='ocrx_word' id='word_1_18' title='bbox 571 309 577 314; x_wconf 93' lang='grc'><strong><em>,</em></strong></span> <span class='ocrx_word' id='word_1_19' title='bbox 643 310 648 314; x_wconf 90' lang='grc'>.</span> <span class='ocrx_word' id='word_1_20' title='bbox 823 313 826 314; x_wconf 48' lang='grc' dir='ltr'><em>ν</em></span> 
     </span>
    </p>
   </div>
   <div class='ocr_carea' id='block_1_5' title="bbox 977 254 1784 314">
    <p class='ocr_par' dir='ltr' id='par_1_5' title="bbox 977 268 1784 314">
     <span class='ocr_line' id='line_1_6' title="bbox 977 268 1784 314; baseline 0.02 -21"><span class='ocrx_word' id='word_1_21' title='bbox 977 268 1076 297; x_wconf 67' lang='lat' dir='ltr'><em>imi/ii.</em></span> <span class='ocrx_word' id='word_1_22' title='bbox 1107 270 1185 304; x_wconf 81' lang='lat' dir='ltr'><em>Atqui</em></span> <span class='ocrx_word' id='word_1_23' title='bbox 1199 274 1324 305; x_wconf 73' lang='lat' dir='ltr'><em>possessio</em></span> <span class='ocrx_word' id='word_1_24' title='bbox 1352 277 1462 302; x_wconf 84' lang='lat' dir='ltr'><em>armenti</em></span> <span class='ocrx_word' id='word_1_25' title='bbox 1489 282 1514 304; x_wconf 86' lang='lat' dir='ltr'><em>et</em></span> <span class='ocrx_word' id='word_1_26' title='bbox 1538 279 1621 314; x_wconf 82' lang='lat' dir='ltr'><em>gregis</em></span> <span class='ocrx_word' id='word_1_27' title='bbox 1644 280 1695 314; x_wconf 76' lang='lat' dir='ltr'><em>fuit</em></span> <span class='ocrx_word' id='word_1_28' title='bbox 1718 283 1784 309; x_wconf 84' lang='lat' dir='ltr'><em>mihi</em></span> 
     </span>
    </p>
   </div>
   <div class='ocr_carea' id='block_1_6' title="bbox 166 302 949 349">
    <p class='ocr_par' dir='ltr' id='par_1_6' title="bbox 166 302 949 349">
     <span class='ocr_line' id='line_1_7' title="bbox 166 302 949 349; baseline 0.02 -23"><span class='ocrx_word' id='word_1_29' title='bbox 166 302 272 329; x_wconf 75' lang='grc' dir='ltr'><em>κολίου</em></span> <span class='ocrx_word' id='word_1_30' title='bbox 295 304 344 330; x_wconf 79' lang='grc' dir='ltr'><em>καὶ</em></span> <span class='ocrx_word' id='word_1_31' title='bbox 368 307 506 340; x_wconf 72' lang='grc' dir='ltr'><em>ποιμνίου</em></span> <span class='ocrx_word' id='word_1_32' title='bbox 529 308 648 343; x_wconf 79' lang='grc' dir='ltr'><em>ἐγένετό</em></span> <span class='ocrx_word' id='word_1_33' title='bbox 662 320 713 346; x_wconf 79' lang='grc' dir='ltr'>μοι</span> <span class='ocrx_word' id='word_1_34' title='bbox 735 313 846 347; x_wconf 78' lang='grc' dir='ltr'><em>πολλὴ,</em></span> <span class='ocrx_word' id='word_1_35' title='bbox 874 315 949 349; x_wconf 84' lang='grc' dir='ltr'><em>ὑπὲρ</em></span> 
     </span>
    </p>
   </div>
   <div class='ocr_carea' id='block_1_7' title="bbox 165 346 948 393">
    <p class='ocr_par' dir='ltr' id='par_1_7' title="bbox 165 346 948 393">
     <span class='ocr_line' id='line_1_8' title="bbox 165 346 948 393; baseline 0.019 -20"><span class='ocrx_word' id='word_1_36' title='bbox 165 346 282 381; x_wconf 81' lang='grc' dir='ltr'><em>πάντας</em></span> <span class='ocrx_word' id='word_1_37' title='bbox 300 350 372 384; x_wconf 87' lang='grc' dir='ltr'><em>τοὺς</em></span> <span class='ocrx_word' id='word_1_38' title='bbox 390 353 569 389; x_wconf 76' lang='grc' dir='ltr'><em>γενομένους</em></span> <span class='ocrx_word' id='word_1_39' title='bbox 587 355 756 391; x_wconf 74' lang='grc' dir='ltr'>ἔμπροσθέν</span> <span class='ocrx_word' id='word_1_40' title='bbox 767 368 826 393; x_wconf 81' lang='grc' dir='ltr'><em>μου</em></span> <span class='ocrx_word' id='word_1_41' title='bbox 841 360 874 386; x_wconf 86' lang='grc' dir='ltr'><em>ἐν</em></span> <span class='ocrx_word' id='word_1_42' title='bbox 896 346 948 387; x_wconf 64' lang='grc' dir='ltr'><em>Ἱέ-</em></span> 
     </span>
    </p>
   </div>
   <div class='ocr_carea' id='block_1_8' title="bbox 162 395 334 430">
    <p class='ocr_par' dir='ltr' id='par_1_8' title="bbox 162 395 334 430">
     <span class='ocr_line' id='line_1_9' title="bbox 162 395 334 430; baseline 0.023 -11"><span class='ocrx_word' id='word_1_43' title='bbox 162 395 334 430; x_wconf 80' lang='grc' dir='ltr'><em>ρουσαλήμ.</em></span> 
     </span>
    </p>
   </div>
   <div class='ocr_carea' id='block_1_9' title="bbox 201 440 947 486">
    <p class='ocr_par' dir='ltr' id='par_1_9' title="bbox 201 440 947 486">
     <span class='ocr_line' id='line_1_10' title="bbox 201 440 947 486; baseline 0.019 -20"><span class='ocrx_word' id='word_1_44' title='bbox 201 440 274 476; x_wconf 85' lang='grc' dir='ltr'><em>Στιχ.</em></span> <span class='ocrx_word' id='word_1_45' title='bbox 291 445 324 477; x_wconf 88' lang='grc' dir='ltr'><em>η’.</em></span> <span class='ocrx_word' id='word_1_46' title='bbox 342 444 518 481; x_wconf 73' lang='grc' dir='ltr'>Συνήγαγόν</span> <span class='ocrx_word' id='word_1_47' title='bbox 530 456 581 482; x_wconf 80' lang='grc' dir='ltr'><em>μοι</em></span> <span class='ocrx_word' id='word_1_48' title='bbox 602 449 652 476; x_wconf 81' lang='grc' dir='ltr'>καί</span> <span class='ocrx_word' id='word_1_49' title='bbox 666 457 705 484; x_wconf 83' lang='grc' dir='ltr'>’γε</span> <span class='ocrx_word' id='word_1_50' title='bbox 725 451 875 486; x_wconf 75' lang='grc' dir='ltr'>ἀργύριον,</span> <span class='ocrx_word' id='word_1_51' title='bbox 897 454 947 480; x_wconf 86' lang='grc' dir='ltr'>καί</span> 
     </span>
    </p>
   </div>
   <div class='ocr_carea' id='block_1_10' title="bbox 164 488 944 529">
    <p class='ocr_par' dir='ltr' id='par_1_10' title="bbox 164 488 944 529">
     <span class='ocr_line' id='line_1_11' title="bbox 164 488 944 529; baseline 0.018 -17"><span class='ocrx_word' id='word_1_52' title='bbox 164 493 198 519; x_wconf 72' lang='grc' dir='ltr'>τε</span> <span class='ocrx_word' id='word_1_53' title='bbox 205 488 342 521; x_wconf 82' lang='grc' dir='ltr'><em>χρυσίον,</em></span> <span class='ocrx_word' id='word_1_54' title='bbox 351 490 400 516; x_wconf 78' lang='grc' dir='ltr'><em>καὶ</em></span> <span class='ocrx_word' id='word_1_55' title='bbox 409 494 662 528; x_wconf 72' lang='grc' dir='ltr'><em>περιουσιασμοὺς</em></span> <span class='ocrx_word' id='word_1_56' title='bbox 669 495 886 529; x_wconf 72' lang='grc' dir='ltr'><em>τῶνβασιλέων</em></span> <span class='ocrx_word' id='word_1_57' title='bbox 896 500 944 526; x_wconf 78' lang='grc' dir='ltr'><em>καὶ</em></span> 
     </span>
    </p>
   </div>
   <div class='ocr_carea' id='block_1_11' title="bbox 164 529 943 575">
    <p class='ocr_par' dir='ltr' id='par_1_11' title="bbox 164 529 943 575">
     <span class='ocr_line' id='line_1_12' title="bbox 164 529 943 575; baseline 0.017 -19"><span class='ocrx_word' id='word_1_58' title='bbox 164 529 223 557; x_wconf 84' lang='grc' dir='ltr'><em>τῶν</em></span> <span class='ocrx_word' id='word_1_59' title='bbox 237 532 349 566; x_wconf 83' lang='grc' dir='ltr'>χωρῶν.</span> <span class='ocrx_word' id='word_1_60' title='bbox 375 535 517 569; x_wconf 79' lang='grc' dir='ltr'><em>Ἑποίησά</em></span> <span class='ocrx_word' id='word_1_61' title='bbox 527 546 578 571; x_wconf 85' lang='grc' dir='ltr'>μοι</span> <span class='ocrx_word' id='word_1_62' title='bbox 594 537 722 572; x_wconf 77' lang='grc' dir='ltr'><em>ᾄδοντας</em></span> <span class='ocrx_word' id='word_1_63' title='bbox 735 540 784 568; x_wconf 78' lang='grc' dir='ltr'><em>καὶ</em></span> <span class='ocrx_word' id='word_1_64' title='bbox 800 541 943 575; x_wconf 77' lang='grc' dir='ltr'><em>ᾀδούσας,</em></span> 
     </span>
    </p>
   </div>
   <div class='ocr_carea' id='block_1_12' title="bbox 162 576 944 622">
    <p class='ocr_par' dir='ltr' id='par_1_12' title="bbox 162 576 944 622">
     <span class='ocr_line' id='line_1_13' title="bbox 162 576 944 622; baseline 0.015 -20"><span class='ocrx_word' id='word_1_65' title='bbox 162 576 211 603; x_wconf 79' lang='grc' dir='ltr'><em>καὶ</em></span> <span class='ocrx_word' id='word_1_66' title='bbox 224 578 397 613; x_wconf 69' lang='grc' dir='ltr'><em>τρυφήματα</em></span> <span class='ocrx_word' id='word_1_67' title='bbox 410 581 462 607; x_wconf 86' lang='grc' dir='ltr'><em>τοῦ</em></span> <span class='ocrx_word' id='word_1_68' title='bbox 475 581 541 608; x_wconf 73' lang='grc' dir='ltr'>υἱοῦ</span> <span class='ocrx_word' id='word_1_69' title='bbox 553 583 604 610; x_wconf 88' lang='grc' dir='ltr'><em>τοῦ</em></span> <span class='ocrx_word' id='word_1_70' title='bbox 619 584 785 618; x_wconf 75' lang='grc' dir='ltr'>ἀνθρώπου,</span> <span class='ocrx_word' id='word_1_71' title='bbox 806 587 944 622; x_wconf 79' lang='grc' dir='ltr'><em>οἰνοχόας</em></span> 
     </span>
    </p>
   </div>
   <div class='ocr_carea' id='block_1_13' title="bbox 153 622 373 658">
    <p class='ocr_par' dir='ltr' id='par_1_13' title="bbox 153 622 373 658">
     <span class='ocr_line' id='line_1_14' title="bbox 153 622 373 658; baseline 0.023 -12"><span class='ocrx_word' id='word_1_72' title='bbox 153 622 210 648; x_wconf 72' lang='grc' dir='ltr'><em>¹καὶ</em></span> <span class='ocrx_word' id='word_1_73' title='bbox 225 623 373 658; x_wconf 75' lang='grc' dir='ltr'><em>οἰνοχόον.</em></span> 
     </span>
    </p>
   </div>
   <div class='ocr_carea' id='block_1_14' title="bbox 197 667 942 712">
    <p class='ocr_par' dir='ltr' id='par_1_14' title="bbox 197 667 942 712">
     <span class='ocr_line' id='line_1_15' title="bbox 197 667 942 712; baseline 0.016 -19"><span class='ocrx_word' id='word_1_74' title='bbox 197 667 270 703; x_wconf 86' lang='grc' dir='ltr'><strong>Στιχ.</strong></span> <span class='ocrx_word' id='word_1_75' title='bbox 284 668 316 696; x_wconf 82' lang='grc' dir='ltr'>θ’,</span> <span class='ocrx_word' id='word_1_76' title='bbox 329 670 384 697; x_wconf 77' lang='grc' dir='ltr'><em>Καὶ</em></span> <span class='ocrx_word' id='word_1_77' title='bbox 396 671 611 709; x_wconf 53' lang='grc' dir='ltr'>ἐμεγαλύνθηντ</span> <span class='ocrx_word' id='word_1_78' title='bbox 622 674 670 701; x_wconf 76' lang='grc' dir='ltr'><em>καὶ</em></span> <span class='ocrx_word' id='word_1_79' title='bbox 680 676 852 710; x_wconf 77' lang='grc' dir='ltr'><em>προσέθηκα</em></span> <span class='ocrx_word' id='word_1_80' title='bbox 863 679 942 712; x_wconf 79' lang='grc' dir='ltr'><em>παρά</em></span> 
     </span>
    </p>
   </div>
   <div class='ocr_carea' id='block_1_15' title="bbox 160 713 940 757">
    <p class='ocr_par' dir='ltr' id='par_1_15' title="bbox 160 713 940 757">
     <span class='ocr_line' id='line_1_16' title="bbox 160 713 940 757; baseline 0.015 -18"><span class='ocrx_word' id='word_1_81' title='bbox 160 713 276 747; x_wconf 73' lang='grc' dir='ltr'><em>πάντας</em></span> <span class='ocrx_word' id='word_1_82' title='bbox 290 715 318 742; x_wconf 81' lang='grc' dir='ltr'><em>οἳ</em></span> <span class='ocrx_word' id='word_1_83' title='bbox 336 716 474 751; x_wconf 75' lang='grc' dir='ltr'><em>ἐγένοντο</em></span> <span class='ocrx_word' id='word_1_84' title='bbox 486 718 655 753; x_wconf 63' lang='grc' dir='ltr'>ἔμπροσθέν</span> <span class='ocrx_word' id='word_1_85' title='bbox 666 730 725 756; x_wconf 84' lang='grc' dir='ltr'><em>μου</em></span> <span class='ocrx_word' id='word_1_86' title='bbox 739 722 774 748; x_wconf 83' lang='grc' dir='ltr'><em>ἐν</em></span> <span class='ocrx_word' id='word_1_87' title='bbox 795 723 940 757; x_wconf 83' lang='grc' dir='ltr'><em>Ἰερουσα-</em></span> 
     </span>
    </p>
   </div>
   <div class='ocr_carea' id='block_1_16' title="bbox 158 759 659 801">
    <p class='ocr_par' dir='ltr' id='par_1_16' title="bbox 158 759 659 801">
     <span class='ocr_line' id='line_1_17' title="bbox 158 759 659 801; baseline 0.014 -15"><span class='ocrx_word' id='word_1_88' title='bbox 158 759 231 794; x_wconf 77' lang='grc' dir='ltr'><em>λήμ.</em></span> <span class='ocrx_word' id='word_1_89' title='bbox 254 762 310 788; x_wconf 83' lang='grc' dir='ltr'><em>Καί</em></span> <span class='ocrx_word' id='word_1_90' title='bbox 322 771 354 797; x_wconf 80' lang='grc' dir='ltr'><em>γε</em></span> <span class='ocrx_word' id='word_1_91' title='bbox 370 764 462 798; x_wconf 59' lang='grc' dir='ltr'><em>σοφία</em></span> <span class='ocrx_word' id='word_1_92' title='bbox 475 765 586 800; x_wconf 78' lang='grc' dir='ltr'><em>ἐστάθη</em></span> <span class='ocrx_word' id='word_1_93' title='bbox 600 775 659 801; x_wconf 81' lang='grc' dir='ltr'>μοι.</span> 
     </span>
    </p>
   </div>
   <div class='ocr_carea' id='block_1_17' title="bbox 194 807 936 851">
    <p class='ocr_par' dir='ltr' id='par_1_17' title="bbox 194 807 936 851">
     <span class='ocr_line' id='line_1_18' title="bbox 194 807 936 851; baseline 0.015 -19"><span class='ocrx_word' id='word_1_94' title='bbox 194 807 268 842; x_wconf 85' lang='grc' dir='ltr'><em>Στιχ.</em></span> <span class='ocrx_word' id='word_1_95' title='bbox 294 811 318 834; x_wconf 83' lang='grc' dir='ltr'><em>ι’.</em></span> <span class='ocrx_word' id='word_1_96' title='bbox 343 809 396 836; x_wconf 77' lang='grc' dir='ltr'><em>Καὶ</em></span> <span class='ocrx_word' id='word_1_97' title='bbox 413 809 474 837; x_wconf 78' lang='grc' dir='ltr'><em>πᾶν</em></span> <span class='ocrx_word' id='word_1_98' title='bbox 489 810 505 837; x_wconf 82' lang='grc' dir='ltr'>ὃ</span> <span class='ocrx_word' id='word_1_99' title='bbox 522 812 640 846; x_wconf 68' lang='grc' dir='ltr'><em>ᾔτησαν</em></span> <span class='ocrx_word' id='word_1_100' title='bbox 654 815 681 840; x_wconf 77' lang='grc' dir='ltr'><em>οἱ</em></span> <span class='ocrx_word' id='word_1_101' title='bbox 704 814 851 850; x_wconf 67' lang='grc' dir='ltr'><em>ὀφθαλμοί</em></span> <span class='ocrx_word' id='word_1_102' title='bbox 867 825 936 851; x_wconf 78' lang='grc' dir='ltr'>μου,</span> 
     </span>
    </p>
   </div>
   <div class='ocr_carea' id='block_1_18' title="bbox 157 851 938 895">
    <p class='ocr_par' dir='ltr' id='par_1_18' title="bbox 157 851 938 895">
     <span class='ocr_line' id='line_1_19' title="bbox 157 851 938 895; baseline 0.015 -19"><span class='ocrx_word' id='word_1_103' title='bbox 157 851 212 877; x_wconf 83' lang='grc' dir='ltr'><em>οὐκ</em></span> <span class='ocrx_word' id='word_1_104' title='bbox 238 852 364 886; x_wconf 60' lang='grc' dir='ltr'><em>ἁφεϋον</em></span> <span class='ocrx_word' id='word_1_105' title='bbox 384 854 434 880; x_wconf 80' lang='grc' dir='ltr'><em>ἀπ’</em></span> <span class='ocrx_word' id='word_1_106' title='bbox 457 855 563 883; x_wconf 80' lang='grc' dir='ltr'><em>αὐτῶν.</em></span> <span class='ocrx_word' id='word_1_107' title='bbox 592 858 651 884; x_wconf 72' lang='grc' dir='ltr'><em>Οὐκ</em></span> <span class='ocrx_word' id='word_1_108' title='bbox 676 859 857 886; x_wconf 77' lang='grc' dir='ltr'><em>ἀπεκώλυσα</em></span> <span class='ocrx_word' id='word_1_109' title='bbox 881 861 938 895; x_wconf 83' lang='grc' dir='ltr'><em>τὴν</em></span> 
     </span>
    </p>
   </div>
   <div class='ocr_carea' id='block_1_19' title="bbox 156 897 760 938">
    <p class='ocr_par' dir='ltr' id='par_1_19' title="bbox 156 897 760 938">
     <span class='ocr_line' id='line_1_20' title="bbox 156 897 760 938; baseline 0.017 -16"><span class='ocrx_word' id='word_1_110' title='bbox 156 897 283 930; x_wconf 77' lang='grc' dir='ltr'><em>καρδίαν</em></span> <span class='ocrx_word' id='word_1_111' title='bbox 293 907 352 932; x_wconf 89' lang='grc' dir='ltr'><em>μου</em></span> <span class='ocrx_word' id='word_1_112' title='bbox 370 900 427 927; x_wconf 74' lang='grc' dir='ltr'><em>ἀπὸ</em></span> <span class='ocrx_word' id='word_1_113' title='bbox 441 900 542 935; x_wconf 80' lang='grc' dir='ltr'><em>πάσης</em></span> <span class='ocrx_word' id='word_1_114' title='bbox 560 904 760 938; x_wconf 69' lang='grc' dir='ltr'><em>εὐφροσύνης.</em></span> 
     </span>
    </p>
   </div>
   <div class='ocr_carea' id='block_1_20' title="bbox 190 938 972 986">
    <p class='ocr_par' dir='ltr' id='par_1_20' title="bbox 190 938 972 986">
     <span class='ocr_line' id='line_1_21' title="bbox 190 938 972 986; baseline 0.015 -18"><span class='ocrx_word' id='word_1_115' title='bbox 190 942 318 978; x_wconf 83' lang='grc' dir='ltr'><em>Θεωρεῖς,</em></span> <span class='ocrx_word' id='word_1_116' title='bbox 334 945 407 976; x_wconf 83' lang='grc' dir='ltr'>ὅπως</span> <span class='ocrx_word' id='word_1_117' title='bbox 419 946 519 981; x_wconf 78' lang='grc' dir='ltr'>πλῆθος</span> <span class='ocrx_word' id='word_1_118' title='bbox 534 948 615 975; x_wconf 75' lang='grc' dir='ltr'>οἴκων</span> <span class='ocrx_word' id='word_1_119' title='bbox 632 950 678 976; x_wconf 82' lang='grc' dir='ltr'>καὶ</span> <span class='ocrx_word' id='word_1_120' title='bbox 698 951 800 986; x_wconf 80' lang='grc' dir='ltr'><em>ἀγρῶν,</em></span> <span class='ocrx_word' id='word_1_121' title='bbox 822 952 935 980; x_wconf 77' lang='grc' dir='ltr'>καὶτῶν</span> <span class='ocrx_word' id='word_1_122' title='bbox 952 938 972 964; x_wconf 73' lang='grc' dir='ltr'>Β</span> 
     </span>
    </p>
   </div>
   <div class='ocr_carea' id='block_1_21' title="bbox 154 986 936 1032">
    <p class='ocr_par' dir='ltr' id='par_1_21' title="bbox 154 986 936 1032">
     <span class='ocr_line' id='line_1_22' title="bbox 154 986 936 1032; baseline 0.017 -19"><span class='ocrx_word' id='word_1_123' title='bbox 154 986 320 1020; x_wconf 81' lang='grc' dir='ltr'>λοιπῶν,.ὦν</span> <span class='ocrx_word' id='word_1_124' title='bbox 338 999 429 1025; x_wconf 85' lang='grc' dir='ltr'>φησιν,</span> <span class='ocrx_word' id='word_1_125' title='bbox 447 992 609 1027; x_wconf 77' lang='grc' dir='ltr'><em>ἀριθμήσας,</em></span> <span class='ocrx_word' id='word_1_126' title='bbox 624 993 682 1021; x_wconf 71' lang='grc' dir='ltr'>εἶτα</span> <span class='ocrx_word' id='word_1_127' title='bbox 699 997 781 1031; x_wconf 77' lang='grc' dir='ltr'>μηδὲν</span> <span class='ocrx_word' id='word_1_128' title='bbox 792 998 820 1024; x_wconf 84' lang='grc' dir='ltr'>ὲν</span> <span class='ocrx_word' id='word_1_129' title='bbox 833 998 936 1032; x_wconf 80' lang='grc' dir='ltr'><em>τούτοις</em></span> 
     </span>
    </p>
   </div>
   <div class='ocr_carea' id='block_1_22' title="bbox 154 1034 934 1080">
    <p class='ocr_par' dir='ltr' id='par_1_22' title="bbox 154 1034 934 1080">
     <span class='ocr_line' id='line_1_23' title="bbox 154 1034 934 1080; baseline 0.018 -21"><span class='ocrx_word' id='word_1_130' title='bbox 154 1034 295 1069; x_wconf 74' lang='grc' dir='ltr'>ἑπικερδὲς</span> <span class='ocrx_word' id='word_1_131' title='bbox 313 1036 413 1072; x_wconf 80' lang='grc' dir='ltr'>εὑρών·</span> <span class='ocrx_word' id='word_1_132' title='bbox 429 1039 488 1065; x_wconf 68' lang='grc' dir='ltr'><em>οὐδὲ</em></span> <span class='ocrx_word' id='word_1_133' title='bbox 500 1039 554 1074; x_wconf 78' lang='grc' dir='ltr'><em>γὰρ</em></span> <span class='ocrx_word' id='word_1_134' title='bbox 567 1041 617 1076; x_wconf 80' lang='grc' dir='ltr'><em>τὴν</em></span> <span class='ocrx_word' id='word_1_135' title='bbox 630 1042 717 1078; x_wconf 75' lang='grc' dir='ltr'>ψυχὴν</span> <span class='ocrx_word' id='word_1_136' title='bbox 730 1044 759 1075; x_wconf 80' lang='grc' dir='ltr'><em>ἐξ</em></span> <span class='ocrx_word' id='word_1_137' title='bbox 774 1046 861 1072; x_wconf 75' lang='grc' dir='ltr'>αὐτῶν</span> <span class='ocrx_word' id='word_1_138' title='bbox 875 1046 934 1080; x_wconf 83' lang='grc' dir='ltr'>βελ-</span> 
     </span>
    </p>
   </div>
   <div class='ocr_carea' id='block_1_23' title="bbox 152 1079 935 1122">
    <p class='ocr_par' dir='ltr' id='par_1_23' title="bbox 152 1079 935 1122">
     <span class='ocr_line' id='line_1_24' title="bbox 152 1079 935 1122; baseline 0.019 -18"><span class='ocrx_word' id='word_1_139' title='bbox 152 1079 216 1106; x_wconf 85' lang='grc' dir='ltr'>τίων</span> <span class='ocrx_word' id='word_1_140' title='bbox 229 1081 345 1114; x_wconf 75' lang='grc' dir='ltr'>ἐγένετο,</span> <span class='ocrx_word' id='word_1_141' title='bbox 359 1083 418 1109; x_wconf 75' lang='grc' dir='ltr'>οὐδὲ</span> <span class='ocrx_word' id='word_1_142' title='bbox 435 1083 477 1110; x_wconf 78' lang='grc' dir='ltr'>διὰ</span> <span class='ocrx_word' id='word_1_143' title='bbox 488 1085 565 1112; x_wconf 74' lang='grc' dir='ltr'>τοῦτο</span> <span class='ocrx_word' id='word_1_144' title='bbox 579 1087 627 1122; x_wconf 84' lang='grc' dir='ltr'><em>τὴν</em></span> <span class='ocrx_word' id='word_1_145' title='bbox 639 1088 706 1122; x_wconf 77' lang='grc' dir='ltr'><em>πρὸς</em></span> <span class='ocrx_word' id='word_1_146' title='bbox 721 1089 786 1116; x_wconf 83' lang='grc' dir='ltr'>Θεὸν</span> <span class='ocrx_word' id='word_1_147' title='bbox 800 1091 935 1119; x_wconf 79' lang='grc' dir='ltr'>οἰκείωσιν</span> 
     </span>
    </p>
   </div>
   <div class='ocr_carea' id='block_1_24' title="bbox 152 1126 934 1174">
    <p class='ocr_par' dir='ltr' id='par_1_24' title="bbox 152 1126 934 1174">
     <span class='ocr_line' id='line_1_25' title="bbox 152 1126 934 1174; baseline 0.017 -23"><span class='ocrx_word' id='word_1_148' title='bbox 152 1126 296 1161; x_wconf 64' lang='grc' dir='ltr'><em>ἐκτήσατο⁸</em></span> <span class='ocrx_word' id='word_1_149' title='bbox 312 1129 465 1163; x_wconf 77' lang='grc' dir='ltr'><em>ἀναγκαίως</em></span> <span class='ocrx_word' id='word_1_150' title='bbox 475 1131 520 1158; x_wconf 78' lang='grc' dir='ltr'>ἐπὶ</span> <span class='ocrx_word' id='word_1_151' title='bbox 531 1132 576 1159; x_wconf 84' lang='grc' dir='ltr'><em>τὸν</em></span> <span class='ocrx_word' id='word_1_152' title='bbox 591 1133 676 1169; x_wconf 82' lang='grc' dir='ltr'>ἀληθῆ</span> <span class='ocrx_word' id='word_1_153' title='bbox 688 1134 812 1168; x_wconf 81' lang='grc' dir='ltr'>πλοῦτον,</span> <span class='ocrx_word' id='word_1_154' title='bbox 826 1137 872 1163; x_wconf 84' lang='grc' dir='ltr'>καὶ</span> <span class='ocrx_word' id='word_1_155' title='bbox 885 1138 934 1174; x_wconf 78' lang='grc' dir='ltr'><em>τὴν</em></span> 
     </span>
    </p>
   </div>
   <div class='ocr_carea' id='block_1_25' title="bbox 151 1170 933 1215">
    <p class='ocr_par' dir='ltr' id='par_1_25' title="bbox 151 1170 933 1215">
     <span class='ocr_line' id='line_1_26' title="bbox 151 1170 933 1215; baseline 0.018 -19"><span class='ocrx_word' id='word_1_156' title='bbox 151 1170 262 1204; x_wconf 77' lang='grc' dir='ltr'>βεϐαίαν</span> <span class='ocrx_word' id='word_1_157' title='bbox 271 1172 384 1208; x_wconf 77' lang='grc' dir='ltr'>ὓπαρξιν</span> <span class='ocrx_word' id='word_1_158' title='bbox 394 1175 439 1201; x_wconf 82' lang='grc' dir='ltr'><em>τὸν</em></span> <span class='ocrx_word' id='word_1_159' title='bbox 451 1175 528 1210; x_wconf 87' lang='grc' dir='ltr'>λόγον</span> <span class='ocrx_word' id='word_1_160' title='bbox 540 1179 723 1215; x_wconf 82' lang='grc' dir='ltr'><em>μετατίθησιν.</em></span> <span class='ocrx_word' id='word_1_161' title='bbox 740 1182 828 1214; x_wconf 80' lang='grc' dir='ltr'>Δεῖξαι</span> <span class='ocrx_word' id='word_1_162' title='bbox 845 1170 933 1210; x_wconf 72' lang='grc' dir='ltr'>τοίνυν</span> 
     </span>
    </p>
   </div>
   <div class='ocr_carea' id='block_1_26' title="bbox 151 1216 933 1264">
    <p class='ocr_par' dir='ltr' id='par_1_26' title="bbox 151 1216 933 1264">
     <span class='ocr_line' id='line_1_27' title="bbox 151 1216 933 1264; baseline 0.017 -22"><span class='ocrx_word' id='word_1_163' title='bbox 151 1216 290 1252; x_wconf 83' lang='grc' dir='ltr'>βουληθεὶς</span> <span class='ocrx_word' id='word_1_164' title='bbox 317 1222 380 1247; x_wconf 88' lang='grc' dir='ltr'>ποῖα</span> <span class='ocrx_word' id='word_1_165' title='bbox 400 1221 453 1247; x_wconf 83' lang='grc' dir='ltr'><em>τῶν</em></span> <span class='ocrx_word' id='word_1_166' title='bbox 479 1223 623 1258; x_wconf 81' lang='grc' dir='ltr'><em>κτημάτων</em></span> <span class='ocrx_word' id='word_1_167' title='bbox 646 1225 750 1252; x_wconf 80' lang='grc' dir='ltr'>ἵσταται</span> <span class='ocrx_word' id='word_1_168' title='bbox 774 1227 811 1262; x_wconf 83' lang='grc' dir='ltr'><em>τῷ</em></span> <span class='ocrx_word' id='word_1_169' title='bbox 832 1237 933 1264; x_wconf 81' lang='grc' dir='ltr'>κτησα-</span> 
     </span>
    </p>
   </div>
   <div class='ocr_carea' id='block_1_27' title="bbox 150 1262 930 1309">
    <p class='ocr_par' dir='ltr' id='par_1_27' title="bbox 150 1262 930 1309">
     <span class='ocr_line' id='line_1_28' title="bbox 150 1262 930 1309; baseline 0.018 -21"><span class='ocrx_word' id='word_1_170' title='bbox 150 1262 234 1298; x_wconf 82' lang='grc' dir='ltr'>μένῳ,</span> <span class='ocrx_word' id='word_1_171' title='bbox 252 1264 327 1299; x_wconf 80' lang='grc' dir='ltr'>μένει</span> <span class='ocrx_word' id='word_1_172' title='bbox 340 1275 369 1292; x_wconf 85' lang='grc' dir='ltr'><em>τε</em></span> <span class='ocrx_word' id='word_1_173' title='bbox 379 1267 453 1303; x_wconf 83' lang='grc' dir='ltr'><em>αὑτῷ</em></span> <span class='ocrx_word' id='word_1_174' title='bbox 461 1268 590 1304; x_wconf 77' lang='grc' dir='ltr'><em>διηνεκῶς</em></span> <span class='ocrx_word' id='word_1_175' title='bbox 602 1271 648 1297; x_wconf 77' lang='grc' dir='ltr'>καὶ</span> <span class='ocrx_word' id='word_1_176' title='bbox 659 1271 782 1304; x_wconf 80' lang='grc' dir='ltr'>σώζεται,</span> <span class='ocrx_word' id='word_1_177' title='bbox 797 1262 930 1309; x_wconf 60' lang='grc' dir='ltr'>ἐπήγαγεν</span> 
     </span>
    </p>
   </div>
   <div class='ocr_carea' id='block_1_28' title="bbox 148 1310 931 1355">
    <p class='ocr_par' dir='ltr' id='par_1_28' title="bbox 148 1310 931 1355">
     <span class='ocr_line' id='line_1_29' title="bbox 148 1310 931 1355; baseline 0.018 -20"><span class='ocrx_word' id='word_1_178' title='bbox 148 1310 204 1335; x_wconf 83' lang='grc' dir='ltr'><em>Καί</em></span> <span class='ocrx_word' id='word_1_179' title='bbox 217 1319 249 1344; x_wconf 79' lang='grc' dir='ltr'><em>γε</em></span> <span class='ocrx_word' id='word_1_180' title='bbox 260 1312 351 1346; x_wconf 63' lang='grc' dir='ltr'><em>σοφία</em></span> <span class='ocrx_word' id='word_1_181' title='bbox 361 1312 470 1348; x_wconf 80' lang='grc' dir='ltr'><em>ἐστάθη</em></span> <span class='ocrx_word' id='word_1_182' title='bbox 481 1324 542 1348; x_wconf 84' lang='grc' dir='ltr'>μοι.</span> <span class='ocrx_word' id='word_1_183' title='bbox 557 1317 632 1352; x_wconf 82' lang='grc' dir='ltr'>Μόνη</span> <span class='ocrx_word' id='word_1_184' title='bbox 642 1318 696 1353; x_wconf 85' lang='grc' dir='ltr'>γὰρ</span> <span class='ocrx_word' id='word_1_185' title='bbox 712 1319 780 1355; x_wconf 76' lang='grc' dir='ltr'><em>αὕτη</em></span> <span class='ocrx_word' id='word_1_186' title='bbox 799 1321 882 1355; x_wconf 85' lang='grc' dir='ltr'>μένει,</span> <span class='ocrx_word' id='word_1_187' title='bbox 897 1322 931 1348; x_wconf 74' lang='grc' dir='ltr'><em>τὰ</em></span> 
     </span>
    </p>
   </div>
   <div class='ocr_carea' id='block_1_29' title="bbox 147 1353 927 1402">
    <p class='ocr_par' dir='ltr' id='par_1_29' title="bbox 147 1353 927 1402">
     <span class='ocr_line' id='line_1_30' title="bbox 147 1353 927 1402; baseline 0.019 -23"><span class='ocrx_word' id='word_1_188' title='bbox 147 1353 169 1379; x_wconf 83' lang='grc' dir='ltr'>δ’</span> <span class='ocrx_word' id='word_1_189' title='bbox 181 1354 246 1381; x_wconf 81' lang='grc' dir='ltr'>ἄλλα</span> <span class='ocrx_word' id='word_1_190' title='bbox 262 1356 355 1390; x_wconf 77' lang='grc' dir='ltr'><em>φεύγει</em></span> <span class='ocrx_word' id='word_1_191' title='bbox 372 1357 418 1383; x_wconf 79' lang='grc' dir='ltr'>καὶ</span> <span class='ocrx_word' id='word_1_192' title='bbox 433 1359 588 1393; x_wconf 80' lang='grc' dir='ltr'><em>ἀφίσταται,</em></span> <span class='ocrx_word' id='word_1_193' title='bbox 603 1362 651 1388; x_wconf 79' lang='grc' dir='ltr'>ὅσα</span> <span class='ocrx_word' id='word_1_194' title='bbox 665 1353 927 1402; x_wconf 41' lang='grc' dir='ltr'>φθάσας-ἠρίθμησε.</span> 
     </span>
    </p>
   </div>
   <div class='ocr_carea' id='block_1_30' title="bbox 147 1401 926 1448">
    <p class='ocr_par' dir='ltr' id='par_1_30' title="bbox 147 1401 926 1448">
     <span class='ocr_line' id='line_1_31' title="bbox 147 1401 926 1448; baseline 0.018 -23"><span class='ocrx_word' id='word_1_195' title='bbox 147 1401 241 1434; x_wconf 73' lang='grc' dir='ltr'><em>Σοφία</em></span> <span class='ocrx_word' id='word_1_196' title='bbox 254 1402 343 1429; x_wconf 79' lang='grc' dir='ltr'>τοίνυν</span> <span class='ocrx_word' id='word_1_197' title='bbox 369 1403 481 1439; x_wconf 82' lang='grc' dir='ltr'><em>ἐστάθη</em></span> <span class='ocrx_word' id='word_1_198' title='bbox 489 1415 549 1440; x_wconf 86' lang='grc' dir='ltr'>μοι,</span> <span class='ocrx_word' id='word_1_199' title='bbox 565 1408 642 1442; x_wconf 76' lang='grc' dir='ltr'><em>κάγὼ</em></span> <span class='ocrx_word' id='word_1_200' title='bbox 654 1408 687 1435; x_wconf 79' lang='grc' dir='ltr'>δι’</span> <span class='ocrx_word' id='word_1_201' title='bbox 701 1410 786 1446; x_wconf 80' lang='grc' dir='ltr'>αὐτὴν</span> <span class='ocrx_word' id='word_1_202' title='bbox 801 1401 926 1448; x_wconf 76' lang='grc' dir='ltr'><em>ἐστάθην.</em></span> 
     </span>
    </p>
   </div>
   <div class='ocr_carea' id='block_1_31' title="bbox 153 1445 929 1491">
    <p class='ocr_par' dir='ltr' id='par_1_31' title="bbox 153 1445 929 1491">
     <span class='ocr_line' id='line_1_32' title="bbox 153 1445 929 1491; baseline 0.019 -20"><span class='ocrx_word' id='word_1_203' title='bbox 153 1445 259 1473; x_wconf 83' lang='grc' dir='ltr'>Ἐκεῖνὰ</span> <span class='ocrx_word' id='word_1_204' title='bbox 273 1456 302 1474; x_wconf 86' lang='grc' dir='ltr'>τε</span> <span class='ocrx_word' id='word_1_205' title='bbox 321 1449 375 1484; x_wconf 88' lang='grc' dir='ltr'>γὰρ</span> <span class='ocrx_word' id='word_1_206' title='bbox 388 1449 492 1484; x_wconf 84' lang='grc' dir='ltr'>πίπτει,</span> <span class='ocrx_word' id='word_1_207' title='bbox 510 1453 557 1479; x_wconf 79' lang='grc' dir='ltr'>καὶ</span> <span class='ocrx_word' id='word_1_208' title='bbox 570 1456 661 1481; x_wconf 82' lang='grc' dir='ltr'><em>πεσεῖν</em></span> <span class='ocrx_word' id='word_1_209' title='bbox 675 1458 747 1482; x_wconf 86' lang='grc' dir='ltr'>ποιεῖ</span> <span class='ocrx_word' id='word_1_210' title='bbox 762 1458 824 1489; x_wconf 83' lang='grc' dir='ltr'><em>τοὺς</em></span> <span class='ocrx_word' id='word_1_211' title='bbox 837 1458 929 1491; x_wconf 73' lang='grc' dir='ltr'><em>αὐτοῖς</em></span> 
     </span>
    </p>
   </div>
   <div class='ocr_carea' id='block_1_32' title="bbox 146 1492 927 1539">
    <p class='ocr_par' dir='ltr' id='par_1_32' title="bbox 146 1492 927 1539">
     <span class='ocr_line' id='line_1_33' title="bbox 146 1492 927 1539; baseline 0.018 -22"><span class='ocrx_word' id='word_1_212' title='bbox 146 1492 347 1527; x_wconf 77' lang='grc' dir='ltr'><em>ἐπιτρέχοντας.</em></span> <span class='ocrx_word' id='word_1_213' title='bbox 373 1495 452 1522; x_wconf 78' lang='grc' dir='ltr'>Ἀλλὰ</span> <span class='ocrx_word' id='word_1_214' title='bbox 474 1496 529 1532; x_wconf 75' lang='grc' dir='ltr'><em>γὰρ</em></span> <span class='ocrx_word' id='word_1_215' title='bbox 552 1498 693 1534; x_wconf 81' lang='grc' dir='ltr'><em>σύγκρισιν</em></span> <span class='ocrx_word' id='word_1_216' title='bbox 709 1500 793 1528; x_wconf 82' lang='grc' dir='ltr'>θεῖναι</span> <span class='ocrx_word' id='word_1_217' title='bbox 808 1504 857 1539; x_wconf 83' lang='grc' dir='ltr'><em>τῆς</em></span> <span class='ocrx_word' id='word_1_218' title='bbox 882 1513 927 1531; x_wconf 85' lang='grc' dir='ltr'>σο-</span> 
     </span>
    </p>
   </div>
   <div class='ocr_carea' id='block_1_33' title="bbox 145 1537 927 1584">
    <p class='ocr_par' dir='ltr' id='par_1_33' title="bbox 145 1537 927 1584">
     <span class='ocr_line' id='line_1_34' title="bbox 145 1537 927 1584; baseline 0.019 -22"><span class='ocrx_word' id='word_1_219' title='bbox 145 1537 219 1571; x_wconf 79' lang='grc' dir='ltr'>φίας,</span> <span class='ocrx_word' id='word_1_220' title='bbox 244 1539 290 1565; x_wconf 79' lang='grc' dir='ltr'>καὶ</span> <span class='ocrx_word' id='word_1_221' title='bbox 308 1540 356 1575; x_wconf 79' lang='grc' dir='ltr'><em>τὴν</em></span> <span class='ocrx_word' id='word_1_222' title='bbox 376 1541 414 1577; x_wconf 89' lang='lat'><em>(7)</em></span> <span class='ocrx_word' id='word_1_223' title='bbox 438 1542 586 1578; x_wconf 82' lang='grc' dir='ltr'>ἀνθρώπων</span> <span class='ocrx_word' id='word_1_224' title='bbox 611 1545 720 1579; x_wconf 82' lang='grc' dir='ltr'>ἀγαθῶν</span> <span class='ocrx_word' id='word_1_225' title='bbox 743 1537 927 1584; x_wconf 77' lang='grc' dir='ltr'>νομιζομένων</span> 
     </span>
    </p>
   </div>
   <div class='ocr_carea' id='block_1_34' title="bbox 144 1583 961 1636">
    <p class='ocr_par' dir='ltr' id='par_1_34' title="bbox 144 1583 961 1636">
     <span class='ocr_line' id='line_1_35' title="bbox 144 1583 961 1636; baseline 0.018 -27"><span class='ocrx_word' id='word_1_226' title='bbox 144 1583 313 1620; x_wconf 75' lang='grc' dir='ltr'>βουλόμενος,</span> <span class='ocrx_word' id='word_1_227' title='bbox 327 1587 413 1614; x_wconf 79' lang='grc' dir='ltr'>ταῦτα</span> <span class='ocrx_word' id='word_1_228' title='bbox 425 1590 548 1624; x_wconf 76' lang='grc' dir='ltr'>ἐπήγαγε</span> <span class='ocrx_word' id='word_1_229' title='bbox 559 1600 565 1606; x_wconf 89' lang='grc'><strong>·</strong></span> <span class='ocrx_word' id='word_1_230' title='bbox 583 1592 636 1618; x_wconf 83' lang='lat' dir='ltr'><em>Kal</em></span> <span class='ocrx_word' id='word_1_231' title='bbox 654 1592 716 1620; x_wconf 83' lang='grc' dir='ltr'><em>πᾶν</em></span> <span class='ocrx_word' id='word_1_232' title='bbox 733 1594 749 1620; x_wconf 85' lang='grc' dir='ltr'>ὃ</span> <span class='ocrx_word' id='word_1_233' title='bbox 766 1583 885 1629; x_wconf 75' lang='grc' dir='ltr'><em>ᾔτησαν</em></span> <span class='ocrx_word' id='word_1_234' title='bbox 898 1598 925 1624; x_wconf 77' lang='lat' dir='ltr'><em>ot</em></span> <span class='ocrx_word' id='word_1_235' title='bbox 939 1606 961 1636; x_wconf 62' lang='grc' dir='ltr'><em>(ς</em></span> 
     </span>
    </p>
   </div>
   <div class='ocr_carea' id='block_1_35' title="bbox 143 1630 922 1678">
    <p class='ocr_par' dir='ltr' id='par_1_35' title="bbox 143 1630 922 1678">
     <span class='ocr_line' id='line_1_36' title="bbox 143 1630 922 1678; baseline 0.017 -22"><span class='ocrx_word' id='word_1_236' title='bbox 143 1630 290 1665; x_wconf 62' lang='grc' dir='ltr'><em>ὀφθαλμοί</em></span> <span class='ocrx_word' id='word_1_237' title='bbox 295 1641 366 1666; x_wconf 84' lang='grc' dir='ltr'>μου,</span> <span class='ocrx_word' id='word_1_238' title='bbox 375 1635 430 1661; x_wconf 83' lang='grc' dir='ltr'><em>οὐκ</em></span> <span class='ocrx_word' id='word_1_239' title='bbox 441 1635 566 1669; x_wconf 72' lang='grc' dir='ltr'><em>ἀφεῖλον</em></span> <span class='ocrx_word' id='word_1_240' title='bbox 572 1637 622 1664; x_wconf 79' lang='grc' dir='ltr'><em>ἀπ’</em></span> <span class='ocrx_word' id='word_1_241' title='bbox 633 1638 740 1672; x_wconf 83' lang='grc' dir='ltr'><em>αὐτῶν,</em></span> <span class='ocrx_word' id='word_1_242' title='bbox 750 1640 838 1667; x_wconf 75' lang='grc' dir='ltr'>καὶτὰ</span> <span class='ocrx_word' id='word_1_243' title='bbox 850 1641 922 1678; x_wconf 77' lang='grc' dir='ltr'><strong>ἑξῆς·</strong></span> 
     </span>
    </p>
   </div>
   <div class='ocr_carea' id='block_1_36' title="bbox 142 1676 923 1720">
    <p class='ocr_par' dir='ltr' id='par_1_36' title="bbox 142 1676 923 1720">
     <span class='ocr_line' id='line_1_37' title="bbox 142 1676 923 1720; baseline 0.017 -18"><span class='ocrx_word' id='word_1_244' title='bbox 142 1676 173 1702; x_wconf 81' lang='grc' dir='ltr'>οὐ</span> <span class='ocrx_word' id='word_1_245' title='bbox 194 1677 273 1711; x_wconf 85' lang='grc' dir='ltr'>μόνον</span> <span class='ocrx_word' id='word_1_246' title='bbox 289 1680 398 1712; x_wconf 82' lang='grc' dir='ltr'><em>τούτους</em></span> <span class='ocrx_word' id='word_1_247' title='bbox 420 1681 539 1714; x_wconf 83' lang='grc' dir='ltr'><em>κακίζων</em></span> <span class='ocrx_word' id='word_1_248' title='bbox 559 1684 621 1716; x_wconf 78' lang='grc' dir='ltr'><em>τοὺς</em></span> <span class='ocrx_word' id='word_1_249' title='bbox 645 1686 772 1720; x_wconf 84' lang='grc' dir='ltr'><em>μόχθους,</em></span> <span class='ocrx_word' id='word_1_250' title='bbox 795 1687 842 1719; x_wconf 81' lang='grc' dir='ltr'><em>οὓς</em></span> <span class='ocrx_word' id='word_1_251' title='bbox 855 1689 879 1714; x_wconf 83' lang='grc' dir='ltr'><em>οἱ</em></span> <span class='ocrx_word' id='word_1_252' title='bbox 894 1689 923 1716; x_wconf 81' lang='grc' dir='ltr'>ἐν</span> 
     </span>
    </p>
   </div>
   <div class='ocr_carea' id='block_1_37' title="bbox 142 1722 923 1767">
    <p class='ocr_par' dir='ltr' id='par_1_37' title="bbox 142 1722 923 1767">
     <span class='ocr_line' id='line_1_38' title="bbox 142 1722 923 1767; baseline 0.019 -20"><span class='ocrx_word' id='word_1_253' title='bbox 142 1722 294 1760; x_wconf 79' lang='grc' dir='ltr'><em>εὐφροσύνῃ</em></span> <span class='ocrx_word' id='word_1_254' title='bbox 318 1727 473 1761; x_wconf 76' lang='grc' dir='ltr'>τρυφῶντες</span> <span class='ocrx_word' id='word_1_255' title='bbox 499 1730 631 1764; x_wconf 77' lang='grc' dir='ltr'>πάσχουσι</span> <span class='ocrx_word' id='word_1_256' title='bbox 659 1732 829 1767; x_wconf 78' lang='grc' dir='ltr'>μοχθοῦντες,</span> <span class='ocrx_word' id='word_1_257' title='bbox 855 1734 923 1762; x_wconf 83' lang='grc' dir='ltr'>ἀλλὰ</span> 
     </span>
    </p>
   </div>
   <div class='ocr_carea' id='block_1_38' title="bbox 141 1768 922 1815">
    <p class='ocr_par' dir='ltr' id='par_1_38' title="bbox 141 1768 922 1815">
     <span class='ocr_line' id='line_1_39' title="bbox 141 1768 922 1815; baseline 0.017 -21"><span class='ocrx_word' id='word_1_258' title='bbox 141 1768 188 1795; x_wconf 82' lang='grc' dir='ltr'>καὶ</span> <span class='ocrx_word' id='word_1_259' title='bbox 202 1768 247 1801; x_wconf 84' lang='grc' dir='ltr'><em>οὓς</em></span> <span class='ocrx_word' id='word_1_260' title='bbox 263 1771 330 1806; x_wconf 80' lang='grc' dir='ltr'><em>πρὸς</em></span> <span class='ocrx_word' id='word_1_261' title='bbox 342 1773 462 1808; x_wconf 80' lang='grc' dir='ltr'>ἀνάγκην</span> <span class='ocrx_word' id='word_1_262' title='bbox 477 1775 524 1801; x_wconf 81' lang='grc' dir='ltr'><em>καὶ</em></span> <span class='ocrx_word' id='word_1_263' title='bbox 538 1775 597 1810; x_wconf 84' lang='grc' dir='ltr'>βίαν</span> <span class='ocrx_word' id='word_1_264' title='bbox 607 1777 631 1803; x_wconf 75' lang='grc' dir='ltr'><em>οἱ</em></span> <span class='ocrx_word' id='word_1_265' title='bbox 642 1769 778 1813; x_wconf 70' lang='grc' dir='ltr'>ἄνθρωποι</span> <span class='ocrx_word' id='word_1_266' title='bbox 792 1780 922 1815; x_wconf 74' lang='grc' dir='ltr'>μοχθοῦν-</span> 
     </span>
    </p>
   </div>
   <div class='ocr_carea' id='block_1_39' title="bbox 140 1816 921 1860">
    <p class='ocr_par' dir='ltr' id='par_1_39' title="bbox 140 1816 921 1860">
     <span class='ocr_line' id='line_1_40' title="bbox 140 1816 921 1860; baseline 0.015 -19"><span class='ocrx_word' id='word_1_267' title='bbox 140 1823 184 1846; x_wconf 69' lang='lat' dir='ltr'><em>te;</em></span> <span class='ocrx_word' id='word_1_268' title='bbox 208 1816 380 1852; x_wconf 71' lang='grc' dir='ltr'>ὑπομένουσι,</span> <span class='ocrx_word' id='word_1_269' title='bbox 401 1820 503 1855; x_wconf 76' lang='grc' dir='ltr'>τροφῆς</span> <span class='ocrx_word' id='word_1_270' title='bbox 527 1821 618 1849; x_wconf 79' lang='grc' dir='ltr'>ἕνεκεν</span> <span class='ocrx_word' id='word_1_271' title='bbox 645 1823 694 1858; x_wconf 81' lang='grc' dir='ltr'><em>τῆς</em></span> <span class='ocrx_word' id='word_1_272' title='bbox 716 1825 865 1860; x_wconf 75' lang='grc' dir='ltr'><em>ἐφημέρου,</em></span> <span class='ocrx_word' id='word_1_273' title='bbox 892 1828 921 1854; x_wconf 83' lang='grc' dir='ltr'>ὲν</span> 
     </span>
    </p>
   </div>
   <div class='ocr_carea' id='block_1_40' title="bbox 140 1860 920 1907">
    <p class='ocr_par' dir='ltr' id='par_1_40' title="bbox 140 1860 920 1907">
     <span class='ocr_line' id='line_1_41' title="bbox 140 1860 920 1907; baseline 0.017 -21"><span class='ocrx_word' id='word_1_274' title='bbox 140 1860 231 1896; x_wconf 77' lang='grc' dir='ltr'>ἱδρῶτι</span> <span class='ocrx_word' id='word_1_275' title='bbox 240 1862 286 1889; x_wconf 74' lang='grc' dir='ltr'><em>τοῦ</em></span> <span class='ocrx_word' id='word_1_276' title='bbox 303 1864 447 1899; x_wconf 83' lang='grc' dir='ltr'>προσώπου</span> <span class='ocrx_word' id='word_1_277' title='bbox 459 1866 508 1898; x_wconf 82' lang='grc' dir='ltr'><em>τὰς</em></span> <span class='ocrx_word' id='word_1_278' title='bbox 519 1867 614 1903; x_wconf 78' lang='grc' dir='ltr'>τέχνας</span> <span class='ocrx_word' id='word_1_279' title='bbox 627 1869 810 1905; x_wconf 70' lang='grc' dir='ltr'>ἐργαζόμενοι.</span> <span class='ocrx_word' id='word_1_280' title='bbox 830 1872 859 1898; x_wconf 88' lang='grc' dir='ltr'>Ὁ</span> <span class='ocrx_word' id='word_1_281' title='bbox 872 1873 920 1907; x_wconf 83' lang='grc' dir='ltr'>μὲν</span> 
     </span>
    </p>
   </div>
   <div class='ocr_carea' id='block_1_41' title="bbox 138 1905 919 1952">
    <p class='ocr_par' dir='ltr' id='par_1_41' title="bbox 138 1905 919 1952">
     <span class='ocr_line' id='line_1_42' title="bbox 138 1905 919 1952; baseline 0.018 -21"><span class='ocrx_word' id='word_1_282' title='bbox 138 1905 191 1942; x_wconf 80' lang='grc' dir='ltr'><em>γὰρ</em></span> <span class='ocrx_word' id='word_1_283' title='bbox 204 1907 300 1942; x_wconf 84' lang='grc' dir='ltr'><em>μόχθος</em></span> <span class='ocrx_word' id='word_1_284' title='bbox 315 1910 407 1943; x_wconf 84' lang='grc' dir='ltr'><em>πολὺς,</em></span> <span class='ocrx_word' id='word_1_285' title='bbox 421 1912 512 1947; x_wconf 79' lang='grc' dir='ltr'>φησὶν,</span> <span class='ocrx_word' id='word_1_286' title='bbox 530 1915 545 1949; x_wconf 82' lang='grc' dir='ltr'><strong>ἡ</strong></span> <span class='ocrx_word' id='word_1_287' title='bbox 559 1913 586 1940; x_wconf 78' lang='grc' dir='ltr'><em>δὲ</em></span> <span class='ocrx_word' id='word_1_288' title='bbox 600 1915 702 1951; x_wconf 79' lang='grc' dir='ltr'>τέχνηὴ</span> <span class='ocrx_word' id='word_1_289' title='bbox 714 1917 745 1942; x_wconf 79' lang='grc' dir='ltr'>ἐκ</span> <span class='ocrx_word' id='word_1_290' title='bbox 759 1916 805 1943; x_wconf 80' lang='grc' dir='ltr'><em>τοῦ</em></span> <span class='ocrx_word' id='word_1_291' title='bbox 819 1905 919 1952; x_wconf 82' lang='grc' dir='ltr'>μόχθου</span> 
     </span>
    </p>
   </div>
   <div class='ocr_carea' id='block_1_42' title="bbox 138 1953 919 1998">
    <p class='ocr_par' dir='ltr' id='par_1_42' title="bbox 138 1953 919 1998">
     <span class='ocr_line' id='line_1_43' title="bbox 138 1953 919 1998; baseline 0.015 -20"><span class='ocrx_word' id='word_1_292' title='bbox 138 1953 312 1989; x_wconf 80' lang='grc' dir='ltr'>πρόσκαιρος,</span> <span class='ocrx_word' id='word_1_293' title='bbox 333 1956 410 1982; x_wconf 79' lang='grc' dir='ltr'>οὐδὲν</span> <span class='ocrx_word' id='word_1_294' title='bbox 434 1958 590 1993; x_wconf 83' lang='grc' dir='ltr'>προτιθεῖσα</span> <span class='ocrx_word' id='word_1_295' title='bbox 613 1960 651 1995; x_wconf 81' lang='grc'><em>(8)</em></span> <span class='ocrx_word' id='word_1_296' title='bbox 673 1960 726 1987; x_wconf 82' lang='grc' dir='ltr'><em>τῶν</em></span> <span class='ocrx_word' id='word_1_297' title='bbox 744 1963 919 1998; x_wconf 79' lang='grc' dir='ltr'><em>τερπομένων</em></span> 
     </span>
    </p>
   </div>
   <div class='ocr_carea' id='block_1_43' title="bbox 137 1998 918 2042">
    <p class='ocr_par' dir='ltr' id='par_1_43' title="bbox 137 1998 918 2042">
     <span class='ocr_line' id='line_1_44' title="bbox 137 1998 918 2042; baseline 0.014 -19"><span class='ocrx_word' id='word_1_298' title='bbox 137 1998 278 2034; x_wconf 87' lang='grc' dir='ltr'>χρήσιμον.</span> <span class='ocrx_word' id='word_1_299' title='bbox 303 2000 401 2036; x_wconf 82' lang='grc' dir='ltr'>Διόπερ</span> <span class='ocrx_word' id='word_1_300' title='bbox 425 2002 455 2028; x_wconf 82' lang='grc' dir='ltr'><em>τὸ</em></span> <span class='ocrx_word' id='word_1_301' title='bbox 472 2002 566 2038; x_wconf 79' lang='grc' dir='ltr'>κέρδος</span> <span class='ocrx_word' id='word_1_302' title='bbox 587 2004 672 2031; x_wconf 79' lang='grc' dir='ltr'><em>οὐδέν.</em></span> <span class='ocrx_word' id='word_1_303' title='bbox 695 2005 777 2032; x_wconf 85' lang='grc' dir='ltr'>Ἔνθα</span> <span class='ocrx_word' id='word_1_304' title='bbox 799 2006 854 2042; x_wconf 83' lang='grc' dir='ltr'><em>γὰρ</em></span> <span class='ocrx_word' id='word_1_305' title='bbox 869 2007 918 2034; x_wconf 82' lang='grc' dir='ltr'>οὐκ</span> 
     </span>
    </p>
   </div>
   <div class='ocr_carea' id='block_1_44' title="bbox 136 2043 958 2088">
    <p class='ocr_par' dir='ltr' id='par_1_44' title="bbox 136 2043 958 2088">
     <span class='ocr_line' id='line_1_45' title="bbox 136 2043 958 2088; baseline 0.016 -19"><span class='ocrx_word' id='word_1_306' title='bbox 136 2043 194 2070; x_wconf 78' lang='grc' dir='ltr'>ἐστι</span> <span class='ocrx_word' id='word_1_307' title='bbox 208 2046 361 2080; x_wconf 80' lang='grc' dir='ltr'>περισσεία,</span> <span class='ocrx_word' id='word_1_308' title='bbox 379 2048 438 2073; x_wconf 79' lang='grc' dir='ltr'>οὐδὲ</span> <span class='ocrx_word' id='word_1_309' title='bbox 451 2048 555 2084; x_wconf 79' lang='grc' dir='ltr'>κέρδος.</span> <span class='ocrx_word' id='word_1_310' title='bbox 572 2050 692 2083; x_wconf 74' lang='grc' dir='ltr'>Εἰκότως</span> <span class='ocrx_word' id='word_1_311' title='bbox 703 2052 791 2079; x_wconf 82' lang='grc' dir='ltr'>τοίνυν</span> <span class='ocrx_word' id='word_1_312' title='bbox 807 2055 917 2088; x_wconf 85' lang='grc' dir='ltr'>ματαιό-</span> <span class='ocrx_word' id='word_1_313' title='bbox 954 2081 958 2086; x_wconf 86' lang='grc'><em>,</em></span> 
     </span>
    </p>
   </div>
   <div class='ocr_carea' id='block_1_45' title="bbox 135 2090 915 2133">
    <p class='ocr_par' dir='ltr' id='par_1_45' title="bbox 135 2090 915 2133">
     <span class='ocr_line' id='line_1_46' title="bbox 135 2090 915 2133; baseline 0.015 -19"><span class='ocrx_word' id='word_1_314' title='bbox 135 2097 186 2124; x_wconf 81' lang='grc' dir='ltr'><em>της</em></span> <span class='ocrx_word' id='word_1_315' title='bbox 199 2090 232 2116; x_wconf 75' lang='grc' dir='ltr'><em>τὰ</em></span> <span class='ocrx_word' id='word_1_316' title='bbox 254 2091 464 2125; x_wconf 81' lang='grc' dir='ltr'>σπουδασθέντα,</span> <span class='ocrx_word' id='word_1_317' title='bbox 479 2093 527 2120; x_wconf 78' lang='grc' dir='ltr'><em>καὶ</em></span> <span class='ocrx_word' id='word_1_318' title='bbox 545 2095 715 2129; x_wconf 80' lang='grc' dir='ltr'>προαίρεσις</span> <span class='ocrx_word' id='word_1_319' title='bbox 739 2098 915 2133; x_wconf 73' lang='grc' dir='ltr'><em>πνεύματος.</em></span> 
     </span>
    </p>
   </div>
   <div class='ocr_carea' id='block_1_46' title="bbox 135 2135 914 2180">
    <p class='ocr_par' dir='ltr' id='par_1_46' title="bbox 135 2135 914 2180">
     <span class='ocr_line' id='line_1_47' title="bbox 135 2135 914 2180; baseline 0.013 -19"><span class='ocrx_word' id='word_1_320' title='bbox 135 2135 248 2171; x_wconf 81' lang='grc' dir='ltr'><em>Πνεῦμα</em></span> <span class='ocrx_word' id='word_1_321' title='bbox 261 2136 299 2169; x_wconf 82' lang='grc' dir='ltr'>δὲ,</span> <span class='ocrx_word' id='word_1_322' title='bbox 314 2137 362 2173; x_wconf 77' lang='grc' dir='ltr'><em>τὴν</em></span> <span class='ocrx_word' id='word_1_323' title='bbox 376 2138 463 2174; x_wconf 74' lang='grc' dir='ltr'>ψυχὴν</span> <span class='ocrx_word' id='word_1_324' title='bbox 476 2139 611 2174; x_wconf 82' lang='grc' dir='ltr'>ὀνομάζει.</span> <span class='ocrx_word' id='word_1_325' title='bbox 635 2141 666 2167; x_wconf 83' lang='grc' dir='ltr'><strong>Ἦ</strong></span> <span class='ocrx_word' id='word_1_326' title='bbox 679 2141 733 2178; x_wconf 86' lang='grc' dir='ltr'><em>γὰρ</em></span> <span class='ocrx_word' id='word_1_327' title='bbox 747 2144 914 2180; x_wconf 80' lang='grc' dir='ltr'>προαίρεσις,</span> 
     </span>
    </p>
   </div>
   <div class='ocr_carea' id='block_1_47' title="bbox 134 2179 916 2224">
    <p class='ocr_par' dir='ltr' id='par_1_47' title="bbox 134 2179 916 2224">
     <span class='ocr_line' id='line_1_48' title="bbox 134 2179 916 2224; baseline 0.013 -18"><span class='ocrx_word' id='word_1_328' title='bbox 134 2179 192 2206; x_wconf 81' lang='grc' dir='ltr'>ἐστι</span> <span class='ocrx_word' id='word_1_329' title='bbox 219 2181 304 2214; x_wconf 79' lang='grc' dir='ltr'>ποιὸν,</span> <span class='ocrx_word' id='word_1_330' title='bbox 326 2183 357 2208; x_wconf 87' lang='grc' dir='ltr'><em>οὐ</em></span> <span class='ocrx_word' id='word_1_331' title='bbox 384 2184 498 2219; x_wconf 80' lang='grc' dir='ltr'>κίνησις.</span> <span class='ocrx_word' id='word_1_332' title='bbox 517 2185 572 2211; x_wconf 78' lang='grc' dir='ltr'><em>Καὶ</em></span> <span class='ocrx_word' id='word_1_333' title='bbox 591 2186 605 2212; x_wconf 89' lang='grc' dir='ltr'><strong>ὀ</strong></span> <span class='ocrx_word' id='word_1_334' title='bbox 627 2186 722 2213; x_wconf 80' lang='grc' dir='ltr'>Δαϐίδ·</span> <span class='ocrx_word' id='word_1_335' title='bbox 740 2189 792 2221; x_wconf 82' lang='grc' dir='ltr'><em>Εἰς</em></span> <span class='ocrx_word' id='word_1_336' title='bbox 815 2189 916 2224; x_wconf 76' lang='grc' dir='ltr'><em>χεῖράς</em></span> 
     </span>
    </p>
   </div>
   <div class='ocr_carea' id='block_1_48' title="bbox 133 2229 915 2271">
    <p class='ocr_par' dir='ltr' id='par_1_48' title="bbox 133 2229 915 2271">
     <span class='ocr_line' id='line_1_49' title="bbox 133 2229 915 2271; baseline 0.014 -19"><span class='ocrx_word' id='word_1_337' title='bbox 133 2233 192 2253; x_wconf 90' lang='grc' dir='ltr'><em>σου</em></span> <span class='ocrx_word' id='word_1_338' title='bbox 214 2229 389 2264; x_wconf 80' lang='grc' dir='ltr'>παρατίθημι</span> <span class='ocrx_word' id='word_1_339' title='bbox 413 2230 446 2257; x_wconf 88' lang='grc' dir='ltr'><em>τὸ</em></span> <span class='ocrx_word' id='word_1_340' title='bbox 470 2231 586 2266; x_wconf 81' lang='grc' dir='ltr'>πνεῦμά</span> <span class='ocrx_word' id='word_1_341' title='bbox 606 2241 674 2267; x_wconf 85' lang='grc' dir='ltr'><em>μου.</em></span> <span class='ocrx_word' id='word_1_342' title='bbox 697 2235 753 2261; x_wconf 85' lang='grc' dir='ltr'><em>Καί</em></span> <span class='ocrx_word' id='word_1_343' title='bbox 767 2244 799 2269; x_wconf 77' lang='grc' dir='ltr'><em>γε</em></span> <span class='ocrx_word' id='word_1_344' title='bbox 809 2235 915 2271; x_wconf 82' lang='grc' dir='ltr'>ἀληθῶς</span> 
     </span>
    </p>
   </div>
   <div class='ocr_carea' id='block_1_49' title="bbox 133 2273 953 2312">
    <p class='ocr_par' dir='ltr' id='par_1_49' title="bbox 133 2273 953 2312">
     <span class='ocr_line' id='line_1_50' title="bbox 133 2273 953 2312; baseline 0.015 -14"><span class='ocrx_word' id='word_1_345' title='bbox 133 2273 227 2306; x_wconf 61' lang='grc' dir='ltr'><em>σοφία</em></span> <span class='ocrx_word' id='word_1_346' title='bbox 239 2273 350 2308; x_wconf 84' lang='grc' dir='ltr'><em>ἐστάθη</em></span> <span class='ocrx_word' id='word_1_347' title='bbox 366 2284 426 2310; x_wconf 82' lang='grc' dir='ltr'>μοι,</span> <span class='ocrx_word' id='word_1_348' title='bbox 440 2276 480 2303; x_wconf 84' lang='grc' dir='ltr'><em>ὃτι</em></span> <span class='ocrx_word' id='word_1_349' title='bbox 493 2286 526 2312; x_wconf 89' lang='grc' dir='ltr'><em>με</em></span> <span class='ocrx_word' id='word_1_350' title='bbox 544 2277 644 2312; x_wconf 80' lang='grc' dir='ltr'>γνῶναι</span> <span class='ocrx_word' id='word_1_351' title='bbox 662 2280 709 2306; x_wconf 81' lang='grc' dir='ltr'>καὶ</span> <span class='ocrx_word' id='word_1_352' title='bbox 730 2281 847 2308; x_wconf 82' lang='grc' dir='ltr'>συνιέναι</span> <span class='ocrx_word' id='word_1_353' title='bbox 865 2291 913 2309; x_wconf 82' lang='grc' dir='ltr'><em>πε-</em></span> <span class='ocrx_word' id='word_1_354' title='bbox 931 2285 953 2311; x_wconf 90' lang='lat' dir='ltr'><strong>D</strong></span> 
     </span>
    </p>
   </div>
   <div class='ocr_carea' id='block_1_50' title="bbox 132 2318 916 2361">
    <p class='ocr_par' dir='ltr' id='par_1_50' title="bbox 132 2318 916 2361">
     <span class='ocr_line' id='line_1_51' title="bbox 132 2318 916 2361; baseline 0.013 -17"><span class='ocrx_word' id='word_1_355' title='bbox 132 2318 230 2353; x_wconf 82' lang='grc' dir='ltr'>ποίηκε</span> <span class='ocrx_word' id='word_1_356' title='bbox 250 2320 296 2346; x_wconf 83' lang='grc' dir='ltr'><em>τοῦ</em></span> <span class='ocrx_word' id='word_1_357' title='bbox 321 2320 408 2355; x_wconf 79' lang='grc' dir='ltr'>λέγειν</span> <span class='ocrx_word' id='word_1_358' title='bbox 427 2323 481 2348; x_wconf 75' lang='grc' dir='ltr'>πᾶν</span> <span class='ocrx_word' id='word_1_359' title='bbox 500 2323 513 2349; x_wconf 83' lang='grc' dir='ltr'><em>ὃ</em></span> <span class='ocrx_word' id='word_1_360' title='bbox 533 2332 558 2349; x_wconf 83' lang='grc' dir='ltr'><em>τι</em></span> <span class='ocrx_word' id='word_1_361' title='bbox 573 2323 622 2350; x_wconf 78' lang='grc' dir='ltr'>οὐκ</span> <span class='ocrx_word' id='word_1_362' title='bbox 634 2323 690 2351; x_wconf 72' lang='grc' dir='ltr'>ἔστι</span> <span class='ocrx_word' id='word_1_363' title='bbox 709 2326 850 2361; x_wconf 78' lang='grc' dir='ltr'>περισσεία</span> <span class='ocrx_word' id='word_1_364' title='bbox 864 2327 916 2354; x_wconf 82' lang='grc' dir='ltr'><em>ὑπὸ</em></span> 
     </span>
    </p>
   </div>
   <div class='ocr_carea' id='block_1_51' title="bbox 131 2365 915 2408">
    <p class='ocr_par' dir='ltr' id='par_1_51' title="bbox 131 2365 915 2408">
     <span class='ocr_line' id='line_1_52' title="bbox 131 2365 915 2408; baseline 0.011 -17"><span class='ocrx_word' id='word_1_365' title='bbox 131 2365 177 2391; x_wconf 77' lang='grc' dir='ltr'><em>τὸν</em></span> <span class='ocrx_word' id='word_1_366' title='bbox 189 2365 272 2400; x_wconf 78' lang='grc' dir='ltr'>ἥλιον.</span> <span class='ocrx_word' id='word_1_367' title='bbox 286 2367 317 2393; x_wconf 85' lang='lat' dir='ltr'><em>Ei</em></span> <span class='ocrx_word' id='word_1_368' title='bbox 331 2368 419 2395; x_wconf 86' lang='grc' dir='ltr'>τοίνυν</span> <span class='ocrx_word' id='word_1_369' title='bbox 437 2369 539 2403; x_wconf 75' lang='grc' dir='ltr'>ἀγαθοῦ</span> <span class='ocrx_word' id='word_1_370' title='bbox 551 2370 662 2406; x_wconf 81' lang='grc' dir='ltr'>κέρδους</span> <span class='ocrx_word' id='word_1_371' title='bbox 675 2371 870 2408; x_wconf 77' lang='grc' dir='ltr'>ἐπιθυμοῦμεν,</span> <span class='ocrx_word' id='word_1_372' title='bbox 891 2375 915 2400; x_wconf 84' lang='grc' dir='ltr'>εἰ</span> 
     </span>
    </p>
   </div>
   <div class='ocr_carea' id='block_1_52' title="bbox 133 2413 912 2455">
    <p class='ocr_par' dir='ltr' id='par_1_52' title="bbox 133 2413 912 2455">
     <span class='ocr_line' id='line_1_53' title="bbox 133 2413 912 2455; baseline 0.012 -18"><span class='ocrx_word' id='word_1_373' title='bbox 133 2413 290 2447; x_wconf 82' lang='grc' dir='ltr'>περισσείαν</span> <span class='ocrx_word' id='word_1_374' title='bbox 300 2413 421 2449; x_wconf 84' lang='grc' dir='ltr'>θέλομεν,</span> <span class='ocrx_word' id='word_1_375' title='bbox 429 2415 593 2451; x_wconf 83' lang='grc' dir='ltr'>εἰᾶφθαρτοι</span> <span class='ocrx_word' id='word_1_376' title='bbox 604 2416 738 2452; x_wconf 82' lang='grc' dir='ltr'>ζητοῦμεν</span> <span class='ocrx_word' id='word_1_377' title='bbox 749 2416 829 2451; x_wconf 82' lang='grc' dir='ltr'>εἶναι,</span> <span class='ocrx_word' id='word_1_378' title='bbox 847 2428 912 2455; x_wconf 87' lang='grc' dir='ltr'>μοχ-</span> 
     </span>
    </p>
   </div>
   <div class='ocr_carea' id='block_1_53' title="bbox 132 2457 914 2500">
    <p class='ocr_par' dir='ltr' id='par_1_53' title="bbox 132 2457 914 2500">
     <span class='ocr_line' id='line_1_54' title="bbox 132 2457 914 2500; baseline 0.01 -16"><span class='ocrx_word' id='word_1_379' title='bbox 132 2457 258 2494; x_wconf 84' lang='grc' dir='ltr'>θήσωμεν</span> <span class='ocrx_word' id='word_1_380' title='bbox 270 2460 385 2495; x_wconf 85' lang='grc' dir='ltr'>μόχθους</span> <span class='ocrx_word' id='word_1_381' title='bbox 392 2462 453 2493; x_wconf 84' lang='grc' dir='ltr'>τοὺς</span> <span class='ocrx_word' id='word_1_382' title='bbox 467 2462 536 2497; x_wconf 81' lang='grc' dir='ltr'>ὑπὲρ</span> <span class='ocrx_word' id='word_1_383' title='bbox 546 2462 589 2489; x_wconf 81' lang='grc' dir='ltr'><em>τὸν</em></span> <span class='ocrx_word' id='word_1_384' title='bbox 604 2462 679 2498; x_wconf 83' lang='grc' dir='ltr'>ἥλιον</span> <span class='ocrx_word' id='word_1_385' title='bbox 695 2465 848 2500; x_wconf 79' lang='grc' dir='ltr'>τρέχοντας.</span> <span class='ocrx_word' id='word_1_386' title='bbox 871 2467 914 2492; x_wconf 81' lang='grc' dir='ltr'>Ἐν</span> 
     </span>
    </p>
   </div>
   <div class='ocr_carea' id='block_1_54' title="bbox 131 2505 912 2546">
    <p class='ocr_par' dir='ltr' id='par_1_54' title="bbox 131 2505 912 2546">
     <span class='ocr_line' id='line_1_55' title="bbox 131 2505 912 2546; baseline 0.009 -15"><span class='ocrx_word' id='word_1_387' title='bbox 131 2505 236 2537; x_wconf 79' lang='grc' dir='ltr'>τούτοις</span> <span class='ocrx_word' id='word_1_388' title='bbox 250 2507 303 2542; x_wconf 81' lang='grc' dir='ltr'><em>γὰρ</em></span> <span class='ocrx_word' id='word_1_389' title='bbox 315 2507 365 2533; x_wconf 79' lang='grc' dir='ltr'>οὐκ</span> <span class='ocrx_word' id='word_1_390' title='bbox 378 2507 435 2534; x_wconf 77' lang='grc' dir='ltr'>ἐστι</span> <span class='ocrx_word' id='word_1_391' title='bbox 449 2508 607 2544; x_wconf 84' lang='grc' dir='ltr'>ματαιότης,</span> <span class='ocrx_word' id='word_1_392' title='bbox 622 2509 681 2536; x_wconf 79' lang='grc' dir='ltr'><em>οὐδὲ</em></span> <span class='ocrx_word' id='word_1_393' title='bbox 695 2511 854 2546; x_wconf 82' lang='grc' dir='ltr'>προαίρεσις</span> <span class='ocrx_word' id='word_1_394' title='bbox 864 2512 912 2538; x_wconf 78' lang='grc' dir='ltr'><em>τοῦ</em></span> 
     </span>
    </p>
   </div>
   <div class='ocr_carea' id='block_1_55' title="bbox 130 2551 913 2592">
    <p class='ocr_par' dir='ltr' id='par_1_55' title="bbox 130 2551 913 2592">
     <span class='ocr_line' id='line_1_56' title="bbox 130 2551 913 2592; baseline 0.009 -14"><span class='ocrx_word' id='word_1_395' title='bbox 130 2552 244 2581; x_wconf 81' lang='grc' dir='ltr'>εἰκαίου.</span> <span class='ocrx_word' id='word_1_396' title='bbox 268 2554 315 2579; x_wconf 77' lang='grc' dir='ltr'>καὶ</span> <span class='ocrx_word' id='word_1_397' title='bbox 333 2554 419 2589; x_wconf 83' lang='grc' dir='ltr'><em>μάτην</em></span> <span class='ocrx_word' id='word_1_398' title='bbox 437 2551 487 2582; x_wconf 83' lang='grc' dir='ltr'><em>ὦδε</em></span> <span class='ocrx_word' id='word_1_399' title='bbox 507 2555 587 2582; x_wconf 77' lang='grc' dir='ltr'>κάκεῖ</span> <span class='ocrx_word' id='word_1_400' title='bbox 608 2557 812 2592; x_wconf 81' lang='grc' dir='ltr'>περισπωμένου</span> <span class='ocrx_word' id='word_1_401' title='bbox 833 2558 913 2585; x_wconf 85' lang='grc' dir='ltr'>πνεύ-</span> 
     </span>
    </p>
   </div>
   <div class='ocr_carea' id='block_1_56' title="bbox 131 2605 224 2631">
    <p class='ocr_par' dir='ltr' id='par_1_56' title="bbox 131 2605 224 2631">
     <span class='ocr_line' id='line_1_57' title="bbox 131 2605 224 2631; baseline 0.011 -9"><span class='ocrx_word' id='word_1_402' title='bbox 131 2605 224 2631; x_wconf 55' lang='grc' dir='ltr'>μαῖον</span> 
     </span>
    </p>
   </div>
   <div class='ocr_carea' id='block_1_57' title="bbox 164 2673 908 2716">
    <p class='ocr_par' dir='ltr' id='par_1_57' title="bbox 164 2673 908 2716">
     <span class='ocr_line' id='line_1_58' title="bbox 164 2673 908 2716; baseline 0.004 -11"><span class='ocrx_word' id='word_1_403' title='bbox 164 2673 237 2714; x_wconf 70' lang='grc' dir='ltr'><strong>Στῖχ.</strong></span> <span class='ocrx_word' id='word_1_404' title='bbox 257 2679 302 2714; x_wconf 84' lang='grc' dir='ltr'><em>ιβ’.</em></span> <span class='ocrx_word' id='word_1_405' title='bbox 319 2679 374 2706; x_wconf 83' lang='lat' dir='ltr'><em>Kal</em></span> <span class='ocrx_word' id='word_1_406' title='bbox 384 2679 497 2713; x_wconf 65' lang='grc' dir='ltr'><em>ἔϐλεψα</em></span> <span class='ocrx_word' id='word_1_407' title='bbox 513 2678 569 2713; x_wconf 77' lang='grc' dir='ltr'><em>ἐγὼ</em></span> <span class='ocrx_word' id='word_1_408' title='bbox 584 2680 637 2707; x_wconf 78' lang='grc' dir='ltr'><em>τοῦ</em></span> <span class='ocrx_word' id='word_1_409' title='bbox 653 2680 726 2707; x_wconf 76' lang='grc' dir='ltr'>ἰδεῖν</span> <span class='ocrx_word' id='word_1_410' title='bbox 736 2682 846 2716; x_wconf 65' lang='grc' dir='ltr'><em>σοφίαν</em></span> <span class='ocrx_word' id='word_1_411' title='bbox 861 2681 908 2708; x_wconf 70' lang='grc' dir='ltr'><em>καὶ</em></span> 
     </span>
    </p>
   </div>
   <div class='ocr_carea' id='block_1_58' title="bbox 128 2725 910 2761">
    <p class='ocr_par' dir='ltr' id='par_1_58' title="bbox 128 2725 910 2761">
     <span class='ocr_line' id='line_1_59' title="bbox 128 2725 910 2761; baseline 0.004 -11"><span class='ocrx_word' id='word_1_412' title='bbox 128 2727 289 2759; x_wconf 63' lang='grc' dir='ltr'>περιφορὰν</span> <span class='ocrx_word' id='word_1_413' title='bbox 306 2726 355 2752; x_wconf 76' lang='grc' dir='ltr'><em>καὶ</em></span> <span class='ocrx_word' id='word_1_414' title='bbox 370 2726 562 2760; x_wconf 69' lang='grc' dir='ltr'><em>ἀφροσύνην·</em></span> <span class='ocrx_word' id='word_1_415' title='bbox 579 2725 623 2752; x_wconf 81' lang='grc' dir='ltr'><em>ὅτι</em></span> <span class='ocrx_word' id='word_1_416' title='bbox 639 2727 684 2760; x_wconf 85' lang='grc' dir='ltr'><em>τίς</em></span> <span class='ocrx_word' id='word_1_417' title='bbox 700 2728 862 2761; x_wconf 76' lang='grc' dir='ltr'>ἄνθρωπος,</span> <span class='ocrx_word' id='word_1_418' title='bbox 877 2728 910 2761; x_wconf 82' lang='grc' dir='ltr'><em>ὃς</em></span> 
     </span>
    </p>
   </div>
   <div class='ocr_carea' id='block_1_59' title="bbox 126 2771 910 2808">
    <p class='ocr_par' dir='ltr' id='par_1_59' title="bbox 126 2771 910 2808">
     <span class='ocr_line' id='line_1_60' title="bbox 126 2771 910 2808; baseline 0.005 -11"><span class='ocrx_word' id='word_1_419' title='bbox 126 2771 282 2798; x_wconf 81' lang='grc' dir='ltr'>ἐλεύσεται</span> <span class='ocrx_word' id='word_1_420' title='bbox 307 2772 402 2799; x_wconf 77' lang='grc' dir='ltr'><em>ὀπίσω</em></span> <span class='ocrx_word' id='word_1_421' title='bbox 436 2772 491 2807; x_wconf 85' lang='grc' dir='ltr'><em>τῆς</em></span> <span class='ocrx_word' id='word_1_422' title='bbox 517 2773 636 2807; x_wconf 80' lang='grc' dir='ltr'><em>,ϐουλῆς</em></span> <span class='ocrx_word' id='word_1_423' title='bbox 663 2774 823 2808; x_wconf 82' lang='grc' dir='ltr'><em>σύμπαντα</em></span> <span class='ocrx_word' id='word_1_424' title='bbox 852 2774 910 2801; x_wconf 82' lang='grc' dir='ltr'><em>ὅσα</em></span> 
     </span>
    </p>
   </div>
   <div class='ocr_carea' id='block_1_60' title="bbox 126 2818 375 2852">
    <p class='ocr_par' dir='ltr' id='par_1_60' title="bbox 126 2818 375 2852">
     <span class='ocr_line' id='line_1_61' title="bbox 126 2818 375 2852; baseline 0.008 -8"><span class='ocrx_word' id='word_1_425' title='bbox 126 2818 270 2852; x_wconf 80' lang='grc' dir='ltr'><em>ἐποίησεν</em></span> <span class='ocrx_word' id='word_1_426' title='bbox 284 2819 358 2852; x_wconf 80' lang='grc' dir='ltr'><em>αὕτη</em></span> <span class='ocrx_word' id='word_1_427' title='bbox 368 2829 375 2851; x_wconf 89' lang='lat'><strong>;</strong></span> 
     </span>
    </p>
   </div>
   <div class='ocr_carea' id='block_1_61' title="bbox 160 2864 407 2894">
    <p class='ocr_par' dir='ltr' id='par_1_61' title="bbox 160 2864 407 2894">
     <span class='ocr_line' id='line_1_62' title="bbox 160 2864 407 2894; baseline 0.008 -3"><span class='ocrx_word' id='word_1_428' title='bbox 160 2865 170 2880; x_wconf 83' lang='lat'><strong>&#39;</strong></span> <span class='ocrx_word' id='word_1_429' title='bbox 185 2864 257 2892; x_wconf 77' lang='lat' dir='ltr'><em>Psal.</em></span> <span class='ocrx_word' id='word_1_430' title='bbox 271 2874 363 2894; x_wconf 39' lang='grc' dir='ltr'>χχχιχ,</span> <span class='ocrx_word' id='word_1_431' title='bbox 379 2866 407 2892; x_wconf 83' lang='lat' dir='ltr'><em>(i-</em></span> 
     </span>
    </p>
   </div>
   <div class='ocr_carea' id='block_1_62' title="bbox 159 2923 284 2958">
    <p class='ocr_par' dir='ltr' id='par_1_62' title="bbox 159 2923 284 2958">
     <span class='ocr_line' id='line_1_63' title="bbox 159 2923 284 2958; baseline 0.024 -10"><span class='ocrx_word' id='word_1_432' title='bbox 159 2923 196 2958; x_wconf 76' lang='grc'><em>(7)</em></span> <span class='ocrx_word' id='word_1_433' title='bbox 214 2924 284 2951; x_wconf 83' lang='grc' dir='ltr'><em>Τῶν.</em></span> 
     </span>
    </p>
   </div>
   <div class='ocr_carea' id='block_1_63' title="bbox 1002 315 1782 355">
    <p class='ocr_par' dir='ltr' id='par_1_63' title="bbox 1002 315 1782 355">
     <span class='ocr_line' id='line_1_64' title="bbox 1002 315 1782 355; baseline 0.019 -16"><span class='ocrx_word' id='word_1_434' title='bbox 1002 315 1096 347; x_wconf 87' lang='lat' dir='ltr'><em>multa,</em></span> <span class='ocrx_word' id='word_1_435' title='bbox 1117 324 1171 350; x_wconf 71' lang='lat' dir='ltr'><em>pra:</em></span> <span class='ocrx_word' id='word_1_436' title='bbox 1191 318 1310 346; x_wconf 76' lang='lat' dir='ltr'><em>omnibus</em></span> <span class='ocrx_word' id='word_1_437' title='bbox 1328 321 1373 354; x_wconf 88' lang='lat' dir='ltr'><em>qui</em></span> <span class='ocrx_word' id='word_1_438' title='bbox 1393 321 1500 355; x_wconf 81' lang='lat' dir='ltr'><em>[uerunt</em></span> <span class='ocrx_word' id='word_1_439' title='bbox 1521 329 1582 351; x_wconf 86' lang='lat' dir='ltr'><em>ante</em></span> <span class='ocrx_word' id='word_1_440' title='bbox 1598 333 1638 352; x_wconf 88' lang='lat' dir='ltr'><em>me</em></span> <span class='ocrx_word' id='word_1_441' title='bbox 1654 327 1682 352; x_wconf 84' lang='lat' dir='ltr'><em>in</em></span> <span class='ocrx_word' id='word_1_442' title='bbox 1700 326 1782 354; x_wconf 80' lang='lat' dir='ltr'><em>Jeru-</em></span> 
     </span>
    </p>
   </div>
   <div class='ocr_carea' id='block_1_64' title="bbox 999 360 1089 387">
    <p class='ocr_par' dir='ltr' id='par_1_64' title="bbox 999 360 1089 387">
     <span class='ocr_line' id='line_1_65' title="bbox 999 360 1089 387; baseline 0.022 -2"><span class='ocrx_word' id='word_1_443' title='bbox 999 360 1089 387; x_wconf 72' lang='lat' dir='ltr'><em>salem.</em></span> 
     </span>
    </p>
   </div>
   <div class='ocr_carea' id='block_1_65' title="bbox 1040 446 1780 490">
    <p class='ocr_par' dir='ltr' id='par_1_65' title="bbox 1040 446 1780 490">
     <span class='ocr_line' id='line_1_66' title="bbox 1040 446 1780 490; baseline 0.015 -17"><span class='ocrx_word' id='word_1_444' title='bbox 1040 446 1071 473; x_wconf 84' lang='lat' dir='ltr'><em>V.</em></span> <span class='ocrx_word' id='word_1_445' title='bbox 1090 447 1116 475; x_wconf 89' lang='grc'><em>8.</em></span> <span class='ocrx_word' id='word_1_446' title='bbox 1135 448 1234 484; x_wconf 78' lang='lat' dir='ltr'><em>Collegi</em></span> <span class='ocrx_word' id='word_1_447' title='bbox 1251 451 1314 477; x_wconf 74' lang='lat' dir='ltr'><em>milii</em></span> <span class='ocrx_word' id='word_1_448' title='bbox 1331 457 1407 487; x_wconf 89' lang='lat' dir='ltr'><em>atque</em></span> <span class='ocrx_word' id='word_1_449' title='bbox 1422 460 1569 488; x_wconf 73' lang='lat' dir='ltr'><em>argentum,</em></span> <span class='ocrx_word' id='word_1_450' title='bbox 1583 460 1661 490; x_wconf 86' lang='lat' dir='ltr'><em>atque</em></span> <span class='ocrx_word' id='word_1_451' title='bbox 1675 465 1780 489; x_wconf 86' lang='lat' dir='ltr'><em>aurum,</em></span> 
     </span>
    </p>
   </div>
   <div class='ocr_carea' id='block_1_66' title="bbox 996 493 1780 532">
    <p class='ocr_par' dir='ltr' id='par_1_66' title="bbox 996 493 1780 532">
     <span class='ocr_line' id='line_1_67' title="bbox 996 493 1780 532; baseline 0.014 -13"><span class='ocrx_word' id='word_1_452' title='bbox 996 497 1020 519; x_wconf 85' lang='lat' dir='ltr'><em>et</em></span> <span class='ocrx_word' id='word_1_453' title='bbox 1038 493 1200 522; x_wconf 80' lang='lat' dir='ltr'><em>substantias</em></span> <span class='ocrx_word' id='word_1_454' title='bbox 1215 504 1303 531; x_wconf 86' lang='lat' dir='ltr'><em>regum</em></span> <span class='ocrx_word' id='word_1_455' title='bbox 1318 499 1501 532; x_wconf 80' lang='lat' dir='ltr'><em>et-regionum.</em></span> <span class='ocrx_word' id='word_1_456' title='bbox 1525 499 1589 527; x_wconf 84' lang='lat' dir='ltr'><em>Feci</em></span> <span class='ocrx_word' id='word_1_457' title='bbox 1605 502 1668 528; x_wconf 84' lang='lat' dir='ltr'><em>mihi</em></span> <span class='ocrx_word' id='word_1_458' title='bbox 1688 509 1780 530; x_wconf 82' lang='lat' dir='ltr'><em>canto-</em></span> 
     </span>
    </p>
   </div>
   <div class='ocr_carea' id='block_1_67' title="bbox 996 543 1779 585">
    <p class='ocr_par' dir='ltr' id='par_1_67' title="bbox 996 543 1779 585">
     <span class='ocr_line' id='line_1_68' title="bbox 996 543 1779 585; baseline 0.015 -20"><span class='ocrx_word' id='word_1_459' title='bbox 996 547 1036 566; x_wconf 84' lang='lat' dir='ltr'><em>res</em></span> <span class='ocrx_word' id='word_1_460' title='bbox 1048 544 1073 566; x_wconf 92' lang='lat' dir='ltr'><em>et</em></span> <span class='ocrx_word' id='word_1_461' title='bbox 1087 543 1256 575; x_wconf 80' lang='lat' dir='ltr'><em>cantatrices,</em></span> <span class='ocrx_word' id='word_1_462' title='bbox 1272 549 1297 570; x_wconf 83' lang='lat' dir='ltr'><em>et</em></span> <span class='ocrx_word' id='word_1_463' title='bbox 1317 544 1505 573; x_wconf 82' lang='lat' dir='ltr'><em>oblectamenta</em></span> <span class='ocrx_word' id='word_1_464' title='bbox 1524 547 1576 581; x_wconf 82' lang='lat' dir='ltr'><em>filii</em></span> <span class='ocrx_word' id='word_1_465' title='bbox 1592 548 1715 582; x_wconf 83' lang='lat' dir='ltr'><em>hominis,</em></span> <span class='ocrx_word' id='word_1_466' title='bbox 1729 559 1779 585; x_wconf 81' lang='lat' dir='ltr'><em>po-</em></span> 
     </span>
    </p>
   </div>
   <div class='ocr_carea' id='block_1_68' title="bbox 995 584 1286 628">
    <p class='ocr_par' dir='ltr' id='par_1_68' title="bbox 995 584 1286 628">
     <span class='ocr_line' id='line_1_69' title="bbox 995 584 1286 628; baseline 0.014 -18"><span class='ocrx_word' id='word_1_467' title='bbox 995 584 1054 611; x_wconf 82' lang='lat' dir='ltr'><em>cula</em></span> <span class='ocrx_word' id='word_1_468' title='bbox 1069 590 1093 611; x_wconf 88' lang='lat' dir='ltr'><em>et</em></span> <span class='ocrx_word' id='word_1_469' title='bbox 1106 586 1286 628; x_wconf 71' lang='lat' dir='ltr'><em>pocillatorem</em></span> 
     </span>
    </p>
   </div>
   <div class='ocr_carea' id='block_1_69' title="bbox 1029 668 1774 714">
    <p class='ocr_par' dir='ltr' id='par_1_69' title="bbox 1029 668 1774 714">
     <span class='ocr_line' id='line_1_70' title="bbox 1029 668 1774 714; baseline 0.019 -19"><span class='ocrx_word' id='word_1_470' title='bbox 1029 668 1059 695; x_wconf 86' lang='lat' dir='ltr'><em>V.</em></span> <span class='ocrx_word' id='word_1_471' title='bbox 1074 670 1099 697; x_wconf 89' lang='lat'><em>9.</em></span> <span class='ocrx_word' id='word_1_472' title='bbox 1116 670 1151 697; x_wconf 85' lang='lat' dir='ltr'><em>Et</em></span> <span class='ocrx_word' id='word_1_473' title='bbox 1162 673 1345 707; x_wconf 82' lang='lat' dir='ltr'><em>magniﬁcatus</em></span> <span class='ocrx_word' id='word_1_474' title='bbox 1360 683 1428 707; x_wconf 84' lang='lat' dir='ltr'><em>sum,</em></span> <span class='ocrx_word' id='word_1_475' title='bbox 1444 682 1468 703; x_wconf 86' lang='lat' dir='ltr'><em>et</em></span> <span class='ocrx_word' id='word_1_476' title='bbox 1485 678 1570 713; x_wconf 82' lang='lat' dir='ltr'><em>adjeci</em></span> <span class='ocrx_word' id='word_1_477' title='bbox 1590 688 1644 714; x_wconf 75' lang='lat' dir='ltr'><em>pra:</em></span> <span class='ocrx_word' id='word_1_478' title='bbox 1657 683 1774 709; x_wconf 81' lang='lat' dir='ltr'><em>omnibus</em></span> 
     </span>
    </p>
   </div>
   <div class='ocr_carea' id='block_1_70' title="bbox 992 715 1775 761">
    <p class='ocr_par' dir='ltr' id='par_1_70' title="bbox 992 715 1775 761">
     <span class='ocr_line' id='line_1_71' title="bbox 992 715 1775 761; baseline 0.019 -21"><span class='ocrx_word' id='word_1_479' title='bbox 992 715 1037 748; x_wconf 84' lang='lat' dir='ltr'><em>qui</em></span> <span class='ocrx_word' id='word_1_480' title='bbox 1059 716 1164 749; x_wconf 77' lang='lat' dir='ltr'><em>fuerunt</em></span> <span class='ocrx_word' id='word_1_481' title='bbox 1184 723 1244 745; x_wconf 88' lang='lat' dir='ltr'><em>ante</em></span> <span class='ocrx_word' id='word_1_482' title='bbox 1263 727 1301 745; x_wconf 82' lang='lat' dir='ltr'><em>me</em></span> <span class='ocrx_word' id='word_1_483' title='bbox 1319 720 1345 745; x_wconf 90' lang='lat' dir='ltr'><em>in</em></span> <span class='ocrx_word' id='word_1_484' title='bbox 1367 720 1524 751; x_wconf 85' lang='lat' dir='ltr'><em>Jerusalem.</em></span> <span class='ocrx_word' id='word_1_485' title='bbox 1549 724 1627 759; x_wconf 73' lang='lat' dir='ltr'><em>Atqui</em></span> <span class='ocrx_word' id='word_1_486' title='bbox 1646 728 1775 761; x_wconf 76' lang='lat' dir='ltr'><em>sapientia</em></span> 
     </span>
    </p>
   </div>
   <div class='ocr_carea' id='block_1_71' title="bbox 991 761 1153 789">
    <p class='ocr_par' dir='ltr' id='par_1_71' title="bbox 991 761 1153 789">
     <span class='ocr_line' id='line_1_72' title="bbox 991 761 1153 789; baseline 0.025 -4"><span class='ocrx_word' id='word_1_487' title='bbox 991 761 1062 786; x_wconf 82' lang='lat' dir='ltr'><em>stetit</em></span> <span class='ocrx_word' id='word_1_488' title='bbox 1080 762 1153 789; x_wconf 77' lang='lat' dir='ltr'><em>milii.</em></span> 
     </span>
    </p>
   </div>
   <div class='ocr_carea' id='block_1_72' title="bbox 1026 804 1771 850">
    <p class='ocr_par' dir='ltr' id='par_1_72' title="bbox 1026 804 1771 850">
     <span class='ocr_line' id='line_1_73' title="bbox 1026 804 1771 850; baseline 0.02 -19"><span class='ocrx_word' id='word_1_489' title='bbox 1026 804 1057 831; x_wconf 85' lang='lat' dir='ltr'><em>V.</em></span> <span class='ocrx_word' id='word_1_490' title='bbox 1081 806 1123 833; x_wconf 86' lang='grc'><em>10.</em></span> <span class='ocrx_word' id='word_1_491' title='bbox 1148 806 1182 833; x_wconf 80' lang='grc' dir='ltr'><em>ΕΙ</em></span> <span class='ocrx_word' id='word_1_492' title='bbox 1201 817 1275 836; x_wconf 88' lang='lat' dir='ltr'><em>ontne</em></span> <span class='ocrx_word' id='word_1_493' title='bbox 1299 811 1368 845; x_wconf 81' lang='lat' dir='ltr'><em>quod</em></span> <span class='ocrx_word' id='word_1_494' title='bbox 1391 813 1589 849; x_wconf 71' lang='lat' dir='ltr'><em>postulaverunt</em></span> <span class='ocrx_word' id='word_1_495' title='bbox 1611 817 1681 844; x_wconf 80' lang='lat' dir='ltr'><em>oculi</em></span> <span class='ocrx_word' id='word_1_496' title='bbox 1705 819 1771 850; x_wconf 84' lang='lat' dir='ltr'><em>mei.</em></span> 
     </span>
    </p>
   </div>
   <div class='ocr_carea' id='block_1_73' title="bbox 989 852 1772 891">
    <p class='ocr_par' dir='ltr' id='par_1_73' title="bbox 989 852 1772 891">
     <span class='ocr_line' id='line_1_74' title="bbox 989 852 1772 891; baseline 0.019 -15"><span class='ocrx_word' id='word_1_497' title='bbox 989 859 1040 877; x_wconf 85' lang='lat' dir='ltr'><em>non</em></span> <span class='ocrx_word' id='word_1_498' title='bbox 1059 852 1156 879; x_wconf 76' lang='lat' dir='ltr'><em>abstuli</em></span> <span class='ocrx_word' id='word_1_499' title='bbox 1176 854 1207 880; x_wconf 87' lang='lat' dir='ltr'><em>ab</em></span> <span class='ocrx_word' id='word_1_500' title='bbox 1222 855 1268 881; x_wconf 85' lang='lat' dir='ltr'><em>eis.</em></span> <span class='ocrx_word' id='word_1_501' title='bbox 1291 855 1352 883; x_wconf 76' lang='lat' dir='ltr'><em>Non</em></span> <span class='ocrx_word' id='word_1_502' title='bbox 1366 857 1486 891; x_wconf 82' lang='lat' dir='ltr'><em>prohibui</em></span> <span class='ocrx_word' id='word_1_503' title='bbox 1497 867 1542 886; x_wconf 84' lang='lat' dir='ltr'><em>cor</em></span> <span class='ocrx_word' id='word_1_504' title='bbox 1556 869 1641 887; x_wconf 86' lang='lat' dir='ltr'><em>meum</em></span> <span class='ocrx_word' id='word_1_505' title='bbox 1656 863 1688 889; x_wconf 84' lang='lat' dir='ltr'><em>ab</em></span> <span class='ocrx_word' id='word_1_506' title='bbox 1702 866 1772 891; x_wconf 89' lang='lat' dir='ltr'><em>omni</em></span> 
     </span>
    </p>
   </div>
   <div class='ocr_carea' id='block_1_74' title="bbox 988 896 1093 924">
    <p class='ocr_par' dir='ltr' id='par_1_74' title="bbox 988 896 1093 924">
     <span class='ocr_line' id='line_1_75' title="bbox 988 896 1093 924; baseline 0.01 -2"><span class='ocrx_word' id='word_1_507' title='bbox 988 896 1093 924; x_wconf 81' lang='lat' dir='ltr'><em>lwtitia.</em></span> 
     </span>
    </p>
   </div>
   <div class='ocr_carea' id='block_1_75' title="bbox 1025 942 1772 991">
    <p class='ocr_par' dir='ltr' id='par_1_75' title="bbox 1025 942 1772 991">
     <span class='ocr_line' id='line_1_76' title="bbox 1025 942 1772 991; baseline 0.02 -22"><span class='ocrx_word' id='word_1_508' title='bbox 1025 942 1103 971; x_wconf 80' lang='lat' dir='ltr'><em>Vides</em></span> <span class='ocrx_word' id='word_1_509' title='bbox 1123 947 1260 980; x_wconf 88' lang='lat' dir='ltr'><em>quomodo</em></span> <span class='ocrx_word' id='word_1_510' title='bbox 1282 949 1480 978; x_wconf 93' lang='lat' dir='ltr'><em>multitudinem</em></span> <span class='ocrx_word' id='word_1_511' title='bbox 1495 955 1635 981; x_wconf 88' lang='lat' dir='ltr'><em>domorum</em></span> <span class='ocrx_word' id='word_1_512' title='bbox 1651 960 1677 982; x_wconf 86' lang='lat' dir='ltr'><em>et</em></span> <span class='ocrx_word' id='word_1_513' title='bbox 1691 964 1772 991; x_wconf 83' lang='lat' dir='ltr'><em>agro-</em></span> 
     </span>
    </p>
   </div>
   <div class='ocr_carea' id='block_1_76' title="bbox 988 992 1768 1032">
    <p class='ocr_par' dir='ltr' id='par_1_76' title="bbox 988 992 1768 1032">
     <span class='ocr_line' id='line_1_77' title="bbox 988 992 1768 1032; baseline 0.018 -17"><span class='ocrx_word' id='word_1_514' title='bbox 988 996 1058 1022; x_wconf 88' lang='lat' dir='ltr'><em>rum,</em></span> <span class='ocrx_word' id='word_1_515' title='bbox 1072 998 1104 1017; x_wconf 86' lang='lat' dir='ltr'><em>ac</em></span> <span class='ocrx_word' id='word_1_516' title='bbox 1119 992 1285 1027; x_wconf 84' lang='lat' dir='ltr'><em>reliquorum</em></span> <span class='ocrx_word' id='word_1_517' title='bbox 1309 1003 1369 1029; x_wconf 79' lang='lat' dir='ltr'><em>quae</em></span> <span class='ocrx_word' id='word_1_518' title='bbox 1393 1004 1598 1032; x_wconf 75' lang='lat' dir='ltr'><em>commemorat,</em></span> <span class='ocrx_word' id='word_1_519' title='bbox 1618 1008 1768 1030; x_wconf 81' lang='lat' dir='ltr'><em>enunieret.</em></span> 
     </span>
    </p>
   </div>
   <div class='ocr_carea' id='block_1_77' title="bbox 986 1034 1769 1082">
    <p class='ocr_par' dir='ltr' id='par_1_77' title="bbox 986 1034 1769 1082">
     <span class='ocr_line' id='line_1_78' title="bbox 986 1034 1769 1082; baseline 0.019 -21"><span class='ocrx_word' id='word_1_520' title='bbox 986 1034 1087 1064; x_wconf 84' lang='lat' dir='ltr'><em>Deinde</em></span> <span class='ocrx_word' id='word_1_521' title='bbox 1098 1038 1165 1065; x_wconf 85' lang='lat' dir='ltr'><em>nihil</em></span> <span class='ocrx_word' id='word_1_522' title='bbox 1179 1039 1205 1065; x_wconf 92' lang='lat' dir='ltr'><em>in</em></span> <span class='ocrx_word' id='word_1_523' title='bbox 1222 1039 1264 1067; x_wconf 85' lang='lat' dir='ltr'><em>his</em></span> <span class='ocrx_word' id='word_1_524' title='bbox 1278 1041 1343 1068; x_wconf 85' lang='lat' dir='ltr'><em>utile</em></span> <span class='ocrx_word' id='word_1_525' title='bbox 1359 1044 1513 1077; x_wconf 86' lang='lat' dir='ltr'><em>reperiens;</em></span> <span class='ocrx_word' id='word_1_526' title='bbox 1528 1053 1578 1072; x_wconf 91' lang='lat' dir='ltr'><em>nec</em></span> <span class='ocrx_word' id='word_1_527' title='bbox 1593 1047 1664 1073; x_wconf 90' lang='lat' dir='ltr'><em>enim</em></span> <span class='ocrx_word' id='word_1_528' title='bbox 1679 1049 1769 1082; x_wconf 87' lang='lat' dir='ltr'><em>quoad</em></span> 
     </span>
    </p>
   </div>
   <div class='ocr_carea' id='block_1_78' title="bbox 985 1080 1769 1126">
    <p class='ocr_par' dir='ltr' id='par_1_78' title="bbox 985 1080 1769 1126">
     <span class='ocr_line' id='line_1_79' title="bbox 985 1080 1769 1126; baseline 0.019 -20"><span class='ocrx_word' id='word_1_529' title='bbox 985 1080 1103 1108; x_wconf 85' lang='lat' dir='ltr'><em>animam</em></span> <span class='ocrx_word' id='word_1_530' title='bbox 1117 1090 1149 1109; x_wconf 81' lang='lat' dir='ltr'><em>ex</em></span> <span class='ocrx_word' id='word_1_531' title='bbox 1167 1084 1210 1112; x_wconf 91' lang='lat' dir='ltr'><em>his</em></span> <span class='ocrx_word' id='word_1_532' title='bbox 1232 1086 1328 1113; x_wconf 88' lang='lat' dir='ltr'><em>melior</em></span> <span class='ocrx_word' id='word_1_533' title='bbox 1344 1095 1477 1121; x_wconf 89' lang='lat' dir='ltr'><em>evaserat,</em></span> <span class='ocrx_word' id='word_1_534' title='bbox 1496 1097 1584 1125; x_wconf 89' lang='lat' dir='ltr'><em>neque</em></span> <span class='ocrx_word' id='word_1_535' title='bbox 1599 1099 1647 1126; x_wconf 90' lang='lat' dir='ltr'><em>per</em></span> <span class='ocrx_word' id='word_1_536' title='bbox 1667 1093 1717 1121; x_wconf 92' lang='lat' dir='ltr'><em>hoc</em></span> <span class='ocrx_word' id='word_1_537' title='bbox 1730 1094 1769 1121; x_wconf 80' lang='lat' dir='ltr'><em>fa-</em></span> 
     </span>
    </p>
   </div>
   <div class='ocr_carea' id='block_1_79' title="bbox 985 1127 1768 1169">
    <p class='ocr_par' dir='ltr' id='par_1_79' title="bbox 985 1127 1768 1169">
     <span class='ocr_line' id='line_1_80' title="bbox 985 1127 1768 1169; baseline 0.019 -17"><span class='ocrx_word' id='word_1_538' title='bbox 985 1127 1168 1156; x_wconf 84' lang='lat' dir='ltr'><em>miliaritatem</em></span> <span class='ocrx_word' id='word_1_539' title='bbox 1189 1138 1251 1157; x_wconf 92' lang='lat' dir='ltr'><em>cum</em></span> <span class='ocrx_word' id='word_1_540' title='bbox 1277 1131 1330 1158; x_wconf 84' lang='lat' dir='ltr'><em>Deo</em></span> <span class='ocrx_word' id='word_1_541' title='bbox 1353 1134 1534 1169; x_wconf 83' lang='lat' dir='ltr'><em>acquisierat;</em></span> <span class='ocrx_word' id='word_1_542' title='bbox 1553 1138 1708 1165; x_wconf 87' lang='lat' dir='ltr'><em>necessario</em></span> <span class='ocrx_word' id='word_1_543' title='bbox 1733 1140 1768 1167; x_wconf 89' lang='lat' dir='ltr'><em>ad</em></span> 
     </span>
    </p>
   </div>
   <div class='ocr_carea' id='block_1_80' title="bbox 984 1175 1766 1212">
    <p class='ocr_par' dir='ltr' id='par_1_80' title="bbox 984 1175 1766 1212">
     <span class='ocr_line' id='line_1_81' title="bbox 984 1175 1766 1212; baseline 0.018 -13"><span class='ocrx_word' id='word_1_544' title='bbox 984 1181 1062 1201; x_wconf 73' lang='lat' dir='ltr'><em>veras</em></span> <span class='ocrx_word' id='word_1_545' title='bbox 1084 1175 1209 1209; x_wconf 76' lang='lat' dir='ltr'><em>divitias,</em></span> <span class='ocrx_word' id='word_1_546' title='bbox 1234 1182 1261 1204; x_wconf 87' lang='lat' dir='ltr'><em>et</em></span> <span class='ocrx_word' id='word_1_547' title='bbox 1290 1179 1413 1206; x_wconf 69' lang='lat' dir='ltr'><em>stabilem</em></span> <span class='ocrx_word' id='word_1_548' title='bbox 1440 1181 1586 1209; x_wconf 79' lang='lat' dir='ltr'><em>essentiam</em></span> <span class='ocrx_word' id='word_1_549' title='bbox 1612 1191 1766 1212; x_wconf 82' lang='lat' dir='ltr'><em>sermonem</em></span> 
     </span>
    </p>
   </div>
   <div class='ocr_carea' id='block_1_81' title="bbox 984 1219 1767 1265">
    <p class='ocr_par' dir='ltr' id='par_1_81' title="bbox 984 1219 1767 1265">
     <span class='ocr_line' id='line_1_82' title="bbox 984 1219 1767 1265; baseline 0.017 -20"><span class='ocrx_word' id='word_1_550' title='bbox 984 1219 1120 1248; x_wconf 78' lang='lat' dir='ltr'><em>transfert.</em></span> <span class='ocrx_word' id='word_1_551' title='bbox 1134 1222 1203 1249; x_wconf 85' lang='lat' dir='ltr'><em>Cum</em></span> <span class='ocrx_word' id='word_1_552' title='bbox 1218 1224 1302 1259; x_wconf 82' lang='lat' dir='ltr'><em>igitur</em></span> <span class='ocrx_word' id='word_1_553' title='bbox 1317 1225 1397 1253; x_wconf 82' lang='lat' dir='ltr'><em>vellet</em></span> <span class='ocrx_word' id='word_1_554' title='bbox 1409 1227 1551 1255; x_wconf 85' lang='lat' dir='ltr'><em>ostendere</em></span> <span class='ocrx_word' id='word_1_555' title='bbox 1566 1237 1690 1264; x_wconf 77' lang='lat' dir='ltr'><em>quamam</em></span> <span class='ocrx_word' id='word_1_556' title='bbox 1708 1238 1767 1265; x_wconf 89' lang='lat' dir='ltr'><em>pos-</em></span> 
     </span>
    </p>
   </div>
   <div class='ocr_carea' id='block_1_82' title="bbox 983 1266 1764 1311">
    <p class='ocr_par' dir='ltr' id='par_1_82' title="bbox 983 1266 1764 1311">
     <span class='ocr_line' id='line_1_83' title="bbox 983 1266 1764 1311; baseline 0.015 -19"><span class='ocrx_word' id='word_1_557' title='bbox 983 1266 1119 1294; x_wconf 78' lang='lat' dir='ltr'><em>sessiones</em></span> <span class='ocrx_word' id='word_1_558' title='bbox 1134 1270 1286 1302; x_wconf 90' lang='lat' dir='ltr'><em>possessori</em></span> <span class='ocrx_word' id='word_1_559' title='bbox 1305 1278 1491 1305; x_wconf 85' lang='lat' dir='ltr'><em>permaneant,</em></span> <span class='ocrx_word' id='word_1_560' title='bbox 1509 1278 1764 1311; x_wconf 86' lang='lat' dir='ltr'><em>perseverentapud</em></span> 
     </span>
    </p>
   </div>
   <div class='ocr_carea' id='block_1_83' title="bbox 981 1312 1765 1356">
    <p class='ocr_par' dir='ltr' id='par_1_83' title="bbox 981 1312 1765 1356">
     <span class='ocr_line' id='line_1_84' title="bbox 981 1312 1765 1356; baseline 0.015 -19"><span class='ocrx_word' id='word_1_561' title='bbox 981 1318 1042 1338; x_wconf 90' lang='lat' dir='ltr'><em>eum</em></span> <span class='ocrx_word' id='word_1_562' title='bbox 1054 1312 1166 1347; x_wconf 78' lang='lat' dir='ltr'><em>jugiter,</em></span> <span class='ocrx_word' id='word_1_563' title='bbox 1180 1321 1211 1341; x_wconf 88' lang='lat' dir='ltr'><em>ac</em></span> <span class='ocrx_word' id='word_1_564' title='bbox 1225 1321 1375 1349; x_wconf 83' lang='lat' dir='ltr'><em>serventur,</em></span> <span class='ocrx_word' id='word_1_565' title='bbox 1389 1317 1531 1352; x_wconf 84' lang='lat' dir='ltr'><em>subjunin</em></span> <span class='ocrx_word' id='word_1_566' title='bbox 1545 1329 1552 1346; x_wconf 86' lang='lat'><strong>:</strong></span> <span class='ocrx_word' id='word_1_567' title='bbox 1568 1320 1648 1355; x_wconf 82' lang='lat' dir='ltr'><em>Atqui</em></span> <span class='ocrx_word' id='word_1_568' title='bbox 1661 1322 1765 1356; x_wconf 74' lang='lat' dir='ltr'><em>sapien—</em></span> 
     </span>
    </p>
   </div>
   <div class='ocr_carea' id='block_1_84' title="bbox 981 1356 1765 1395">
    <p class='ocr_par' dir='ltr' id='par_1_84' title="bbox 981 1356 1765 1395">
     <span class='ocr_line' id='line_1_85' title="bbox 981 1356 1765 1395; baseline 0.018 -14"><span class='ocrx_word' id='word_1_569' title='bbox 981 1356 1017 1382; x_wconf 89' lang='lat' dir='ltr'><em>tia</em></span> <span class='ocrx_word' id='word_1_570' title='bbox 1032 1357 1104 1383; x_wconf 73' lang='lat' dir='ltr'><em>stetit</em></span> <span class='ocrx_word' id='word_1_571' title='bbox 1122 1358 1195 1385; x_wconf 86' lang='lat' dir='ltr'><em>mihi.</em></span> <span class='ocrx_word' id='word_1_572' title='bbox 1218 1359 1280 1387; x_wconf 82' lang='lat' dir='ltr'><em>Sola</em></span> <span class='ocrx_word' id='word_1_573' title='bbox 1295 1361 1367 1388; x_wconf 88' lang='lat' dir='ltr'><em>enim</em></span> <span class='ocrx_word' id='word_1_574' title='bbox 1389 1362 1445 1389; x_wconf 74' lang='lat' dir='ltr'><em>haec</em></span> <span class='ocrx_word' id='word_1_575' title='bbox 1466 1370 1575 1392; x_wconf 86' lang='lat' dir='ltr'><em>manet:</em></span> <span class='ocrx_word' id='word_1_576' title='bbox 1592 1371 1688 1394; x_wconf 64' lang='lat' dir='ltr'><em>caitera</em></span> <span class='ocrx_word' id='word_1_577' title='bbox 1711 1368 1765 1395; x_wconf 81' lang='lat' dir='ltr'><em>dif-</em></span> 
     </span>
    </p>
   </div>
   <div class='ocr_carea' id='block_1_85' title="bbox 979 1401 1761 1443">
    <p class='ocr_par' dir='ltr' id='par_1_85' title="bbox 979 1401 1761 1443">
     <span class='ocr_line' id='line_1_86' title="bbox 979 1401 1761 1443; baseline 0.017 -15"><span class='ocrx_word' id='word_1_578' title='bbox 979 1401 1087 1436; x_wconf 79' lang='lat' dir='ltr'><em>fugiunt.</em></span> <span class='ocrx_word' id='word_1_579' title='bbox 1099 1408 1126 1431; x_wconf 87' lang='lat' dir='ltr'><em>et</em></span> <span class='ocrx_word' id='word_1_580' title='bbox 1140 1405 1299 1437; x_wconf 80' lang='lat' dir='ltr'><em>abscedunt.</em></span> <span class='ocrx_word' id='word_1_581' title='bbox 1314 1415 1482 1443; x_wconf 64' lang='lat' dir='ltr'><em>quaecunque</em></span> <span class='ocrx_word' id='word_1_582' title='bbox 1492 1416 1571 1438; x_wconf 81' lang='lat' dir='ltr'><em>antea</em></span> <span class='ocrx_word' id='word_1_583' title='bbox 1582 1414 1761 1442; x_wconf 87' lang='lat' dir='ltr'><em>enumeravit.</em></span> 
     </span>
    </p>
   </div>
   <div class='ocr_carea' id='block_1_86' title="bbox 980 1446 1759 1490">
    <p class='ocr_par' dir='ltr' id='par_1_86' title="bbox 980 1446 1759 1490">
     <span class='ocr_line' id='line_1_87' title="bbox 980 1446 1759 1490; baseline 0.018 -17"><span class='ocrx_word' id='word_1_584' title='bbox 980 1446 1117 1482; x_wconf 82' lang='lat' dir='ltr'><em>Sapientia</em></span> <span class='ocrx_word' id='word_1_585' title='bbox 1134 1449 1224 1484; x_wconf 85' lang='lat' dir='ltr'><em>itaque</em></span> <span class='ocrx_word' id='word_1_586' title='bbox 1242 1453 1314 1478; x_wconf 77' lang='lat' dir='ltr'><em>stetit</em></span> <span class='ocrx_word' id='word_1_587' title='bbox 1338 1453 1412 1485; x_wconf 82' lang='lat' dir='ltr'><em>milii,</em></span> <span class='ocrx_word' id='word_1_588' title='bbox 1430 1458 1456 1481; x_wconf 89' lang='lat' dir='ltr'><em>et</em></span> <span class='ocrx_word' id='word_1_589' title='bbox 1474 1462 1524 1488; x_wconf 82' lang='lat' dir='ltr'><em>ego</em></span> <span class='ocrx_word' id='word_1_590' title='bbox 1536 1464 1584 1490; x_wconf 88' lang='lat' dir='ltr'><em>per</em></span> <span class='ocrx_word' id='word_1_591' title='bbox 1600 1457 1672 1486; x_wconf 84' lang='lat' dir='ltr'><em>illam</em></span> <span class='ocrx_word' id='word_1_592' title='bbox 1689 1460 1759 1487; x_wconf 88' lang='lat' dir='ltr'><em>steti.</em></span> 
     </span>
    </p>
   </div>
   <div class='ocr_carea' id='block_1_87' title="bbox 978 1491 1761 1539">
    <p class='ocr_par' dir='ltr' id='par_1_87' title="bbox 978 1491 1761 1539">
     <span class='ocr_line' id='line_1_88' title="bbox 978 1491 1761 1539; baseline 0.019 -21"><span class='ocrx_word' id='word_1_593' title='bbox 978 1491 1025 1519; x_wconf 85' lang='lat' dir='ltr'><em>Illa</em></span> <span class='ocrx_word' id='word_1_594' title='bbox 1039 1501 1157 1528; x_wconf 86' lang='lat' dir='ltr'><em>namque</em></span> <span class='ocrx_word' id='word_1_595' title='bbox 1172 1495 1318 1530; x_wconf 85' lang='lat' dir='ltr'><em>excidunt,</em></span> <span class='ocrx_word' id='word_1_596' title='bbox 1340 1503 1367 1526; x_wconf 89' lang='lat' dir='ltr'><em>et</em></span> <span class='ocrx_word' id='word_1_597' title='bbox 1386 1500 1555 1534; x_wconf 64' lang='lat' dir='ltr'><em>prmcipitaut</em></span> <span class='ocrx_word' id='word_1_598' title='bbox 1576 1508 1709 1539; x_wconf 83' lang='lat' dir='ltr'><em>quotquot</em></span> <span class='ocrx_word' id='word_1_599' title='bbox 1726 1506 1761 1533; x_wconf 86' lang='lat' dir='ltr'><em>ad</em></span> 
     </span>
    </p>
   </div>
   <div class='ocr_carea' id='block_1_88' title="bbox 977 1536 1762 1581">
    <p class='ocr_par' dir='ltr' id='par_1_88' title="bbox 977 1536 1762 1581">
     <span class='ocr_line' id='line_1_89' title="bbox 977 1536 1762 1581; baseline 0.018 -18"><span class='ocrx_word' id='word_1_600' title='bbox 977 1536 1023 1564; x_wconf 89' lang='lat' dir='ltr'><em>illa</em></span> <span class='ocrx_word' id='word_1_601' title='bbox 1037 1545 1191 1566; x_wconf 89' lang='lat' dir='ltr'><em>recurrunt.</em></span> <span class='ocrx_word' id='word_1_602' title='bbox 1209 1541 1243 1567; x_wconf 88' lang='lat' dir='ltr'><em>At</em></span> <span class='ocrx_word' id='word_1_603' title='bbox 1257 1542 1329 1568; x_wconf 91' lang='lat' dir='ltr'><em>enim</em></span> <span class='ocrx_word' id='word_1_604' title='bbox 1355 1543 1449 1572; x_wconf 67' lang='lat' dir='ltr'><em>volens</em></span> <span class='ocrx_word' id='word_1_605' title='bbox 1472 1548 1701 1581; x_wconf 84' lang='lat' dir='ltr'><em>comparationem</em></span> <span class='ocrx_word' id='word_1_606' title='bbox 1720 1550 1762 1577; x_wconf 91' lang='lat' dir='ltr'><em>in-</em></span> 
     </span>
    </p>
   </div>
   <div class='ocr_carea' id='block_1_89' title="bbox 977 1582 1761 1630">
    <p class='ocr_par' dir='ltr' id='par_1_89' title="bbox 977 1582 1761 1630">
     <span class='ocr_line' id='line_1_90' title="bbox 977 1582 1761 1630; baseline 0.019 -22"><span class='ocrx_word' id='word_1_607' title='bbox 977 1582 1089 1610; x_wconf 88' lang='lat' dir='ltr'><em>stituere</em></span> <span class='ocrx_word' id='word_1_608' title='bbox 1110 1584 1263 1619; x_wconf 54' lang='lat' dir='ltr'><em>sapientia,</em></span> <span class='ocrx_word' id='word_1_609' title='bbox 1284 1590 1311 1613; x_wconf 81' lang='lat' dir='ltr'><em>et</em></span> <span class='ocrx_word' id='word_1_610' title='bbox 1335 1587 1469 1616; x_wconf 87' lang='lat' dir='ltr'><em>bonorum</em></span> <span class='ocrx_word' id='word_1_611' title='bbox 1495 1590 1676 1621; x_wconf 86' lang='lat' dir='ltr'><em>humanorum</em></span> <span class='ocrx_word' id='word_1_612' title='bbox 1700 1603 1761 1630; x_wconf 65' lang='lat' dir='ltr'><em>quae</em></span> 
     </span>
    </p>
   </div>
   <div class='ocr_carea' id='block_1_90' title="bbox 979 1628 1759 1677">
    <p class='ocr_par' dir='ltr' id='par_1_90' title="bbox 979 1628 1759 1677">
     <span class='ocr_line' id='line_1_91' title="bbox 979 1628 1759 1677; baseline 0.019 -24"><span class='ocrx_word' id='word_1_613' title='bbox 979 1628 1042 1654; x_wconf 86' lang='lat' dir='ltr'><em>talia</em></span> <span class='ocrx_word' id='word_1_614' title='bbox 1066 1635 1235 1663; x_wconf 85' lang='lat' dir='ltr'><em>reputantur,</em></span> <span class='ocrx_word' id='word_1_615' title='bbox 1262 1633 1318 1659; x_wconf 64' lang='lat' dir='ltr'><em>haec</em></span> <span class='ocrx_word' id='word_1_616' title='bbox 1342 1633 1481 1663; x_wconf 80' lang='lat' dir='ltr'><em>subtexuit</em></span> <span class='ocrx_word' id='word_1_617' title='bbox 1501 1645 1508 1663; x_wconf 94' lang='lat'>:</span> <span class='ocrx_word' id='word_1_618' title='bbox 1530 1635 1566 1664; x_wconf 91' lang='lat' dir='ltr'><em>Et</em></span> <span class='ocrx_word' id='word_1_619' title='bbox 1591 1647 1666 1666; x_wconf 85' lang='lat' dir='ltr'><em>omne</em></span> <span class='ocrx_word' id='word_1_620' title='bbox 1690 1628 1759 1677; x_wconf 74' lang='lat' dir='ltr'><em>quod</em></span> 
     </span>
    </p>
   </div>
   <div class='ocr_carea' id='block_1_91' title="bbox 976 1673 1759 1718">
    <p class='ocr_par' dir='ltr' id='par_1_91' title="bbox 976 1673 1759 1718">
     <span class='ocr_line' id='line_1_92' title="bbox 976 1673 1759 1718; baseline 0.022 -20"><span class='ocrx_word' id='word_1_621' title='bbox 976 1673 1174 1707; x_wconf 82' lang='lat' dir='ltr'><em>postulaverunt</em></span> <span class='ocrx_word' id='word_1_622' title='bbox 1189 1677 1259 1703; x_wconf 83' lang='lat' dir='ltr'><em>oculi</em></span> <span class='ocrx_word' id='word_1_623' title='bbox 1272 1678 1331 1709; x_wconf 85' lang='lat' dir='ltr'><em>mei,</em></span> <span class='ocrx_word' id='word_1_624' title='bbox 1348 1687 1399 1705; x_wconf 85' lang='lat' dir='ltr'><em>non</em></span> <span class='ocrx_word' id='word_1_625' title='bbox 1416 1681 1513 1708; x_wconf 78' lang='lat' dir='ltr'><em>abstuli</em></span> <span class='ocrx_word' id='word_1_626' title='bbox 1528 1682 1560 1709; x_wconf 87' lang='lat' dir='ltr'><em>ab</em></span> <span class='ocrx_word' id='word_1_627' title='bbox 1573 1684 1622 1718; x_wconf 84' lang='lat' dir='ltr'><em>eis,</em></span> <span class='ocrx_word' id='word_1_628' title='bbox 1638 1690 1664 1713; x_wconf 87' lang='lat' dir='ltr'><em>et</em></span> <span class='ocrx_word' id='word_1_629' title='bbox 1679 1673 1759 1715; x_wconf 53' lang='lat' dir='ltr'><em>cime-</em></span> 
     </span>
    </p>
   </div>
   <div class='ocr_carea' id='block_1_92' title="bbox 976 1722 1756 1766">
    <p class='ocr_par' dir='ltr' id='par_1_92' title="bbox 976 1722 1756 1766">
     <span class='ocr_line' id='line_1_93' title="bbox 976 1722 1756 1766; baseline 0.022 -21"><span class='ocrx_word' id='word_1_630' title='bbox 976 1726 1017 1752; x_wconf 80' lang='lat' dir='ltr'><em>ra,</em></span> <span class='ocrx_word' id='word_1_631' title='bbox 1034 1728 1088 1747; x_wconf 89' lang='lat' dir='ltr'><em>non</em></span> <span class='ocrx_word' id='word_1_632' title='bbox 1104 1722 1184 1749; x_wconf 92' lang='lat' dir='ltr'><em>modo</em></span> <span class='ocrx_word' id='word_1_633' title='bbox 1199 1723 1285 1751; x_wconf 89' lang='lat' dir='ltr'><em>malos</em></span> <span class='ocrx_word' id='word_1_634' title='bbox 1302 1726 1448 1754; x_wconf 87' lang='lat' dir='ltr'><em>ostendens</em></span> <span class='ocrx_word' id='word_1_635' title='bbox 1464 1727 1621 1762; x_wconf 88' lang='lat' dir='ltr'><em>hujusmodi</em></span> <span class='ocrx_word' id='word_1_636' title='bbox 1640 1732 1756 1766; x_wconf 84' lang='lat' dir='ltr'><em>labores,</em></span> 
     </span>
    </p>
   </div>
   <div class='ocr_carea' id='block_1_93' title="bbox 975 1766 1758 1807">
    <p class='ocr_par' dir='ltr' id='par_1_93' title="bbox 975 1766 1758 1807">
     <span class='ocr_line' id='line_1_94' title="bbox 975 1766 1758 1807; baseline 0.022 -17"><span class='ocrx_word' id='word_1_637' title='bbox 975 1771 1045 1798; x_wconf 88' lang='lat' dir='ltr'><em>quos</em></span> <span class='ocrx_word' id='word_1_638' title='bbox 1058 1766 1104 1800; x_wconf 88' lang='lat' dir='ltr'><em>qui</em></span> <span class='ocrx_word' id='word_1_639' title='bbox 1120 1767 1147 1793; x_wconf 91' lang='lat' dir='ltr'><em>in</em></span> <span class='ocrx_word' id='word_1_640' title='bbox 1158 1767 1248 1795; x_wconf 71' lang='lat' dir='ltr'><em>lretitia</em></span> <span class='ocrx_word' id='word_1_641' title='bbox 1262 1769 1395 1803; x_wconf 86' lang='lat' dir='ltr'><em>laborant,</em></span> <span class='ocrx_word' id='word_1_642' title='bbox 1408 1772 1554 1807; x_wconf 86' lang='lat' dir='ltr'><em>sustinent;</em></span> <span class='ocrx_word' id='word_1_643' title='bbox 1569 1783 1664 1804; x_wconf 80' lang='lat' dir='ltr'><em>verum</em></span> <span class='ocrx_word' id='word_1_644' title='bbox 1675 1779 1758 1806; x_wconf 84' lang='lat' dir='ltr'><em>etiam</em></span> 
     </span>
    </p>
   </div>
   <div class='ocr_carea' id='block_1_94' title="bbox 975 1813 1758 1853">
    <p class='ocr_par' dir='ltr' id='par_1_94' title="bbox 975 1813 1758 1853">
     <span class='ocr_line' id='line_1_95' title="bbox 975 1813 1758 1853; baseline 0.02 -16"><span class='ocrx_word' id='word_1_645' title='bbox 975 1818 1153 1847; x_wconf 88' lang='lat' dir='ltr'><em>quoscunque</em></span> <span class='ocrx_word' id='word_1_646' title='bbox 1174 1813 1197 1840; x_wconf 69' lang='lat' dir='ltr'><em>\‘i</em></span> <span class='ocrx_word' id='word_1_647' title='bbox 1224 1822 1256 1842; x_wconf 86' lang='lat' dir='ltr'><em>ac</em></span> <span class='ocrx_word' id='word_1_648' title='bbox 1276 1816 1437 1844; x_wconf 83' lang='lat' dir='ltr'><em>necessitate</em></span> <span class='ocrx_word' id='word_1_649' title='bbox 1458 1817 1611 1849; x_wconf 80' lang='lat' dir='ltr'><em>laborantes</em></span> <span class='ocrx_word' id='word_1_650' title='bbox 1632 1822 1758 1853; x_wconf 80' lang='lat' dir='ltr'><em>homines</em></span> 
     </span>
    </p>
   </div>
   <div class='ocr_carea' id='block_1_95' title="bbox 974 1856 1757 1897">
    <p class='ocr_par' dir='ltr' id='par_1_95' title="bbox 974 1856 1757 1897">
     <span class='ocr_line' id='line_1_96' title="bbox 974 1856 1757 1897; baseline 0.019 -15"><span class='ocrx_word' id='word_1_651' title='bbox 974 1856 1099 1888; x_wconf 87' lang='lat' dir='ltr'><em>tolerant,</em></span> <span class='ocrx_word' id='word_1_652' title='bbox 1118 1858 1269 1892; x_wconf 83' lang='lat' dir='ltr'><em>quotidiani</em></span> <span class='ocrx_word' id='word_1_653' title='bbox 1281 1860 1369 1887; x_wconf 84' lang='lat' dir='ltr'><em>victus</em></span> <span class='ocrx_word' id='word_1_654' title='bbox 1387 1869 1479 1895; x_wconf 86' lang='lat' dir='ltr'><em>causa,</em></span> <span class='ocrx_word' id='word_1_655' title='bbox 1497 1863 1525 1890; x_wconf 92' lang='lat' dir='ltr'><em>in</em></span> <span class='ocrx_word' id='word_1_656' title='bbox 1548 1865 1646 1894; x_wconf 88' lang='lat' dir='ltr'><em>sudore</em></span> <span class='ocrx_word' id='word_1_657' title='bbox 1665 1868 1757 1897; x_wconf 78' lang='lat' dir='ltr'><em>vultus</em></span> 
     </span>
    </p>
   </div>
   <div class='ocr_carea' id='block_1_96' title="bbox 974 1904 1754 1948">
    <p class='ocr_par' dir='ltr' id='par_1_96' title="bbox 974 1904 1754 1948">
     <span class='ocr_line' id='line_1_97' title="bbox 974 1904 1754 1948; baseline 0.017 -20"><span class='ocrx_word' id='word_1_658' title='bbox 974 1907 1044 1930; x_wconf 84' lang='lat' dir='ltr'><em>artes</em></span> <span class='ocrx_word' id='word_1_659' title='bbox 1059 1904 1218 1931; x_wconf 88' lang='lat' dir='ltr'><em>exercendo.</em></span> <span class='ocrx_word' id='word_1_660' title='bbox 1237 1904 1327 1932; x_wconf 87' lang='lat' dir='ltr'><em>Labor</em></span> <span class='ocrx_word' id='word_1_661' title='bbox 1350 1906 1423 1934; x_wconf 88' lang='lat' dir='ltr'><em>enim</em></span> <span class='ocrx_word' id='word_1_662' title='bbox 1442 1908 1543 1936; x_wconf 89' lang='lat' dir='ltr'><em>multus</em></span> <span class='ocrx_word' id='word_1_663' title='bbox 1565 1915 1623 1944; x_wconf 91' lang='lat' dir='ltr'><em>est,</em></span> <span class='ocrx_word' id='word_1_664' title='bbox 1649 1912 1754 1948; x_wconf 83' lang='lat' dir='ltr'><em>inquit,</em></span> 
     </span>
    </p>
   </div>
   <div class='ocr_carea' id='block_1_97' title="bbox 973 1951 1755 1991">
    <p class='ocr_par' dir='ltr' id='par_1_97' title="bbox 973 1951 1755 1991">
     <span class='ocr_line' id='line_1_98' title="bbox 973 1951 1755 1991; baseline 0.017 -17"><span class='ocrx_word' id='word_1_665' title='bbox 973 1955 1018 1975; x_wconf 86' lang='lat' dir='ltr'><em>ars</em></span> <span class='ocrx_word' id='word_1_666' title='bbox 1037 1954 1126 1976; x_wconf 89' lang='lat' dir='ltr'><em>autem</em></span> <span class='ocrx_word' id='word_1_667' title='bbox 1148 1957 1208 1984; x_wconf 70' lang='lat' dir='ltr'><em>qua:</em></span> <span class='ocrx_word' id='word_1_668' title='bbox 1232 1951 1375 1979; x_wconf 58' lang='lat' dir='ltr'><em>exe—labore</em></span> <span class='ocrx_word' id='word_1_669' title='bbox 1397 1957 1455 1987; x_wconf 87' lang='lat' dir='ltr'><em>est,</em></span> <span class='ocrx_word' id='word_1_670' title='bbox 1477 1957 1657 1991; x_wconf 84' lang='lat' dir='ltr'><em>temporaria,</em></span> <span class='ocrx_word' id='word_1_671' title='bbox 1687 1960 1755 1987; x_wconf 88' lang='lat' dir='ltr'><em>nihil</em></span> 
     </span>
    </p>
   </div>
   <div class='ocr_carea' id='block_1_98' title="bbox 972 1993 1754 2035">
    <p class='ocr_par' dir='ltr' id='par_1_98' title="bbox 972 1993 1754 2035">
     <span class='ocr_line' id='line_1_99' title="bbox 972 1993 1754 2035; baseline 0.017 -15"><span class='ocrx_word' id='word_1_672' title='bbox 972 1993 1087 2022; x_wconf 81' lang='lat' dir='ltr'><em>aﬂ‘erens</em></span> <span class='ocrx_word' id='word_1_673' title='bbox 1111 1995 1176 2022; x_wconf 91' lang='lat' dir='ltr'><em>utile</em></span> <span class='ocrx_word' id='word_1_674' title='bbox 1199 2004 1293 2023; x_wconf 85' lang='lat' dir='ltr'><em>eorum</em></span> <span class='ocrx_word' id='word_1_675' title='bbox 1318 2005 1378 2032; x_wconf 71' lang='lat' dir='ltr'><em>quae</em></span> <span class='ocrx_word' id='word_1_676' title='bbox 1401 1999 1545 2027; x_wconf 86' lang='lat' dir='ltr'><em>delectant.</em></span> <span class='ocrx_word' id='word_1_677' title='bbox 1571 2001 1754 2035; x_wconf 77' lang='lat' dir='ltr'><em>Quamobrem</em></span> 
     </span>
    </p>
   </div>
   <div class='ocr_carea' id='block_1_99' title="bbox 971 2040 1754 2079">
    <p class='ocr_par' dir='ltr' id='par_1_99' title="bbox 971 2040 1754 2079">
     <span class='ocr_line' id='line_1_100' title="bbox 971 2040 1754 2079; baseline 0.015 -13"><span class='ocrx_word' id='word_1_678' title='bbox 971 2040 1052 2067; x_wconf 88' lang='lat' dir='ltr'><em>etiam</em></span> <span class='ocrx_word' id='word_1_679' title='bbox 1069 2042 1282 2069; x_wconf 87' lang='lat' dir='ltr'><em>emolumentum</em></span> <span class='ocrx_word' id='word_1_680' title='bbox 1297 2044 1401 2071; x_wconf 91' lang='lat' dir='ltr'><em>nullum</em></span> <span class='ocrx_word' id='word_1_681' title='bbox 1420 2050 1471 2073; x_wconf 84' lang='lat' dir='ltr'><em>est.</em></span> <span class='ocrx_word' id='word_1_682' title='bbox 1489 2045 1539 2074; x_wconf 91' lang='lat' dir='ltr'><em>Ubi</em></span> <span class='ocrx_word' id='word_1_683' title='bbox 1558 2049 1629 2076; x_wconf 89' lang='lat' dir='ltr'><em>enim</em></span> <span class='ocrx_word' id='word_1_684' title='bbox 1644 2057 1698 2077; x_wconf 91' lang='lat' dir='ltr'><em>non</em></span> <span class='ocrx_word' id='word_1_685' title='bbox 1712 2057 1754 2079; x_wconf 88' lang='lat' dir='ltr'><em>est</em></span> 
     </span>
    </p>
   </div>
   <div class='ocr_carea' id='block_1_100' title="bbox 970 2087 1754 2133">
    <p class='ocr_par' dir='ltr' id='par_1_100' title="bbox 970 2087 1754 2133">
     <span class='ocr_line' id='line_1_101' title="bbox 970 2087 1754 2133; baseline 0.015 -20"><span class='ocrx_word' id='word_1_686' title='bbox 970 2087 1164 2120; x_wconf 74' lang='lat' dir='ltr'><em>exuberantia,</em></span> <span class='ocrx_word' id='word_1_687' title='bbox 1191 2096 1279 2123; x_wconf 88' lang='lat' dir='ltr'><em>neque</em></span> <span class='ocrx_word' id='word_1_688' title='bbox 1301 2091 1525 2121; x_wconf 87' lang='lat' dir='ltr'><em>emolumentum.</em></span> <span class='ocrx_word' id='word_1_689' title='bbox 1552 2094 1648 2123; x_wconf 84' lang='lat' dir='ltr'><em>Merito</em></span> <span class='ocrx_word' id='word_1_690' title='bbox 1671 2098 1754 2133; x_wconf 82' lang='lat' dir='ltr'><em>igitur</em></span> 
     </span>
    </p>
   </div>
   <div class='ocr_carea' id='block_1_101' title="bbox 970 2133 1751 2174">
    <p class='ocr_par' dir='ltr' id='par_1_101' title="bbox 970 2133 1751 2174">
     <span class='ocr_line' id='line_1_102' title="bbox 970 2133 1751 2174; baseline 0.015 -15"><span class='ocrx_word' id='word_1_691' title='bbox 970 2133 1076 2161; x_wconf 85' lang='lat' dir='ltr'><em>vanitas</em></span> <span class='ocrx_word' id='word_1_692' title='bbox 1099 2138 1164 2161; x_wconf 85' lang='lat' dir='ltr'><em>sunt</em></span> <span class='ocrx_word' id='word_1_693' title='bbox 1184 2141 1226 2162; x_wconf 82' lang='lat' dir='ltr'><em>res</em></span> <span class='ocrx_word' id='word_1_694' title='bbox 1253 2135 1324 2163; x_wconf 83' lang='lat' dir='ltr'><em>circa</em></span> <span class='ocrx_word' id='word_1_695' title='bbox 1347 2144 1416 2171; x_wconf 86' lang='lat' dir='ltr'><em>quas</em></span> <span class='ocrx_word' id='word_1_696' title='bbox 1434 2142 1506 2166; x_wconf 87' lang='lat' dir='ltr'><em>tanta</em></span> <span class='ocrx_word' id='word_1_697' title='bbox 1526 2146 1568 2168; x_wconf 87' lang='lat' dir='ltr'><em>est</em></span> <span class='ocrx_word' id='word_1_698' title='bbox 1588 2143 1751 2174; x_wconf 82' lang='lat' dir='ltr'><em>sollicitudo.</em></span> 
     </span>
    </p>
   </div>
   <div class='ocr_carea' id='block_1_102' title="bbox 968 2179 1750 2216">
    <p class='ocr_par' dir='ltr' id='par_1_102' title="bbox 968 2179 1750 2216">
     <span class='ocr_line' id='line_1_103' title="bbox 968 2179 1750 2216; baseline 0.015 -11"><span class='ocrx_word' id='word_1_699' title='bbox 968 2183 993 2206; x_wconf 88' lang='lat' dir='ltr'><em>et</em></span> <span class='ocrx_word' id='word_1_700' title='bbox 1012 2179 1132 2206; x_wconf 79' lang='lat' dir='ltr'><em>voluntas</em></span> <span class='ocrx_word' id='word_1_701' title='bbox 1147 2181 1265 2215; x_wconf 79' lang='lat' dir='ltr'><em>spiritus.</em></span> <span class='ocrx_word' id='word_1_702' title='bbox 1281 2180 1411 2216; x_wconf 87' lang='lat' dir='ltr'><em>Spiritum</em></span> <span class='ocrx_word' id='word_1_703' title='bbox 1426 2185 1470 2212; x_wconf 88' lang='lat' dir='ltr'><em>hic</em></span> <span class='ocrx_word' id='word_1_704' title='bbox 1482 2186 1601 2214; x_wconf 82' lang='lat' dir='ltr'><em>animam</em></span> <span class='ocrx_word' id='word_1_705' title='bbox 1618 2192 1750 2216; x_wconf 74' lang='lat' dir='ltr'><em>nominat.</em></span> 
     </span>
    </p>
   </div>
   <div class='ocr_carea' id='block_1_103' title="bbox 969 2223 1751 2262">
    <p class='ocr_par' dir='ltr' id='par_1_103' title="bbox 969 2223 1751 2262">
     <span class='ocr_line' id='line_1_104' title="bbox 969 2223 1751 2262; baseline 0.015 -12"><span class='ocrx_word' id='word_1_706' title='bbox 969 2223 1101 2252; x_wconf 81' lang='lat' dir='ltr'><em>Voluntas</em></span> <span class='ocrx_word' id='word_1_707' title='bbox 1115 2226 1198 2257; x_wconf 90' lang='lat' dir='ltr'><em>enim,</em></span> <span class='ocrx_word' id='word_1_708' title='bbox 1214 2230 1255 2253; x_wconf 86' lang='lat' dir='ltr'><em>est</em></span> <span class='ocrx_word' id='word_1_709' title='bbox 1269 2227 1396 2261; x_wconf 84' lang='lat' dir='ltr'><em>qualitas,</em></span> <span class='ocrx_word' id='word_1_710' title='bbox 1414 2237 1467 2257; x_wconf 89' lang='lat' dir='ltr'><em>non</em></span> <span class='ocrx_word' id='word_1_711' title='bbox 1488 2236 1592 2260; x_wconf 87' lang='lat' dir='ltr'><em>motus.</em></span> <span class='ocrx_word' id='word_1_712' title='bbox 1611 2233 1644 2261; x_wconf 85' lang='lat' dir='ltr'><em>Et</em></span> <span class='ocrx_word' id='word_1_713' title='bbox 1666 2234 1751 2262; x_wconf 72' lang='lat' dir='ltr'><em>David</em></span> 
     </span>
    </p>
   </div>
   <div class='ocr_carea' id='block_1_104' title="bbox 968 2270 1749 2312">
    <p class='ocr_par' dir='ltr' id='par_1_104' title="bbox 968 2270 1749 2312">
     <span class='ocr_line' id='line_1_105' title="bbox 968 2270 1749 2312; baseline 0.015 -15"><span class='ocrx_word' id='word_1_714' title='bbox 968 2271 1005 2298; x_wconf 87' lang='lat' dir='ltr'><em>ait</em></span> <span class='ocrx_word' id='word_1_715' title='bbox 1024 2280 1030 2298; x_wconf 87' lang='lat'><strong>:</strong></span> <span class='ocrx_word' id='word_1_716' title='bbox 1051 2270 1085 2298; x_wconf 86' lang='lat' dir='ltr'><em>In</em></span> <span class='ocrx_word' id='word_1_717' title='bbox 1107 2280 1201 2299; x_wconf 83' lang='lat' dir='ltr'><em>manus</em></span> <span class='ocrx_word' id='word_1_718' title='bbox 1226 2277 1286 2299; x_wconf 79' lang='lat' dir='ltr'><em>tuas</em></span> <span class='ocrx_word' id='word_1_719' title='bbox 1311 2276 1461 2302; x_wconf 85' lang='lat' dir='ltr'><em>commendo</em></span> <span class='ocrx_word' id='word_1_720' title='bbox 1483 2278 1604 2312; x_wconf 75' lang='lat' dir='ltr'><em>spiritum</em></span> <span class='ocrx_word' id='word_1_721' title='bbox 1630 2283 1749 2311; x_wconf 79' lang='lat' dir='ltr'><em>meum‘.</em></span> 
     </span>
    </p>
   </div>
   <div class='ocr_carea' id='block_1_105' title="bbox 967 2317 1750 2363">
    <p class='ocr_par' dir='ltr' id='par_1_105' title="bbox 967 2317 1750 2363">
     <span class='ocr_line' id='line_1_106' title="bbox 967 2317 1750 2363; baseline 0.015 -20"><span class='ocrx_word' id='word_1_722' title='bbox 967 2317 1048 2351; x_wconf 82' lang='lat' dir='ltr'><em>Atqui</em></span> <span class='ocrx_word' id='word_1_723' title='bbox 1064 2325 1126 2345; x_wconf 83' lang='lat' dir='ltr'><em>vere</em></span> <span class='ocrx_word' id='word_1_724' title='bbox 1139 2319 1269 2352; x_wconf 78' lang='lat' dir='ltr'><em>sapientia</em></span> <span class='ocrx_word' id='word_1_725' title='bbox 1292 2320 1363 2347; x_wconf 81' lang='lat' dir='ltr'><em>stetit</em></span> <span class='ocrx_word' id='word_1_726' title='bbox 1380 2321 1454 2354; x_wconf 85' lang='lat' dir='ltr'><em>mihi,</em></span> <span class='ocrx_word' id='word_1_727' title='bbox 1475 2323 1538 2357; x_wconf 85' lang='lat' dir='ltr'><em>quia</em></span> <span class='ocrx_word' id='word_1_728' title='bbox 1552 2324 1641 2352; x_wconf 74' lang='lat' dir='ltr'><em>etfccit</em></span> <span class='ocrx_word' id='word_1_729' title='bbox 1655 2331 1684 2353; x_wconf 89' lang='lat' dir='ltr'><em>ut</em></span> <span class='ocrx_word' id='word_1_730' title='bbox 1700 2336 1750 2363; x_wconf 78' lang='lat' dir='ltr'><em>ego</em></span> 
     </span>
    </p>
   </div>
   <div class='ocr_carea' id='block_1_106' title="bbox 966 2364 1749 2400">
    <p class='ocr_par' dir='ltr' id='par_1_106' title="bbox 966 2364 1749 2400">
     <span class='ocr_line' id='line_1_107' title="bbox 966 2364 1749 2400; baseline 0.013 -12"><span class='ocrx_word' id='word_1_731' title='bbox 966 2369 1156 2396; x_wconf 81' lang='lat' dir='ltr'><em>cognoscerem</em></span> <span class='ocrx_word' id='word_1_732' title='bbox 1178 2371 1209 2390; x_wconf 89' lang='lat' dir='ltr'><em>ac</em></span> <span class='ocrx_word' id='word_1_733' title='bbox 1235 2364 1428 2399; x_wconf 78' lang='lat' dir='ltr'><em>&#39;mtelligerem,</em></span> <span class='ocrx_word' id='word_1_734' title='bbox 1449 2373 1504 2400; x_wconf 91' lang='lat' dir='ltr'><em>quo</em></span> <span class='ocrx_word' id='word_1_735' title='bbox 1527 2367 1645 2395; x_wconf 85' lang='lat' dir='ltr'><em>dicerem</em></span> <span class='ocrx_word' id='word_1_736' title='bbox 1669 2378 1749 2399; x_wconf 88' lang='lat' dir='ltr'><em>omne</em></span> 
     </span>
    </p>
   </div>
   <div class='ocr_carea' id='block_1_107' title="bbox 966 2408 1748 2449">
    <p class='ocr_par' dir='ltr' id='par_1_107' title="bbox 966 2408 1748 2449">
     <span class='ocr_line' id='line_1_108' title="bbox 966 2408 1748 2449; baseline 0.012 -15"><span class='ocrx_word' id='word_1_737' title='bbox 966 2408 1038 2442; x_wconf 89' lang='lat' dir='ltr'><em>quod</em></span> <span class='ocrx_word' id='word_1_738' title='bbox 1055 2416 1110 2436; x_wconf 91' lang='lat' dir='ltr'><em>non</em></span> <span class='ocrx_word' id='word_1_739' title='bbox 1126 2414 1168 2436; x_wconf 87' lang='lat' dir='ltr'><em>est</em></span> <span class='ocrx_word' id='word_1_740' title='bbox 1183 2409 1360 2437; x_wconf 78' lang='lat' dir='ltr'><em>exuberantia</em></span> <span class='ocrx_word' id='word_1_741' title='bbox 1376 2411 1427 2438; x_wconf 90' lang='lat' dir='ltr'><em>sub</em></span> <span class='ocrx_word' id='word_1_742' title='bbox 1443 2412 1509 2439; x_wconf 89' lang='lat' dir='ltr'><em>sole.</em></span> <span class='ocrx_word' id='word_1_743' title='bbox 1526 2412 1554 2440; x_wconf 90' lang='lat' dir='ltr'><em>Si</em></span> <span class='ocrx_word' id='word_1_744' title='bbox 1570 2421 1634 2449; x_wconf 80' lang='lat' dir='ltr'><em>ergo</em></span> <span class='ocrx_word' id='word_1_745' title='bbox 1646 2415 1748 2444; x_wconf 88' lang='lat' dir='ltr'><em>bonum</em></span> 
     </span>
    </p>
   </div>
   <div class='ocr_carea' id='block_1_108' title="bbox 965 2454 1747 2490">
    <p class='ocr_par' dir='ltr' id='par_1_108' title="bbox 965 2454 1747 2490">
     <span class='ocr_line' id='line_1_109' title="bbox 965 2454 1747 2490; baseline 0.013 -10"><span class='ocrx_word' id='word_1_746' title='bbox 965 2454 1180 2482; x_wconf 86' lang='lat' dir='ltr'><em>emolumentum</em></span> <span class='ocrx_word' id='word_1_747' title='bbox 1195 2455 1392 2488; x_wconf 84' lang='lat' dir='ltr'><em>desideramus,</em></span> <span class='ocrx_word' id='word_1_748' title='bbox 1409 2457 1433 2484; x_wconf 88' lang='lat' dir='ltr'><em>si</em></span> <span class='ocrx_word' id='word_1_749' title='bbox 1447 2458 1651 2488; x_wconf 76' lang='lat' dir='ltr'><em>exuberantiam</em></span> <span class='ocrx_word' id='word_1_750' title='bbox 1670 2463 1747 2490; x_wconf 87' lang='lat' dir='ltr'><em>volu-</em></span> 
     </span>
    </p>
   </div>
   <div class='ocr_carea' id='block_1_109' title="bbox 966 2500 1746 2539">
    <p class='ocr_par' dir='ltr' id='par_1_109' title="bbox 966 2500 1746 2539">
     <span class='ocr_line' id='line_1_110' title="bbox 966 2500 1746 2539; baseline 0.01 -12"><span class='ocrx_word' id='word_1_751' title='bbox 966 2508 1038 2534; x_wconf 89' lang='lat' dir='ltr'><em>mus,</em></span> <span class='ocrx_word' id='word_1_752' title='bbox 1054 2500 1078 2528; x_wconf 89' lang='lat' dir='ltr'><em>si</em></span> <span class='ocrx_word' id='word_1_753' title='bbox 1090 2501 1309 2536; x_wconf 85' lang='lat' dir='ltr'><em>incorruptibiles</em></span> <span class='ocrx_word' id='word_1_754' title='bbox 1327 2502 1475 2537; x_wconf 65' lang='lat' dir='ltr'><em>quazrimus</em></span> <span class='ocrx_word' id='word_1_755' title='bbox 1495 2512 1572 2539; x_wconf 89' lang='lat' dir='ltr'><em>esse;</em></span> <span class='ocrx_word' id='word_1_756' title='bbox 1592 2507 1746 2536; x_wconf 87' lang='lat' dir='ltr'><em>laboremus</em></span> 
     </span>
    </p>
   </div>
   <div class='ocr_carea' id='block_1_110' title="bbox 966 2545 1746 2580">
    <p class='ocr_par' dir='ltr' id='par_1_110' title="bbox 966 2545 1746 2580">
     <span class='ocr_line' id='line_1_111' title="bbox 966 2545 1746 2580; baseline 0.006 -8"><span class='ocrx_word' id='word_1_757' title='bbox 966 2545 1073 2573; x_wconf 86' lang='lat' dir='ltr'><em>labores</em></span> <span class='ocrx_word' id='word_1_758' title='bbox 1089 2545 1135 2580; x_wconf 93' lang='lat' dir='ltr'><em>qui</em></span> <span class='ocrx_word' id='word_1_759' title='bbox 1158 2545 1228 2572; x_wconf 86' lang='lat' dir='ltr'><em>ultra</em></span> <span class='ocrx_word' id='word_1_760' title='bbox 1245 2546 1328 2573; x_wconf 89' lang='lat' dir='ltr'><em>solem</em></span> <span class='ocrx_word' id='word_1_761' title='bbox 1344 2553 1467 2574; x_wconf 89' lang='lat' dir='ltr'><em>currunt.</em></span> <span class='ocrx_word' id='word_1_762' title='bbox 1488 2548 1518 2574; x_wconf 91' lang='lat' dir='ltr'><em>ln</em></span> <span class='ocrx_word' id='word_1_763' title='bbox 1542 2549 1584 2576; x_wconf 93' lang='lat' dir='ltr'><em>his</em></span> <span class='ocrx_word' id='word_1_764' title='bbox 1604 2550 1675 2576; x_wconf 90' lang='lat' dir='ltr'><em>enim</em></span> <span class='ocrx_word' id='word_1_765' title='bbox 1691 2558 1746 2578; x_wconf 84' lang='lat' dir='ltr'><em>non</em></span> 
     </span>
    </p>
   </div>
   <div class='ocr_carea' id='block_1_111' title="bbox 966 2592 1746 2631">
    <p class='ocr_par' dir='ltr' id='par_1_111' title="bbox 966 2592 1746 2631">
     <span class='ocr_line' id='line_1_112' title="bbox 966 2592 1746 2631; baseline 0.005 -12"><span class='ocrx_word' id='word_1_766' title='bbox 966 2595 1007 2619; x_wconf 88' lang='lat' dir='ltr'><em>est</em></span> <span class='ocrx_word' id='word_1_767' title='bbox 1017 2592 1134 2624; x_wconf 85' lang='lat' dir='ltr'><em>vanitas,</em></span> <span class='ocrx_word' id='word_1_768' title='bbox 1149 2599 1237 2626; x_wconf 86' lang='lat' dir='ltr'><em>neque</em></span> <span class='ocrx_word' id='word_1_769' title='bbox 1250 2592 1376 2619; x_wconf 87' lang='lat' dir='ltr'><em>voluntas</em></span> <span class='ocrx_word' id='word_1_770' title='bbox 1390 2593 1426 2619; x_wconf 85' lang='lat' dir='ltr'><em>rei</em></span> <span class='ocrx_word' id='word_1_771' title='bbox 1443 2601 1626 2628; x_wconf 70' lang='lat' dir='ltr'><em>supervacuae,</em></span> <span class='ocrx_word' id='word_1_772' title='bbox 1647 2601 1674 2622; x_wconf 84' lang='lat' dir='ltr'><em>et</em></span> <span class='ocrx_word' id='word_1_773' title='bbox 1689 2597 1746 2631; x_wconf 88' lang='lat' dir='ltr'><em>spi-</em></span> 
     </span>
    </p>
   </div>
   <div class='ocr_carea' id='block_1_112' title="bbox 964 2637 1502 2673">
    <p class='ocr_par' dir='ltr' id='par_1_112' title="bbox 964 2637 1502 2673">
     <span class='ocr_line' id='line_1_113' title="bbox 964 2637 1502 2673; baseline 0.002 -9"><span class='ocrx_word' id='word_1_774' title='bbox 964 2638 1034 2665; x_wconf 88' lang='lat' dir='ltr'><em>ritus</em></span> <span class='ocrx_word' id='word_1_775' title='bbox 1052 2637 1152 2665; x_wconf 83' lang='lat' dir='ltr'><em>frustra</em></span> <span class='ocrx_word' id='word_1_776' title='bbox 1167 2637 1237 2664; x_wconf 87' lang='lat' dir='ltr'><em>ultro</em></span> <span class='ocrx_word' id='word_1_777' title='bbox 1252 2637 1374 2672; x_wconf 87' lang='lat' dir='ltr'><em>citroque</em></span> <span class='ocrx_word' id='word_1_778' title='bbox 1389 2638 1502 2673; x_wconf 87' lang='lat' dir='ltr'><em>abrepti.</em></span> 
     </span>
    </p>
   </div>
   <div class='ocr_carea' id='block_1_113' title="bbox 1002 2681 1744 2717">
    <p class='ocr_par' dir='ltr' id='par_1_113' title="bbox 1002 2681 1744 2717">
     <span class='ocr_line' id='line_1_114' title="bbox 1002 2681 1744 2717; baseline 0.004 -8"><span class='ocrx_word' id='word_1_779' title='bbox 1002 2681 1032 2709; x_wconf 84' lang='lat' dir='ltr'><em>V.</em></span> <span class='ocrx_word' id='word_1_780' title='bbox 1050 2682 1094 2709; x_wconf 72' lang='lat' dir='ltr'><em>l2.</em></span> <span class='ocrx_word' id='word_1_781' title='bbox 1117 2681 1151 2708; x_wconf 85' lang='lat' dir='ltr'><em>Et</em></span> <span class='ocrx_word' id='word_1_782' title='bbox 1173 2681 1263 2716; x_wconf 67' lang='lat' dir='ltr'><em>aspexi</em></span> <span class='ocrx_word' id='word_1_783' title='bbox 1286 2690 1332 2717; x_wconf 85' lang='lat' dir='ltr'><em>ego</em></span> <span class='ocrx_word' id='word_1_784' title='bbox 1354 2687 1382 2709; x_wconf 86' lang='lat' dir='ltr'><em>ut</em></span> <span class='ocrx_word' id='word_1_785' title='bbox 1405 2683 1516 2710; x_wconf 86' lang='lat' dir='ltr'><em>viderem</em></span> <span class='ocrx_word' id='word_1_786' title='bbox 1537 2684 1702 2717; x_wconf 80' lang='lat' dir='ltr'><em>sapientiam,</em></span> <span class='ocrx_word' id='word_1_787' title='bbox 1720 2690 1744 2712; x_wconf 81' lang='lat' dir='ltr'><em>et</em></span> 
     </span>
    </p>
   </div>
   <div class='ocr_carea' id='block_1_114' title="bbox 963 2728 1743 2765">
    <p class='ocr_par' dir='ltr' id='par_1_114' title="bbox 963 2728 1743 2765">
     <span class='ocr_line' id='line_1_115' title="bbox 963 2728 1743 2765; baseline 0.004 -10"><span class='ocrx_word' id='word_1_788' title='bbox 963 2728 1208 2759; x_wconf 81' lang='lat' dir='ltr'><em>hallucinationem,</em></span> <span class='ocrx_word' id='word_1_789' title='bbox 1234 2733 1258 2754; x_wconf 86' lang='lat' dir='ltr'><em>et</em></span> <span class='ocrx_word' id='word_1_790' title='bbox 1283 2728 1494 2762; x_wconf 79' lang='lat' dir='ltr'><em>imprudentiam.</em></span> <span class='ocrx_word' id='word_1_791' title='bbox 1520 2728 1591 2755; x_wconf 88' lang='lat' dir='ltr'><em>Nam</em></span> <span class='ocrx_word' id='word_1_792' title='bbox 1612 2731 1671 2765; x_wconf 80' lang='lat' dir='ltr'><em>quis</em></span> <span class='ocrx_word' id='word_1_793' title='bbox 1695 2732 1743 2758; x_wconf 80' lang='lat' dir='ltr'><em>lto-</em></span> 
     </span>
    </p>
   </div>
   <div class='ocr_carea' id='block_1_115' title="bbox 963 2773 1742 2812">
    <p class='ocr_par' dir='ltr' id='par_1_115' title="bbox 963 2773 1742 2812">
     <span class='ocr_line' id='line_1_116' title="bbox 963 2773 1742 2812; baseline 0.006 -12"><span class='ocrx_word' id='word_1_794' title='bbox 963 2783 1016 2807; x_wconf 86' lang='lat' dir='ltr'><em>mo,</em></span> <span class='ocrx_word' id='word_1_795' title='bbox 1032 2775 1077 2809; x_wconf 87' lang='lat' dir='ltr'><em>qui</em></span> <span class='ocrx_word' id='word_1_796' title='bbox 1094 2774 1142 2800; x_wconf 90' lang='lat' dir='ltr'><em>ibit</em></span> <span class='ocrx_word' id='word_1_797' title='bbox 1156 2781 1221 2807; x_wconf 80' lang='lat' dir='ltr'><em>pone</em></span> <span class='ocrx_word' id='word_1_798' title='bbox 1242 2773 1379 2801; x_wconf 80' lang='lat' dir='ltr'><em>consilium</em></span> <span class='ocrx_word' id='word_1_799' title='bbox 1396 2774 1483 2801; x_wconf 87' lang='lat' dir='ltr'><em>omnia</em></span> <span class='ocrx_word' id='word_1_800' title='bbox 1503 2783 1662 2811; x_wconf 76' lang='lat' dir='ltr'><em>qtttccunque</em></span> <span class='ocrx_word' id='word_1_801' title='bbox 1680 2776 1742 2812; x_wconf 72' lang='lat' dir='ltr'><em>fecit</em></span> 
     </span>
    </p>
   </div>
   <div class='ocr_carea' id='block_1_116' title="bbox 966 2821 1043 2847">
    <p class='ocr_par' dir='ltr' id='par_1_116' title="bbox 966 2821 1043 2847">
     <span class='ocr_line' id='line_1_117' title="bbox 966 2821 1043 2847; baseline 0.013 -1"><span class='ocrx_word' id='word_1_802' title='bbox 966 2821 1043 2847; x_wconf 72' lang='lat' dir='ltr'><em>liter?</em></span> 
     </span>
    </p>
   </div>
   <div class='ocr_carea' id='block_1_117' title="bbox 995 2924 1324 2961">
    <p class='ocr_par' dir='ltr' id='par_1_117' title="bbox 995 2924 1324 2961">
     <span class='ocr_line' id='line_1_118' title="bbox 995 2924 1324 2961; baseline 0 -10"><span class='ocrx_word' id='word_1_803' title='bbox 995 2925 1031 2960; x_wconf 79' lang='lat'><em>(8)</em></span> <span class='ocrx_word' id='word_1_804' title='bbox 1052 2924 1130 2952; x_wconf 75' lang='lat' dir='ltr'><em>Forte</em></span> <span class='ocrx_word' id='word_1_805' title='bbox 1146 2934 1193 2961; x_wconf 69' lang='grc' dir='ltr'><em>πρί.</em></span> <span class='ocrx_word' id='word_1_806' title='bbox 1201 2934 1226 2951; x_wconf 75' lang='lat'><em>7:</em></span> <span class='ocrx_word' id='word_1_807' title='bbox 1233 2925 1251 2951; x_wconf 67' lang='grc' dir='ltr'>ιε</span> <span class='ocrx_word' id='word_1_808' title='bbox 1258 2926 1324 2951; x_wconf 64' lang='grc' dir='ltr'>εἱσι.</span> 
     </span>
    </p>
   </div>
   <div class='ocr_carea' id='block_1_118' title="bbox 1752 2851 1780 2866">
    <p class='ocr_par' dir='ltr' id='par_1_118' title="bbox 1752 2851 1780 2866">
     <span class='ocr_line' id='line_1_119' title="bbox 1752 2851 1780 2866; baseline 0 -3"><span class='ocrx_word' id='word_1_809' title='bbox 1752 2851 1760 2866; x_wconf 56' lang='grc' dir='ltr'>κ</span> <span class='ocrx_word' id='word_1_810' title='bbox 1778 2858 1780 2863; x_wconf 56' lang='grc' dir='ltr'><strong>η</strong></span> 
     </span>
    </p>
   </div>
  </div>
