3982 6346
355 342 494 400 1586

1252 314 1593 395 Αοοεινοιί.
1634 368 1701 377 --
1740 335 1797 392 s.
1836 335 2137 393 moursn
2169 334 2636 394 ALEXANDle

3468 332 3609 388 i581

424 457 759 529 Sapientiam
813 424 965 519 dieit,
1015 468 1137 524 quae
1181 461 1266 508 est
1306 468 1371 507 ex
1427 451 1562 511 Deo.
1587 468 1709 523 qua:
1748 461 1802 506 et
1850 451 1926 505 illi

2101 452 2300 522 Σοφίαν
2331 453 2494 523 φησὶν
2522 454 2620 526 τὴν
2650 453 2798 527 παρὰ
2825 451 2983 517 Θεοῦ,
3018 453 3053 527 ἦ
3080 453 3172 506 καὶ
3198 450 3347 523 αἷύτῷ
3375 451 3605 524 ἐστάθη.

351 554 521 608 stetit.
551 548 1039 603 l‘lallncinationem
1070 555 1125 600 et
1172 544 1615 614 imprudentiam,
1663 545 1931 598 humanus

353 645 592 709 labores,
623 651 674 695 et
708 638 1070 695 irustraneam
1096 636 1428 707 stultamque
1466 636 1518 690 in
1555 636 1661 691 illis
1692 634 1932 689 oblecta-

352 736 582 791 tionem.
643 729 771 785 llaec
821 742 1194 799 cognoscens,
1246 736 1301 782 et
1362 726 1507 798 quod
1569 727 1641 781 sit
1690 724 1929 779 medium

352 838 575 887 eorum,
614 835 910 891 veramque
932 820 1255 889 sapientiam
1288 818 1506 873 beatam
1536 816 1929 887 depraedicans,

354 916 634 987 subjunsit
671 932 683 969 :
732 913 876 968 Nam
916 914 1033 984 quis
1084 912 1240 966 homo
1285 911 1375 982 qui
1433 910 1530 964 ibit
1574 926 1707 980 pone
1752 910 1926 963 consi-

354 1010 522 1064 lium?
563 1007 676 1061 Hoc
718 1005 864 1060 enim
904 1004 1198 1060 consilium
1247 1019 1348 1058 nos
1391 1018 1574 1057 veram
1607 1001 1930 1071 sapientiam

355 1104 533 1167 docet,
567 1100 1124 1168 ballucinationisque
1162 1106 1215 1152 et
1247 1095 1629 1177 imprudentiae
1653 1094 1931 1149 liberatio-

354 1211 477 1252 nem
504 1196 755 1265 largitur.

430 1286 493 1342 Ἴ.
534 1287 622 1342 15.
662 1284 733 1338 Et
761 1284 868 1339 uidi
897 1299 1011 1354 ego,
1044 1282 1182 1353 quod
1223 1279 1569 1336 exuberantia
1600 1287 1679 1333 est
1720 1276 1930 1347 sapien-

356 1382 444 1437 tiae
474 1395 630 1451 super
663 1376 1056 1447 insipientiam,
1104 1386 1158 1429 ut
1204 1373 1548 1429 exuberantia
1592 1371 1726 1425 lucis
1778 1386 1932 1441 super

357 1473 614 1530 tenebras.

427 1564 544 1620 Non
573 1565 729 1635 juxta
766 1560 1230 1633 comparationem
1272 1559 1391 1616 haec
1422 1558 1575 1615 dicit.
1623 1556 1756 1624 Qum
1784 1557 1930 1612 enim

355 1658 629 1714 contraria
657 1666 804 1723 sunt,
838 1670 1067 1726 seseque
1098 1653 1328 1711 invicem
1352 1655 1672 1720 coniiciunt,
1711 1668 1931 1723 compa-

354 1751 466 1805 rari
517 1759 844 1821 nequeunt:
895 1749 989 1805 sed
1044 1749 1275 1811 statuit,
1334 1748 1567 1802 alterum
1623 1744 1928 1817 eligendum

353 1858 507 1908 esse,
552 1842 869 1913 fugiendum
906 1842 1156 1896 alterum.
1195 1838 1324 1895 Tale
1364 1848 1449 1895 est
1489 1848 1544 1893 et
1592 1838 1726 1893 illud
1768 1855 1782 1892 :
1834 1836 1931 1890 Di-

354 1941 592 1991 lexerunt
621 1935 852 1989 homines
886 1933 1122 1989 tenebras
1150 1932 1316 2003 magis
1345 1947 1501 2002 quam
1527 1930 1695 1984 lucem
1722 1929 1763 1983 ⁸.
1796 1927 1929 1982 Nam

355 2030 523 2101 magis
554 2029 658 2083 hoc
693 2028 812 2083 loco
839 2027 1156 2083 electionem
1192 2033 1344 2080 notat
1369 2024 1664 2094 diligentis,
1707 2036 1814 2077 non
1849 2037 1933 2077 re-

354 2136 476 2176 rum
504 2123 991 2190 comparationem.

428 2212 489 2268 V.
522 2214 606 2269 l4.
639 2210 905 2285 Sapientis
945 2211 1085 2268 oculi
1113 2212 1168 2266 in
1195 2210 1366 2281 capite
1406 2209 1520 2280 ejus
1543 2223 1563 2262 :
1589 2216 1639 2263 et
1677 2207 1932 2278 insipiens

353 2309 409 2362 in
442 2308 667 2363 tenebris
703 2308 923 2362 incedit.
1741 2316 1751 2326 '

426 2402 485 2454 In
514 2410 713 2455 terram
754 2414 963 2469 pronus
1008 2412 1240 2469 semper,
1293 2397 1809 2467 obtenebratamque
1835 2394 1933 2449 ha-

356 2493 491 2547 bens
520 2491 717 2547 animae
746 2490 1059 2547 facultatem
1090 2491 1409 2560 principem.
1454 2488 1717 2561 Equidem
1741 2503 1934 2544 omnes

356 2583 608 2639 homines
649 2581 703 2636 in
747 2584 924 2652 capite
964 2582 1155 2636 oculos
1201 2580 1489 2647 habemus,
1536 2579 1582 2635 si
1616 2578 1934 2635 constitutio

353 2677 603 2747 corporis
634 2674 963 2731 attendatur.
994 2672 1101 2729 Sed
1135 2673 1377 2743 loquitur
1406 2673 1474 2728 de
1505 2671 1680 2727 oculis
1711 2669 1929 2727 mentis.

361 2767 513 2824 Sicut
538 2768 684 2823 enim
730 2767 873 2823 oculi
927 2767 1044 2822 suis
1093 2766 1148 2821 in
1203 2766 1403 2820 cmlnm
1450 2780 1559 2820 non
1611 2764 1931 2834 respiciunt,

355 2872 639 2932 propterea
672 2861 815 2932 quod
850 2859 1169 2915 naturaliter
1198 2857 1468 2913 formatus
1502 2866 1586 2913 est
1613 2866 1675 2912 ut
1710 2858 1766 2912 in
1801 2872 1933 2912 ven-

357 2964 491 3011 trem
526 2955 598 3010 sit
626 2970 868 3025 pronus:
900 2953 973 3007 ita
1008 2964 1062 3008 et
1093 2968 1249 3008 mens
1288 2953 1431 3022 ejus,
1476 2950 1571 3022 qui
1609 2950 1776 3005 semel
1817 2948 1933 3004 illc-

357 3058 478 3103 ctus
526 3047 630 3102 fuit
672 3062 705 3104 a
758 3045 1158 3115 voluptatibus,
1204 3042 1419 3100 tlilIicile
1467 3043 1594 3098 inde
1639 3040 1929 3109 divellitnr,

2032 541 2338 614 Περιφορὲιν
2392 543 2449 596 δὲ
2512 545 2606 597 καὶ
2667 543 2999 616 ἀφροσύνην,
3052 543 3180 606 τοὺς
3230 540 3609 612 ἀνθρωπίνους

2033 634 2286 706 μόχθους,
2320 635 2413 688 καὶ
2436 634 2535 707 τὴν
2558 637 2646 689 ἐπ’
2669 636 2853 695 αὐτοῖς
2876 634 3066 707 τέρψιν
3092 633 3304 688 είκαίαν
3321 632 3418 686 καὶ
3444 632 3610 703 ἀνόη-

2030 742 2139 779 τον.
2165 724 2350 779 Ταῦτα
2376 725 2643 794 διαγνοὺς,
2673 726 2769 780 καὶ
2793 726 2847 779 τί
2873 726 2934 779 τὸ
2968 724 3133 796 μέσον
3163 722 3364 789 αὐτῶν,
3391 721 3488 777 καὶ
3508 723 3610 793 τῆς

2033 815 2266 888 ἀληθοῦς
2291 816 2481 887 σοφίας
2516 817 2857 890 μακαρίζων,
2891 818 3170 889 ἐπήγαγεν
3191 832 3205 847 ⁸
3240 817 3362 869 Ὅτι
3393 815 3486 881 τίς
3505 814 3612 867 ἆν-

2031 911 2282 976 θρωπος,
2328 908 2398 976 ὃς
2435 909 2745 965 ἐλεύσεται
2786 910 2980 965 ὀπίσω
3009 908 3120 979 τῆς
3147 906 3422 978 βουλῆς;
3456 904 3609 979 Αὕτη

2032 1001 2140 1074 γὰρ
2165 1003 2199 1072 ἡ
2231 1001 2392 1074 βουλὴ
2417 1003 2566 1075 ἡμᾶς
2598 1003 2788 1073 σοφίαν
2818 1001 2918 1074 τὴν
2947 1001 3419 1065 ὅντωςιδιδάσκει,
3445 1016 3611 1070 περι-

2033 1097 2203 1167 φορᾶς
2241 1113 2298 1150 τε
2332 1096 2426 1150 καὶ
2446 1096 2755 1169 ἀφροσύνης
2779 1095 3100 1168 ἀπαλλαγὴν
3125 1094 3433 1166 χαρίζεται.

2103 1274 2250 1345 Στιχ.
2282 1280 2369 1342 ιγ’.
2410 1274 2521 1329 Καὶ
2547 1272 2709 1327 εἶδον
2745 1270 2881 1343 ἐγὼ,
2912 1271 3002 1325 ὅτι
3022 1271 3341 1340 περισσεία
3367 1269 3499 1323 ἐστὶ
3534 1266 3611 1337 τῇ

2032 1369 2220 1438 σοφίᾳ
2263 1368 2415 1437 ὑπὲρ
2465 1368 2579 1437 τὴν
2613 1369 2989 1437 ἀφροσύνην,
3021 1367 3104 1434 ὠς
3153 1365 3472 1434 περισσεία
3501 1363 3612 1417 τοῦ

2032 1461 2228 1529 φωτὸς
2251 1462 2403 1530 ὑπὲρ
2435 1460 2502 1515 τὸ
2531 1463 2772 1527 σκότος.
3612 1506 3619 1511 .

2104 1553 2178 1606 Οὐ
2204 1552 2345 1607 κατὰ
2374 1551 2660 1626 σύγκρισιν
2697 1553 2851 1607 τοῦτό
2889 1569 3074 1623 φησιν.
3123 1549 3451 1621 Ἀσύγκριτα
3500 1546 3613 1616 γὰρ

2033 1643 2102 1696 τὰ
2146 1644 2363 1697 ἐναντία
2404 1644 2499 1698 καὶ
2524 1643 2729 1715 ἄλληλα
2770 1644 3104 1715 φθείρονται·
3148 1641 3264 1696 ἀλλ’
3298 1642 3382 1694 ὅτι
3407 1639 3473 1692 τὸ
3511 1640 3616 1711 μὲν

2035 1735 2307 1807 αἱρετικὸν
2337 1735 2499 1805 ἔγνω,
2556 1735 2618 1789 τὸ
2662 1735 2722 1789 δὲ
2769 1733 3021 1805 φευκτόν.
3068 1732 3319 1787 Τοιοῦτον
3369 1732 3463 1787 καὶ
3512 1731 3611 1784 τ6’

1963 1800 2005 1857 Β
2046 1800 2390 1898 Ἠνγάπησανί
2420 1800 2489 1883 old
2513 1800 2809 1896 ἅνθρωποι
2847 1827 2913 1880 τὸ
2946 1826 3165 1891 σκότος
3189 1822 3432 1894 μᾶλλον
3472 1821 3512 1890 ἢ
3545 1822 3615 1876 τὸ

2033 1920 2175 1991 φῶς.
2208 1921 2281 1974 Τὸ
2306 1920 2413 1992 γὰρ
2439 1919 2699 1990 μᾶλλον,
2730 1918 2832 1989 τῆς
2863 1917 3125 1990 αἱρέσεως
3157 1916 3253 1969 τοῦ
3292 1914 3616 1985 ἀγαπήσαν-

2032 2033 2143 2079 τος,
2176 2015 2236 2068 ού
2274 2013 2376 2085 τῆς
2408 2012 2516 2067 τῶν
2548 2011 2887 2085 πραγμάτων
2918 2010 3279 2082 συγκρίσεως.

2105 2214 2252 2283 Στιχ.
2288 2211 2369 2266 ιδ’.
2398 2211 2510 2267 Τοῦ
2533 2211 2731 2281 σοφοῦ
2755 2215 2810 2266 οι
2833 2211 3123 2281 ὀφθαλμοὶ
3152 2211 3224 2264 ἐν
3253 2206 3486 2278 κεφαλῆ
3509 2209 3608 2261 αὐ-

2032 2306 2162 2370 τοῦ,
2191 2305 2291 2359 καὶ
2322 2310 2354 2360 ό
2385 2304 2589 2375 ἄφρων
2618 2306 2689 2358 ἐν
2709 2306 2910 2359 σκότει
2940 2305 3275 2372 πορεύεται.

2104 2399 2271 2452 Κάτω
2298 2398 2468 2452 νεύων
2500 2398 2607 2463 ἀεὶ,
2629 2398 2722 2450 καὶ
2756 2397 3137 2468 ἐσκοτισμένον
3162 2396 3301 2467 ἔχων
3332 2396 3393 2449 τὸ
3411 2397 3612 2468 ἡγεμο-

2032 2491 2199 2546 νικόν.
2224 2491 2335 2544 Καὶ
2362 2488 2468 2561 μὴν
2489 2489 2687 2553 πάντες
2704 2493 2752 2543 οί
2775 2489 3050 2562 ἄνθρωποι
3069 2491 3127 2544 ὲν
3154 2493 3221 2561 τῇ
3252 2489 3461 2560 κεφαλῇ
3488 2491 3612 2553 τοὺς

2032 2581 2342 2653 ὀφθαλμοὺς
2367 2580 2704 2653 κεκτήμεθα,
2734 2582 2876 2634 κατὰ
2906 2583 3005 2651 τὴν
3030 2581 3124 2635 τοῦ
3162 2580 3412 2653 σώματος
3442 2581 3613 2635 θέσιν.

2046 2671 2205 2727 Ἀλλὰ
2218 2671 2476 2744 περὶτῶν
2497 2671 2597 2741 τῆς
2621 2671 2858 2737 διανοίας
2877 2672 3168 2743 ὀφθαλμῶν
3197 2672 3368 2741 λέγει.
3404 2673 3617 2744 Ὠσπερ

2033 2765 2141 2836 γὰρ
2173 2766 2223 2817 oi
2255 2762 2522 2835 ὀφθαλμοὶ
2566 2761 2660 2816 τοῦ
2710 2764 2894 2836 χοίρου
2946 2766 3027 2827 είς
3064 2764 3292 2836 οὐρανὸν
3338 2764 3440 2817 οὐκ
3481 2765 3616 2819 ἀναε-

2032 2856 2266 2923 νεύουσι,
2320 2855 2408 2909 διὰ
2448 2855 2510 2909 τὸ
2557 2855 2802 2926 φυσικῶς
2854 2855 3165 2911 πεπλάσθαι
3218 2857 3314 2910 ἐπὶ
3372 2857 3617 2929 γαστέρα

2032 2951 2227 3007 νεύειν·
2262 2951 2433 3016 οὕτως
2463 2954 2493 3006 ὁ
2515 2952 2639 3017 νοῦς
2678 2951 2772 3006 τοῦ
2808 2950 2956 3017 ἅπαξ
2992 2950 3454 3021 ὲγγλυκανθέντος
3492 2956 3615 3016 ταῖς

2034 3044 2264 3115 ἡδοναῖς,
2302 3042 2767 3108 δυσαποσπάστως
2800 3044 3006 3098 ἐκεῖθεν
3038 3043 3149 3115 ἔχει
3180 3044 3271 3098 διὰ
3293 3044 3355 3097 τὸ
3383 3045 3461 3118 μὴ
3487 3044 3617 3097 ἐπι-

357 3146 640 3209 propterea
669 3135 811 3209 quod
836 3153 944 3191 non
972 3138 1218 3207 perspicit
1249 3137 1303 3191 in
1332 3137 1509 3190 omnia
1532 3145 1796 3206 prwcepta
1820 3132 1931 3188 Do-

2049 3140 2283 3194 S'Jsstetr
2312 3138 2413 3192 ἐπὶ
2450 3138 2654 3205 πάσας
2684 3139 2788 3204 τὰς
2817 3138 3059 3204 ἐντολὰς
3092 3138 3199 3191 τοῦ
3232 3139 3476 3206 Kvpt'ov.
3503 3137 3615 3190 Kal.

358 3228 488 3281 mini
520 3228 564 3280 '.
614 3223 679 3280 Et
706 3241 936 3281 rursus:
978 3225 1149 3296 Caput
1202 3225 1455 3280 Ecclesiae
1498 3224 1741 3281 Christus
1783 3237 1860 3280 est
1889 3225 1933 3281 ⁸.

360 3319 644 3389 Sapientes
688 3328 837 3383 sunt,
874 3318 965 3389 qui
1010 3320 1065 3371 in
1104 3319 1191 3372 uia
1235 3320 1350 3392 ejus
1386 3316 1660 3372 ambulant
1682 3318 1727 3382 ’,
1764 3316 1936 3387 siqui-

359 3413 482 3467 dem
533 3411 648 3482 ipse
692 3409 870 3466 dixit:
901 3409 1010 3482 Ego
1042 3427 1159 3465 sum
1195 3411 1279 3465 via
1323 3410 1385 3466 ¹⁰.
1421 3411 1643 3480 Oportet
1686 3409 1851 3479 igitur
1879 3417 1939 3463 ut

359 3501 577 3571 sapiens
607 3516 822 3571 semper
870 3503 1059 3556 oculos
1098 3502 1300 3556 mentis
1343 3500 1397 3554 in
1443 3500 1621 3571 ipsum
1655 3498 1934 3555 Christum

360 3593 621 3661 intendat,
649 3604 709 3649 ut
754 3609 852 3665 pro
898 3594 1047 3649 nulla
1096 3610 1174 3660 re,
1208 3607 1384 3664 neque
1429 3607 1530 3663 pro
1580 3593 1937 3663 prosperitate

360 3683 436 3738 rei
462 3685 772 3751 extollatur,
794 3700 970 3755 neque
998 3699 1093 3754 pro
1118 3682 1417 3739 infortunio
1438 3693 1785 3739 contemnat:
1808 3685 1934 3754 quia

349 3776 560 3844 judicia
590 3777 702 3847 ejus
730 3776 908 3848 abyssi
934 3787 1055 3830 sunt
1080 3777 1145 3840 “,
1175 3774 1319 3846 quod
1346 3775 1593 3832 exactius
1620 3791 1685 3830 ex
1709 3791 1939 3847 sequen-

360 3869 505 3924 tibus
529 3884 844 3940 cognosces.

438 3962 499 4020 ν.
552 3964 638 4018 Μ.
695 3963 762 4019 Ει
818 3965 935 4018 novi
978 3973 1135 4035 atque
1172 3979 1287 4036 ego,
1335 3964 1462 4034 quia
1508 3979 1755 4019 occursus
1800 3981 1936 4019 unus

359 4066 595 4110 occurret
634 4056 875 4111 omnibus
902 4058 1052 4125 ipsis.

434 4146 499 4205 γ.
534 4148 621 4204 15.
671 4148 733 4201 Et
763 4149 878 4201 dixi
905 4165 996 4219 ego
1026 4149 1076 4202 in
1108 4149 1264 4204 corde
1301 4161 1458 4204 meo:
1496 4147 1647 4205 Sicut
1688 4166 1936 4204 occursus

358 4241 653 4312 insipientis
686 4253 919 4296 occurret
955 4231 1123 4295 mihi:
1173 4252 1223 4297 et
1254 4241 1444 4313 utquid
1470 4243 1788 4313 sapientiam
1821 4259 1938 4313 pro-

357 4333 527 4401 fessus
563 4351 679 4389 sunt
707 4335 837 4405 ego?

431 4423 614 4479 Series
644 4425 908 4479 orationis
946 4440 1039 4497 per
1068 4440 1131 4479 ea
1162 4439 1284 4495 qua:
1320 4433 1618 4493 sequentur
1647 4434 1805 4479 curat
1834 4440 1936 4495 pu-

2038 3232 2217 3285 πάλιν·
2255 3233 2318 3289 Ἠ
2340 3231 2573 3302 κεφαλὴ
2598 3232 2708 3301 τῆς
2741 3232 3107 3298 Ἐκκλησίας
3130 3235 3163 3286 ό
3184 3232 3441 3301 Χριστός
3457 3231 3607 3284 ἐστι.

2036 3326 2198 3394 Σοφοὶ
2223 3323 2279 3378 δὲ
2300 3326 2349 3378 οἱ
2381 3328 2445 3397 τῇ
2472 3324 2575 3396 ὀδῷ
2597 3325 2758 3379 αύτοῦ
2791 3326 3164 3397 πορευόμενοι,
3194 3324 3281 3378 διὰ
3314 3323 3412 3377 τοῦ
3442 3327 3616 3379 εἰπεῖν

2038 3419 2199 3473 αὐτόν
2221 3435 2235 3450 ο
2279 3415 2424 3488 Ἐγώ
2454 3420 2572 3487 εἰμι
2598 3420 2636 3488 ἡ
2667 3417 2825 3485 ὁδός.
2861 3419 2951 3470 Δεῖ
2979 3413 3070 3471 οὖν
3102 3417 3332 3471 πάντοτε
3364 3417 3492 3481 τοὺς
3516 3416 3614 3486 τῆς

2036 3511 2277 3575 διανοίας
2306 3510 2616 3582 ὀφθαλμοὺς
2648 3511 2737 3564 τὸν
2783 3511 2945 3579 σοφὸν
2973 3513 3052 3575 είς
3095 3510 3257 3565 αὑτὸν
3293 3509 3492 3564 τείνειν
3522 3508 3616 3562 τὸν

2037 3603 2291 3678 Χριστὸν,
2333 3604 2423 3658 ἴνα
2451 3604 2544 3657 ἐπὶ
2576 3604 2784 3675 μηδενὶ,
2820 3605 2956 3676 μήτε
3000 3604 3094 3656 ἐπὶ
3139 3603 3442 3674 εὐημερίας
3472 3594 3616 3674 arpi-

2036 3711 2243 3765 γματος
2278 3694 2593 3766 ὲπαίρηται,
2631 3696 2767 3765 μήτε
2811 3695 2904 3747 ἐπὶ
2935 3695 3284 3766 κακοπραγίᾳ
3309 3694 3613 3763 ὀλιγωρεῖν.

2036 3786 2115 3857 τῷ
2142 3786 2213 3841 τὰ
2246 3788 2496 3857 κρίματα
2531 3787 2719 3841 αὐτοῦ
2744 3789 3056 3854 ἀϐύσσους
3080 3784 3257 3851 εἶναι,
3288 3787 3426 3859 ὅπερ
3454 3788 3615 3857 ἀκρι-

2038 3877 2291 3951 ϐέστερον
2311 3876 2497 3951 γνώσῃ
2526 3879 2591 3931 ὲκ
2614 3877 2722 3930 τῶν
2753 3880 3047 3950 ἐσομένων.

2108 3972 2257 4041 Στιχ.
2290 3969 2369 4023 ιδ’.
2404 3969 2514 4024 Καὶ
2539 3969 2731 4040 ἔγνων
2755 3971 2853 4023 καί
2881 3988 2948 4039 τε
2974 3971 3109 4040 ἐγὼ,
3139 3970 3229 4024 ὅτι
3254 3970 3613 4039 συνάντιυια

2035 4065 2107 4120 ἐν
2134 4062 2580 4130 συναντήσεται
2609 4060 2797 4117 πᾶσιν
2822 4063 3046 4130 αὐτοῖς.

2110 4155 2255 4226 Στιχ.
2284 4160 2364 4207 ιε’.
2384 4153 2494 4207 Kal
2513 4150 2652 4207 εἶπα
2670 4152 2785 4224 ἐγὼ
2805 4154 2876 4207 ἐν
2901 4153 3116 4223 καρδίᾳ
3128 4170 3266 4224 μου·
3287 4156 3366 4221 ὡς
3385 4155 3609 4209 συν-άν-

2038 4265 2193 4319 τημα
2225 4246 2332 4302 τοῦ
2370 4247 2630 4316 ἄφρονος
2658 4246 3108 4314 συναντήσεταί
3129 4264 3229 4316 μοι
3249 4286 3264 4312 ,
3304 4248 3399 4301 καὶ
3429 4248 3528 4299 ira
3554 4246 3610 4300 τι

2037 4339 2430 4410 ἑσοφισάμην
2460 4339 2600 4409 ἐτώ;

2112 4432 2187 4503 (9)
2222 4431 2284 4484 Ἥ
2305 4429 2593 4486 ἀκολουθία
2617 4428 2712 4483 τοῦ
2736 4429 2891 4500 λόγου
2910 4429 2997 4484 διὰ
3013 4430 3121 4484 τῶν
3150 4430 3423 4501 ἐσομένων
3450 4428 3613 4502 θερα-

360 4517 663 4574 sillanimcs
696 4534 822 4591 erga
859 4493 1005 4572 hanc.
1033 4493 1198 4573 vitam
1246 4515 1488 4584 aﬂ‘ectos,
1533 4517 1626 4588 qui
1664 4518 1818 4572 triste
1838 4493 1932 4573 ne-

2049 4524 2198 4579 πεύει
2237 4524 2359 4588 τοὺς
2414 4522 2783 4595 μικροψύχους
2828 4522 3203 4594 διακειμένους
3247 4524 3377 4593 περὶ
3408 4520 3611 4590 ταύτην

360 4610 478 4662 seio
508 4608 636 4678 quid
665 4620 894 4664 mortem
925 4607 1197 4678 reputant,
1226 4617 1279 4662 et
1326 4622 1614 4677 corporeus
1663 4607 1937 4663 vicissitu-

2041 4620 2140 4691 τὴν
2171 4618 2336 4689 ζωὴν,
2367 4609 2447 4681 οἷς
2476 4617 2712 4688 χαλεπόν
2743 4633 2792 4669 τι
2829 4615 2889 4669 τὸ
2927 4615 3022 4669 τοῦ
3051 4616 3283 4671 θανάτου
3311 4614 3608 4687 νομίζεται,

360 4701 540 4764 dines,
565 4717 628 4757 ac
651 4711 936 4773 propterea
962 4702 1173 4757 lucrum
1205 4701 1412 4755 nullum
1437 4716 1559 4757 esse
1589 4701 1797 4758 ducunt
1819 4702 1932 4757 vitat

2049 4711 2137 4764 καὶ
2170 4712 2223 4763 αἱ
2257 4708 2562 4780 σωματικαὶ
2605 4707 2929 4778 ἀνωμαλίαι.
2975 4708 3071 4763 καὶ
3102 4708 3189 4762 διὰ
3232 4707 3389 4761 τοῦτο
3426 4705 3615 4778 κέρδος

362 4796 636 4860 virtuosat,
677 4796 806 4866 quia
849 4796 984 4850 nihil
1032 4795 1289 4850 dill‘erunt
1329 4794 1385 4849 in
1434 4795 1805 4851 accidentibus
1852 4796 1932 4851 his

2049 4802 2190 4856 οὐδὲν
2230 4802 2467 4856 τίθενται
2510 4799 2605 4854 τοῦ
2648 4803 2767 4855 κατ’
2804 4801 3004 4874 ἀρετὴν
3058 4800 3195 4871 βίου,
3224 4801 3312 4854 διὰ
3347 4799 3408 4853 τὸ
3447 4799 3614 4870 μηδεν

362 4907 487 4962 quae
514 4904 669 4961 atque
697 4889 1021 4961 contingunt
1062 4890 1290 4960 sapienti
1336 4899 1392 4946 et
1422 4888 1718 4960 insipienti.
1750 4887 1932 4944 Hallu-

2049 4893 2315 4966 διαφέρειν
2346 4894 2406 4946 ὲν
2440 4896 2550 4958 τοῖς
2591 4892 2957 4965 συμπτώμασι
2990 4892 3199 4958 τούτοις
3234 4893 3325 4946 ἐπὶ
3357 4890 3521 4960 σοφοῦ
3550 4907 3609 4944 τε

360 4984 655 5040 cinationis
686 4982 850 5053 igitur
878 4982 1038 5039 verba
1076 4983 1227 5046 dicit,
1254 4999 1377 5055 qua:
1406 4976 1685 5054 propendit
1713 4983 1766 5037 in
1808 4984 1932 5039 insi-

2049 4987 2139 5041 καὶ
2179 4987 2427 5058 ἄφρονος.
2464 4986 2573 5056 Τῆς
2620 4988 2923 5059 περιφορᾶς
2964 4982 3056 5041 οὖν
3087 4987 3305 5057 ῥήματα
3330 4984 3477 5053 λέγει
3518 4985 3612 5055 ρε-

363 5079 645 5150 pientiam,
680 5091 852 5149 quare
876 5076 1038 5131 etiam
1076 5076 1349 5132 subinlert
1377 5095 1389 5130 :
1420 5078 1548 5147 quia
1589 5078 1842 5147 insipiens
1873 5093 1932 5131 ea

2049 5076 2222 5150 ψάσης
2271 5077 2365 5131 ἐπὶ
2404 5077 2500 5148 τὴν
2539 5078 2871 5150 ἀφροσύνην,
2903 5077 3028 5132 ὅθεν
3067 5078 3161 5131 καὶ
3193 5077 3475 5149 ἐπιφέρειο
3520 5074 3611 5127 ὅτι

366 5169 659 5223 abundanti
706 5169 942 5241 loquitur
987 5170 1028 5200 ¹¹
1065 5184 1084 5222 ;
1131 5170 1473 5239 insipientem
1519 5185 1598 5235 se,
1646 5170 1729 5224 vel
1772 5170 1932 5224 etiam

2049 5170 2247 5239 tipr
2278 5171 2344 5223 ἐκ
2369 5172 2844 5241 περισσεύματος
2862 5169 3057 5225 λαλεῐι
3094 5169 3301 5241 ἄφρονα
3329 5168 3539 5229 ἑαυτὸν,
3573 5168 3608 5238 ἢ

366 5278 582 5318 omnem
608 5264 680 5320 ita
707 5272 1046 5335 reputantem
1076 5277 1300 5319 vocans.
1329 5261 1609 5345 Damnans
1640 5264 1803 5336 igitur
1825 5274 1932 5317 lur-

2049 5263 2137 5316 xa‘t
2176 5263 2349 5318 πάντα
2379 5265 2471 5317 τὸν
2501 5263 2645 5318 οὕτω
2688 5264 3031 5335 λογιζόμενον
3069 5262 3259 5317 εἰπών.
3288 5258 3610 5329 Καταγινιῖι-

366 5368 489 5424 pcm
534 5356 672 5411 hanc
703 5356 1123 5427 cogitationem,
1170 5370 1235 5411 ac
1270 5354 1497 5426 proinde
1536 5354 1590 5408 in
1625 5355 1788 5409 corde
1827 5354 1932 5408 lur-

2049 5373 2191 5409 σκων
2220 5350 2313 5409 οὖν
2342 5356 2438 5425 τῆς
2461 5355 2662 5409 ἀτόπου
2685 5356 2891 5419 ἑννοίας
2918 5354 3121 5425 ταύτης
3137 5372 3150 5384 ο
3175 5353 3257 5407 διὸ
3281 5353 3375 5407 καὶ
3399 5354 3457 5405 ὲν
3481 5368 3613 5420 παρ

366 5447 601 5513 mitians,
639 5448 783 5502 illam
812 5448 978 5515 dixit;
1028 5445 1233 5503 veritus
1271 5446 1495 5503 omnino
1531 5446 1797 5511 omnium,
1840 5446 1932 5516 qui

2049 5445 2131 5517 δία
2176 5444 2634 5517 ὑποστελλόμενος
2672 5441 2822 5500 εἶπεν
2858 5444 3049 5517 αὐτήν·
3093 5442 3344 5508 δεδοικὼς
3398 5442 3612 5504 tam:

451 5586 473 5617 ⁸
503 5583 660 5640 Jnan.
717 5602 798 5647 ιιι.
860 5586 947 5640 19,
1021 5582 1214 5638 'Psal.
1263 5597 1452 5649 cxvm,
1491 5581 1544 5636 6.

1650 5581 1672 5613 '
1701 5582 1900 5652 Ephes.
1938 5596 1991 5650 v,
2026 5580 2117 5635 23.
2213 5578 2399 5636 ’Psal.
2441 5596 2629 5646 cxvut,
2684 5581 2735 5638 l.
2815 5578 3042 5635 “Joan.
3089 5596 3201 5647 xiv,
3260 5577 3317 5636 6.
3394 5576 3603 5633 “PssL

367 5672 530 5719 xxxv,
564 5657 612 5711 7.
697 5658 736 5687 "
794 5654 990 5739 Βρεμι.
1037 5670 1096 5722 ιι,
1142 5655 1226 5710 l5.
2072 5704 2079 5707 _

446 5845 516 5913 (9)
560 5840 797 5910 Uintiysii
829 5850 882 5893 et
909 5836 1035 5891 Nili.
