3982 6346
457 368 593 429 i537

1162 487 1258 544 AP.
1300 490 1384 545 ιη.

1162 488 1258 544 \P.
1300 490 1384 545 ιη.

528 578 592 633 ν.
635 578 687 633 5.
737 576 956 647 Tempus
985 488 1285 648 occidendi,
1316 594 1367 636 et
1406 592 1605 655 tempus
1638 588 1884 641 sanandi.

527 760 817 819 Occidendi
873 765 963 836 qui
1008 774 1197 836 peccat
1237 782 1346 821 non
1400 767 1757 838 indulgenda,
1800 771 2027 826 sanandi

458 856 743 911 habentem
774 856 966 913 vulnus
989 864 1136 927 quod
1165 858 1465 915 remedium
1495 856 1611 931 pati
1635 862 1826 931 possit.

528 1038 592 1095 ν.
626 1040 680 1095 4.
724 1041 948 1113 Tempus
975 1045 1159 1114 ﬂendi,
1187 1056 1238 1100 et
1282 1055 1482 1118 tentpus
1520 1049 1745 1105 ridendi.

530 1218 770 1291 Tempus
798 1222 982 1289 ﬂendi,
1018 1223 1240 1294 quando
1272 1235 1483 1296 tempus
1509 1236 1594 1285 est
1624 1229 1918 1299 passionis,
1943 1231 2026 1286 di-

458 1322 612 1368 cente
637 1313 865 1369 Domino
892 1333 905 1367 :
930 1315 1093 1369 Amen
1116 1317 1234 1370 dico
1260 1318 1425 1385 vobis,
1459 1320 1585 1389 quia
1613 1321 1807 1390 ﬂebitis
1826 1331 1879 1376 et
1905 1322 2025 1392 plo-

458 1406 645 1459 rabitis
676 1406 743 1460 ²⁰.
796 1405 1045 1469 Ridendi,
1094 1408 1161 1463 de
1205 1411 1622 1467 resurrectione.
1674 1412 1843 1468 Dolor
1887 1415 2028 1488 enim

455 1506 640 1561 vester,
669 1496 867 1567 inquit,
896 1498 951 1551 in
979 1500 1232 1570 gaudium
1255 1503 1356 1556 erit
1380 1504 1446 1558 εί.

523 1688 587 1745 ν.
619 1692 671 1745 4.
709 1691 928 1764 Tempus
955 1694 1256 1767 plangendi,
1286 1706 1338 1751 et
1366 1707 1563 1769 tempus
1588 1701 1845 1759 saltandi.

1322 371 1664 430 ADDENDA.
1705 403 1774 415 --
1816 375 1872 430 S.
1911 374 2201 431 DlONYSll
2240 375 2704 431 ALEXANDRINI

3566 379 3698 438 1588

2782 496 2936 549 ΚΕΦ.
2972 495 3047 551 Γ.

2200 588 2347 658 Στιχ.
2375 593 2444 657 γ’.
2472 587 2684 658 Καιρὸς
2714 588 2821 642 τοῦ
2841 588 3204 655 ἀποκτεῖναι,
3234 590 3331 644 καὶ
3355 590 3563 659 καιρὸς
3593 595 3699 649 τοῦ

2131 678 2432 735 ἰάσασθαι.

2211 772 2549 826 ’Δποκτεῖναι
2601 774 2692 827 τὸν
2725 773 3085 845 ἀσύγγνωστα
3114 779 3396 847 πταίοντα,
3446 781 3698 838 ἰάσασθαι

2126 859 2219 915 τὸν
2270 858 2461 931 ἔχοντα
2498 861 2710 934 πληγὴν
2743 864 3070 939 ἀνεξομένην
3114 868 3407 942 φάρμακον
3452 872 3704 940 ἐπιδέξα-

2129 951 2272 1007 σθαι.

2202 1048 2349 1120 Στιχ.
2385 1048 2448 1102 δ’.
2495 1048 2713 1118 Καῖρος
2747 1049 2854 1105 τοῦ
2895 1051 3188 1119 κλαῦσαι,
3217 1054 3314 1109 καὶ
3349 1056 3555 1126 καιρὸς
3590 1056 3699 1113 τοῦ

2128 1139 2401 1210 reddam.

2199 1232 2408 1304 Καιρὸς
2455 1234 2550 1288 τοῦ
2601 1233 2855 1300 κλαῦσαι,
2908 1238 2999 1291 ὅτε
3044 1238 3074 1291 ὁ
3104 1239 3293 1312 καιρὸς
3329 1240 3423 1294 τοῦ
3474 1242 3700 1311 πάθους,

2126 1323 2376 1394 λέγοντος
2403 1326 2497 1379 τοῦ
2525 1326 2753 1399 Κυρίου·
2799 1327 2985 1398 Ἀμὴν
3013 1328 3168 1400 λέγω
3199 1331 3360 1402 ὑμῖν,
3395 1332 3487 1387 ὅτι
3516 1338 3704 1389 κλαύ-

2126 1431 2266 1471 σετε
2297 1415 2398 1471 καὶ
2433 1416 2783 1485 θρηνήσετε.
2808 1419 3040 1475 Γελᾶσαι
3072 1421 3150 1486 δὲ,
3180 1423 3431 1494 περὶτῆς
3457 1425 3700 1481 ἀναστάς-

2058 1548 2070 1561 .
2129 1525 2284 1573 σεως.
2325 1509 2388 1564 Ἠ
2408 1508 2518 1579 γὰρ
2545 1511 2713 1579 ,λύπη
2743 1510 2927 1581 ὑμῶν,
2952 1513 3139 1585 φησὶν,
3170 1515 3257 1579 εις
3298 1513 3493 1584 χαρὰν
3520 1517 3699 1585 γενή-

2125 1617 2323 1656 σεται.

2197 1693 2347 1766 Στιχ.
2375 1694 2435 1748 δ’.
2468 1694 2686 1765 Καιρός
2712 1696 2818 1753 τοῦ
2851 1697 3175 1767 κόψασθαι,
3203 1703 3302 1759 καί
3344 1706 3553 1776 καιρὸς
3590 1709 3699 1764 τοῦ

2125 1786 2448 1855 ὀρχεῖσθαι.

523 1880 752 1947 Quando
781 1882 903 1952 quis
935 1883 1120 1938 animo
1161 1893 1340 1940 versat
1387 1895 1640 1955 mortem,
1683 1904 1844 1960 quam
1892 1892 2017 1949 Adae

2197 1878 2366 1933 Ὅταν
2408 1877 2688 1951 λογίσηται
2733 1897 2819 1945 τις
2866 1880 2955 1935 τὸν
2994 1881 3243 1949 θάνατον,
3295 1886 3465 1959 ὅνπερ
3507 1889 3541 1960 ἡ
3602 1887 3697 1943 τοῦ

453 1973 812 2043 transgressio
842 1973 1047 2042 intulit,
1092 1974 1401 2048 plangendi:
1418 1979 1627 2049 festivos
1648 1991 1809 2038 coetus
1833 1986 2020 2055 agendi

453 2069 664 2124 contra,
690 2063 913 2135 quando
939 2065 994 2120 in
1024 2076 1255 2123 mentem
1280 2069 1428 2125 venit
1457 2086 1616 2141 quam
1639 2085 2021 2144 exspectamus

448 2171 546 2226 per
575 2172 776 2212 novum
808 2158 982 2213 Adam
1012 2161 1467 2217 resurreCtionem
1500 2178 1566 2218 ex
1594 2166 1843 2222 mortuis.

520 2245 585 2303 ν.
627 2248 680 2304 6.
718 2249 939 2319 Tempus
965 2253 1318 2320 custodiendi,
1345 2263 1394 2308 et
1425 2264 1626 2325 tempus
1649 2258 1968 2329 proferendi.

521 2431 759 2505 Tempus
798 2436 1142 2493 custodiendi
1201 2437 1536 2509 Scripturam
1586 2440 1846 2498 adversus
1883 2443 2023 2499 indi-

449 2541 605 2595 gnos,
634 2525 949 2598 proferendi
984 2544 1115 2584 vero
1160 2529 1361 2600 dignis.
1395 2528 1493 2586 Vel
1532 2531 1720 2600 etiam,
1762 2534 1897 2606 legis
1933 2536 2023 2590 lit-

449 2625 560 2672 tera
594 2630 720 2674 ante
748 2618 1206 2687 lncarnatiouem,
1232 2631 1446 2687 tempus
1480 2625 1584 2681 fuit
1626 2636 1686 2682 ut
1719 2628 2023 2684 custodire-

451 2720 539 2763 tur
566 2729 579 2765 :
607 2719 666 2765 ut
693 2724 979 2782 promatur
1008 2729 1156 2781 vero,
1188 2716 1279 2770 ubi
1302 2716 1538 2772 emeruit
1561 2716 1794 2774 Veritas.

522 2802 587 2858 V.
628 2805 678 2859 7.
725 2804 944 2877 Tempus
975 2807 1200 2874 tacendi,
1230 2818 1279 2863 et
1310 2818 1509 2879 tempus
1549 2810 1815 2881 loquendi.

517 2894 756 2968 Tempus
784 2898 1062 2969 loquendi,
1107 2901 1326 2969 quando
1372 2917 1481 2957 non
1526 2902 1707 2958 desint
1747 2904 2022 2960 auditores

444 2986 538 3056 qui
572 3002 882 3044 sermonem
910 2990 1250 3059 suscipiant:
1280 2992 1517 3058 tacendi,
1546 2992 1767 3062 quando
1801 3008 2021 3064 perver-

442 3088 566 3134 tunt
586 3096 895 3136 sermonem
933 3081 1228 3148 auditores,
1264 3092 1322 3137 ut
1360 3082 1492 3138 dicit
1519 3082 1760 3141 Paulus:
1792 3085 2022 3143 ereti-

2137 1967 2307 2039 Ἀδὰμ
2340 1968 2652 2041 παράϐασις
2684 1970 2973 2043 ἐπήνεγκε,
3007 1973 3332 2043 κόψασθαι·
3370 1981 3697 2050 πανηγυρὶ-

2122 2075 2226 2115 σαι
2255 2062 2331 2126 δὲ,
2366 2064 2495 2117 ὅταν
2523 2064 2604 2126 είς
2641 2062 2767 2117 νοῦν
2808 2063 3059 2136 λάϐωμεν
3086 2067 3155 2137 ἦν
3196 2070 3583 2143 προσδοκῶμεν
3608 2073 3698 2127 διὰ

2121 2152 2212 2208 τὸν
2241 2154 2359 2208 νέον
2395 2153 2565 2226 Ἀδὰμ
2588 2154 2654 2209 ἐκ
2687 2157 2894 2228 νεκρῶν
2921 2156 3233 2212 ἀνάστασιν.

2192 2245 2341 2316 Στιχ.
2376 2237 2429 2305 ς’
2452 2285 2466 2299 .
2494 2246 2711 2315 Καιρὸς
2742 2247 2848 2302 τοῦ
2892 2246 3178 2317 φυλάξαι,
3220 2251 3317 2305 καί
3344 2252 3540 2322 καιρὸς
3578 2255 3690 2310 τοῦ

2120 2335 2416 2391 ἐκϐαλεῖν.

2194 2428 2400 2499 Καιρὸς
2424 2426 2516 2483 τοῦ
2546 2428 2775 2500 φυλάξαι
2797 2431 2896 2501 τὴν
2918 2432 3141 2506 Γραφὴν
3174 2435 3268 2488 ἐπὶ
3293 2436 3409 2499 τοῖς
3434 2435 3689 2502 ἀναξίοις,

2123 2518 2371 2572 ἐκϐαλεῖν
2399 2521 2455 2574 δὲ
2488 2525 2600 2586 τοῖς
2628 2522 2819 2587 ἀξίοις.
2853 2525 2925 2577 Ἦ
2954 2526 3067 2590 καὶ,
3114 2525 3174 2579 τὸ
3206 2528 3430 2598 νομικὸν
3458 2528 3695 2600 γράμμα

2123 2611 2230 2685 πρὸ
2273 2614 2372 2685 τῆς
2429 2615 2767 2687 Ἑπιδημίας,
2816 2618 3005 2690 καιρὸς
3051 2620 3260 2691 ὑπῆρχε
3311 2620 3694 2692 φυλάττεσθαι·

2122 2704 2451 2776 ἐκϐληθῆναι
2480 2707 2557 2772 δὲ,
2583 2708 2745 2778 ἡνίκα
2774 2709 3006 2782 ἤνθησεν
3033 2711 3066 2781 ἡ
3108 2712 3379 2783 Ἀλήθεια.

2194 2797 2341 2868 Στιχ.
2376 2797 2438 2863 ζ’.
2471 2798 2684 2868 Καιρὸς
2707 2799 2907 2870 σιγᾷν,
2948 2803 3047 2856 καί
3076 2802 3283 2872 καιρὸς
3318 2804 3425 2858 τοῦ
3458 2804 3695 2860 λαλεῖν.

2193 2891 2398 2964 Καιρὸς
2425 2892 2517 2947 τοῦ
2547 2894 2744 2960 λαλεῖν,
2788 2896 2916 2950 ὅταν
2946 2890 3076 2950 ὦσιν
3120 2899 3170 2950 οἱ
3212 2897 3304 2951 τὸν
3341 2898 3498 2967 λόγον
3544 2899 3697 2971 δεχόο

2125 2998 2274 3051 μενοι
2320 2985 2617 3056 ἀκροαταί·
2664 2985 2759 3040 τοῦ
2808 2987 2865 3041 δὲ
2909 2989 3085 3059 σιγᾷν,
3135 2988 3301 3060 ἡνίκα
3341 2991 3702 3063 διαστρέφον-

2120 3090 2213 3137 τες
2240 3073 2329 3128 τὸν
2359 3075 2515 3145 λόγον
2561 3078 2608 3130 oi
2651 3076 3008 3151 ἀκροώμενοι,
3044 3079 3120 3144 ὥς
3161 3098 3293 3152 φησι
3326 3081 3558 3147 Παῦλος
3595 3086 3700 3138 Αἱ-

444 3187 563 3225 eum
582 3171 842 3226 hominem
870 3180 986 3242 post
1014 3188 1174 3227 unam
1200 3183 1249 3227 et
1288 3174 1574 3229 secundam
1605 3178 2015 3235 admonitionem

2144 3168 2355 3223 >ετικόν
2381 3168 2695 3239 ἄνθρωπον
2716 3171 2866 3243 μετὰ
2880 3174 3028 3243 μίαν
3052 3174 3150 3228 καὶ
3174 3174 3464 3244 δευτέραν
3488 3179 3703 3231 νουθε-

442 3264 633 3319 abdica
655 3265 720 3318 ²².

513 3354 580 3412 Υ.
615 3356 701 3412 10.
754 3358 875 3413 Vidi
901 3361 1062 3432 igitur
1093 3362 1514 3433 distractionem,
1529 3385 1687 3440 quam
1710 3369 1855 3425 dedit
1876 3369 2016 3425 Deus

443 3446 574 3518 ﬁliis
605 3450 897 3516 hominum,
928 3463 987 3507 ut
1008 3453 1429 3513 dislralterentur
1444 3461 1498 3514 in
1528 3477 1611 3515 ea.

508 3624 576 3681 ν.
606 3626 693 3682 il.
736 3627 993 3686 Universa
1021 3648 1139 3702 qua:
1169 3634 1293 3703 fecit
1323 3635 1455 3689 bona
1493 3637 1546 3689 in
1579 3645 1825 3708 tempore.
1852 3639 2015 3711 Atqui

437 3720 692 3775 secutum
717 3723 863 3777 dedit
895 3725 950 3778 in
975 3729 1132 3780 corde
1158 3744 1360 3789 eorum,
1386 3738 1445 3781 ut
1471 3745 1573 3782 non
1603 3731 1835 3785 inveniat
1859 3733 2013 3788 homo

438 3828 588 3880 opus,
615 3815 756 3884 quod
781 3826 1028 3885 operatus
1055 3830 1134 3872 est
1174 3819 1315 3874 Deus
1344 3821 1409 3874 ab
1460 3821 1613 3876 initio
1659 3832 1707 3877 et
1752 3840 1913 3894 usque
1958 3827 2013 3879 in

434 3905 610 3976 ﬁnem.

505 3996 574 4053 Et
602 3998 705 4054 hoc
732 4014 921 4055 verum
951 4009 1054 4055 est.
1088 4000 1256 4058 Nemo
1285 4004 1431 4059 enim
1471 4020 1635 4076 opera
1663 4007 1759 4063 Dei
1787 4008 2013 4063 omnino

434 4090 897 4160 comprehendere
927 4091 1087 4148 valet.
1115 4093 1264 4165 Opus
1301 4109 1465 4165 porro
1500 4095 1593 4151 Dei
1641 4107 1724 4153 est
1750 4099 2009 4155 mundus.

432 4179 611 4252 Hujus
649 4199 811 4239 nemo
843 4183 1089 4241 invenire
1131 4195 1312 4257 potest
1349 4190 1495 4260 quod
1530 4192 1602 4245 sit
1657 4191 1726 4247 ab
1773 4191 1931 4248 initio
1959 4201 2016 4247 et

430 4290 609 4345 usque
656 4275 711 4329 in
772 4276 957 4340 linem,
986 4277 1042 4332 id
1094 4287 1198 4346 est,
1235 4280 1593 4336 constitutum
1647 4282 1698 4337 ei
1748 4291 1962 4353 tempus
1994 4323 2009 4349 ,

429 4378 485 4423 et
514 4368 808 4437 praeﬁnitos
861 4371 939 4425 illi
987 4373 1270 4429 terminos.
1318 4371 1599 4443 Siquidem
1645 4374 2008 4445 ignorantiam

432 4459 578 4517 Deus
600 4471 776 4518 totum
816 4464 1075 4519 saeculum
1102 4464 1157 4519 in
1193 4465 1451 4521 cordibus
1476 4467 1683 4522 nostris
1717 4467 1865 4523 dedit
1896 4507 1910 4533 ,
1952 4477 2013 4522 ut

2121 3259 2266 3313 σίαν
2294 3262 2602 3329 παραιτοῦ.
2629 3300 2636 3307 ι

2188 3351 2334 3422 Στιχ.
2376 3359 2429 3408 ι’.
2458 3349 2638 3407 Εἶδον
2675 3351 2791 3410 οὖν
2820 3353 2925 3409 τὸν
2964 3355 3403 3425 περισπωμόν,
3439 3356 3515 3410 ὃν
3550 3356 3699 3411 ἐδω-

2117 3461 2224 3498 κεν
2249 3447 2283 3498 ὀ
2314 3444 2458 3511 Θεὸς
2498 3445 2623 3513 τοῖς
2656 3444 2811 3514 υἱοῖς
2852 3445 2969 3500 τῶν
3005 3446 3352 3517 ἀνθρώπων,
3386 3449 3495 3503 τοῦ
3537 3464 3700 3517 περι-

2117 3534 2387 3592 σπᾶσθαι
2409 3538 2478 3592 ἐν
2504 3537 2679 3605 αὐτῷ.

2186 3631 2333 3703 Στιχ.
2361 3636 2448 3686 ια’.
2486 3633 2559 3687 Τὰ
2573 3630 2894 3701 σύμπανέα
2911 3630 2950 3686 d
2965 3632 3213 3700 ἐποίησε
3227 3631 3383 3687 καλὰ
3398 3633 3468 3686 ἐν
3483 3631 3697 3701 καιρῷ.

2117 3724 2231 3779 Καί
2274 3741 2342 3794 τε
2386 3725 2710 3795 σύμπαντα
2753 3724 2860 3779 τὸν
2888 3723 3073 3778 αἰῶνα
3105 3724 3328 3779 ἔδωκεν
3362 3724 3434 3778 ἐν
3474 3724 3699 3794 καρδίᾳ

2117 3817 2335 3885 αὐτῶν,
2387 3816 2545 3884 ὅπως
2585 3816 2671 3887 μὴ
2716 3817 2859 3887 εὕρῃ
2914 3816 3222 3885 ἄνθρωπος
3268 3816 3335 3870 τὸ
3380 3817 3631 3887 ποίημα,
3661 3816 3697 3870 ὃ

2114 3910 2403 3980 ἐποίησεν
2422 3913 2455 3964 ό
2477 3910 2620 3977 Θεὸς
2644 3910 2744 3964 ἀπ’
2775 3908 2968 3978 ἀρχῆς
2989 3908 3086 3962 καί
3105 3909 3281 3979 μέχρι
3311 3908 3547 3976 τέλους.

2185 4005 2296 4059 Καὶ
2328 4002 2484 4057 τοῦτο
2526 4001 2722 4074 ἀληθές
2756 4002 2923 4055 ἐστιν.
2959 4000 3147 4064 Οὐδεὶς
3185 4001 3296 4073 γὰρ
3327 4000 3394 4054 τὰ
3425 3999 3561 4072 ἔργα
3592 4001 3695 4054 τοῦ

2115 4095 2252 4152 Θεοῦ
2285 4095 2590 4169 ὁλοκλήρως
2630 4093 2955 4148 καταλαϐεῖν
2978 4093 3219 4147 δύναται.
3258 4092 3479 4164 Ποίημα
3509 4092 3565 4145 δὲ
3592 4092 3695 4146 τοῦ

2114 4184 2249 4240 Θεοῦ
2274 4189 2303 4240 ὁ
2325 4186 2547 4257 κόσμος.
2574 4184 2778 4240 Τούτου
2799 4183 2976 4246 οὐδεὶς
2995 4183 3174 4255 εὑρεῖν
3195 4182 3255 4236 τὸ
3279 4183 3376 4236 ἀπ’
3396 4180 3571 4251 ἀρχῆς
3592 4183 3698 4235 καὶ

2118 4279 2277 4352 μέχρι
2307 4276 2512 4341 τέλους,
2545 4274 2790 4329 τουτέστι
2818 4274 2907 4327 τὸν
2934 4273 3262 4344 τεταγμένον
3298 4272 3447 4344 αὐτῷ
3474 4273 3695 4343 χρόνον,

2115 4373 2209 4425 καὶ
2248 4370 2346 4442 τὴν
2391 4369 2698 4442 ὁρισθεῖσαν
2743 4369 2832 4422 ἐπ’
2873 4365 3021 4437 αὐτῷ
3069 4364 3407 4437 προθεσμίαν
3438 4363 3691 4420 δύναται.

2126 4462 2453 4534 Ἐπειδήπερ
2483 4462 2703 4531 ἄγνοιαν
2733 4462 2761 4514 ὁ
2792 4459 2926 4523 Θεὸς
2971 4458 3261 4529 σύμπαντα
3290 4456 3383 4509 τὸν
3426 4455 3597 4508 αίῶνα
3630 4457 3692 4508 ἐν

427 4550 651 4622 quidam
684 4554 793 4609 ait:
829 4553 1170 4610 Paucitatem
1207 4557 1416 4611 dierum
1470 4573 1705 4613 meorum
1745 4561 2005 4615 annuntio

2146 4557 2232 4618 αῖς
2264 4552 2515 4626 καρδίαις
2543 4551 2702 4624 ἡμῶν
2731 4550 2949 4615 ἔδωκεν,
2997 4549 3073 4612 ὦς
3106 4548 3236 4620 φησί
3265 4564 3368 4611 τις-
3409 4544 3529 4614 Τὴν
3556 4546 3693 4598 ὀλι-

429 4643 561 4697 mihi
586 4645 653 4699 “.
684 4645 762 4702 ita
810 4664 910 4718 pro
937 4656 1123 4705 nostra
1170 4649 1405 4705 utilitate
1438 4648 1561 4706 linis
1603 4652 1787 4707 saeculi
1815 4652 2000 4722 hujus,

428 4735 555 4790 vita“:
576 4751 771 4809 nempe
796 4741 1102 4810 praesentis,
1131 4741 1432 4812 ignoratur.

2110 4648 2333 4718 ⁸γότηινιιι
2379 4644 2499 4699 τῶν
2542 4642 2781 4716 ἡμερῶν
2811 4659 2930 4712 μου
2975 4642 3330 4711 ἁνάγγειλόν
3364 4656 3487 4709 μοι.
3528 4638 3692 4692 Οὕτω

2114 4740 2252 4812 πρὸς
2283 4739 2344 4792 τὸ
2378 4739 2656 4811 συμφέρον
2683 4740 2812 4809 ἡμῖν
2849 4735 2911 4788 τὸ
2940 4734 3092 4799 τέλος
3122 4733 3216 4787 τοῦ
3246 4733 3437 4796 αἰῶνος
3466 4730 3692 4798 cutim,

2109 4833 2309 4905 δηλαδὴ
2332 4832 2432 4904 τῆς
2464 4830 2743 4904 παρούσης
2768 4827 2933 4899 ζωῆς,
2965 4827 3244 4900 ἠγνόηται.

493 5009 543 5045 ⁵⁸
579 4981 726 5071 ἰαῦ.
770 5028 859 5082 νι,
904 5013 1004 5081 25;
1049 5012 1341 5089 Joanqm,
1367 5015 1456 5070 Q0.
1536 5016 1579 5047 ’ί
1612 5014 1770 5071 Joan.
1808 5033 1916 5082 1m,
1946 5016 2016 5070 20

2144 5021 2158 5050 '
2192 5017 2299 5073 Tit.
2335 5033 2418 5082 ιιι,
2451 5014 2535 5073 10.
2613 5015 2657 5047 ¹³
2684 5012 2830 5070 Psal.
2858 5028 2932 5083 ει,
2958 5012 3049 5069 24.
