3982 6346
353 387 494 448 Ξΐζὶθ

1490 386 2051 446 INTERPRETATIO
2090 385 2156 442 IN
2198 386 2455 443 LUCAM’.

3454 378 3489 433 -i
3502 375 3606 433 500

773 650 1687 882 ΔΙΟΝΥΣΙΟΥ
1762 738 3025 959 ΑΛΕΞΑΝΔΡΕΙΑΣ
3087 731 3207 809 (πυ)

1696 989 2257 1075 ΕΡΜΗΝΕΙΑ

1001 1172 1103 1236 Εἷς
1125 1169 1231 1226 τοῦ
1253 1169 1427 1237 ἁγίου
1448 1172 1816 1242 Εὐαγτελίου
1844 1188 1921 1225 κα

2029 1171 2258 1227 Λουκᾶν
2282 1187 2414 1241 nega.
2445 1176 2539 1243 κβ¹
2569 1175 2726 1240 στίχ.
2752 1174 2990 1239 με’-μη.

1036 1496 1741 1628 DIONYSII
1840 1494 2865 1623 ALEXANDRIN
2881 1494 2929 1616 Ι

1345 1745 1354 1753 ’
1493 1749 2487 1843 INTEBPRETATIO

842 1942 851 1947 ’
941 1952 1013 2013 In
1069 1953 1128 2014 S.
1185 1951 1514 2033 Evangelii
1572 1948 1926 2013 secundum
1965 1950 2196 2009 Lucam
2240 1962 2373 2025 cap.
2425 1963 2555 2007 xm
2598 1961 2757 2009 vers.
2793 1947 3001 2012 52-58.

421 2271 566 2342 Στιχ.
609 2270 711 2341 μβ’.
748 2271 956 2342 Πάτερ,
988 2276 1039 2328 ει
1077 2274 1291 2339 ,ϐούλει
1316 2274 1705 2343 παρενεγκεῖν
1725 2274 1791 2328 τὸ
1821 2290 1923 2327 πο-

2097 2272 2163 2327 V.
2198 2272 2286 2327 $2.
2320 2272 2515 2341 Pater,
2547 2274 2593 2329 si
2620 2274 2696 2329 vis
2723 2276 3007 2344 transferre
3030 2276 3163 2331 Imnc
3194 2278 3410 2334 calicem
3440 2297 3471 2334 a
3499 2297 3599 2337 me.

346 2359 554 2427 τήριον
584 2359 758 2415 τοῦτο
797 2362 897 2417 ἀπ’
923 2364 1098 2433 ἐμοῦ.
1130 2363 1305 2432 Πλὴν
1329 2362 1414 2433 μὴ
1440 2363 1505 2417 τὸ
1534 2362 1760 2435 θέλημὰ
1781 2382 1921 2432 μου,

345 2454 509 2510 ἀλλὰ
534 2453 596 2507 τὸ
624 2453 743 2508 σὸν
772 2456 1052 2524 γενέσθω.

432 2544 590 2598 Ἀλλὰ
626 2544 800 2599 ταῦτα
844 2546 942 2617 μὲν
985 2545 1226 2617 εἰρήσθω
1276 2547 1404 2618 περὶ
1453 2544 1546 2600 τοῦ
1597 2545 1919 2619 θελήματος.

348 2639 423 2693 τό
450 2656 513 2709 γε
547 2638 674 2711 μὴν,
716 2638 1064 2709 Παρελθέτω
1090 2640 1157 2694 τὸ
1188 2638 1507 2707 ποτήριον*
1538 2640 1638 2694 οὑκ
1668 2641 1783 2694 ἐστι
1812 2640 1922 2712 (l'l)

352 2730 427 2800 μὴ
444 2728 810 2802 προσελθέτω,
830 2729 863 2801 ἦ
883 2731 1158 2798 ἐγγισάτω
1181 2748 1291 2802 μοι.
1310 2730 1383 2783 Τὸ
1400 2730 1509 2803 γὰρ
1524 2732 1927 2805 παρερχόμενον

348 2821 568 2885 πάντως
590 2822 709 2875 κατ’
739 2822 944 2903 ἐκεῖνον
967 2823 1180 2892 γίνεται
1214 2823 1500 2895 πρότερον,
1534 2824 1629 2878 καὶ
1649 2825 1925 2897 πρόσεισιν

348 2913 498 2984 αὑτῷ
522 2914 660 2986 ὅπερ
704 2914 1061 2987 παρέρχεται.
1098 2917 1162 2969 El
1210 2916 1321 2990 γὰρ
1368 2917 1442 2989 μὴ
1487 2917 1783 2993 πλησιάσῃ,
1827 2920 1926 2973 οὑκ

350 3004 416 3059 ἂν
448 3004 730 3077 παρέλθοι.
775 3004 1085 3060 Οὶκειοῦται
1118 3006 1227 3077 γὰρ
1266 3006 1327 3060 τὸ
1372 3007 1660 3079 πρόσωπον
1692 3009 1800 3062 τῶν
1831 3010 1925 3062 άν-

348 3095 603 3167 θρὼπων,
649 3096 726 3160 ὡς
756 3096 1046 3166 γενόμενος
1077 3094 1386 3168 ἄνθρωπος.
1429 3097 1630 3166 Διόπερ
1657 3100 1749 3153 καὶ
1777 3100 1922 3163 τότε,

347 3190 411 3242 τὺ
438 3188 537 3260 μὲν
556 3189 616 3243 τὸ
638 3189 830 3243 ἑαυτοῦ
850 3188 913 3243 τὸ
932 3188 1149 3245 ἔλαττον
1173 3192 1517 3262 παραιτεῖται
1546 3195 1718 3245 ποιεῖν
1738 3211 1752 3223 ·
1784 3195 1926 3247 αἰτεῖ

349 3282 406 3336 δὲ
438 3284 498 3338 τὸ
525 3282 619 3336 τοῦ
653 3282 862 3355 Πατρδς
898 3282 962 3336 τὸ
1004 3281 1186 3354 μεῖζον
1218 3282 1489 3351 γενέσθαι,
1531 3283 1590 3337 τὸ
1627 3283 1807 3337 θεῖκὸν
1836 3283 1923 3337 θέ-

349 3372 517 3443 λημα,
548 3372 683 3445 ὅπερ
718 3370 879 3426 πάλιν
901 3370 1045 3430 κατὰ
1069 3369 1167 3442 τὴν
1205 3369 1454 3441 θεότητα,
1484 3369 1542 3423 ἓν
1575 3368 1787 3441 θέλημά
1808 3372 1924 3422 ἐστι

346 3466 411 3520 τὸ
432 3464 596 3520 αὑτοῦ
622 3464 715 3519 καὶ
735 3463 1050 3536 Πατρός.Τὸ
1073 3463 1181 3535 γὰρ
1205 3463 1474 3535 Πατρικὸν
1500 3462 1729 3533 θέλημα,
1751 3460 1815 3516 τὸ
1840 3462 1925 3516 διὰ

351 3556 657 3629 πειρασμοῦ
691 3556 894 3621 παντὸς
925 3556 1129 3627 ὲπίσκη
1170 3554 1419 3620 διελθεῖν,
1454 3554 1735 3623 διάγοντος
1759 3554 1923 3608 αὑτὸν

2039 2361 2405 2417 Verumtamen
2428 2380 2528 2419 non
2553 2364 2795 2419 voluntas
2827 2382 2961 2433 mea,
2992 2367 3083 2421 sed
3114 2378 3205 2421 tua
3234 2369 3352 2437 ﬁat.

2096 2541 2157 2597 Et
2178 2542 2293 2599 hac
2312 2542 2620 2614 quidemde
2653 2544 2928 2599 voluntate
2972 2543 3116 2598 dicta
3150 2545 3278 2600 sint.
3327 2543 3460 2599 lllud
3519 2554 3601 2600 ta-

2026 2651 2148 2690 men
2182 2655 2192 2689 :
2228 2635 2567 2691 Pertranseat
2604 2637 2769 2704 calix,
2802 2646 2919 2692 est:
2948 2634 3067 2691 Non
3092 2637 3326 2707 amplius
3350 2638 3598 2705 accedat,

2025 2728 2139 2784 sive
2176 2729 2569 2800 appropinquet
2620 2730 2777 2784 mibi.
2850 2729 3007 2794 Quod
3057 2729 3204 2784 enim
3276 2730 3597 2799 pertransit,

2026 2821 2250 2874 omnino
2280 2835 2447 2891 prope
2478 2820 2611 2877 illud
2652 2822 2712 2875 lit
2744 2820 2930 2891 prius,
2973 2828 3027 2874 et
3060 2819 3216 2891 juxta
3268 2820 3398 2876 illud
3450 2821 3596 2890 quod

2027 2910 2341 2979 pertransit.
2376 2908 2435 2965 Si
2468 2910 2615 2967 enim
2649 2925 2757 2966 non
2810 2910 3226 2982 appropinquet,
3267 2911 3599 2981 pet-transire

2026 3016 2135 3055 non
2164 3008 2361 3070 potest.
2394 2999 2634 3072 Usurpat
2666 3017 2905 3073 namque
2935 3018 3226 3073 personam
3265 3004 3548 3060 hominum
3580 3044 3596 3068 ,

2024 3091 2420 3163 quippefactus
2451 3094 2639 3150 homo.
2671 3093 3044 3161 Quamobrem
3099 3104 3153 3151 et
3210 3105 3364 3161 tunc,
3417 3096 3598 3150 minus

2025 3186 2171 3254 quod
2197 3200 2358 3241 suum
2392 3194 2477 3242 est
2500 3194 2719 3242 recusat
2743 3185 2925 3243 facere
2959 3205 2973 3241 :
3039 3188 3277 3257 postulat
3300 3202 3434 3243 vero
3481 3187 3595 3241 ﬁeri

2026 3274 2223 3342 majus,
2249 3275 2389 3344 quod
2422 3274 2601 3331 Patris
2621 3284 2725 3339 est,
2749 3277 2987 3333 divinam
3018 3292 3209 3347 nempe
3242 3277 3596 3344 voluntatem,

2025 3380 2146 3434 quae
2198 3381 2392 3420 rursus
2427 3368 2728 3423 secundum
2772 3369 3113 3425 divinitatem
3144 3409 3160 3433 ,
3202 3384 3309 3424 una
3344 3370 3599 3426 voluntas

2025 3465 2107 3511 est
2131 3457 2251 3527 ejus
2278 3467 2331 3512 et
2360 3457 2560 3515 Patris.
2593 3458 2826 3515 Paterna
2864 3461 3011 3516 enim
3045 3462 3300 3517 voluntas
3329 3462 3474 3531 fuit,
3541 3471 3601 3518 ut

2028 3561 2122 3615 per
2162 3562 2379 3603 omnem
2433 3548 2787 3604 tentationem
2839 3548 3137 3606 intuentem
3163 3552 3457 3608 transiret:
3506 3553 3601 3606 de-

351 3651 670 3723 θαυμασῑως
701 3651 865 3707 αὑτοῦ
899 3651 995 3705 τοῦ
1035 3651 1249 3723 Πατρὸς
1287 3649 1361 3723 μὴ
1405 3650 1565 3722 μέχρι
1603 3649 1697 3703 τοῦ
1728 3667 1922 3723 πειρα-

2029 3637 2254 3695 ducente
2301 3655 2427 3696 eum
2480 3641 2804 3697 mirabiliter
2864 3642 2982 3712 ipso
3046 3642 3206 3697 Patre
3261 3658 3370 3698 non
3428 3661 3601 3716 usque

354 3743 515 3817 σμοῦ,
561 3744 695 3817 μηδὲ
743 3746 823 3809 εἰς
864 3744 1026 3798 αὑτὸν
1060 3744 1338 3809 εἰσελθεῖν,
1380 3743 1492 3796 ἀλλ’
1532 3742 1790 3815 ὑπεράνω
1828 3742 1922 3796 τοῦ

352 3833 699 3907 πειρασμοῦ,
766 3834 859 3888 καὶ
917 3837 1035 3905 μετ’
1092 3835 1258 3889 αὑτὸν
1321 3833 1608 3904 γενέσθαι·
1666 3834 1804 3898 ὅλως
1867 3832 1925 3886 δὲ

353 3925 473 3979 οὑδὲ
522 3924 816 3989 ἀδύνατον,
884 3925 1005 3978 οὑδὲ
1068 3925 1381 3998 ἄπρακτον,
1449 3927 1559 3981 οὐδ’
1609 3925 1925 3981 ὑπεναντίον

351 4016 447 4071 τοῦ
479 4016 816 4089 βουλήματος
871 4015 967 4070 τοῦ
1008 4016 1221 4089 Πατρὸς
1252 4017 1343 4070 τὸν
1397 4016 1623 4089 Σωτῆρα
1679 4018 1847 4070 αἰτεῖν
1882 4019 1921 4069 ⁶.

357 4110 512 4163 Ἐστι
562 4110 618 4163 δὲ
663 4108 906 4174 δυνατὸν,
939 4109 1016 4172 ὡς
1058 4110 1088 4162 ὁ
1120 4110 1345 4182 Μάρκος
1381 4108 1545 4163 αὑτοῦ
1607 4108 1927 4180 ἀπεμνημό-

353 4221 507 4258 νευσε
546 4203 811 4272 λέγοντος·
854 4200 1037 4267 Ἀϐὅᾶ,
1089 4206 1123 4257 ό
1178 4202 1384 4272 πάτερ,
1430 4202 1625 4256 πάντα
1683 4218 1781 4256 σοι
1817 4201 1924 4256 δυ-

351 4294 533 4350 νατά·
581 4294 673 4349 καὶ
717 4294 917 4349 δυνατὰ
967 4296 1016 4347 εἰ
1060 4292 1325 4364 βούλεται,
1376 4294 1452 4358 ὡς
1499 4294 1714 4357 Λουκᾶς
1758 4309 1926 4363 φησιν

354 4388 516 4442 αὑτὸν
544 4388 851 4460 εἰρηκέναι·
886 4387 1095 4455 Πάτερ,
1135 4389 1187 4439 εὶ
1224 4388 1460 4451 βούλει,
1494 4386 1823 4455 παρένεγκε
1860 4385 1923 4440 τὸ

352 4480 639 4551 ποτήριον
662 4482 835 4536 τοῦτο
868 4482 970 4536 ἀπ’
1008 4480 1175 4552 ἐμοῦ.
1209 4481 1281 4535 Τὸ
1306 4476 1400 4535 οὖν
1432 4480 1653 4551 Πνεῦμα
1680 4480 1741 4533 τὸ
1774 4478 1925 4547 ἅγιον

353 4576 435 4639 εἰς
461 4576 587 4639 τοὺς
616 4574 1005 4645 εὐαγγελιστάς
1050 4572 1447 4644 κατανεμηθὲν,
1477 4571 1577 4643 τὴν
1618 4573 1798 4625 πᾶσαν
1830 4569 1924 4624 τοῦ

356 4668 608 4740 Σωτῆρος
630 4667 786 4739 ἡμῶν
813 4666 1074 4731 διάθεσιν,
1101 4666 1166 4720 ὲκ
1195 4666 1297 4737 τῆς
1320 4665 1550 4718 ἑκάστου
1584 4664 1767 4736 φωνῆς
1804 4680 1927 4716 συν-

354 4759 583 4831 τίθησιν.
613 4758 750 4813 Οὑτε
775 4758 883 4831 γὰρ
910 4762 1140 4813 αἰτεῖται
1165 4757 1316 4830 παρὰ
1346 4756 1447 4819 ,τοῦ
1470 4757 1700 4828 Πατρὸς,
1724 4757 1753 4809 ὃ
1800 4757 1874 4831 μὴ
1898 4758 1925 4809 ὁ

356 4851 548 4923 Πατὴρ
578 4849 842 4922 βούλεται.
880 4851 954 4905 Τὸ
978 4851 1088 4924 γάρ
1108 4867 1122 4881 ⁸
1160 4853 1231 4905 El
1254 4850 1488 4916 βούλει,
1519 4849 1799 4920 ὑποταγῆς
1833 4849 1926 4902 καὶ

356 4942 657 5005 ἐπιεικείας
677 4943 844 5007 ἐστὶν,
862 4943 963 4996 οὑκ
978 4942 1221 5011 ἀγνοίας,
1247 4942 1368 4996 οὑδὲ
1395 4941 1722 5013 ἀμφιϐολίας
1741 4936 1809 5013 ἦν
1827 4940 1922 5011 δη-

356 5032 607 5090 λωτικόν.
626 5034 724 5089 Διὰ
740 5034 899 5090 τοῦτο
918 5036 951 5105 ἡ
969 5034 1130 5106 ἑτέρα
1156 5035 1346 5107 Γραφή
1380 5051 1544 5106 φησιν
1563 5051 1576 5064 ’
1603 5033 1806 5087 Πάντα
1824 5044 1923 5085 σοι

354 5125 603 5181 δυνατά.
647 5128 767 5185 Κᾶν
809 5126 966 5181 τοῦτο
1000 5126 1159 5180 πάλιν
1189 5127 1249 5181 τὸ
1281 5126 1519 5180 εἰκτικὸν
1555 5124 1666 5197 (12)
1708 5126 1800 5180 καὶ
1828 5140 1926 5179 τα-

286 5214 290 5219 ’
357 5219 646 5290 πεινόφρον
692 5221 721 5272 ὁ
760 5219 1035 5283 Ματθαῖος
1062 5218 1370 5290 διαγράφει,
1414 5220 1466 5271 εἰ
1498 5217 1757 5272 δυνατόν
1794 5219 1925 5273 ἐστι

356 5310 549 5380 λέγων.
572 5312 636 5365 Ei
668 5309 742 5384 μὴ
764 5310 877 5385 γὰρ
897 5309 1020 5364 οὑτε
1050 5310 1347 5383 ἁρμόσοιμι
1370 5310 1468 5382 τὴν
1499 5310 1758 5373 διάνοιαν,
1788 5311 1926 5383 τάχα

355 5403 500 5469 τινὲς
544 5401 843 5469 ὲκδέξοιντο
891 5401 1104 5467 ἀσεϐῶς
1144 5402 1227 5466 τό,
1270 5406 1322 5457 ei
1357 5402 1618 5457 δυνατόν
1648 5404 1800 5467 ἐστι,
1850 5404 1926 5465 ὡς

349 5528 354 5537 ’
427 5537 476 5572 ⁸⁸
500 5538 668 5596 Marc.
689 5556 801 5607 xxv,
825 5541 913 5597 56.
988 5541 1033 5574 ’⁵
1060 5539 1249 5597 Matth.
1285 5558 1435 5606 xxvi,
1470 5543 1558 5599 59.

431 5699 544 5827 £102
578 5701 671 5759 lite
699 5702 819 5759 dum
845 5713 1052 5760 tantum
1082 5718 1243 5760 voces
1291 5710 1422 5757 sunt
1449 5721 1512 5760 ex
1563 5704 1683 5759 cod.
1722 5703 1920 5760 Veneto

470 5811 484 5827 .
542 5813 555 5826 .
581 5775 669 5827 56.
700 5774 843 5827 unde
874 5774 1230 5827 fraamentnm
1267 5774 1596 5827 descriptum
1634 5786 1710 5827 est
1742 5794 1755 5827 :
1796 5777 1918 5827 reli-

358 5771 484 5834 495,
514 5771 555 5845 l‘.
581 5775 669 5845 56,
700 5774 843 5829 unde
874 5774 1230 5845 fragmentum
1267 5774 1596 5845 descriptum
1634 5786 1710 5831 est
1742 5794 1755 5837 ;
1796 5777 1918 5831 reli-

358 5858 465 5912 qua
486 5844 624 5899 tituli
653 5853 704 5899 et
737 5844 991 5903 numeros
1026 5846 1139 5917 ipse
1172 5845 1362 5916 adjeci.

2025 3733 2092 3787 ad
2127 3734 2497 3800 tentationem,
2526 3750 2625 3791 nec
2664 3736 2810 3791 utin
2857 3736 3030 3805 ipsam
3074 3736 3408 3808 ingrediatur
3434 3778 3448 3803 ,
3504 3738 3599 3794 sed

2026 3834 2087 3879 ut
2158 3827 2253 3882 tlat
2316 3842 2478 3898 super
2545 3831 2937 3895 tentationem,
3003 3840 3056 3885 et
3129 3840 3322 3901 praeter
3401 3832 3598 3904 ipsam.

2025 3916 2260 3974 Omnino
2309 3932 2487 3975 autem
2547 3937 2724 3992 neque
2778 3923 3162 3993 impossibile,
3223 3939 3401 3994 neque
3450 3927 3598 3995 quod

2027 4010 2142 4065 ﬁeri
2166 4020 2419 4083 nequeat,
2463 4022 2558 4067 aut
2582 4015 2921 4070 contrarium
2954 4016 3026 4070 sit
3069 4017 3332 4072 voluntati
3375 4016 3553 4072 Patris
3580 4060 3596 4083 ,

2026 4103 2142 4158 ﬁeri
2173 4103 2365 4161 credas
2394 4102 2731 4161 Salvatorem
2760 4109 3058 4177 postulare.
3096 4108 3363 4165 Possibile
3385 4120 3507 4175 est,
3541 4120 3600 4164 nt

2027 4194 2242 4251 Marcus
2272 4196 2395 4266 ejus
2420 4198 2668 4253 meminit
2713 4198 2943 4257 dicentis
2975 4220 2989 4255 :
3022 4201 3190 4266 Abba,
3214 4211 3396 4270 pater:
3423 4203 3599 4257 omnia

2030 4289 2124 4343 tibi
2155 4289 2427 4349 possibilia
2448 4290 2496 4322 “
2521 4304 2540 4343 :
2569 4292 2847 4361 possibilia
2876 4294 2919 4346 si
2954 4294 3085 4348 vult.
3119 4292 3273 4348 Sicut
3317 4293 3493 4349 Lucas
3522 4295 3600 4349 ait

2027 4384 2178 4438 illum
2205 4381 2412 4441 dixisse
2441 4401 2456 4440 :
2495 4386 2674 4455 Pater,
2697 4389 2747 4442 si
2769 4389 2865 4454 vis,
2898 4389 3130 4459 transfer
3160 4388 3380 4442 calicem
3409 4388 3597 4441 hunc‘a

2027 4492 2126 4531 me.
2154 4474 2323 4547 Igitur
2345 4475 2581 4548 Spiritus
2603 4484 2823 4535 sanctus
2850 4480 2904 4533 in
2942 4480 3306 4550 evangelislas
3336 4478 3597 4534 distribu-

2029 4578 2117 4624 tus
2150 4569 2413 4641 integram
2465 4569 2763 4628 Salvatoris
2807 4573 2977 4627 nostri
3008 4571 3369 4635 aﬂectioncm,
3407 4587 3473 4626 ex
3502 4587 3599 4628 cu-
3638 4576 3663 4595 ⁴

2024 4662 2225 4735 jusque
2253 4666 2489 4720 dictione
2520 4667 2815 4736 componit.
2846 4664 3031 4735 Neque
3063 4668 3208 4719 enim
3245 4682 3275 4719 a
3309 4665 3467 4720 Patre
3500 4682 3597 4735 po-

2030 4755 2281 4821 stulatur,
2306 4757 2450 4825 quod
2485 4755 2644 4812 Pater
2694 4757 2811 4827 ipse
2842 4757 2997 4811 nolit.
3046 4754 3179 4809 Illud
3231 4772 3501 4827 namque:
3540 4757 3599 4813 Si

2031 4849 2128 4912 vis,
2158 4847 2511 4917 subjectionis
2545 4846 2600 4903 ei
2630 4849 2924 4904 docilitatis
2953 4857 3057 4912 est,
3089 4862 3198 4903 non
3234 4849 3598 4921 ignorantiam

2031 4949 2125 4994 aut
2154 4938 2480 4995 dubietatem
2531 4939 2824 4996 indicabat.
2862 4940 3146 5011 Propterea
3177 4942 3279 4997 alia
3319 4941 3599 5011 Scriptura

2030 5032 2195 5087 dicit:
2224 5031 2416 5088 Omnia
2439 5033 2535 5087 tibi
2556 5034 2856 5104 possibilia.
2891 5034 3150 5102 Quamvis
3170 5037 3224 5090 in
3257 5037 3359 5090 hoc
3384 5049 3597 5088 rursum

2032 5125 2177 5196 quod
2211 5125 2551 5196 deprecantis
2589 5143 2652 5182 ac
2683 5128 2910 5184 humilis
2950 5129 3022 5183 sit
3066 5128 3350 5183 Mattheus
3396 5127 3603 5182 descri-

2034 5218 2134 5279 bit.
2168 5218 2226 5272 Si
2255 5218 2500 5288 possibile
2528 5230 2603 5274 est
2629 5222 2673 5253 "
2704 5220 2975 5291 inquiens.
3001 5219 3115 5274 Nisi
3139 5219 3282 5273 enim
3300 5218 3405 5273 hoc
3439 5221 3600 5274 modo

2034 5324 2258 5365 sensum
2298 5320 2566 5380 coaptem,
2600 5310 2758 5367 facile
2788 5322 3013 5383 possent
3046 5310 3265 5380 quidam
3314 5309 3479 5379 impie
3509 5325 3603 5365 ac-

2035 5403 2216 5473 cipere
2246 5403 2375 5458 illud
2410 5421 2423 5458 :
2461 5403 2519 5458 Si
2541 5405 2788 5471 possibile
2835 5416 2949 5469 est,
2986 5401 3140 5475 quasi
3173 5401 3418 5471 qitmdam
3459 5401 3601 5458 Deus

2101 5706 2144 5779 (I
2162 5707 2210 5779 ξ)
2238 5704 2398 5779 forte
2423 5708 2623 5763 οὑκὲτι.

2099 5777 2213 5901 (12g
2238 5777 2417 5842 Ferte,
2451 5779 2550 5834 xit;
2575 5779 2746 5849 τούτῳ
2781 5796 2835 5831 π.
2872 5795 2921 5833 τ.
2956 5779 3219 5835 εὐκτικὸν.
3264 5779 3383 5835 Mox
3429 5778 3605 5842 οὕτως

2026 5862 2123 5917 pro
2154 5865 2180 5901 ο
2218 5865 2296 5902 τε.
