3982 6346
329 402 353 458 ί
366 405 467 458 3393

1471 404 2032 462 INTERPRETATIO
2072 405 2138 460 IN
2167 403 2424 464 LUCAM.

3428 409 3564 463 1505

321 521 493 593 δηλοῖ,
524 523 765 578 ἑκούσιον
795 520 932 580 εἶναι
955 528 1014 580 τὸ
1047 527 1232 591 πάθος·
1267 529 1359 582 καὶ
1392 529 1494 592 ἔτι,
1523 529 1599 592 ὡς
1622 527 1754 600 άλλη
1789 529 1886 599 μὲν

2017 543 2048 581 n
2085 528 2170 584 his
2201 530 2459 594 ostendit,
2491 529 2852 584 voluntariam
2885 543 3006 584 esse
3035 528 3344 600 passionem
3376 545 3390 582 :
3428 544 3569 597 pne-

322 615 363 689 ή
396 615 648 688 τιθεμένη
669 617 762 671 καὶ
785 617 1169 691 λαμϐανομένη
1200 621 1366 692 ψυχὴ,
1391 621 1520 692 άλλη
1543 622 1599 675 δὲ
1626 624 1658 692 ἠ
1689 624 1898 676 τιθεῖσα

322 707 421 762 καὶ
463 707 810 778 λαμϐάνουσα
844 707 1052 782 θεότης.
1090 711 1313 781 (Ἄλλην
1345 712 1402 764 δὲ
1441 714 1535 766 καὶ
1561 712 1726 782 ἄλλην
1770 711 1895 782 ἔφη,

321 800 428 856 οὐκ
466 801 545 863 είς
580 799 673 854 δύο
704 803 968 874 πρόσωπα
999 802 1240 876 διαιρῶν,
1269 803 1402 857 ἀλλά
1427 804 1534 858 τῶν
1560 804 1653 857 δύο
1686 804 1899 872 φύσεων

324 893 539 955 δεικνὺς
557 893 618 944 τὸ
644 893 896 965 διάφορον
935 894 1088 964 (16).)
1122 895 1230 947 Καὶ
1254 893 1443 966 ὥσπερ
1485 897 1648 966 σαρκὶ
1679 895 1771 948 τὸν
1805 895 1901 950 θά-

323 1000 485 1041 νατον
525 985 820 1055 ὑπομείνας
848 985 1008 1050 ἑκὼν,
1041 988 1098 1038 ὲν
1126 987 1260 1058 αὐτῇ
1297 987 1396 1058 τὴν
1435 985 1742 1059 ἀφθαρσίαν
1770 985 1900 1055 ἐφύ-

321 1091 537 1139 ⁶τευσεν,
561 1075 702 1129 οὕτω
732 1077 823 1130 καὶ
851 1078 909 1130 τὸ
930 1078 1030 1146 τῆς
1059 1077 1295 1142 δουλείας
1319 1078 1428 1149 (17)
1459 1079 1707 1149 βουλήσει
1734 1095 1900 1149 προσ-

324 1168 602 1239 ηκάμενος
651 1168 840 1233 πάθος,
885 1171 1021 1242 αὐτῇ
1074 1170 1135 1222 τὸ
1160 1169 1356 1241 Θάρσος
1383 1171 1477 1222 καὶ
1516 1169 1610 1240 τὴν
1650 1169 1899 1240 ἀνδρείαν

329 1258 666 1332 ινέσπειρεν,
705 1259 764 1325 ἐξ
802 1257 870 1332 ἦς
895 1262 1024 1325 τοὺς
1058 1261 1410 1326 πιστεύοντας
1445 1264 1524 1324 είς
1567 1261 1730 1314 αὑτὸν
1765 1260 1900 1330 πρὸς

326 1352 456 1414 τοὺς
478 1351 572 1405 τοῦ
600 1353 898 1425 μαρτυρίου
928 1354 1190 1425 μεγάλους
1213 1354 1406 1416 ἄθλους
1427 1352 1692 1423 ένεύρισε.
1718 1352 1900 1426 Ταύτῃ

327 1459 411 1496 τοι
440 1444 536 1498 καὶ
578 1443 804 1516 θρόμϐοι
842 1445 1061 1515 ἱδρῶτος
1101 1443 1262 1498 αὑτοῦ
1306 1441 1622 1515 παραδόξως
1657 1437 1743 1494 οἷα
1775 1459 1901 1495 στα-

327 1531 484 1599 γόνες
519 1533 747 1602 αἵματος
780 1534 1066 1606 ἀπέρρεον,
1117 1534 1205 1587 ἵνα
1243 1534 1340 1604 τῆς
1369 1533 1645 1604 ἡμετέρας
1687 1532 1900 1602 φύσεως

328 1621 518 1695 ὥσπερ
546 1624 858 1698 ἀναξηράνῃ
891 1627 983 1678 καὶ
1017 1623 1256 1694 ὲξοικίσῃ
1293 1622 1391 1694 τὴν
1424 1623 1523 1693 τῆς
1554 1621 1756 1685 δειλίας
1791 1638 1899 1692 πη-

329 1718 451 1788 τῆν’
493 1718 643 1771 Ἐπεὶ
675 1719 721 1769 εί
750 1717 824 1788 μὴ
868 1717 1022 1770 τοῦτο
1052 1713 1119 1788 ἦν
1143 1717 1218 1780 ὡς
1255 1721 1312 1770 ἐν
1353 1717 1634 1788 μυστηρίῳ
1669 1716 1901 1787 πραττό-

333 1827 514 1882 μενον,
531 1811 650 1865 οὐδὲ
681 1814 714 1883 ἡ
742 1813 856 1880 (18)
880 1813 1082 1883 σφόδρα
1097 1811 1396 1874 δειλότατός
1407 1828 1491 1874 τις
1503 1811 1595 1864 καὶ
1611 1809 1901 1879 ἀγενέστα-

329 1921 421 1968 τος
455 1905 720 1976 ὑπῆρχεν,
766 1907 997 1976 αἵματος
1032 1905 1254 1976 ἔμελλεν
1312 1905 1513 1958 νοτίσιν
1559 1903 1618 1968 ἐξ
1663 1903 1901 1972 ἀγωνίας

333 1996 492 2066 μόνον
534 1997 724 2067 ὥσπερ
768 1999 991 2068 ίκμάσιν
1039 1998 1260 2068 ἱδρῶτος
1300 1997 1447 2068 παρά
1493 1996 1655 2066 φύσιν
1709 1995 1901 2067 ὑγραί-

331 2088 541 2143 νεσθαι.

399 2177 649 2233 Τοιοῦτόν
695 2180 811 2232 ἐστι
852 2179 1072 2232 κάκεῖνο
1110 2177 1170 2231 τὸ
1207 2177 1514 2250 εἰρημένον,
1546 2179 1623 2243 ὡς
1670 2177 1899 2247 ἄγγελος

327 2264 397 2341 ἦν
427 2270 784 2342 παρεστηκὼς
810 2269 886 2340 τῷ
912 2271 1146 2342 Σωτῆρι,
1177 2272 1270 2324 καὶ
1289 2271 1552 2342 ἐνισχύων
1575 2273 1762 2326 αὐτόν.
1790 2273 1902 2327 Καὶ

325 2361 488 2415 τοῦτο
510 2361 616 2434 γὰρ
657 2363 755 2433 τῆς
784 2364 912 2434 περὶ
951 2363 1097 2432 ἡμᾶς
1121 2362 1304 2416 ἕνεκεν
1346 2363 1660 2434 οἰκονομίας
1694 2365 1900 2435 ἐπράτ-

327 2467 472 2504 τετο.
487 2452 608 2505 Τῶν
633 2451 740 2524 γὰρ
763 2453 903 2524 ὑπὲρ
934 2452 1212 2516 εὐσεϐείας
1234 2451 1460 2521 ἀγώνων
1481 2455 1534 2525 pi
1564 2453 1743 2506 ἀθλεῖν
1774 2455 1901 2524 μέλ-

329 2541 514 2606 λοντες
547 2543 673 2605 τοὺς
701 2543 877 2613 ίεροὺς
905 2542 1117 2605 ἄθλους,
1151 2541 1414 2610 ἀγγέλους
1438 2543 1496 2611 ἐξ
1533 2543 1760 2615 ούρανοῦ
1786 2548 1904 2598 ἐπι-

331 2633 658 2706 κουροῦντας
684 2635 866 2698 αὐτοῖς
887 2634 1088 2704 έχουσι.
1117 2635 1267 2705 Τάχα
1291 2635 1348 2688 δὲ
1377 2636 1438 2689 τό
1457 2652 1470 2665 ·
1503 2634 1716 2704 Πάτερ,
1755 2651 1904 2704 παρ-

331 2725 536 2794 ένεγκε
579 2724 644 2778 τὸ
689 2722 992 2792 ποτήριον,
1045 2724 1142 2795 οὐχ
1190 2724 1266 2787 ὡς
1312 2723 1496 2789 δεδιὼς
1537 2725 1628 2778 τὸν
1677 2726 1903 2779 θάνατον

331 2815 550 2886 ἔφησεν,
583 2813 696 2868 ἀλλ’
728 2814 814 2867 ἵνα
843 2813 929 2866 διὰ
960 2813 1161 2868 τούτων
1197 2814 1635 2886 προσκαλέσηται
1664 2814 1755 2867 τὸν
1780 2814 1902 2866 διά-

334 2907 488 2961 ϐολον
535 2906 702 2977 πῆξαι
748 2905 896 2976 αὐτῷ
943 2906 1035 2958 τὸν
1081 2908 1328 2979 σταυρόν.
1390 2907 1624 2978 Ῥήμασι
1668 2905 1904 2978 δολεροῖς

332 2999 614 3069 ἠπάτησεν
651 2999 855 3060 ἐκεῖνος
900 2998 996 3065 τὸν
1040 2997 1230 3069 Ἀδάμ’
1277 2999 1484 3069 ῥήμασι
1518 2996 1718 3061 θεῖκοίς
1763 2998 1906 3049 ἀπα-

330 3089 551 3162 τηθητω
581 3092 610 3144 ό
645 3089 875 3162 δολερός.
912 3089 1049 3142 Ἀλλ’
1076 3090 1195 3143 οὐδὲ
1227 3089 1355 3144 ἄλλο
1386 3090 1596 3161 θέλημα
1626 3089 1718 3144 τοῦ
1750 3089 1902 3155 Υἱοῦ,

333 3183 428 3237 καὶ
449 3182 577 3238 ἀλλο
597 3183 688 3236 τοῦ
721 3183 952 3256 Πατρός.
991 3183 1048 3235 ὐ
1073 3183 1181 3252 γὰρ
1207 3182 1374 3236 θέλων
1405 3183 1434 3236 ὅ
1467 3182 1614 3236 θέλει
1639 3183 1668 3234 ό
1696 3182 1902 3253 Πατὴρ,

332 3273 646 3347 εὑρίσκεται
693 3239 938 3346 έχωνιτδ
982 3239 1194 3345 θέλημα
1233 3274 1327 3328 τοῦ
1377 3275 1608 3346 Πατρός.
1660 3239 1906 3344 Σχήμάτι
1933 3239 1975 3296 C

334 3362 426 3420 οὖν
457 3365 628 3435 λέγει,
648 3365 735 3436 μὴ
765 3366 832 3420 τὸ
863 3365 1028 3436 ἐμὸν,
1063 3367 1224 3420 ἀλλὰ
1249 3366 1316 3419 τὸ
1347 3367 1484 3420 σόν.
1518 3367 1592 3419 Ού
1619 3365 1730 3436 γὰρ
1763 3364 1907 3418 θέλει

332 3460 468 3514 αὐτὸ
499 3459 918 3531 παρενεχθῆναι,
953 3459 1088 3513 ἀλλὰ
1119 3459 1194 3530 τῷ
1235 3457 1534 3530 βουλήματι
1563 3457 1658 3511 τοῦ
1697 3457 1909 3527 Πατρὸς

333 3553 648 3623 ἀναπέμπει
689 3553 750 3605 τὸ
777 3553 841 3605 ὲκ
872 3552 966 3606 τοῦ
997 3552 1203 3615 πάθους
1243 3551 1596 3623 κατόρθωμα,
1631 3549 1707 3614 ὡς
1735 3550 1908 3622 ἀρχὴν

334 3645 512 3716 τιμῶν
543 3644 633 3698 τὸν
660 3644 898 3716 Πατέρα.
929 3645 990 3697 Ei
1025 3643 1134 3716 γὰρ
1168 3643 1394 3715 γνώμην
1425 3643 1523 3715 τὴν
1554 3643 1788 3697 διάθεσιν
1813 3660 1908 3695 κα-

336 3735 520 3789 λοῦσιν
545 3735 591 3787 οί
627 3734 868 3805 Πατέρες
887 3751 900 3764 ⁸
926 3735 1131 3802 γίνεται
1163 3733 1219 3786 δὲ
1249 3733 1487 3796 διάθεσις
1523 3731 1657 3804 πρὸς
1684 3731 1746 3784 τὸ
1777 3749 1909 3803 κρυ-

337 3827 431 3881 ϐὲν
473 3827 757 3898 ἐμφρόνως
800 3826 876 3889 ὼς
926 3825 1034 3879 ἀπὸ
1076 3826 1173 3896 τῆς
1226 3824 1586 3896 βουλεύσεωςο
1625 3823 1742 3888 πῶς
1779 3823 1909 3892 φασί

336 3936 483 3982 τινες
505 3921 594 3973 τὸν
621 3918 843 3991 Κύριον,
878 3917 966 3971 τὸν
988 3917 1128 3988 ὑπὲρ
1151 3917 1326 3971 ταῦτα
1353 3919 1550 3982 πάντα,
1583 3915 1794 3987 θέλημα
1816 3917 1910 3986 φέ-

343 4029 457 4089 ρειν
482 4014 785 4084 γνωμικόν;
815 4011 847 4082 ἢ
873 4011 1050 4082 δῆλον,
1086 4009 1144 4076 ἐξ
1176 4011 1418 4080 ἀλογίας.

408 4107 558 4176 Στιχ.
609 4111 710 4177 με’.
746 4103 855 4158 Καί
905 4104 1175 4170 ἀναστὰς
1221 4104 1340 4158 ἀπὸ
1387 4102 1498 4172 τῆς
1543 4101 1908 4172 προσευχῆς,

340 4199 534 4255 ἐλθὼν
559 4197 710 4268 πρὸς
742 4196 881 4264 τοὺς
919 4196 1208 4266 μαθητὰς,
1244 4193 1423 4266 εὗρεν
1449 4196 1670 4264 αὐτοὺς
1697 4213 1908 4265 κοιμω-

333 4291 558 4362 μένους
583 4290 701 4345 ἀπὸ
728 4289 838 4357 τῆς
873 4289 1095 4354 λύπης.

412 4384 562 4454 Στιχ.
618 4390 732 4454 μς.
781 4382 891 4436 Καὶ
941 4377 1111 4434 εἶπεν
1156 4379 1360 4446 αὐτοῖς
1379 4399 1392 4412 ο
1444 4381 1507 4434 Τί
1557 4379 1911 4442 καθεύδετες

336 4471 712 4538 ἀναστάντες
751 4472 1184 4540 προσεύχεσθε,
1219 4470 1320 4522 ἵνα
1342 4468 1428 4538 μὴ
1464 4469 1776 4537 εἰσέλθητε
1823 4472 1911 4534 εις

337 4565 692 4634 πειρασμόν.

2000 629 2168 686 terea,
2205 623 2350 692 quod
2378 623 2484 677 alia
2509 624 2726 692 quidem
2763 623 2830 678 sit
2859 625 3033 692 posita
3049 631 3101 677 et
3117 633 3333 691 sumpta
3364 623 3566 685 anima,

1998 713 2104 767 alia
2135 729 2262 768 vero
2284 730 2490 784 ponens
2525 725 2577 768 et
2605 730 2826 769 sumens
2851 714 3126 768 divinitas.
3162 713 3374 786 (Aliam
3407 722 3569 784 atque

1999 806 2160 859 aliam
2193 807 2349 872 dixit,
2401 821 2508 860 non
2541 807 2595 860 in
2619 807 2756 861 duas
2781 821 3043 876 personas
3066 805 3382 875 dispescens
3405 847 3420 871 ,
3475 805 3568 859 sed

1999 899 2230 954 duarum
2259 907 2574 952 naturarum
2610 899 2855 953 indicans
2885 897 3228 966 discrimen.)
3272 897 3338 951 Et
3380 912 3571 966 quem-

2001 989 2290 1044 admodum
2315 1004 2479 1044 carne
2511 998 2742 1042 mortem
2775 998 2966 1058 sponte
3003 989 3278 1044 sustinens
3299 1030 3313 1055 ,
3350 990 3403 1042 in
3455 990 3568 1058 ipsa

2001 1078 2565 1148 incnrruptibilitatem
2612 1079 2917 1148 plantavit:
2966 1080 3045 1136 sic
3075 1080 3240 1134 etiam
3293 1080 3571 1133 voluntate

2001 1167 2213 1222 timoris
2242 1167 2584 1236 tristitiaeque
2615 1169 2928 1237 passionem
2956 1169 3245 1224 admittens
3276 1209 3291 1230 .
3323 1184 3417 1238 per
3448 1185 3566 1222 eam

2001 1259 2197 1313 insevit
2216 1259 2574 1312 constantiam
2602 1257 3079 1328 fortitudinemque
3103 1301 3120 1328 ,
3162 1277 3266 1330 qua
3292 1263 3571 1315 credentes

2000 1351 2056 1404 in
2080 1350 2280 1419 ipsum,
2308 1350 2373 1404 ad
2403 1350 2646 1420 martyrii
2695 1366 2890 1419 magna
2919 1351 3211 1405 certamina
3249 1353 3572 1406 corrobora-

2001 1443 2096 1496 vit.
2121 1440 2409 1511 Propterea
2439 1441 2602 1494 etiam
2637 1441 2872 1508 grummi
2913 1443 3128 1496 sudoris
3180 1443 3298 1510 ejus
3342 1452 3569 1510 stupen-

2001 1533 2130 1586 dum
2164 1531 2218 1585 in
2243 1532 2466 1585 modum
2501 1533 2657 1600 quasi
2690 1541 2854 1601 gutta:
2904 1535 3188 1604 sanguinis
3233 1534 3568 1600 defluebant,

2002 1631 2062 1677 ut
2095 1633 2294 1677 nostra;
2332 1631 2538 1676 natura:
2569 1624 2973 1691 quodammodo
2999 1623 3360 1679 arefaceretet
3391 1634 3574 1678 extru—

2001 1714 2149 1768 deret
2177 1713 2405 1784 ignavia:
2433 1712 2657 1770 fontem.
2683 1712 2814 1767 Nam
2853 1715 2899 1769 si
2932 1715 3035 1769 hoc
3071 1724 3327 1785 tanquam
3373 1727 3570 1787 myste-

2004 1803 2084 1856 rio
2108 1801 2310 1857 factum
2344 1819 2452 1857 non
2484 1803 2713 1869 fuisset;
2744 1820 2808 1858 ne
2839 1805 2883 1859 si
2921 1805 3138 1874 quidem
3186 1806 3573 1875 ignavissimus

2009 1895 2631 1965 meticulosissimusque
2678 1894 2911 1961 fuisset,
2970 1896 3249 1966 sanguinis
3295 1896 3454 1951 stillis
3507 1913 3574 1950 ex

2007 1987 2202 2057 agonia
2233 1987 2496 2041 duntaxat
2525 2026 2540 2053 ,
2594 1997 2849 2056 tanquam
2880 1989 3045 2056 guttis
3076 1989 3292 2044 sudoris
3318 2028 3333 2053 ,
3383 1997 3575 2044 contra

2007 2086 2256 2132 naturam
2291 2076 2697 2147 perfundendus
2728 2076 2941 2132 luisset.

2079 2167 2208 2224 Tale
2234 2178 2316 2224 est
2343 2179 2396 2223 et
2423 2169 2552 2222 illud
2581 2169 2729 2238 quod
2757 2169 2989 2235 dicitur,
3033 2170 3159 2240 quia
3190 2171 3415 2240 angelus
3445 2173 3578 2226 asti-

2009 2269 2148 2316 terat
2195 2257 2463 2314 Salvatori
2489 2301 2504 2324 ,
2551 2269 2606 2313 et
2646 2259 2988 2314 confortabat
3032 2277 3179 2316 eum.
3218 2261 3390 2316 Etiam
3432 2264 3574 2318 istud

2008 2353 2152 2408 enim
2185 2352 2610 2422 dispensationis
2641 2364 2839 2408 nostra:
2872 2353 3042 2423 gratia
3083 2355 3266 2408 fiebat.
3301 2354 3402 2420 Qui
3430 2357 3574 2410 enim

2009 2460 2108 2514 pro
2139 2445 2399 2515 religione
2427 2445 2661 2500 subituri
2697 2453 2827 2499 sunt
2853 2447 3011 2515 quasi
3027 2461 3182 2500 sacra
3212 2462 3444 2516 agonum
3460 2464 3578 2502 cer-

2010 2537 2235 2603 tamina,
2265 2535 2484 2608 angelos
2517 2537 2716 2591 habent
2745 2537 2810 2591 de
2830 2537 2968 2592 coelo
2992 2553 3146 2608 opem
3167 2537 3402 2594 ferentes
3421 2539 3575 2609 ipsis.

2010 2626 2188 2684 Facile
2214 2629 2377 2683 etiam
2404 2629 2532 2683 illud
2565 2647 2578 2684 :
2613 2628 2808 2694 Pater,
2841 2632 3072 2700 transfer
3111 2633 3325 2685 calicem
3355 2634 3399 2664 ¹⁹
3419 2673 3433 2697 ,
3466 2647 3575 2686 non

2009 2729 2267 2791 tanquam
2302 2730 2549 2776 metuens
2575 2730 2803 2776 mortem
2829 2722 2982 2787 dixit,
3007 2723 3100 2777 sed
3123 2733 3180 2776 ut
3202 2739 3295 2791 per
3315 2724 3428 2777 haec
3450 2740 3576 2794 pro-

2010 2822 2230 2868 vocaret
2259 2814 2574 2878 diabolum,
2605 2825 2665 2868 ut
2706 2815 2890 2884 ﬁgeret
2942 2814 3047 2870 sibi
3086 2830 3323 2870 crucem.
3387 2815 3576 2871 Verbis

2009 2905 2215 2961 dolosis
2243 2903 2431 2966 fefellit
2460 2906 2550 2962 ille
2575 2907 2748 2960 Adam
2783 2925 2796 2960 :
2835 2907 3016 2962 verbis
3051 2907 3249 2963 divinis
3278 2908 3578 2978 decipiatur

2010 2995 2406 3052 fraudulentus.
2438 2997 2544 3052 Sed
2565 3013 2673 3051 non
2703 3007 2786 3052 est
2814 3000 2917 3054 alia
2938 3000 3191 3055 voluntas
3221 2998 3366 3065 Filii,
3391 3011 3444 3056 et
3471 3002 3576 3058 alia

2011 3087 2209 3144 Patris.
2236 3087 2342 3155 Qui
2375 3089 2521 3144 enim
2573 3089 2691 3142 vttlt
2736 3091 2879 3159 quod
2911 3091 3025 3145 vult
3057 3090 3218 3146 Pater
3241 3133 3257 3156 ,
3307 3091 3578 3146 invenitur

2014 3183 2213 3236 habere
2241 3183 2572 3236 voluntatem
2606 3181 2800 3237 Patris.
2828 3181 2930 3237 Per
2954 3184 3176 3252 figuram
3207 3184 3370 3255 igitur
3411 3185 3577 3252 dicit,

2010 3289 2112 3327 non
2143 3289 2278 3336 mea,
2304 3272 2393 3326 sed
2431 3283 2558 3337 tua;
2597 3289 2704 3327 non
2729 3275 2873 3328 enim
2893 3275 3006 3328 vult
3022 3275 3244 3330 calicem
3269 3275 3574 3344 transferri,

2010 3366 2104 3421 sed
2130 3365 2394 3420 voluntati
2428 3364 2604 3419 Patris
2634 3365 2805 3420 defert
2847 3366 3142 3435 perfectum
3170 3369 3440 3437 passionis
3490 3368 3580 3422 of-

2008 3457 2213 3524 ﬁcium,
2247 3465 2508 3526 tanquam
2564 3456 2888 3525 principium
2937 3456 3152 3512 Patrem
3184 3460 3477 3514 honorans.
3518 3461 3577 3516 Si

2007 3545 2154 3600 enim
2185 3543 2507 3598 sententiam
2549 3553 2746 3598 vocant
2777 3544 2965 3600 Patres
3001 3546 3167 3599 animi
3191 3547 3528 3603 affectionem
3558 3589 3577 3614 ,

2009 3640 2275 3711 contingit
2305 3655 2433 3694 vero
2467 3637 2680 3694 affectio
2706 3641 2773 3694 ad
2807 3641 2858 3696 id
2881 3641 3025 3711 quod
3048 3641 3318 3694 occultum
3349 3649 3431 3694 est
3455 3658 3579 3709 pru-

2008 3732 2198 3788 denter
2233 3741 2490 3803 tanquam
2535 3747 2566 3785 a
2600 3733 2830 3787 consilio
2859 3751 2872 3787 :
2927 3734 3202 3803 quomodo
3231 3733 3421 3786 dicunt
3453 3735 3576 3802 qui-

2009 3825 2134 3880 dam
2168 3823 2458 3879 Dominum
2485 3825 2578 3894 qui
2612 3840 2776 3895 super
2797 3825 2912 3879 haec
2951 3824 3133 3878 omnia
3160 3835 3243 3879 est
3271 3865 3286 3890 ,
3328 3827 3581 3878 volunta-

2011 3927 2117 3974 tem
2150 3915 2292 3972 ferre
2314 3918 2703 3973 sententiosum
2727 3919 2750 3972 ?
2770 3917 2946 3980 Certe,
2965 3928 3024 3972 ut
3049 3927 3215 3988 patet,
3251 3934 3317 3973 ex
3350 3919 3580 3973 rationis

2009 4008 2244 4066 defectu.

2080 4101 2145 4158 V.
2177 4103 2265 4158 45.
2297 4101 2367 4157 Et
2398 4119 2612 4172 surgens
2646 4103 2710 4156 ab
2745 4101 3006 4165 oratione,
3043 4103 3248 4156 veniens
3295 4102 3364 4155 ad
3413 4100 3576 4155 disci-

2009 4192 2180 4260 pulos,
2213 4193 2406 4246 invenit
2431 4208 2517 4246 eos
2545 4192 2860 4245 dormientes
2894 4207 2926 4243 α
2949 4191 3193 4244 tristitia.

2081 4367 2148 4424 ν.
2185 4370 2274 4426 46.
2314 4369 2382 4424 Et
2433 4369 2568 4424 dixit
2604 4371 2720 4423 eis:
2779 4368 2921 4433 Quid
2975 4368 3260 4423 dormitis?
3307 4377 3576 4437 surgentes

2009 4475 2176 4530 orate,
2213 4471 2269 4516 ut
2301 4479 2403 4517 non
2434 4462 2640 4515 intretis
2677 4462 2732 4514 in
2771 4462 3130 4514 tentationem.

408 4609 517 4710 Ιῖαὶ
555 4609 666 4727 γάρ
697 4654 975 4720 ἀδύνατον,
1014 4655 1246 4726 μάλιστα
1294 4653 1393 4724 μὲν
1436 4654 1564 4716 ἴσως
1605 4653 1766 4706 παντὶ
1809 4654 1902 4705 ἀν-

2078 4636 2417 4707 lmpossibile
2446 4635 2592 4691 enim
2636 4645 2752 4699 est,
2805 4635 3106 4704 praesertim
3156 4633 3389 4688 fortasse
3429 4634 3578 4686 υιηιιί

337 4747 559 4822 Optima).
586 4749 647 4800 τὸ
679 4746 956 4808 παντελῶς
978 4746 1236 4814 ἄγευστον
1255 4744 1492 4814 χαλεποῦ
1516 4762 1658 4809 τινος
1685 4744 1900 4815 διαμεῖ-

338 4857 428 4895 ναι
447 4858 461 4872 ο
507 4841 691 4904 Ὅλος
723 4839 852 4909 γὰρ,
888 4838 1073 4907 φησὶν,
1119 4840 1151 4890 d
1198 4838 1426 4904 κόσμος
1457 4835 1526 4888 ἐν
1557 4835 1636 4900 τῷ
1668 4833 1908 4901 πονηρῷ

340 4930 550 4987 κεῖται·
585 4931 698 4984 καί·
731 4929 801 4983 Τὸ
828 4927 1018 4982 πλέον
1037 4925 1154 4980 τῶν
1184 4925 1421 4995 ἡμερῶν
1442 4926 1547 4979 τοῦ
1571 4923 1904 4992 ἀνθρώπου,

339 5025 526 5089 κόπος
545 5023 640 5076 καί
672 5023 875 5086 πόνος.
917 5019 1075 5073 Ἀλλά
1093 5020 1142 5072 τί
1160 5020 1480 5090 διενήνοχεν,
1509 5020 1634 5080 ἴσως
1664 5019 1825 5087 ἐρεῖς,
1849 5017 1910 5069 τὸ

339 5113 664 5186 πειραθῆναι
690 5112 784 5164 καὶ
796 5112 858 5164 τὸ
877 5113 957 5174 είς
973 5111 1272 5182 πειρασμὸν
1293 5112 1568 5181 ἐμπεσεῖν,
1601 5109 1717 5178 ήτοι
1737 5108 1908 5161 είσελ-

341 5204 493 5270 θεῖν;
537 5207 596 5258 '0
628 5205 726 5276 μὲν
759 5205 866 5276 γάρ
896 5203 1150 5275 ἡττηθεὶς
1183 5203 1287 5256 ὑπὸ
1330 5202 1421 5256 τοῦ
1450 5199 1704 5272 πονηροῦ·
1739 5203 1906 5273 ἡττη-

341 5298 563 5368 θήσεται
586 5298 642 5351 δὲ
669 5297 827 5368 εἴπερ
872 5296 944 5367 μὴ
972 5294 1310 5364 ἀγωνίζοιτο,
1347 5292 1708 5366 ύπερασπίζει
1729 5294 1785 5347 δὲ
1809 5293 1906 5347 αύ-

337 5390 432 5444 τοῦ
469 5391 562 5444 καὶ
590 5392 618 5443 ό
649 5389 799 5453 Θεός·
831 5391 909 5452 είς
939 5389 1240 5459 πειρασμὸν
1268 5386 1503 5456 εἰσῆλθε,
1539 5389 1632 5440 καὶ
1671 5386 1816 5438 ἐστιν
1847 5387 1904 5438 ἐν

337 5480 509 5552 αὐτῷ,
541 5480 632 5534 καὶ
661 5481 750 5533 ὑπ’
791 5479 972 5543 αὐτὸν,
1007 5476 1195 5547 ὥσπερ
1228 5478 1413 5547 ἀχθεὶς
1439 5478 1801 5548 αἰχμάλωτος.
1843 5475 1902 5528 ὐ

2013 4731 2252 4795 homini,
2295 4746 2514 4784 manere
2571 4745 2796 4798 prorsus
2849 4729 3186 4797 inexpertum
3223 4729 3298 4780 rei
3348 4728 3581 4795 alicujus

2012 4823 2366 4880 molestioris.
2393 4821 2554 4877 Totus
2583 4823 2753 4886 enim,
2779 4821 2874 4886 ait,
2901 4820 3125 4873 mundus
3156 4821 3211 4872 in
3242 4819 3471 4889 maligno
3491 4836 3581 4887 po-

2012 4917 2146 4970 situs
2174 4924 2252 4970 est
2284 4915 2330 4947 ⁸⁰
2363 4933 2378 4982 ;
2415 4923 2508 4970 et:
2544 4913 2682 4968 Pars
2713 4913 2948 4966 maxima
2988 4912 3191 4965 dierum
3222 4913 3448 4966 hominis
3497 4913 3572 4965 la-

2015 5009 2110 5060 bor
2129 5016 2177 5060 et
2203 5005 2444 5059 molestia
2469 5005 2535 5058 ³¹.
2567 5004 2636 5056 At
2671 5003 2821 5057 dices
2852 5001 3105 5066 fortasse,
3145 5000 3284 5068 Quid
3327 5002 3581 5056 differunt

2010 5099 2229 5162 tentari,
2263 5107 2318 5153 et
2339 5099 2395 5152 in
2422 5097 2776 5152 tentationem
2811 5094 3048 5148 incidere
3077 5095 3162 5150 vel
3193 5093 3444 5163 ingredi?
3474 5092 3579 5158 Qui

2012 5193 2187 5247 victus
2209 5200 2292 5246 est
2318 5207 2348 5245 a
2375 5190 2654 5257 maligno;
2690 5189 2940 5242 vincetur
2985 5197 3165 5242 autem
3195 5225 3211 5249 ,
3247 5184 3292 5238 si
3335 5199 3440 5236 non
3481 5199 3581 5253 pu-

2012 5295 2157 5355 gnet,
2183 5294 2237 5340 et
2257 5291 2500 5353 protegat
2527 5295 2652 5334 eum
2686 5277 2866 5340 Deus;
2904 5279 2950 5334 is
3002 5280 3056 5332 in
3110 5274 3462 5330 tentationem
3501 5275 3580 5328 itt-

2011 5377 2160 5441 cidit,
2186 5386 2238 5430 et
2268 5376 2323 5428 in
2356 5375 2706 5430 tentationem
2741 5373 2984 5438 intravit,
3018 5377 3073 5424 et
3101 5376 3182 5422 est
3205 5367 3258 5420 in
3281 5381 3364 5429 ea,
3399 5373 3452 5419 et
3477 5365 3578 5420 sub

2011 5467 2152 5539 ipsa,
2177 5476 2433 5536 tanquam
2474 5465 2673 5520 ductus
2705 5464 2968 5535 captivus.
3019 5461 3088 5513 At
3123 5456 3216 5528 qtti
3275 5455 3482 5512 resistit
3521 5463 3578 5509 et

419 5642 464 5672 ”
489 5639 657 5695 Marc.
695 5640 930 5708 xw,36.
1000 5641 1046 5672 ³ο
1079 5640 1354 5702 lJoan.v,
1390 5642 1467 5695 l9.
1547 5642 1586 5672 ³³
1634 5639 1836 5694 Psalm.
1890 5653 2122 5702 uxnx,
2176 5633 2264 5689 10.

411 5777 525 5844 (l6)
559 5775 690 5842 Qua
720 5786 735 5847 (
778 5780 796 5848 )
830 5778 1174 5846 inclusimus,
1203 5779 1364 5833 verba
1402 5779 1673 5836 habentur
1716 5793 1903 5837 aucto-

341 5849 414 5904 ris
445 5849 680 5904 Catena).

2083 5779 2129 5850 (Ι
2145 5777 2194 5850 7)
2221 5775 2380 5832 Forte
2417 5772 2638 5838 δειλίας.

2083 5849 2193 5921 (l8)
2236 5851 2318 5902 ει.

2659 5946 2710 5962 αι.
