3982 6346
486 385 509 443 Ι
523 385 629 447 Ξὲὂδ

1397 383 1752 456 ῖΑῡῡΕΝῡΑ.
1792 415 1861 425 —
1895 381 1953 437 S.
1995 376 2295 436 DIONYSII
2335 373 2802 434 ALEXANDRlNl

3607 373 3628 425 l
3643 372 3734 428 3'96

485 508 739 576 sustinet,
773 466 1012 565 tebtatur
1039 507 1129 564 ille
1160 506 1379 578 quidem
1403 546 1419 572 ,
1452 522 1562 562 non
1590 517 1769 563 tamen
1799 507 1854 561 in
1884 514 2062 561 tenta-

2173 502 2217 555 Ξὲ
2257 500 2525 572 ἀντισχὼν
2563 500 2659 554 καὶ
2689 495 3009 569 ὑπομείνας,
3042 495 3296 569 πειρᾶται
3330 494 3430 567 μὲν
3462 486 3642 559 οὗτος,
3678 493 3736 547 οὔ

486 599 687 655 tionem
713 600 937 655 intravit
964 600 1050 656 vel
1080 599 1290 656 incidit.
1325 598 1580 655 Elevatus
1618 608 1705 655 est
1731 598 1876 654 enim
1898 596 2059 654 Iesus

486 705 517 746 a
544 690 772 762 spiritu,
804 706 915 747 non
940 701 1006 747 ut
1053 692 1109 746 in
1162 692 1515 747 tentationem
1565 691 1830 758 intraret,
1871 689 1967 746 sed
2000 697 2059 742 ut

398 792 405 799 ’
486 792 776 838 tentaretur
803 800 837 837 a
861 783 1074 839 diabolo
1105 785 1171 838 ⁸¹.
1194 781 1306 840 Nec
1332 783 1607 839 Abraham
1633 783 1688 837 in
1705 782 2059 839 tentationem

488 875 736 941 intravit,
753 876 847 930 sed
870 891 1048 947 neque
1064 876 1118 930 in
1142 876 1493 932 tentationem
1516 875 1729 930 induxit
1750 889 1873 929 eum
1894 874 2056 941 Deus,

487 964 578 1018 sed
596 965 857 1033 tentavit;
889 980 997 1021 non
1022 965 1237 1036 impulit
1255 980 1436 1022 autem
1462 981 1589 1022 eum
1605 967 1660 1020 in
1678 965 2057 1021 tentationem.

487 1049 631 1121 Quin
662 1063 717 1110 et
745 1053 1012 1110 Dominus
1038 1054 1153 1125 ipse
1182 1056 1422 1111 tentabat
1445 1055 1763 1126 discipulos.
1783 1052 2077 1124 'Malignus,

488 1155 730 1210 tentans.
762 1147 818 1203 in
845 1148 1171 1204 tentationes
1195 1149 1438 1215 attrahit,
1466 1147 1665 1219 quippe
1680 1156 1915 1203 tentator
1938 1161 2057 1202 ma-

487 1239 685 1294 lorum.
711 1238 854 1296 Deus
874 1254 1005 1295 vero
1036 1248 1276 1304 tentans,
1312 1240 1644 1296 tentationes
1678 1238 1839 1295 aﬂ’ert
1877 1247 1938 1292 ut
1968 1236 2057 1291 in-

487 1332 764 1389 tentabilis
790 1332 1080 1388 malorum.
1114 1332 1255 1386 Deus
1283 1333 1452 1397 enim,
1490 1333 1701 1403 inquit,
1731 1328 2061 1386 intentabilis

486 1434 566 1481 est
598 1426 859 1480 malorum
893 1427 959 1480 ⁸³.
986 1426 1246 1484 Diabolus
1272 1427 1328 1482 in
1361 1427 1638 1482 interitum
1687 1425 1910 1481 trahens
1946 1424 2057 1478 vim

489 1517 713 1574 adhibet
740 1537 754 1573 :
786 1527 843 1573 at
873 1517 1017 1574 Deus
1050 1519 1104 1574 in
1129 1519 1307 1575 salute
1335 1532 1595 1575 exercens
1625 1515 1969 1572 manuducit.

562 1779 625 1832 V.
652 1781 741 1836 47.
777 1782 961 1837 Adhuc
986 1800 1046 1838 eo
1074 1784 1314 1854 loquente
1335 1824 1350 1849 ,
1379 1799 1494 1838 ecce
1524 1784 1703 1846 turba,
1730 1793 1781 1838 et
1829 1785 1920 1855 qui
1976 1784 2063 1838 di-

488 1875 707 1930 cebatur
726 1873 921 1941 ludas,
946 1893 1080 1931 unus
1108 1877 1172 1931 de
1197 1876 1500 1943 duodecim,
1531 1877 1749 1933 accessit
1779 1877 1848 1931 ad
1874 1893 1982 1941 eos,
2011 1887 2062 1932 et
2095 1861 2137 1917 Β

488 1966 922 2036 appropinquavit
945 1965 1096 2031 Jesu,
1116 1966 1368 2038 osculans
1395 1983 1533 2026 eum.

562 2142 624 2200 ν.
649 2144 739 2202 48.
766 2143 925 2200 Iesus
954 2160 1074 2199 uero
1099 2145 1175 2198 ait
1223 2144 1347 2199 illi:
1394 2143 1543 2198 Iuda
1564 2185 1580 2212 ,
1632 2144 1813 2199 osculo
1860 2143 1908 2198 F
1911 2143 2063 2199 ilium

488 2238 716 2292 hominis
746 2238 915 2292 tradis
939 2237 965 2291 ?

559 2328 605 2385 Ο
654 2329 997 2384 tolerantiam
1041 2328 1277 2393 Domini,
1306 2328 1400 2400 qui
1433 2340 1489 2383 et
1513 2328 1795 2384 osculatus
1822 2336 1906 2385 est
1933 2342 2064 2399 pro-

488 2423 742 2488 ditorem,
765 2432 815 2477 et
844 2422 1034 2477 osculo
1054 2422 1275 2477 meliora
1302 2422 1525 2492 protulit
1543 2421 1740 2476 verba!
1774 2419 1892 2477 Non
1915 2420 2061 2476 enim

487 2513 621 2570 dixit
653 2532 668 2569 :
698 2513 742 2569 Ο
762 2513 1008 2577 sceleste,
1034 2523 1089 2569 et
1111 2514 1515 2579 scelestissime,
1539 2523 1593 2569 ct
1620 2513 1863 2583 proditor
1889 2514 1904 2567 !
1938 2514 2065 2567 has-

488 2607 612 2662 cine
649 2607 809 2664 nobis
842 2606 989 2663 vices
1026 2606 1277 2676 rependis
1299 2607 1431 2662 tanti
1464 2607 1756 2663 beneficii?
1792 2605 1897 2662 Sed
1926 2621 2067 2676 quo-

489 2699 654 2754 modo
680 2699 803 2754 ait?
831 2698 864 2752 J
874 2699 1001 2765 uda,
1027 2699 1306 2769 proprium
1335 2715 1532 2755 nomen
1566 2714 1839 2769 usurpans
1863 2739 1879 2764 ,
1918 2699 2066 2769 quod

488 2792 804 2850 miserantis
831 2803 950 2849 erat
975 2793 1157 2863 potius
1179 2805 1233 2848 et
1262 2793 1593 2856 revocantis,
1615 2807 1778 2862 quam
1832 2806 2063 2847 succen-

487 2887 678 2944 sentis.
706 2885 772 2940 Et
805 2902 915 2941 non
940 2885 1078 2941 dixit
1107 2903 1121 2939 :
1158 2884 1477 2955 Magistrum
1504 2893 1658 2938 tuum
1684 2925 1699 2945 ,
1730 2882 2019 2937 Dominum
2045 2924 2063 2950 ,

487 2976 574 3035 bet
597 2977 913 3045 el‘actorem,
950 2977 1068 3037 sed.
1102 2976 1302 3031 Filium
1329 2976 1568 3031 hominis
1594 3016 1610 3041 ,
1656 2976 1707 3030 id
1738 2984 1825 3033 est
1848 3015 1864 3041 ,
1908 2988 2065 3028 man-

489 3082 731 3139 suetum,
760 3072 942 3127 mitem
968 3089 983 3125 :
1010 3071 1057 3126 si
1077 3070 1225 3126 enim
1260 3068 1522 3138 magister
1551 3082 1658 3122 non
1690 3066 1939 3132 fuissem,
1964 3082 2066 3123 nec

489 3161 776 3227 Dominus,
812 3178 913 3218 nec
952 3161 1305 3226 benefactor;
1343 3160 1617 3215 hominem
1663 3169 1771 3216 tam
1813 3162 2059 3225 sincere,

2163 593 2271 666 μὴν
2301 595 2382 658 εἰς
2409 591 2716 666 πειρασμὸν
2738 589 3009 661 εἰσῆλθεν,
3032 590 3151 660 ἦτοι
3184 587 3467 641 ἐνέπεσεν.
3505 585 3738 657 ’Δνήχθη

2160 684 2266 755 7&9
2292 682 2565 757 6117006;
2586 681 2691 736 ὑπὸ
2716 680 2810 735 τοῦ
2841 679 3170 751 πνεύματος,
3195 680 3296 733 οὐκ
3326 680 3408 743 εις
3440 675 3738 749 πειρασμὸν

2160 776 2442 842 εἰσελθεῖν,
2471 774 2606 830 ἀλλὰ
2633 771 2984 843 πειραθῆναι
3015 772 3131 827 ὑπὸ
3164 772 3271 826 τοῦ
3296 770 3607 826 διαϐόλου.
3632 769 3741 823 Καὶ

2158 868 2188 920 6
2235 866 2487 940 Ἀϐραὰμ
2522 866 2624 920 οὐκ
2647 866 2731 929 εἰς
2751 861 3058 935 πειρασμὸν
3083 860 3349 933 εἰσῆλθεν,
3378 860 3495 914 ἀλλ’
3517 858 3643 914 οὐδὲ
3663 861 3740 921 si;

2161 958 2468 1031 πειρασμὸν
2499 956 2665 1012 αὐτὸν
2701 952 2839 1027 ἦγεν
2880 957 2910 1009 6
2938 954 3092 1018 Θεὸς,
3120 953 3253 1008 ἀλλὰ
3285 952 3600 1026 ἐπείραζεν*
3642 952 3743 1007 οὐκ

2160 1048 2381 1104 ἐνέϐαλε
2405 1047 2463 1102 δὲ
2494 1048 2656 1101 αὑτὸν
2689 1049 2772 1119 εἰς
2805 1043 3132 1117 πειρασμόν.
3160 1043 3271 1096 Καὶ
3292 1042 3457 1106 αὐτὸς
3483 1041 3543 1096 δὲ
3565 1045 3596 1097 6
3626 1041 3739 1096 Κύ-

2165 1157 2277 1213 ριος
2321 1139 2582 1211 ὲπείραζε
2611 1138 2738 1203 τοὺς
2783 1135 3051 1209 μαθητάς.
3108 1135 3165 1189 '0
3210 1136 3309 1206 μὲν
3351 1134 3465 1206 7&9
3510 1133 3741 1207 πονηρδς

2162 1231 2437 1304 πειράζων
2468 1231 2550 1295 εἰς
2574 1229 2697 1294 τοὺς
2733 1227 3073 1301 πειρασμοὺς
3105 1226 3379 1289 καθέλκει,
3416 1221 3509 1280 οἷα
3547 1243 3743 1298 πειρα-

2163 1323 2296 1396 στὴς
2323 1321 2535 1378 κακῶν.
2583 1322 2646 1375 Ὀ
2678 1321 2737 1375 δὲ
2769 1321 2904 1386 Θεὸς
2944 1319 3219 1392 πειράζων
3244 1322 3369 1384 τοὺς
3404 1321 3744 1391 πειρασμοὺς

2164 1416 2473 1489 περιφέρει,
2489 1414 2566 1480 ὡς
2580 1414 2909 1487 ἀπείραστος
2929 1412 3133 1467 κακῶν.
3167 1413 3233 1466 Ὃ
3248 1412 3358 1484 7&9
3374 1412 3543 1479 Θεὸς,
3557 1412 3742 1483 φησὶν,

2164 1509 2529 1578 ἀπείραστός
2569 1507 2704 1563 ἐστι
2743 1503 2962 1560 κακῶν.
3004 1505 3063 1558 Ὁ
3094 1506 3191 1577 μὲν
3232 1505 3345 1575 γάρ
3383 1504 3630 1568 διάϐολος
3658 1506 3746 1557 ἐπ’

2162 1600 2384 1673 ὄλεθρον
2411 1600 2591 1655 ἕλκων
2616 1599 2886 1671 βιάζεται,
2910 1599 2940 1650 6
2966 1596 3024 1650 δὲ
3051 1596 3186 1661 Θεὸς
3209 1598 3302 1650 ἐπὶ
3337 1596 3615 1667 σωτηρίας
3644 1612 3747 1666 τυ-

2167 1691 2385 1765 μνάζων
2416 1693 2766 1765 χειραγωγεῖ.

2235 1785 2384 1856 Στιχ.
2425 1781 2535 1854 με’.
2576 1783 2706 1835 Ἔτι
2746 1778 2934 1836 αὐτοῦ
2970 1777 3333 1846 λαλοῦντος,
3384 1778 3515 1834 ἰδοὺ
3543 1779 3747 1848 ὄχλος,

2164 1878 2265 1934 καὶ
2294 1880 2327 1932 ό
2356 1877 2683 1948 λεγόμενος
2725 1874 2976 1941 Ἰούδας,
3000 1869 3092 1941 εἷς
3133 1873 3253 1928 τῶν
3283 1874 3534 1938 δώδεκα,
3562 1890 3747 1943 προσ-

2163 1970 2382 2042 ήρχετο
2423 1968 2667 2035 αὐτοὺς,
2702 1968 2797 2021 καὶ
2838 1965 3047 2038 ἧττισε
3090 1966 3169 2032 τῷ
3220 1966 3445 2034 Ἰησοῦ,
3479 1967 3747 2037 φιλήσας

2164 2064 2371 2119 αὐτόν.

2236 2156 2385 2227 Στιχ.
2425 2160 2534 2227 μην.
2595 2154 2657 2207 '0
2688 2151 2756 2207 δὲ
2815 2151 3052 2221 Ἰησοῦς
3095 2148 3266 2207 εἶπεν
3302 2152 3480 2219 αὐτῷ’
3526 2154 3747 2219 Ἰούδα,

2165 2249 2451 2319 φιλήματι
2480 2247 2587 2302 τόν
2627 2245 2764 2301 Υἰόν
2788 2245 2893 2299 τοῦ
2918 2244 3232 2313 ἀνθρώπου
3260 2244 3624 2315 παραδίδωςς

2238 2338 2411 2393 Βαϐαῖ
2434 2338 2534 2408 τῆς
2568 2335 2919 2400 ἀνεξικακίας
2938 2335 3030 2389 τοῦ
3063 2336 3357 2401 Δεσπότου,
3394 2336 3489 2390 τοῦ
3520 2338 3616 2391 καὶ
3644 2355 3746 2407 φι-

2166 2432 2431 2504 λήσαντος
2456 2432 2546 2485 τὸν
2587 2430 2870 2502 προδότην,
2908 2430 3001 2484 καὶ
3040 2428 3134 2483 τοῦ
3183 2428 3489 2501 φιλήματος
3522 2431 3749 2484 ἁπαλώ-

2164 2541 2300 2597 τερα
2334 2526 2553 2597 ῥήματα
2578 2523 2995 2595 φθεγξαμένουὶ
3029 2524 3103 2577 06
3136 2522 3247 2595 7&9
3279 2520 3453 2577 εἶπεν·
3478 2519 3550 2576 Ὦ
3584 2524 3751 2597 μιαρὲ

2166 2618 2261 2672 καὶ
2305 2616 2592 2688 παμμίαρε
2637 2616 2733 2670 καὶ
2775 2614 3026 2686 προδότα,
3074 2616 3278 2678 ταύτας
3309 2615 3440 2685 ἡμῖν
3483 2615 3751 2679 ἀποδίδως

2166 2710 2264 2774 τὰς
2285 2708 2518 2781 ἀμοιϐὰς
2537 2711 2637 2780 τῆς
2649 2708 2915 2778 τοσαύτης
2934 2707 3274 2779 εὐεργεσίας,
3313 2706 3472 2759 Ἀλλά
3486 2707 3603 2771 πῶς
3617 2707 3749 2779 (i9);

2180 2803 2398 2867 Ἰούδα,
2432 2803 2523 2856 τὸν
2563 2802 2749 2876 κύριον
2781 2803 2953 2873 ὄνομα
3000 2800 3187 2864 τιθεὶς,
3232 2800 3496 2871 apsum
3534 2801 3754 2853 ταλανί-

2167 2892 2352 2959 ζοντος
2375 2889 2443 2964 ἦν
2475 2893 2568 2947 καὶ
2596 2893 3010 2958 ἀνακαλοῦντος,
3043 2893 3074 2964 ἦ
3101 2890 3480 2965 ὀργιζομένου.
3510 2892 3626 2945 Καὶ
3650 2894 3753 2953 οὐκ

2166 2980 2287 3038 εἷπε
2308 3002 2321 3015 ·
2350 2984 2455 3038 Τὸν
2481 2984 2799 3039 διδάσκαλόν
2832 3001 2946 3051 σου,
2971 2982 3062 3036 τὸν
3082 2983 3378 3052 Δεσπότην,
3409 2981 3501 3034 τὸν
3526 2981 3755 3053 εὐεργέ-

2165 3094 2286 3149 την,
2302 3076 2460 3142 ἀλλά,
2475 3076 2565 3131 τὸν
2583 3076 2709 3131 Υἱὸν
2724 3076 2815 3131 τοῦ
2832 3074 3141 3149 ἀνθρώπου,
3157 3074 3404 3128 τουτέστι
3418 3074 3508 3127 τὸν
3519 3074 3556 3144 ἦ
3564 3090 3629 3144 με
3636 3091 3755 3144 ρον,

2166 3166 2258 3221 τὸν
2279 3168 2472 3239 πρᾶον⁸
2504 3168 2553 3221 sl
2595 3166 2703 3236 7&9
2737 3166 2811 3237 μὴ
2843 3165 3158 3229 διδάσκαλος
3180 3161 3270 3237 ἦν,
3300 3166 3433 3237 μηδὲ
3449 3165 3758 3236 Δεσπότης,

494 3262 602 3307 tam
635 3263 917 3308 mansuete
945 3267 1073 3321 erga
1099 3261 1150 3306 te
1183 3250 1460 3318 allectum,
1485 3260 1546 3306 ut
1573 3252 1626 3307 in
1660 3262 1904 3323 tempore
1938 3268 2064 3323 pro—

2173 3261 2307 3332 μηδὲ
2322 3231 2640 3333 εὐεργέτηςο
2774 3231 2917 3313 οὕτω
2935 3231 3247 3323 ἀπλάστως,
3263 3231 3510 3312 τδνοῢτω
3522 3257 3632 3329 ήμέ

491 3344 720 3400 ditionis
753 3355 803 3399 te
836 3345 954 3415 ipse
982 3345 1262 3400 osculatus
1288 3343 1505 3413 fuerim,
1565 3355 1622 3401 et
1672 3347 1891 3417 quidem
1938 3362 2064 3402 cum

492 3436 743 3492 osculum
796 3436 1105 3508 symbolum
1153 3437 1477 3507 proditionis
1525 3448 1705 3503 esset,
1747 3438 1930 3504 hunc,
1983 3438 2067 3493 in-

494 3543 684 3600 quam,
705 3528 926 3599 prodis?
950 3528 1274 3585 Benedictus
1300 3546 1382 3595 es,
1406 3530 1664 3587 Domine!
1695 3539 1911 3600 quanta
1926 3530 2066 3585 tole-

490 3621 701 3687 rantiae,
731 3630 948 3691 quanta:
979 3622 1304 3678 humilitatis
1333 3622 1644 3693 exemplum
1681 3622 1840 3678 nobis
1872 3621 2062 3677 fuisti!

491 3713 624 3784 quin
638 3722 693 3769 ct
709 3723 848 3769 utne
870 3713 1191 3769 deseramus
1218 3714 1507 3770 consilium
1532 3730 1660 3785 erga
1692 3712 1910 3779 fratres,
1930 3722 2068 3768 tam-

492 3807 594 3864 etsi
645 3807 779 3861 nihil
810 3808 1046 3877 amplius
1099 3823 1166 3862 ex
1190 3808 1395 3862 nostris
1428 3807 1613 3863 verbis
1631 3806 1929 3879 contingat,
1963 3806 2067 3864 hoc

494 3896 673 3967 ipsum
702 3897 981 3967 exemplar
1006 3897 1178 3952 edidit
1197 3895 1485 3954 Dominus.
1686 3914 1691 3917 τ

565 4070 1036 4139 Quemadmodum
1061 4073 1205 4128 enim
1239 4073 1466 4129 vulnera
1495 4073 1820 4130 incurabilia
1841 4115 1859 4141 ,
1892 4090 2069 4146 neque

2169 3354 2303 3426 πρὸς
2332 3354 2391 3408 σὲ
2416 3353 2773 3424 διακείμενον,
2790 3352 2865 3418 ὡς
2894 3355 2954 3406 ὲν
2968 3350 3045 3423 τῷ
3066 3349 3238 3423 καιρῷ
3254 3350 3356 3418 τῆς
3383 3350 3674 3422 προδοσίας
3694 3364 3758 3403 σι

2167 3446 2364 3515 φιλεῖν,
2393 3445 2488 3498 καὶ
2517 3443 2688 3498 ταῦτα
2709 3441 2804 3497 τοῦ
2842 3442 3146 3514 φιλήματος
3171 3440 3441 3512 συμϐόλου
3473 3441 3575 3512 τῆς
3608 3456 3756 3512 προ-

2164 3538 2346 3602 δοσίας
2363 3538 2533 3605 ὄντος,
2557 3536 2745 3591 τοῦτον
2769 3536 3104 3608 παραδίδως;
3128 3534 3433 3603 Εὐλογητὸς
3455 3529 3524 3599 εἶ,
3552 3534 3756 3603 Κύριε·

2167 3634 2340 3704 πόσης
2381 3632 2754 3698 ἀνεξικακίας,
2796 3631 2967 3699 πόσης
2997 3627 3497 3701 ταπεινοφροσύνης
3535 3626 3759 3679 ὑπόδει-

2166 3742 2283 3796 γμα
2307 3727 2440 3797 ἡμῖν
2462 3724 2689 3795 γέγονας
2711 3725 2725 3777 l
2766 3723 2842 3776 Ui)
2871 3724 2977 3794 μὴν
3002 3722 3137 3776 ἀλλὰ
3162 3722 3258 3776 καὶ
3281 3722 3378 3775 τοὺ
3420 3722 3494 3793 μὴ
3516 3720 3761 3791 ἀφίστα-

2168 3817 2292 3871 σθαι
2322 3818 2421 3889 τῆς
2454 3816 2592 3888 πρὸς
2618 3817 2746 3880 τοὺς
2774 3816 3034 3887 ἀδελφοὺς
3064 3814 3402 3887 συμϐουλῆς,
3448 3813 3553 3867 κᾶν
3582 3813 3761 3884 μηδὲν

2168 3909 2329 3965 πλέον
2356 3909 2421 3962 ὲκ
2447 3906 2556 3962 τῶν
2574 3906 2857 3980 ἡμετέρων
2885 3905 3144 3978 ῥημάτων
3170 3904 3410 3977 γίνηται,
3439 3904 3758 3975 ὑπόδειγμα

2166 4000 2325 4054 τοῦτο
2351 3999 2649 4071 πεποίηκεν
2677 3999 2707 4052 6
2736 3999 3033 4069 Δεσπότης.

2239 4091 2350 4163 (20)
2385 4091 2653 4163 Καθάπερ
2676 4092 2785 4162 7&9
2808 4091 2877 4145 τὰ
2899 4090 3091 4143 ἀνίατα
3115 4088 3223 4142 τῶν
3242 4088 3590 4161 τραυμάτων,
3624 4088 3760 4144 οὐδὲ

494 4166 895 4223 austerioribus
922 4165 1256 4236 pharmacis,
1283 4181 1461 4237 neque
1493 4167 1833 4223 dulcioribus
1882 4168 2065 4224 sanari

2173 4187 2289 4248 τοῖς
2321 4184 2613 4257 αὐστηροῖς
2647 4183 2754 4237 τῶν
2787 4183 3115 4255 φαρμάκων,
3144 4181 3265 4235 οὐδὲ
3287 4184 3401 4245 τοῖς
3435 4180 3759 4249 γλυκαίνειν

493 4272 727 4337 possunt
755 4283 768 4319 :
799 4264 875 4320 ita
906 4264 1073 4319 etiam
1102 4264 1306 4332 anima,
1338 4264 1431 4319 ubi
1458 4265 1626 4320 semel
1652 4265 1920 4335 captivata
1951 4263 2065 4319 fue-

2173 4277 2308 4331 αὐτά
2332 4276 2649 4348 δυναμένοις
2675 4274 2806 4347 (2U-
2848 4274 2971 4328 οὔτε
3016 4276 3112 4328 καὶ
3140 4273 3305 4345 ψυχὴ,
3340 4273 3560 4327 ἐπειδάν
3599 4273 3760 4338 ἅπαξ

495 4358 589 4423 rit,
643 4357 990 4428 seipsamque
1035 4356 1320 4413 tradiderit
1353 4358 1662 4428 cuicunque
1686 4357 1891 4428 ﬂagitio
1917 4398 1933 4424 ,
1970 4372 2065 4414 nec

2173 4367 2517 4439 αἰχμάλωτος
2561 4366 2808 4439 γένηται,
2857 4367 2953 4420 καὶ
2989 4364 3186 4437 ἑαυτὴν
3222 4364 3388 4435 ἐπιδῷ
3424 4364 3605 4419 ὁτιοῦν
3636 4365 3758 4435 (22)

493 4452 624 4506 velit
644 4452 788 4521 quod
818 4450 920 4505 sibi
956 4450 1130 4520 prosit
1185 4451 1501 4520 attendere;
1554 4451 1805 4521 quamvis
1857 4449 2065 4506 inﬁnita

2173 4458 2625 4531 πλημμελήματι,
2656 4458 2751 4511 καὶ
2784 4457 2857 4529 μὴ
2887 4455 3145 4527 βούληται
3170 4453 3231 4507 τὸ
3249 4454 3446 4525 ἑαυτῆς
3471 4454 3759 4526 συμφέρον

492 4547 619 4615 quis
648 4545 876 4600 auribus
902 4543 1278 4611 ejusinsonet,
1306 4543 1440 4597 nihil
1464 4543 1687 4614 profuit.
1719 4543 1823 4599 Sed
1846 4543 2065 4613 perinde

2174 4550 2434 4615 συνιδεῖν,
2482 4548 2584 4604 κᾶν
2637 4549 2805 4621 μυρία
2855 4565 2939 4612 τις
2986 4548 3185 4619 ὲνηχῇ,
3247 4545 3398 4599 οὐδὲν
3452 4545 3755 4615 κερδαίνει.

494 4646 658 4706 atque
676 4645 922 4692 mortuos
969 4635 1190 4691 auditus
1237 4635 1484 4702 haberet,
1516 4636 1727 4691 nullum
1771 4651 1837 4691 ex
1873 4636 2065 4692 admo-

2185 4641 2346 4696 Ἀλλὰ
2375 4641 2627 4713 καθάπερ
2665 4640 2863 4712 νεκρὰς
2905 4638 3077 4702 ἀκοάς
3116 4637 3453 4709 κεκτημένη,
3489 4637 3756 4708 οὐδεμίαν

493 4730 704 4786 nitione
726 4729 921 4800 recipit
948 4729 1413 4784 emolumentum:
1443 4743 1551 4783 non
1582 4728 1710 4798 quia
1739 4743 1848 4782 non
1867 4736 2065 4798 potest,

2173 4734 2281 4790 άπὸ
2330 4734 2432 4805 τῆς
2482 4733 2853 4805 παραινέσεως
2890 4732 3105 4803 δέχεται
3150 4732 3251 4804 τὴν
3302 4729 3602 4800 ὠφέλειαν·
3645 4730 3754 4783 οὐκ

493 4823 590 4879 sed
618 4821 747 4893 quia
774 4837 882 4877 non
915 4822 1050 4876 vult.
1081 4820 1198 4877 Hoc
1224 4829 1279 4877 et
1303 4820 1359 4876 in
1385 4819 1524 4875 Juda
1551 4820 1801 4892 contigit.
1816 4820 2065 4877 Christus

2173 4826 2359 4898 ἐπειδὴ
2406 4826 2479 4899 μὴ
2511 4826 2754 4892 δύναται,
2800 4824 2917 4879 ἀλλ’
2960 4823 3147 4895 ἐπειδὴ
3197 4823 3271 4895 μὴ
3316 4822 3584 4892 βούλεται.
3630 4822 3752 4893 (25)

494 4916 957 4984 tamen,quamvis
1001 4914 1118 4970 haec
1149 4913 1334 4970 omnia
1382 4914 1701 4985 praesciret,
1733 4929 1841 4968 non
1884 4912 2065 4970 omisit

2173 4918 2340 4972 Τοῦτο
2365 4916 2461 4971 καὶ
2492 4916 2584 4971 ἐπὶ
2610 4916 2704 4969 τοῦ
2742 4914 2909 4970 Ἰούδα
2934 4914 3175 4984 γέγονεν.
3219 4913 3278 4966 '0
3311 4908 3636 4979 6sX9tczb;,
3654 4912 3756 4965 καὶ

494 5008 564 5064 ab
590 5006 745 5062 initio
767 5006 833 5061 ad
867 5005 1029 5060 linem
1084 5004 1341 5060 exhibere
1392 5018 1733 5075 quaecunque
1763 5019 1831 5058 ex
1884 5003 2065 5074 seipso

2173 5010 2346 5066 ταῦτα
2387 5010 2565 5064 πάντα
2592 5007 2878 5081 προειδὼς,
2910 5008 2971 5061 οὐ
3011 5006 3247 5061 διέλιπεν
3288 5004 3349 5070 ἑξ
3377 5002 3551 5076 ἀρχῆς
3583 5003 3753 5077 μέχρι
3804 4986 3819 5031 ⁵

492 5110 667 5159 erant.
701 5099 832 5169 Quae
856 5109 911 5155 et
939 5115 1039 5156 nos
1064 5100 1299 5156 scientes
1326 5140 1342 5165 ,
1396 5105 1608 5169 oportet
1640 5106 1701 5152 ut
1728 5097 2065 5169 corrigamus

2173 5103 2355 5168 τέλους
2380 5101 2448 5157 τὰ
2476 5105 2607 5175 παρ’
2632 5102 2827 5156 ἑαυτοῦ
2854 5102 3031 5157 πάντα
3057 5098 3511 5171 ἐπιδεικνύμενος.
3547 5099 3614 5151 Ἀ
3648 5098 3749 5151 καὶ

494 5209 710 5264 semper
737 5192 832 5264 qui
870 5191 1202 5263 negligentes
1230 5200 1391 5258 sunt,
1441 5190 1695 5262 quamvis
1744 5190 1952 5246 nullum
1996 5206 2062 5247 ex

494 5289 727 5345 consilio
758 5296 948 5344 nostro
975 5285 1403 5342 emolumentum
1432 5292 1710 5356 sequatur.

600 5403 645 5436 ³³
679 5401 868 5458 Matth.
891 5419 963 5471 tv,
996 5403 1045 5458 i.
1122 5401 1167 5434 ³³
1194 5398 1380 5457 Iacob.
1411 5418 1450 5469 ι,
1483 5401 1567 5456 15.

566 5559 679 5631 (f9)
706 5558 907 5631 Qonl‘er
932 5558 1406 5631 (jhrysostomum.
2014 5625 2021 5631 .

2174 5552 2656 5631 gendum_videtur
2691 5549 2834 5631 οὕτω
2860 5566 2957 5621 pro
2993 5549 3134 5604 οὔτε.

589 5620 905 5701 Ξολςοιιῐει·
929 5620 1405 5701 Chr'ysostomum.
1598 5700 1639 5701 Ἡ
1714 5699 1721 5701 ξ
1793 5699 1819 5701 η
1991 5625 2021 5701 ς

2177 5620 2201 5625 ⁷
2388 5622 2557 5701 forte
2589 5620 2858 5701 ιξζξινιοῦν.

589 5629 681 5687 20)
706 5629 905 5684 Confer
929 5626 1405 5701 Chrysostomum.
2014 5626 2021 5633 ’

564 5628 680 5773 ἱῖι)
708 5699 866 5755 Deest
908 5701 1119 5771 ἰαθῆναι
1148 5700 1391 5766 δύναται,
1418 5701 1496 5756 vel
1516 5700 1645 5772 quid
1681 5699 1877 5764 simile,
1912 5709 1964 5755 et
1991 5698 2065 5755 le-

2245 5626 2338 5686 (22
2397 5626 2557 5678 Forte
2589 5626 2858 5677 ὠτινιοῠν.

2245 5626 2359 5767 (23;
2382 5678 2934 5763 ConferfChrysost,
2952 5707 3105 5749 conc.
3130 5691 3183 5759 ι,
3200 5688 3267 5745 de
3283 5686 3514 5756 Lazaro,
3537 5700 3578 5755 t,
3606 5683 3746 5748 πω.
