3982 6346
345 420 478 477 1597

1786 406 2231 481 FBAGMESTA.

3451 425 3583 480 I598

567 794 688 867 Οὐκ
719 794 1038 867 ἀλλότριος
1075 798 1109 850 ό
1134 797 1283 867 ΑΥίὸς
1312 796 1424 865 τῆς
1452 799 1693 867 φύσεως
1716 800 1821 855 τοῦ

2046 800 2198 867 Quod
2228 818 2331 855 non
2363 802 2434 855 sit
2457 801 2664 856 alienus
2700 800 2872 855 Filius
2906 819 2938 854 a
2968 810 3161 854 natura
3199 800 3383 856 Patris
3406 842 3423 867 ,
3453 802 3545 858 sed

475 864 723 932 Πατρός,
747 866 885 920 ἀλλ’
908 864 1185 936 mava
1207 884 1273 921 τε
1299 869 1398 921 καὶ
1427 864 1766 937 ὁμοούσιος.

654 978 1021 1034 ΔΙΟΝΥΣΙοΥ
1050 980 1583 1037 ΑΛΕΞΑΝΔΡΕΙΔΣ.

407 1090 518 1146 Καὶ
550 1091 715 1160 φυτὸν
740 1093 847 1147 ἀπὸ
874 1092 1028 1165 ῥίζης
1050 1092 1289 1158 ἀνελθὸν,
1325 1092 1511 1167 ἓτερον
1540 1093 1637 1166 μέν
1662 1093 1778 1148 ἔστι
1810 1094 1904 1149 τοῦ

334 1181 458 1238 ὅθεν
482 1182 834 1255 ἐϐλάστησενο
866 1185 981 1239 ἔστι
1016 1185 1073 1238 δὲ
1100 1185 1280 1257 ἐκείνῃ
1307 1185 1564 1257 ὑμοφυές.
1597 1186 1707 1240 Καὶ
1741 1204 1906 1242 ποτα-

262 1264 273 1271 ’
336 1274 438 1345 μδς
469 1274 579 1329 ἀπὸ
609 1277 789 1348 πηγῆς
832 1276 991 1348 ῥέων,
1033 1276 1221 1349 ἕτερον
1260 1277 1357 1348 μὲν
1384 1275 1498 1331 ἐστι
1544 1277 1673 1349 παρ’
1714 1278 1903 1350 αὑτήν.

338 1368 495 1439 Μήτε
517 1367 625 1438 γάρ
649 1369 890 1440 ποταμὸν
914 1368 1116 1441 πηγὴν,
1150 1370 1288 1442 μήτε
1319 1370 1419 1443 τὴν
1448 1370 1631 1441 πηγὴν
1663 1369 1907 1441 ποταμὸν

331 1457 601 1528 λέγεσθαι·
626 1458 684 1513 ἓν
702 1459 758 1513 δέ
782 1460 1065 1534 ἀμφότερα
1079 1462 1341 1533 ὑπάρχειν
1356 1460 1723 1533 ὁμολογοῦμεν
1742 1459 1905 1534 [ἔστι]

331 1550 472 1603 κατά
495 1551 593 1624 τήν
624 1550 806 1621 φύσιν,
849 1551 943 1605 καὶ
974 1550 1257 1623 ὀμοούσια·
1295 1553 1389 1606 καὶ
1433 1551 1534 1623 τήν
1569 1552 1667 1622 μὲν
1699 1550 1902 1622 πηγὴν,

262 1716 267 1719 _
330 1642 493 1695 οἰονεί
524 1642 737 1715 πατέρα
763 1642 1019 1705 νοεῖσθαι,
1043 1642 1136 1696 τὸν
1166 1642 1224 1696 δὲ
1266 1642 1510 1715 ποταμὸν
1535 1637 1696 1709 εἶναι,
1741 1642 1805 1696 16
1834 1645 1899 1696 ἐκ

329 1732 433 1805 τῆς
463 1735 643 1806 πηγῆς
676 1735 1033 1806 γεννώμενονο

2324 872 2683 926 ωηηαειιταιὶε
2703 883 2752 925 et
2782 871 3265 928 consubstantialis.

2382 979 2592 1036 DIONY
2600 980 2685 1037 SII
2720 981 3207 1037 ALEXANDRINI.

2085 1093 2281 1150 Planta
2308 1110 2375 1151 ex
2406 1095 2588 1152 radice
2618 1096 2952 1167 germinans,
2987 1098 3093 1153 alia
3126 1098 3343 1170 quidem
3393 1105 3477 1153 est
3512 1096 3582 1153 ab

2001 1196 2079 1255 .‘eo
2113 1181 2256 1237 unde
2314 1183 2640 1253 germinavit
2670 1225 2686 1251 ,
2742 1193 2826 1240 est
2857 1194 3036 1241 tamen
3067 1186 3143 1241 illi
3186 1187 3578 1242 connaturalis.

1999 1265 2237 1333 LFluvius
2263 1271 2392 1327 item
2423 1288 2454 1327 a
2485 1271 2638 1328 fonte
2663 1272 2860 1339 ﬂuens,
2886 1275 3030 1330 aliud
3062 1285 3145 1332 est
3174 1277 3243 1331 ab
3271 1291 3357 1331 eo.
3393 1274 3581 1346 Neque

2007 1363 2151 1418 enim
2207 1363 2431 1419 ﬂuvium
2479 1364 2703 1432 fontem,
2755 1381 2932 1437 neque
2982 1365 3187 1422 fontem
3237 1369 3579 1423 ﬂuviumdici

2009 1455 2092 1509 fas
2110 1464 2212 1510 est.
2246 1455 2427 1513 Unum
2462 1471 2590 1512 vero
2620 1465 2849 1528 utraque
2883 1473 3003 1513 esse
3031 1461 3354 1515 conﬁtemur
3383 1474 3581 1516 secun-

2009 1547 2138 1609 dum
2168 1556 2441 1613 naturam,
2470 1557 2524 1603 et
2539 1548 3022 1604 consubstantialia
3049 1548 3393 1621 :fontemque
3418 1550 3579 1621 quasi

2010 1647 2222 1708 patrem
2253 1650 2435 1694 mente
2468 1638 2707 1709 concipi,
2739 1637 2963 1695 ﬂuvium
2996 1656 3125 1697 vero
3166 1657 3288 1697 esse
3317 1640 3462 1713 quod
3511 1655 3580 1696 ex

2011 1731 2160 1787 fonte
2178 1734 2443 1789 nascitur.

403 1846 624 1923 (ειμι
655 1847 912 1920 Panoplia
936 1847 1212 1920 Euthymii
1259 1847 1518 1923 Zigabeni
1550 1849 1606 1903 in
1648 1848 1771 1905 cod.
1797 1863 1902 1904 ms.
1943 1861 2037 1901 ιιι
2088 1845 2348 1904 Νειηίεωεε
2396 1806 2642 1904 bibliotl).
2674 1843 2875 1901 Confer
2917 1855 3116 1903 nostra:
3149 1846 3289 1902 Bibl.
3319 1856 3450 1902 tom.
3484 1847 3575 1917 Ill,

403 1847 523 1971 (24;
546 1847 624 1902 Ex

329 1933 390 1988 p.
420 1919 489 1973 49
532 1960 547 1984 ,
574 1932 625 1973 a.

3356 2117 3548 2131 η

423 2266 865 2345 Fragmentum
894 2266 1192 2345 Dionysii
1222 2263 1648 2345 Alexandrini
1677 2261 1872 2323 multo
1912 2261 2172 2345 longi”
2203 2267 2261 2320 et
2287 2260 2537 2345 pienius
2573 2268 2874 2345 quamAest
2901 2259 3112 2345 _Grq:ce
3144 2259 3214 2345 ig
3244 2212 3571 2345 Gallagdci

329 2334 716 2407 Bibliotvhcca
748 2353 793 2407 t.
824 2345 994 2421 XIV,
1018 2334 1289 2424 ορρεηά.
1319 2361 1386 2423 p.
1421 2345 1538 2405 115
1566 2344 1810 2424 (supra,
1846 2340 1988 2424 οοίζ
2004 2334 2720 2424 f589),_c_t'[.¢y_ineabad
2751 2336 3292 2424 Coracriumﬁat.
3325 2338 3394 2424 iu
3418 2337 3574 2398 Luc.

328 2443 468 2503 cap.
523 2443 678 2495 ml,
737 2424 838 2496 62,
884 2416 1171 2504 seq.,'ncc
1221 2416 1589 2504 noiuapud'
1610 2416 1927 2504 catenam_
1947 2416 2169 2504 Latin.
2196 2417 2332 2478 divi
2366 2417 2614 2479 Thema:
2643 2417 2766 2479 loc.
2826 2417 2940 2477 cit.
2975 2418 3052 2478 1η
3088 2416 3220 2478 illis
3274 2417 3430 2477 enim
3457 2434 3574 2495 per

326 2498 642 2582 excerpta,
681 2504 747 2564 in
772 2498 993 2563 nostro
1030 2510 1229 2562 autem
1256 2498 1468 2562 codice
1491 2502 1730 2579 integer
1766 2506 1854 2559 est
1882 2498 2249 2576 Dionysius.

806 2665 923 2739 (Ex
956 2666 1143 2723 codice
1171 2663 1294 2721 Vat.
1334 2664 1494 2733 1611,
1532 2664 1627 2719 fol.
1653 2663 1781 2728 291,
1811 2663 1907 2719 ubi
1939 2678 2137 2736 magna
2167 2661 2368 2718 Niceta:
2395 2661 2597 2717 Catena
2633 2662 2685 2715 in
2717 2659 2919 2717 Lucam
2953 2660 3051 2734 (1).
3083 2660 3102 2732 )

406 2812 569 2866 Ἀλλά
616 2811 789 2866 ταῦτα
836 2812 933 2884 μὲν
970 2810 1209 2883 εἰρήσθω
1246 2811 1376 2883 περί
1412 2809 1507 2864 τοῦ
1552 2809 1855 2880 θελήματος
1875 2826 1890 2839 ο
1924 2820 1965 2873 Β
1993 2808 2185 2874 ελθεῖν,
2232 2808 2346 2863 ἀλλ’
2372 2809 2629 2880 ὑπεράνω
2659 2807 2753 2863 τοῦ
2786 2806 3098 2880 πειρασμοῦ
3140 2809 3235 2862 καὶ
3265 2807 3380 2878 μετ’
3405 2806 3573 2862 αὑτὸν

319 2904 383 2959 τό
410 2921 475 2975 γε
511 2904 609 2976 μὲν
631 2902 974 2972 Παρελθέτω
1000 2902 1069 2956 τὸ
1098 2902 1407 2971 ποτήριον,
1450 2903 1552 2956 οὐκ
1593 2901 1709 2955 ἐστι
1743 2901 1817 2973 μὴ
1842 2900 1901 2954 δὲ

318 2995 665 3069 προσελθέτω
699 2996 733 3067 ἢ
775 2995 1047 3064 ἐγγισάτω
1075 3012 1163 3066 μοι
1182 3011 1196 3024 ·
1227 2995 1288 3047 16
1316 2996 1427 3065 γάρ
1456 2994 1864 3067 παρερχόμενον
1882 3035 1897 3059 ,

320 3087 539 3151 Ιθήντως
566 3090 685 3142 κατ’
718 3087 922 3142 ἐκεῖνον
950 3088 1158 3157 γίνεται
1182 3088 1469 3159 πρότερον,
1498 3087 1593 3140 καὶ
1622 3088 1900 3156 πρόσεισιν

320 3180 471 3253 αὑτῷ
500 3181 634 3253 ὅπερ
660 3179 992 3253 παρέρχεται
1010 3197 1024 3211 ⁸
1050 3183 1098 3234 εί
1130 3180 1239 3251 γὰρ
1271 3179 1345 3251 μὴ
1372 3177 1683 3249 πλησιάσοι,
1704 3178 1810 3231 οὐδ’
1833 3178 1899 3232 ἂν

321 3270 583 3343 παρέλθοι
604 3287 616 3301 ’
651 3270 725 3333 ὡς
749 3270 878 3339 γοῦν
912 3271 1013 3343 ήδη
1040 3272 1306 3344 παρόντος
1328 3269 1670 3340 αἰσθόμενος,
1697 3268 1901 3340 ἤρξατο

317 3359 606 3417 λυπεῖσθαι
638 3361 733 3414 καὶ
759 3360 1048 3433 ἀδημονεῖν
1073 3362 1168 3415 καὶ
1200 3358 1595 3431 ἐκθαμὸεῖσθαι
1623 3358 1718 3413 καὶ
1744 3360 1893 3428 ἀγω-

317 3453 598 3520 νίζεσθαι·
646 3454 742 3508 καὶ
777 3453 853 3517 ὡς
892 3455 1059 3523 ἐγγὺς
1099 3454 1193 3521 ὃν,
1239 3455 1332 3507 καὶ
1363 3452 1757 3524 προκείμενον,
1798 3452 1897 3523 οὑχ

317 3544 507 3609 ἁπλῶς
540 3545 673 3616 φησί
712 3544 773 3601 16
818 3546 1075 3618 ποτήριον
1098 3585 1113 3610 ,
1160 3543 1297 3599 ἀλλά
1340 3544 1578 3598 δείκνυσι
1606 3542 1793 3597 τοῦτο’
1820 3542 1895 3606 ὡς

318 3632 413 3692 οὖν
443 3638 503 3690 τὸ
527 3637 956 3710 παρερχόμενον,
989 3636 1112 3692 οὕτε
1143 3637 1435 3709 άπρόσιτόν
1464 3637 1611 3689 ἐστιν
1635 3633 1761 3689 οὔτε
1793 3651 1894 3687 κα-

319 3728 585 3802 ταμένον,
623 3728 766 3783 οὑτω
792 3729 888 3784 καί¹
920 3731 949 3783 6
978 3728 1167 3801 Σωτὴρ
1196 3729 1378 3800 ἠρέμα
1418 3730 1511 3783 καὶ
1541 3729 1603 3793 ἐξ
1631 3726 1894 3799 ἐπιπολῆς

317 3819 681 3891 προσελθόντα
707 3819 799 3873 τὸν
831 3818 1158 3889 πειρασμὸν,
1188 3818 1284 3871 καὶ
1309 3816 1524 3885 κούφως
1556 3815 1893 3888 προσομιλή-

321 3925 491 3965 σαντα
512 3950 527 3977 ,
576 3908 931 3981 παρωσθῆναι
975 3908 1073 3980 τὴν
1119 3906 1341 3978 πρώτην
1379 3907 1551 3972 ἁξιοῖ’
1596 3909 1689 3962 καὶ⁸
1732 3907 1889 3960 τοῦτο

320 4002 532 4075 πρῶτον
566 3998 703 4065 εἶδός
743 4003 857 4055 ἐστι
889 3999 984 4054 τοῦ
1022 4000 1095 4073 μὴ
1140 4003 1220 4064 εἰς
1260 3999 1563 4071 πειρασμὸν
1593 4002 1885 4071 ἐμπεσεῖν

318 4097 455 4168 ὅπερ
500 4094 852 4165 συμϐουλεύει
889 4092 986 4147 καὶ
1015 4096 1127 4157 τοῖς
1162 4092 1566 4162 ἀσθενεστέροις
1595 4092 1890 4165 προσεύχε-

2001 2901 2283 2968 γενέσθαι·
2313 2902 2450 2965 ὅλως
2476 2901 2532 2955 δὲ
2557 2901 2678 2955 οὑδὲ
2705 2900 2963 2956 ἀδύνατον
2990 2900 3112 2955 οὐδὲ
3139 2902 3419 2975 ἄπρακτον
3459 2903 3572 2957 οὐδ’

2001 2995 2316 3048 ὑπεναντίον
2353 2993 2431 3066 τῷ
2474 2994 2775 3065 βουλήματι
2811 2994 2905 3048 τοῦ
2961 2992 3310 3071 Πατρὺςδτὸν
3345 2994 3577 3064 Σωτῆρα

1999 3091 2197 3143 αἰτεῖν·
2242 3089 2357 3143 ἐστι
2410 3089 2469 3142 δὲ
2508 3088 2730 3142 δυνατὸν
2756 3128 2771 3151 ,
2805 3088 2881 3150 ῶς
2924 3089 2953 3141 6
2998 3087 3223 3158 Μάρκος
3253 3088 3577 3159 ἀπεμνημό-

1998 3198 2157 3237 νευσε
2206 3181 2454 3251 λέγοντος
2483 3180 2647 3235 αὑτοῦ
2671 3196 2686 3211 θ
2727 3178 2894 3232 Ἀϐϐά
2925 3181 2954 3232 6
2994 3179 3224 3250 lla-rho;
3267 3178 3445 3232 πάντα
3492 3194 3576 3232 σοι

1997 3272 2200 3327 δυνατά
2219 3289 2233 3302 ·
2260 3274 2354 3326 καὶ
2380 3270 2580 3326 δυνατά
2599 3273 2647 3325 εἰ
2673 3269 2932 3341 βούλοιτο,
2952 3268 3028 3333 ὡς
3055 3269 3269 3333 Λουκᾶς
3293 3270 3458 3340 φησιν
3484 3268 3577 3323 αὑ-

1996 3366 2088 3419 τὸν
2117 3365 2396 3436 εἰρηκέναι
2417 3381 2430 3395 ⁸
2457 3366 2640 3435 Πάτερ
2660 3403 2675 3427 ,
2708 3365 2756 3416 εἰ
2791 3362 2996 3433 βούλει,
3032 3363 3339 3436 παρένεγκε
3373 3363 3436 3417 16
3478 3380 3576 3418 πο-

1995 3458 2182 3528 τήριον
2211 3455 2369 3509 τοῦτο
2397 3456 2492 3508 ἀπ’
2523 3455 2656 3526 ἐμοῦ
2675 3471 2691 3485 '
2714 3454 2776 3506 16
2804 3450 2896 3508 οὖν
2918 3456 3141 3525 Πνεῦμα
3168 3456 3320 3524 ἆγιον
3350 3456 3429 3519 εἰς
3449 3458 3575 3520 τοὺς

1996 3547 2385 3618 εὐαγγελιστάς
2417 3546 2826 3619 κατανεμηθὲν,
2860 3546 2958 3617 τὴν
2986 3548 3165 3600 πᾶσαν
3191 3547 3287 3600 τοῦ
3322 3546 3573 3616 Σωτῆρος

1993 3640 2149 3712 ήμῶν
2189 3640 2427 3694 διάθεσιν
2477 3640 2541 3693 ἐκ
2572 3639 2673 3709 τῆς
2713 3638 2943 3692 ἑκάστου
2993 3638 3173 3709 φωνῆς
3222 3638 3562 3708 συντίθησιν·

1992 3730 2117 3786 οὔτε
2141 3733 2249 3804 γάρ
2274 3750 2327 3785 τι
2354 3735 2587 3786 αἰτεῖται
2615 3732 2768 3804 παρὰ
2793 3730 2886 3785 τοῦ
2917 3731 3128 3803 Πατρὸς
3159 3731 3188 3784 ὃ
3216 3732 3290 3800 μὴ
3327 3733 3355 3784 6
3379 3731 3569 3802 Πατὴρ

1994 3823 2242 3895 βούλεται
2262 3841 2276 3854 ·
2301 3823 2362 3877 16
2387 3823 2495 3894 γάρ
2510 3825 2564 3877 εἰ
2579 3824 2815 3889 βούλει,
2844 3823 3122 3892 ὑποταγῆς
3153 3821 3247 3875 καὶ
3271 3822 3572 3885 ἐπιεικείας

1992 3916 2173 3978 ἐστὶν,
2218 3916 2320 3969 οὑκ
2364 3915 2586 3984 ἀγνοίας
2640 3915 2759 3968 οὑδὲ
2821 3913 3149 3986 ἀμφιϐολίας
3194 3908 3263 3984 ἦν
3314 3912 3566 3984 δήλωμα’

1991 4008 2178 4079 ῶσπερ
2209 4007 2305 4060 καὶ
2330 4008 2488 4078 ἡμεῖς
2527 4004 2797 4076 εἰώθαμεν
2824 4004 2972 4076 παρά
3003 4004 3213 4076 Πατρὸς
3243 4003 3275 4075 ἢ
3306 4004 3566 4075 ἄρχοντος

1989 4100 2022 4171 ἢ
2069 4096 2446 4167 διδασκάλουῆ
2483 4095 2629 4159 τινὸς
2672 4090 2747 4149 ὧν
2796 4094 3167 4165 θεραπεύομεν
3201 4094 3478 4161 ἀξιοῦντες
3510 4112 3562 4147 τι

320 4188 444 4243 σθαι
468 4206 482 4219 ο
527 4187 611 4251 16,
656 4189 749 4241 τὸν
793 4186 891 4257 μὲν
935 4186 1238 4258 πειρασμὸν
1273 4186 1590 4257 προσελθεῖν
1609 4204 1624 4218 ·
1663 4187 1745 4241 δεῖ
1784 4187 1893 4258 γὰρ
1919 4184 1963 4242 C
1991 4188 2099 4242 τῶν
2129 4186 2324 4257 ἐκείνῳ
2353 4184 2701 4256 καταθυμίων
2726 4183 2902 4253 λέγειν
2926 4224 2941 4248 ,
2974 4185 3041 4237 Εἴ
3071 4202 3152 4238 σοι
3176 4184 3347 4253 φίλον,
3369 4185 3467 4256 οὐχ
3491 4186 3567 4249 ὡς

317 4281 489 4335 ἐλθεῖν
514 4281 583 4335 τά
610 4279 911 4344 σκάνδαλα,
935 4279 1133 4343 αὐτοὺς
1172 4277 1227 4333 δέ
1259 4279 1333 4351 μὴ
1364 4282 1443 4344 εἰς
1466 4281 1558 4335 τὸν
1586 4280 1890 4352 πειρασμὸν

320 4376 536 4427 πεσεῖν’
572 4375 600 4426 6
625 4373 681 4426 δὲ
706 4373 1043 4436 τελειότατος
1072 4369 1168 4424 τοῦ
1204 4370 1277 4441 μὴ
1302 4373 1380 4435 εἰς
1410 4372 1714 4444 πειρασμόν
1744 4375 1889 4425 ἐστιν

313 4465 573 4521 εἰσελθεῖν
588 4465 805 4537 τρόπος,
819 4466 948 4519 ὄνπε
955 4483 987 4535 ρ
1001 4466 1142 4518 αἰτεῖ
1155 4464 1401 4535 δεύτερον
1417 4464 1514 4535 οὑχ
1528 4464 1711 4528 ἀπλῶς
1728 4481 1741 4494 ·
1765 4466 1889 4534 Οὐχ

313 4557 393 4624 ὡς
422 4556 537 4628 ἐγὼ
570 4556 741 4623 θέλω,
778 4558 914 4612 ἀλλ’
941 4558 1022 4624 ὡς
1049 4557 1164 4611 σύ*
1193 4558 1223 4610 6
1261 4556 1369 4628 γάρ
1405 4557 1537 4621 Θεὸς
1562 4557 1890 4628 ἀπείραστός

315 4651 432 4705 ἐστι
476 4650 692 4703 κακῶν·
728 4648 872 4702 θέλει
908 4649 967 4702 δὲ
1018 4647 1087 4701 τά
1129 4647 1308 4716 ἀγαθά
1347 4647 1542 4701 διδόναι
1586 4650 1717 4719 ἡμῖν
1750 4647 1889 4720 ὑπὲρ

315 4743 654 4816 ἐκπερισσοῦ·
677 4735 752 4796 ὧν
784 4739 1080 4813 αἰτούμεθα
1104 4744 1137 4813 ἢ
1168 4740 1391 4812 νοοῦμεν
1416 4758 1429 4771 ο
1464 4740 1525 4794 16
1557 4740 1655 4812 μὲν
1684 4736 1777 4794 οὖν
1802 4738 1890 4792 θέ-

311 4832 463 4909 λημα
491 4832 653 4890 αὑτοῦ
696 4835 756 4887 16
803 4832 1024 4900 τέλειον,
1067 4834 1228 4899 αὐτὸς
1275 4832 1556 4905 ἀγαπητὸς
1590 4832 1882 4903 ἠπίστατο·

315 4927 415 4982 καὶ
443 4925 599 4979 τοῦτο
626 4924 941 4996 ἐληλυθέναι
974 4925 1233 4988 πολλάκις
1262 4924 1395 4996 φησί
1429 4924 1668 4995 ποιήσων
1689 4963 1705 4988 ,
1736 4923 1798 4977 ού
1826 4922 1888 4976 16

316 5018 499 5081 αὑτοῦ,
524 5016 768 5072 τουτέστι
798 5016 860 5069 16
885 5015 996 5070 τῶν
1023 5014 1343 5088 ἀνθρώπων·
1367 5014 1662 5069 οἰκειοῦται
1692 5013 1801 5085 γάρ
1826 5013 1888 5067 16

314 5113 602 5185 πρόσωπον
638 5110 748 5164 τῶν
777 5106 1108 5179 ἀνθρώπων,
1136 5110 1212 5173 ὡς
1241 5108 1529 5179 γενόμενος
1560 5105 1844 5179 ἄνθρωπος
1866 5121 1881 5135 ⁸

311 5202 495 5273 διόπερ
519 5202 614 5255 καὶ
638 5200 759 5255 τότε
777 5238 793 5263 ,
823 5199 886 5253 16
913 5199 1012 5269 μὲν
1052 5198 1245 5254 ἑαυτοῦ
1264 5238 1280 5263 ,
1310 5197 1372 5253 16
1396 5197 1616 5253 ἔλαττον
1636 5238 1652 5263 ,
1681 5214 1883 5269 παραι-

307 5295 482 5348 τεῖται
501 5294 674 5346 ποιεῖν
694 5309 708 5323 ο
734 5293 877 5347 αἰτεῖ
901 5291 958 5345 δὲ
986 5290 1079 5345 τοῦ
1108 5292 1319 5364 Πατρὸς
1339 5292 1401 5346 16
1423 5291 1609 5364 μεῖζον
1634 5288 1883 5359 γενέσθαι

308 5385 372 5438 16
394 5384 572 5438 θεϊκὺν
603 5382 833 5455 θέλημα,
862 5384 1000 5455 ὅπερ
1025 5382 1243 5447 πάντως
1266 5383 1407 5437 κατά
1434 5382 1531 5454 τήν
1554 5381 1803 5452 θεότητα,
1825 5380 1884 5435 ἓν

311 5474 440 5545 θέλη
450 5473 526 5544 μά
548 5475 663 5526 ἐστι
685 5473 746 5526 16
768 5471 931 5526 αὑτοῦ
957 5473 1053 5526 καὶ
1071 5471 1167 5525 τοῦ
1193 5472 1405 5544 Πατρός
1425 5489 1439 5503 ο
1463 5472 1525 5527 16
1546 5470 1651 5543 γάρ
1676 5471 1881 5542 Πατρι-

1990 4278 2416 4351 ἀμφιγνοοῦντες
2434 4295 2447 4308 ·
2476 4277 2647 4341 οὑτως
2668 4277 2761 4332 καὶ
2781 4280 2809 4331 6
2829 4278 3017 4349 Σωτὴρ
3038 4278 3222 4347 ἔλεγεν
3246 4282 3299 4331 εἰ
3314 4278 3525 4341 ,βούλει
3548 4294 3564 4308 ·

1989 4374 2089 4444 οὑχ
2121 4372 2306 4443 ἕτερόν
2328 4388 2381 4425 τι
2405 4369 2722 4443 βουλόμενον
2748 4369 2903 4433 εἰδὼς
2922 4408 2937 4432 ,
2970 4366 3086 4422 εἶτα
3110 4369 3267 4422 τοῦτο
3298 4369 3564 4424 πυνθανό-

1992 4482 2150 4537 μενος
2169 4503 2184 4528 ,
2211 4463 2323 4517 ἀλλ’
2352 4462 2598 4533 ἀκριϐῶς
2630 4460 2786 4525 εἰδὼς
2812 4462 2894 4515 ὅτι
2926 4460 3171 4532 βούλεται
3204 4467 3563 4534 παρενεγκεῖν

1989 4559 2084 4612 ἀπ’
2112 4556 2275 4610 αὑτοῦ
2303 4556 2365 4610 16
2396 4558 2687 4629 ποτήριον,
2713 4554 2981 4626 ἠπίστατο
3007 4555 3230 4620 δικαίως
3257 4555 3286 4609 ὃ
3314 4556 3562 4627 βούλεται

1987 4647 2210 4701 δυνατὸν
2231 4645 2379 4717 αὐτῷ
2396 4663 2410 4677 ’
2432 4645 2520 4700 διὰ
2538 4646 2696 4701 τοῦτο
2714 4647 2748 4717 ὴ
2778 4645 2941 4718 ἑτέρα
2958 4647 3146 4719 Γραφή
3172 4664 3305 4719 φησι
3324 4666 3336 4679 ·
3359 4648 3564 4702 Πάντα

1987 4735 2215 4791 δυνατά
2238 4753 2338 4792 σοι
2357 4754 2371 4767 ·
2400 4739 2494 4791 καὶ
2519 4738 2675 4792 τοῦτο
2701 4737 2915 4801 πάντως
2941 4737 3002 4790 16
3038 4738 3214 4792 six16v
3250 4739 3343 4793 καὶ
3374 4757 3563 4793 ταπει-

1988 4828 2087 4897 νόφ
2095 4845 2185 4900 ρον
2199 4831 2227 4883 ό
2242 4828 2517 4892 Ματθαῖος
2528 4829 2836 4900 διαγράφει,
2850 4832 2903 4883 εἰ
2917 4829 3176 4884 δυνατόν
3187 4830 3339 4896 ἐστι,
3356 4829 3527 4899 λέγων
3542 4847 3555 4861 ’

1988 4921 2039 4974 εἰ
2070 4920 2179 4993 γὰρ
2207 4921 2285 4993 μὴ
2316 4919 2489 4984 οὑτως
2516 4920 2856 4993 ἀρμόσαιμεν
2887 4922 2986 4993 τήν
3021 4921 3274 4987 διάνοιαν,
3303 4922 3441 4993 τάχα
3474 4939 3557 4973 τι-

1988 5012 2075 5077 νὲς
2092 5012 2389 5080 ἐκδέξοιντο
2410 5013 2621 5076 ἀσεϐῶς
2644 5013 2726 5077 τό,
2746 5016 2799 5069 εί
2817 5014 3079 5070 δυνατόν
3090 5017 3260 5070 ἐστιν
3276 5032 3289 5044 ·
3315 5014 3390 5077 ὼς
3417 5013 3557 5077 τινὸς

1985 5104 2136 5169 ὄντος
2173 5104 2435 5160 ἀδυνάτου
2467 5104 2546 5177 τῷ
2583 5105 2701 5179 Θεῷ
2733 5108 2990 5179 ποιῆσαι,
3027 5107 3164 5179 πλὴν
3194 5106 3353 5177 μόνου
3386 5099 3447 5157 οὗ
3480 5105 3553 5175 μὴ

1987 5195 2262 5267 βούλεται·
2296 5198 2396 5253 οὑκ
2431 5197 2767 5254 αὐθέκαστον
2793 5196 2885 5255 οῦν
2909 5241 2925 5265 ,
2954 5201 3075 5255 οὑδέ
3109 5198 3257 5269 αὑτῷ
3289 5196 3435 5268 μόνῳ
3476 5197 3555 5250 δο-

1984 5289 2183 5345 κοῦσαν
2210 5290 2244 5363 ἢ
2273 5292 2650 5364 ἀντικειμένην
2676 5295 2744 5365 τῇ
2776 5292 2936 5366 βουλῇ
2962 5291 3055 5346 τοῦ
3084 5290 3297 5363 Πατρὸς
3322 5292 3555 5346 ἐποιεῖτο

1984 5379 2081 5451 τὴν
2105 5379 2348 5447 ἀξίωσιν,
2372 5380 2508 5435 ἀλλά
2530 5382 2624 5436 καὶ
2650 5383 2727 5455 τῷ
2755 5384 2874 5456 Θεῷ
2898 5381 3273 5438 συνδοκοῦσαν.
3302 5384 3412 5438 Καὶ
3443 5384 3551 5457 μὴν

1986 5471 2145 5541 φήσει
2172 5473 2278 5538 τίς,
2304 5474 2387 5528 ὅτι
2421 5474 2789 5543 ἀναγκάζεται
2818 5478 2909 5530 καὶ
2941 5475 3221 5545 μετανοεῖ,
3248 5477 3341 5530 καὶ
3364 5476 3551 5549 ἕτερον

310 5566 406 5622 »ὡν
438 5566 668 5638 θέλημα,
701 5566 763 5619 τὸ
792 5565 882 5621 διά
907 5564 1214 5638 πειρασμοῦ
1249 5565 1448 5630 παντὸς
1478 5564 1877 5636 ἐπισκήψαντος
1912 5563 1955 5587 υ
1984 5563 2146 5630 εὐθὺς
2174 5566 2235 5619 οὑ
2260 5565 2322 5619 16
2346 5566 2610 5640 πρότερον
2641 5570 2812 5631 αἰτεῖ,
2849 5566 3032 5620 οὐκέτι
3065 5566 3125 5620 τὸ
3150 5567 3317 5623 αὑτοῦ
3350 5568 3552 5640 κρατύ-

305 5657 562 5721 διελθεῖν,
611 5656 884 5726 διάγοντος
911 5658 1074 5711 αὑτὸν
1097 5656 1415 5728 θαυμασίως
1455 5655 1619 5711 αὑτοῦ
1648 5655 1740 5710 τοῦ
1766 5656 1877 5710 Πα-

303 5746 433 5819 τρλς
456 5785 472 5810 ,
507 5746 582 5819 μὴ
618 5745 782 5819 μέχρι
811 5745 902 5799 τοῦ
937 5745 1242 5819 πειρασμοῦ
1263 5784 1280 5809 ,
1310 5745 1443 5817 μηδὲ
1469 5746 1549 5809 εἰς
1575 5744 1735 5799 αὑτὸν
1767 5746 1876 5798 εἰσ-

375 5904 452 5975 (1)
494 5901 632 5967 Mu,
664 5902 992 5960 Bibliotheca
1024 5920 1176 5969 nava,
1216 5900 1306 5968 Vl,
1339 5918 1392 5971 ι,
1428 5901 1547 5957 165.

1983 5671 2063 5709 νει
2080 5672 2093 5685 ’
2129 5656 2189 5709 τὸ
2220 5656 2279 5710 δὲ
2304 5657 2399 5712 τοῦ
2420 5658 2632 5732 Πατρὸς
2660 5659 2838 5731 ἵστησι
2867 5656 3143 5729 βούλημαο
3169 5659 3286 5713 ναί’
3313 5659 3427 5714 ἀλλ’
3447 5661 3553 5715 οὑκ

1981 5747 2096 5803 ἀνθ’
2117 5747 2304 5821 ἐτέρου
2336 5751 2511 5824 πάντη
2534 5750 2857 5823 πράγματος
2892 5750 3078 5826 ἑτέρου
3114 5751 3509 5825 μεταλαμϐάνει
3530 5788 3549 5810 .
