3982 6346
301 381 434 434 ἱϋίιι

1735 378 2171 434 FRAGMENTA.

3419 380 3561 436 {CCI

299 495 532 551 170μαί
560 495 621 550 αἰ
647 497 884 565 θλίψεις
913 495 1319 549 τῶνὸικιιίων·
1347 494 1482 549 ἀλλά
1495 494 1556 548 τὸ
1582 495 1656 565 μὴ
1679 497 1756 558 εἰς
1776 512 1885 548 πει-
1911 505 1957 560 Α
1986 495 2286 567 πειρασμὸν
2314 488 2464 559 οὗτος
2485 495 2733 555 ἐνέπεσε,
2763 497 2856 549 καὶ
2883 497 2962 560 εἰς
2987 495 3289 567 πειρασμὸν
3317 496 3558 568 εἰσῆλθε,

299 589 515 660 ρασμὸν
539 589 801 642 εἰσελθεῖν
818 587 995 655 λέγειν
1013 588 1179 640 αὑτὸν
1203 586 1584 658 ὑπολαμϐάνω,
1603 587 1663 639 τὸ
1687 586 1885 658 ῥυσθῆ-

291 695 387 732 ναι
407 679 527 749 μὲν,
547 679 688 732 κατὰ
704 679 792 732 τὸν
808 679 1121 748 προφήτην,
1138 677 1245 732 τῶν
1266 677 1496 746 θλίψεων
1511 694 1524 707 ⁸
1558 677 1656 732 Ἐκ
1675 675 1886 730 πασῶν

296 771 411 842 γὰρ
431 769 650 834 αὐτῶν,
679 769 831 839 φησί,
843 770 1094 837 ῥύσεται
1113 769 1334 835 αὐτοὺς
1356 773 1389 822 o’
1405 769 1632 837 Κύριος·
1651 768 1726 832 ὼς
1741 768 1798 821 δὲ
1824 768 1886 821 τὸ

297 862 468 918 αὐτοῦ
508 864 659 934 ῥῆμα
698 862 1040 933 ὑπισχνεῖται
1075 863 1340 934 κρατῆσαι
1383 861 1492 915 τῶν
1525 861 1753 931 θλίψεων
1788 862 1884 915 καὶ

299 949 400 1019 τῆς
428 949 587 1020 νίκης
613 945 680 1020 ἧς
722 949 865 1022 ὑπὲρ
891 950 1048 1020 ἡμῶν
1083 951 1301 1022 ἐνίκησε
1325 991 1340 1014 ,
1386 954 1673 1021 μετασχεῖν
1692 968 1706 982 ·
1747 950 1886 1022 μετά

300 1042 409 1113 γὰρ
425 1040 486 1094 τὸ
503 1044 698 1105 εἰπεῖν,
716 1040 821 1096 Ἑν
837 1041 918 1108 τῷ
935 1044 1143 1112 κόσμῳ
1158 1041 1563 1111 θλίψινὲξετε,
1582 1045 1879 1110 ἐπήγαγεν·

293 1130 462 1186 ἀλλὰ
474 1133 767 1200 θαρσεῖτε,
779 1132 894 1202 ἐγὼ
904 1134 1159 1201 ἐνίκησα
1173 1133 1280 1187 τὸν
1291 1135 1541 1202 κόσμον·
1557 1134 1649 1187 καὶ
1663 1150 1826 1203 προσε
1833 1133 1886 1186 ύ-

297 1221 496 1290 χεσθαι
518 1221 574 1275 δὲ
604 1222 764 1276 πάλιν
787 1222 1032 1276 ἐδίδασκε
1066 1222 1140 1294 μὴ
1165 1224 1423 1293 ἐμπεσεῖν
1452 1222 1531 1284 εἰς
1556 1222 1878 1293 πειρασμόν·

293 1316 395 1367 καί
407 1314 472 1386 δὴ
490 1315 588 1368 καί
604 1315 690 1384 μὴ
707 1315 1061 1386 εἰσενέγκῃς
1074 1315 1232 1385 ἡμᾶς
1242 1318 1330 1382 εἰς
1350 1317 1683 1384 πειρασμόν
1702 1331 1714 1343 ’
1740 1331 1886 1366 τουτ-

292 1404 415 1460 ἑστι
452 1407 526 1479 μὴ
558 1408 724 1478 ἐάσῃς
750 1409 899 1478 ἡμᾶς
931 1409 1198 1479 ἐμπεσεῖν
1228 1409 1307 1472 εἰς
1341 1406 1644 1477 πειρασμόν
1667 1422 1681 1435 ·
1715 1405 1797 1458 ὅτι
1827 1405 1883 1458 δὲ

291 1498 456 1552 τοῦτο
476 1494 544 1569 ἦν
578 1501 640 1552 οὐ
667 1502 728 1553 τὸ
765 1501 839 1572 μὴ
867 1499 1248 1572 πειρασθῆναι,
1276 1500 1537 1571 ρυσθῆναι
1567 1499 1624 1552 δὲ
1651 1497 1759 1551 ἀπὸ
1785 1494 1881 1550 τοῦ

295 1592 564 1662 πονηροῦ,
586 1593 946 1664 προσέθηκεν,
963 1594 1125 1648 ἀλλὰ
1135 1592 1319 1660 ῥῦσαι
1339 1591 1497 1661 ἡμᾶς
1517 1590 1634 1646 ἀπὸ
1651 1587 1758 1643 τοῦ
1773 1604 1881 1640 πο-

292 1683 489 1752 νηροῦ
512 1701 526 1715 ·
553 1686 647 1738 καὶ
667 1685 720 1738 τί
739 1686 1059 1756 διενήνοχεν,
1084 1685 1214 1749 ἴσως
1231 1686 1393 1756 ἐρεῖς,
1416 1683 1478 1737 τὸ
1504 1679 1879 1752 πειρασθῆναι,

292 1774 390 1830 καὶ
419 1774 480 1826 τὸ
501 1775 582 1837 είς
602 1776 908 1846 πειρασμὸν
931 1776 1194 1846 ἐμπεσεῖν
1226 1775 1344 1844 ήτοι
1375 1771 1665 1836 εἰσελθεῖν;
1699 1770 1756 1823 Ὀ
1785 1766 1881 1838 μὲν

291 1866 406 1934 γὰρ
438 1865 695 1936 ἡττηθεὶς
746 1866 854 1918 ὑπὸ
892 1865 987 1918 τοῦ
1023 1864 1292 1937 πονηροῦ,
1342 1863 1702 1935 ήττηθήσεται
1746 1857 1802 1911 δὲ
1828 1857 1876 1908 εἰ

295 1957 376 2028 μὴ
407 1957 744 2026 ἀγωνίζοιτο,
778 1958 1143 2030 ύπερασπίζοι
1172 1957 1229 2010 δὲ
1257 1955 1418 2010 αύτοῦ
1445 1956 1538 2008 καὶ
1560 1956 1588 2008 6
1617 1953 1768 2016 Θεὸς,
1798 1952 1876 2014 εἰς

1984 587 2080 640 καὶ
2128 587 2274 639 ἐστιν
2317 589 2375 639 ἐν
2416 586 2602 657 αὐτῷ,
2655 587 2749 642 καὶ
2795 587 2888 640 ὑπ’
2929 587 3090 641 αὑτὸν
3143 587 3330 659 ῶσπερ
3372 587 3560 658 ἀχθεὶς

1984 679 2353 750 αἰχμάλωτος·
2397 681 2426 732 6
2457 679 2514 732 δὲ
2543 679 2810 751 ἀντισχὼν
2843 680 2936 733 καὶ
2984 680 3314 750 ὑπομείνας,
3361 679 3558 738 πεπει-

1986 788 2177 844 ρασται
2221 770 2319 841 μὲν
2350 765 2501 834 οὗτος
2527 812 2542 835 ,
2588 772 2648 825 ού
2699 773 2805 842 μὴν
2849 775 2929 836 εἰς
2975 773 3278 844 πειρασμὸν
3311 774 3558 844 εἰσῆλθεν

1983 864 2102 934 ήτοι
2133 864 2414 917 ἐνέπεσεν·
2447 863 2656 934 ἀνήχθη
2682 864 2811 930 γοῦν
2839 866 2868 917 6
2899 864 3106 935 Ἰησοῦς
3135 865 3240 918 ὑπὸ
3260 865 3354 919 τοῦ
3391 866 3562 921 Πνεύ-

1987 972 2184 1024 ματος,
2208 956 2305 1007 οὐκ
2331 956 2407 1017 εἰς
2441 954 2743 1027 πειρασμὸν
2777 955 3058 1018 εἰσελθεῖν,
3088 955 3223 1009 ἀλλά
3253 957 3554 1029 πειρασθῆ-

1984 1065 2071 1100 ναι
2111 1046 2214 1100 ὑπὸ
2250 1045 2342 1100 τοῦ
2373 1045 2617 1099 διαϐόλου
2639 1062 2652 1075 ·
2701 1045 2796 1098 καί⁸
2830 1048 2858 1099 6
2911 1046 3161 1117 Ἀϐραὰμ
3193 1048 3292 1100 ούκ
3327 1050 3407 1111 εἰς
3439 1065 3558 1102 πει-

1985 1139 2193 1210 ρασμὸν
2219 1137 2494 1209 εἰσῆλθεν,
2533 1137 2648 1191 ἀλλ’
2676 1137 2796 1191 οὐδὲ
2829 1140 2908 1201 εἰς
2944 1139 3250 1210 πειρασμὸν
3292 1135 3427 1210 ἦγεν
3458 1141 3559 1194 αύ-

1981 1231 2073 1284 τὸν
2105 1235 2134 1286 6
2159 1232 2309 1295 Θεὸς,
2338 1229 2473 1284 ἀλλά
2505 1230 2826 1301 ἐπείραζεν,
2861 1231 2959 1283 οὐκ
2995 1232 3246 1285 ἐνέϐαλεν
3279 1232 3441 1287 αὐτὸν
3473 1235 3556 1300 εἰς

1983 1323 2283 1394 πειρασμόν
2305 1341 2318 1353 ·
2353 1324 2444 1376 καὶ
2469 1323 2630 1387 αὐτὸς
2655 1323 2709 1375 δὲ
2733 1325 2761 1376 6
2786 1323 2990 1396 Κύριος
3021 1324 3275 1396 ὲπείραζε
3298 1325 3423 1390 τοὺς
3455 1344 3558 1398 μα-

1983 1414 2178 1486 θητάς·
2209 1417 2238 1468 6
2272 1416 2368 1486 μὲν
2401 1414 2508 1486 γὰρ
2535 1415 2772 1486 πονηρὸς
2805 1417 3079 1486 πειράζων
3100 1458 3114 1481 ,
3150 1418 3229 1481 εἰς
3266 1420 3393 1483 τοὺς
3437 1438 3559 1474 πει-

1985 1505 2223 1576 ρασμοὺς
2249 1504 2506 1558 καθέλκει
2525 1546 2540 1571 ,
2563 1501 2651 1559 οἷα
2685 1505 2987 1577 πειραστὴς
3018 1506 3204 1560 κακῶν
3225 1525 3237 1538 ·
3269 1509 3297 1562 6
3329 1509 3385 1563 δὲ
3425 1509 3559 1575 Θεὸς

1982 1596 2277 1668 πειράζων,
2301 1598 2427 1661 τοὺς
2445 1600 2781 1668 πειρασμοὺς
2797 1600 3106 1671 παραφέρει
3129 1599 3204 1663 ὡς
3229 1600 3557 1672 ἀπείραστος

1980 1685 2185 1740 κακῶν·
2218 1688 2279 1738 '0
2296 1685 2405 1755 γὰρ
2423 1687 2584 1753 Θεὸς,
2605 1689 2788 1758 φησὶν,
2806 1689 3161 1757 ἀπείραστός
3182 1691 3314 1744 ἐστι
3331 1688 3555 1744 κακῶν.

1991 1776 2052 1830 Ὀ
2083 1777 2180 1847 μὲν
2205 1775 2315 1849 γὰρ
2341 1778 2583 1843 διάϐολος
2604 1779 2689 1831 ἐπ’
2712 1779 2931 1852 ὄλεθρον
2951 1781 3123 1834 ἕλκων
3147 1781 3413 1852 βιάζεται,
3443 1784 3472 1836 6
3497 1784 3556 1837 δὲ

1982 1864 2114 1931 Θεὸς
2141 1869 2235 1922 ἐπὶ
2258 1869 2533 1942 σωτηρίαν
2563 1871 2852 1941 γυμνάζων
2886 1875 3236 1944 χειραγωγεῖ.

371 2247 617 2305 Vidimus
643 2252 697 2303 in
728 2249 832 2318 fine
864 2248 1022 2317 primi
1053 2245 1404 2318 fragmenti‘a
1437 2243 1683 2318 Dionysia
1719 2241 1970 2311 scriptum
2004 2243 2166 2318 fuisse
2190 2244 2352 2318 etiam
2390 2243 2441 2296 in
2471 2241 2817 2318 Evangelium
2840 2243 3085 2318 Joannis.
3114 2243 3312 2318 [jeapse
3342 2247 3396 2298 in
3426 2246 3548 2303 rod.

302 2319 429 2375 Vat.
465 2320 624 2384 1996,
655 2321 696 2389 f.
728 2313 820 2382 τε,
843 2313 1159 2388 ρενυειιιειο,
1184 2331 1304 2369 ιωε.
1330 2314 1492 2383 ferme
1523 2330 1578 2377 χ,
1603 2313 1728 2367 olim
1761 2315 2065 2367 monasteria
2093 2314 2531 2384 Cryptoferrataz,
2557 2315 2612 2366 in
2641 2313 2760 2369 Cat.
2795 2315 2993 2368 inedita
3020 2317 3088 2369 ad
3113 2315 3202 2370 Jo.
3229 2333 3277 2371 c.
3308 2333 3428 2382 vm,
3465 2318 3554 2385 12,

291 2391 494 2463 legitur
521 2399 577 2444 ut
599 2408 691 2446 nos
718 2391 860 2459 infra
886 2389 1149 2459 ponimus.

362 2549 689 2605 Διονυσίου
713 2543 1186 2613 Ἀλεξανδρείας.
1204 2540 1342 2594 Τὸδὲ
1356 2538 1571 2609 etum-6
1593 2537 1760 2593 ἀΐδιον
1776 2537 1876 2607 τῆς
1907 2545 1949 2600 Β
1976 2535 2042 2589 ἂν
2069 2530 2138 2607 ἦν
2179 2535 2274 2588 καὶ
2303 2534 2483 2606 ἡμέρα
2506 2552 2520 2564 ·
2556 2533 2650 2588 νῦν
2687 2534 2744 2587 δὲ
2791 2535 2852 2588 ού
2886 2538 2996 2608 γὰρ
3029 2536 3197 2601 ἐστιν,
3246 2537 3557 2610 ἀρξαμένου

293 2644 647 2704 ὑποστάσεως
694 2637 984 2711 σημαίνει·
1028 2633 1368 2702 ἀπαύγασμα
1422 2632 1531 2703 γὰρ
1577 2630 1652 2684 ῶν
1697 2628 1872 2699 φωτὸς

291 2735 492 2797 ἀϊδίου,
515 2732 736 2794 πάντως
766 2729 856 2781 καὶ
881 2725 1043 2789 αὑτὸς
1077 2723 1244 2787 ἀΐδιος
1268 2724 1414 2775 ἐστιν
1433 2739 1446 2751 ·
1475 2721 1626 2784 ϐντος
1652 2719 1758 2792 γὰρ
1785 2718 1873 2772 ἀεὶ

289 2830 388 2886 τοῦ
422 2827 600 2899 φωτὸς
625 2866 641 2890 ,
681 2825 840 2896 δῆλον
864 2822 938 2886 ὼς
971 2821 1116 2873 ἔστιν
1149 2818 1237 2872 ἀεὶ
1273 2816 1367 2870 καὶ
1398 2813 1458 2868 τὸ
1495 2813 1834 2883 ἀπαύγασμα
1853 2829 1870 2842 ·

288 2924 451 2979 τοῦτο
498 2921 608 2994 γάρ
641 2920 669 2974 ὅ
706 2936 760 2972 τι
792 2916 906 2986 φῶς
951 2917 1068 2968 ἐστι
1115 2910 1194 2982 «τῷ
1240 2907 1605 2978 καταυγάζειν
1635 2907 1873 2970 νοεῖται,

289 3017 389 3072 καὶ
426 3014 543 3086 φῶς
579 3013 643 3067 ού
691 3009 912 3064 δύναται
949 3005 1023 3078 μὴ
1074 3001 1309 3075 φωτίζον
1351 2999 1523 3054 εἶναι·
1568 2997 1730 3053 πάλιν
1765 2995 1874 3069 γὰρ

289 3107 530 3182 ἧλθομεν
589 3106 681 3159 ἐπὶ
733 3103 804 3157 τά
863 3098 1320 3172 παραδείγματα·
1368 3095 1418 3146 εἰ
1466 3092 1611 3144 ἔστιν
1661 3090 1874 3162 ἡμέρα,

299 3201 450 3256 ῑστιν
481 3199 625 3269 αύγή
643 3216 656 3228 ·
690 3198 738 3250 εἰ
761 3193 1002 3248 τοιοῦτον
1027 3190 1188 3263 μηδέν
1215 3190 1351 3250 ἐστι,
1380 3183 1514 3238 πολύ
1540 3200 1602 3252 γε
1633 3183 1714 3236 δεῖ
1735 3199 1875 3252 παρ-

293 3293 433 3346 εῖναι
479 3289 658 3358 ἥλιον·
697 3287 744 3337 εἰ
781 3283 878 3354 μὲν
911 3276 1005 3334 οὖν
1048 3279 1217 3340 ἀΐδιος
1245 3271 1313 3346 ἦν
1339 3277 1368 3328 6
1397 3272 1566 3344 ἥλιος,
1596 3271 1873 3333 ἄπαυστος

1978 2643 2038 2681 τε
2079 2625 2319 2698 ἤρξατο,
2355 2626 2448 2680 καὶ
2480 2625 2785 2697 παυομένου
2834 2627 3096 2682 παύεται·
3139 2629 3167 2681 6
3206 2629 3264 2682 δέ
3311 2646 3374 2698 γε
3422 2630 3558 2694 Θεὸς

1979 2714 2196 2770 αἰώνιόν
2233 2718 2348 2768 ἐστι
2377 2715 2522 2785 φῶς,
2553 2715 2676 2770 οὔτε
2702 2717 3007 2789 ἀρξάμενον
3045 2717 3168 2772 οὔτε
3196 2719 3356 2790 λῆξον
3388 2720 3519 2774 ποτέ
3538 2739 3552 2753 ·

1979 2810 2074 2863 καὶ
2101 2807 2346 2862 σύνεστιν
2368 2808 2516 2880 αύτῷ
2545 2809 2608 2863 τὸ
2632 2810 2971 2882 ἀπαύγασμα
2997 2811 3229 2882 ἄναρχον
3256 2812 3351 2866 καὶ
3379 2813 3558 2882 ἀειγε-

1983 2902 2072 2966 νὲς
2095 2919 2109 2932 ·
2150 2901 2303 2965 όντος
2340 2896 2434 2955 οὖν
2466 2901 2682 2955 αἰωνίου
2713 2899 2807 2955 τοῦ
2840 2902 3055 2974 Πατρὸς
3074 2944 3089 2969 ,
3116 2902 3332 2966 αἰώνιος
3367 2904 3396 2956 6
3427 2904 3555 2968 Υἰός

1980 2996 2131 3058 ἐστι,
2162 2992 2278 3063 φῶς
2318 2994 2384 3047 ἐκ
2426 2993 2602 3062 φωτὸς
2635 2991 2737 3046 ὢν·
2781 2992 2960 3063 φωτὸς
3005 2994 3102 3064 μὲν
3133 2989 3224 3047 οὖν
3271 2993 3422 3057 ὄντος
3458 2992 3554 3047 τοῦ

1981 3084 2143 3150 Θεοῦ,
2173 3087 2200 3138 6
2227 3084 2461 3156 Χριστός
2478 3086 2624 3138 ἐστιν
2652 3085 3017 3156 ἀπαύγασμα·
3045 3084 3360 3155 Πνεύματος
3384 3084 3440 3137 δὲ
3466 3084 3555 3138 δν-

1975 3192 2089 3240 τος,
2118 3173 2360 3244 Πνεῦμα
2385 3174 2517 3247 γὰρ,
2547 3176 2732 3248 φησὶν,
2759 3180 2791 3231 ὀ
2825 3177 2990 3241 Θεὸς,
3022 3176 3300 3245 ἀναλόγως
3334 3175 3496 3231 πάλιν
3525 3178 3555 3230 6

1976 3266 2212 3338 Χριστὸς
2242 3267 2409 3337 ἀτμὶς
2442 3267 2712 3322 λέλεκται.

368 3620 450 3674 Ex
487 3618 610 3671 Vat.
639 3591 815 3669 eodice
839 3612 1096 3664 sumimus
1121 3609 1215 3662 hoc
1242 3605 1484 3675 Dionysii
1516 3601 1910 3675 (Alexandrini.
1943 3613 1998 3654 ut
2018 3603 2322 3675 ppinamur)
2359 3602 2710 3673 fragmentum
2743 3623 2760 3654 ι
2791 3602 2866 3658 De
2897 3602 3060 3672 lapsis
3091 3605 3159 3657 ad
3184 3605 3545 3675 penitentiam

291 3671 604 3756 reciniendis
635 3707 652 3738 ι
696 3685 832 3755 quod
864 3682 1159 3756 detractum
1193 3671 1402 3756 vitietuf.
1416 3692 1496 3756 ετ
1523 3674 1644 3744 ejus
1675 3671 1876 3742 operibu

2002 3671 2077 3727 ne
2108 3671 2459 3742 panitentia;
2480 3693 2498 3725 ι
2549 3690 2768 3744 quorum
2801 3676 2908 3729 tria
2953 3671 3328 3730 Vrommemorat
3363 3674 3556 3729 Hiero-

291 3746 481 3833 nymus
521 3781 538 3811 ι
565 3758 640 3813 De
665 3746 847 3825 séript.
878 3751 1004 3807 eccl.
1040 3771 1058 3804 ι
1097 3767 1212 3818 cap.
1251 3748 1317 3802 69
1358 3746 1454 3817 (l).

891 3909 1205 3966 ΔΙΟΝΥΣΙΟ
1215 3908 1273 3960 Υ.

363 4011 478 4066 Νῦν
524 4011 580 4064 δέ
625 4006 933 4062 τούναντίον
997 4001 1257 4071 ποιοῦμεν
1324 3993 1517 4069 ἡμεῖς·
1568 3995 1628 4049 δν
1679 3995 1791 4066 γὰρ
1842 3994 1871 4047 6

291 4107 525 4181 Χριστὸς
573 4102 777 4173 ἀγαθὸς
822 4099 896 4154 ῶν
942 4096 1033 4150 ἐπὶ
1082 4094 1150 4148 τά
1197 4093 1295 4165 ὅρη
1353 4090 1703 4162 πλανώμενον
1747 4093 1872 4142 ἐπι-

295 4202 445 4273 ζητεῖ
461 4240 476 4264 ,
507 4198 599 4252 καὶ
626 4193 1004 4264 ἀποφεύγοντα
1030 4185 1436 4260 προσκαλεῖται,
1461 4183 1556 4238 καὶ
1577 4181 1870 4254 εὑρεθέντα

294 4293 449 4364 μόλις
483 4290 575 4344 ἐπὶ
602 4287 711 4342 τῶν
739 4284 905 4356 ῶμων
940 4283 1085 4356 αἴρει
1105 4321 1120 4344 ,
1147 4279 1336 4333 τοῦτον
1378 4277 1669 4350 προσιόντα
1688 4316 1702 4339 ,
1739 4273 1870 4345 θρα-

291 4385 430 4448 σὲως
482 4379 947 4449 ἀπολακτίζομεν·
994 4372 1128 4429 ἀλλά
1189 4373 1262 4445 μὴ
1315 4370 1457 4425 θ’ύτω
1503 4369 1688 4432 κακῶς
1739 4366 1870 4439 περὶ

290 4479 498 4535 ἑαυτῶν
536 4471 950 4548 βουλευώμεθα,
981 4470 1055 4541 μὴ
1091 4468 1148 4522 δὲ
1196 4469 1275 4531 εἰς
1304 4467 1502 4530 αὐτοὺς
1536 4463 1764 4534 ὼθῶμεν
1809 4463 1871 4515 τὸ

291 4574 472 4642 ξίφος·
502 4571 552 4624 οἱ
589 4570 686 4640 μὲν
723 4565 832 4636 γὰρ
861 4564 1264 4622 ἀδικεῖν,τινας
1297 4559 1329 4630 ἢ
1371 4557 1678 4612 τούναντίον
1717 4557 1870 4627 εὐερ-

291 4669 471 4737 γετεῖν
500 4659 901 4735 ἐπιχειροῦντες
923 4698 937 4721 ,
978 4654 1220 4719 ἐκείνους
1254 4653 1352 4726 μὲν
1376 4653 1438 4706 ού
1467 4653 1687 4716 πάντως
1715 4652 1870 4724 ἕδρα·

1976 3902 2194 3956 ἐκπλεοι
2244 3899 2485 3953 ἔσονται·
2532 3896 2625 3951 καὶ
2675 3891 2819 3951 οὗτοι
2872 3897 2972 3967 μὲν
3017 3895 3264 3964 ἀγγέλων
3330 3895 3557 3970 ἀγαθῶν

1973 3995 2161 4048 ὀπαδοὶ
2194 3991 2289 4046 κατ⁹
2320 3990 2715 4061 ξυνοδοιπόροι,
2761 3990 2854 4043 καὶ
2898 3987 3086 4042 ἐνθάδε
3135 3987 3229 4041 καὶ
3273 3989 3416 4049 ἐκεῖ,
3457 3988 3552 4052 ξὺν

1973 4088 2123 4157 πάσῃ
2155 4085 2348 4157 εἰρήνῃ
2377 4083 2471 4137 καὶ
2500 4081 2780 4152 ἐλευθερίᾳ
2833 4081 3050 4135 πάντων
3088 4078 3305 4144 κακῶν,
3342 4080 3424 4150 εἰς
3459 4077 3551 4134 τὸν

1976 4180 2061 4236 ἀεὶ
2093 4179 2222 4232 ὅντα
2248 4176 2423 4230 αἰῶνα
2461 4174 2560 4238 τὰς
2602 4172 3027 4244 μακαριωτάτας
3070 4170 3550 4244 ἀποκληρώσονται

1975 4269 2153 4344 λήξεις
2172 4312 2187 4336 ,
2209 4269 2301 4324 καὶ
2328 4265 2465 4340 μετά
2493 4265 2628 4320 Θεοῦ
2656 4266 2742 4319 ἀεὶ
2770 4265 2982 4318 ἔσονται
3020 4263 3082 4316 τὸ
3112 4264 3326 4318 πάντων
3347 4263 3550 4334 ἀγαθὸν

1983 4367 2236 4438 μέγιστον
2256 4380 2270 4393 ·
2301 4358 2448 4416 οὗτοι
2477 4361 2535 4415 δέ
2565 4357 2964 4413 ἀποπεσοῦνται
2997 4357 3098 4426 τῆς
3126 4355 3274 4420 θείας
3302 4356 3418 4426 ἅμα
3453 4357 3553 4412 καὶ

1972 4461 2072 4531 τῆς
2099 4457 2308 4512 ἐαυτῶν
2344 4457 2598 4528 εἰρήνης,
2629 4455 2724 4507 καὶ
2769 4451 2956 4506 ἐνθάδε
3000 4452 3094 4505 καὶ
3135 4449 3274 4521 μετὰ
3319 4449 3554 4508 θάνατον

1975 4554 2093 4624 ἆμα
2118 4554 2231 4614 τοῖς
2263 4547 2624 4619 παλαμναίοις
2651 4545 2862 4598 ἔσονται
2896 4543 3147 4614 δαίμοσι·
3177 4542 3252 4613 μὴ
3289 4537 3382 4595 οὖν
3407 4541 3546 4600 ἀπο-

1975 4642 2322 4717 πεμπώμεθα
2359 4643 2484 4704 τοὺς
2527 4638 2986 4711 ἐπιστρέφοντας,
3026 4633 3140 4688 ἀλλ’
3180 4632 3431 4706 ἀσμένως
3455 4633 3552 4688 δε.

294 4726 394 4815 inv
424 4759 562 4830 ὅπερ
592 4726 895 4826 ήθέλησαν,
928 4751 1138 4811 ἑαυτοῖς
1171 4747 1226 4800 δὲ
1266 4746 1522 4817 κακίανῆ
1553 4745 1863 4815 ἀγαθότητα
1969 4737 2192 4810 χώμεθα
2213 4777 2228 4801 ,
2263 4736 2364 4830 καὶ
2396 4735 2540 4830 τοῖς-
2555 4730 2850 4786 ἀπλανέσιν
2896 4726 3313 4800 ἐναριθμῶμεν,
3350 4729 3446 4783 καὶ
3487 4728 3553 4789 τδ

286 4841 728 4918 ,σύνοικίσαντεμ
763 4846 796 4916 ἢ
830 4844 989 4898 θείων
1017 4840 1308 4913 ἀρετῶν,ἢ
1345 4839 1650 4894 ἀτιθάσσων
1678 4837 1866 4891 παθῶν

361 5061 442 5138 (Ι)
480 5061 607 5128 Mai,
649 5060 876 5116 Classici
906 5059 1179 5125 Auctor-es,
1209 5054 1256 5108 Χ
1278 5095 1292 5121 ,
1325 5051 1450 5107 ιει.

1973 4831 2217 4887 ἐλλεῖπον
2251 4825 2464 4896 ἀναπλη
2474 4824 2676 4896 ρῶμεν.
