3982 6346
480 380 616 434 11)οὸ

1933 377 2275 434 ADDENDA.

3605 368 3727 425 16“

1020 625 1400 737 ACTO
1438 625 1730 740 [tUM
1824 623 2344 737 SANCT'I
2450 578 3224 736 HlPPOLYTl

1333 836 1545 897 Griece
1583 843 1645 897 et
1681 836 1902 897 Latine
1933 833 2103 897 infra
2139 833 2159 915 (
2192 833 2312 896 col.
2344 833 2486 910 51η)
2549 832 2868 896 editorum

1709 1001 2146 1097 VEBSlO
2221 999 2586 1094 NOVA.

1069 1313 1480 1370 PROCEMIUM.

547 1407 588 1463 ι.
615 1406 945 1477 imperatore
969 1405 1198 1461 Claudio
1237 1423 1361 1461 cum
1401 1417 1546 1462 esset
1586 1407 1823 1463 vicarius
1863 1406 2053 1479 Ulpius

476 1499 760 1561 Romulus.
780 1499 1071 1553 vehemens
1091 1499 1293 1553 exarsit
1311 1498 1716 1555 inChristianos
1732 1503 2050 1569 persecutio.

473 1589 608 1644 Nam
623 1590 954 1645 Censorinus
968 1590 1220 1660 magister
1234 1591 1554 1658 olﬁciorum,
1573 1594 1782 1647 occulte
1797 1593 2056 1650 Christia-

476 1697 580 1736 nus
615 1696 678 1736 ac
704 1680 899 1735 timens
926 1679 1114 1745 Deum,
1134 1696 1163 1733 a
1182 1681 1465 1750 praesentia
1494 1682 1708 1750 quidem
1743 1694 2057 1754 conspectu-

476 1790 583 1844 que
600 1772 939 1843 imperatoris
950 1771 1161 1827 Claudii
1185 1788 1288 1825 non
1304 1773 1614 1840 recedebat;
1641 1774 1686 1828 si
1707 1791 1843 1845 quos
1868 1785 2049 1832 tamen

476 1866 701 1921 vidisset
727 1881 756 1919 e
780 1863 1107 1919 Christianis
1140 1864 1207 1919 ad
1233 1875 1462 1919 mortem
1494 1866 1578 1920 vel
1604 1881 1875 1921 carcerem
1901 1868 2048 1932 duci,

474 1958 614 2013 clam
645 1971 740 2012 eos
773 1955 1166 2023 conﬁrmabat,
1211 1965 1265 2010 et
1307 1958 1487 2026 quoad
1538 1968 1750 2027 poterat
1795 1959 2051 2014 alimenta

477 2052 561 2107 his
591 2052 683 2121 qui
725 2052 779 2105 in
817 2051 1063 2106 custodia
1093 2057 1148 2105 et
1180 2051 1411 2106 vinculis
1438 2060 1595 2107 erant
1619 2053 1998 2123 suppeditabat
2033 2067 2048 2106 :

472 2146 603 2214 quin
654 2145 817 2198 etiam
865 2144 1270 2200 catechumenis
1335 2152 1534 2215 praesto
1572 2153 1701 2199 erat
1744 2144 2050 2200 ministerio

475 2236 647 2290 verbi.
682 2236 802 2302 Quo
840 2237 1025 2308 agnito
1053 2236 1313 2291 Claudius
1341 2234 1524 2290 Caesar
1550 2237 1723 2291 iratus
1748 2236 1925 2307 ipsum
1954 2252 2050 2307 ap-

474 2326 732 2394 prehendi
759 2366 773 2389 ,
820 2336 875 2381 et
916 2326 1019 2381 sibi
1069 2341 1252 2381 coram
1308 2325 1423 2381 sisti
1472 2325 1626 2395 jubet
1668 2344 1681 2380 :
1726 2335 2046 2396 praesentem

471 2432 604 2471 vero
637 2417 723 2478 his
750 2432 916 2487 prope
941 2418 1122 2471 verbis
1154 2418 1422 2471 allocutus
1450 2425 1536 2472 est
1570 2435 1583 2470 :
1620 2415 1699 2471 Tu
1742 2432 1802 2472 es
1840 2417 1924 2471 vir
1958 2417 2048 2471 ille

472 2508 698 2563 deorum
733 2509 941 2574 cultor,
978 2519 1289 2580 nostraeque
1322 2509 1621 2579 maiestatis
1649 2523 1827 2579 praeco
1858 2523 2048 2579 perpe-

471 2601 638 2657 tuus?
675 2600 938 2672 Equidem
969 2612 1153 2657 nostra
1184 2602 1469 2658 clementia
1499 2603 1771 2658 neminem
1803 2618 2044 2672 unquam

2082 1327 2126 1380 Α
2159 1316 2396 1385 luptates
2439 1320 2853 1382 temporaneas,
2911 1320 3078 1383 atque
3126 1316 3402 1384 agnoscite
3448 1312 3729 1370 Dominum

2160 1419 2401 1466 nostrum
2445 1406 2633 1464 Iesum
2659 1407 2959 1472 Christum,
3009 1419 3330 1478 perpetuum
3377 1423 3601 1479 regem,
3645 1414 3732 1478 qui

2156 1510 2273 1558 erat
2299 1510 2425 1556 ante
2456 1498 2675 1565 saecula,
2706 1498 2800 1569 qui
2821 1498 2985 1552 etiam
3010 1498 3190 1553 veniet
3210 1498 3562 1567 judicaturus
3591 1501 3736 1553 vivos

2154 1601 2210 1647 et
2240 1600 2506 1656 mortuos,
2550 1598 2605 1643 et
2635 1587 2891 1644 saeculum
2919 1587 3064 1642 istud
3095 1602 3193 1657 per
3220 1587 3423 1656 ignem.
3464 1587 3733 1654 Quoniam

2154 1682 2451 1754 pertransit
2478 1687 2726 1735 nostrum
2748 1695 2947 1744 aevum,
2976 1690 3032 1734 et
3062 1679 3261 1734 coelum
3290 1694 3358 1734 ac
3390 1688 3535 1733 terra
3558 1688 3734 1733 trans-

2155 1776 2314 1830 ibunt
2349 1792 2362 1827 :
2401 1760 2668 1827 Dominus
2699 1779 2878 1825 autem
2930 1779 3116 1825 noster
3159 1768 3320 1825 Jesus
3361 1769 3619 1826 Christus
3658 1778 3736 1824 est
3778 1835 3784 1838 _

2154 1881 2404 1936 semper,
2445 1872 2609 1934 atque
2651 1862 2793 1918 idem
2829 1862 2952 1916 erit.
2993 1861 3264 1917 Custodes
3304 1875 3440 1915 vero
3486 1861 3736 1914 dixerunt

2152 1959 2311 2014 beato
2352 1956 2591 2011 Maximo
2629 1955 2944 2025 presbytero
2980 1973 2993 2007 :
3031 1952 3098 2007 Et
3141 1952 3274 2023 quid
3320 1950 3591 2007 faciemus
3632 1966 3728 2022 pro

2152 2050 2295 2115 isto,
2337 2063 2499 2119 quem
2541 2055 2601 2103 tu
2630 2045 2997 2117 deprzedicas,
3044 2060 3209 2113 quem
3257 2044 3512 2099 novimus
3548 2058 3729 2114 perea

2150 2161 2273 2215 quae
2310 2159 2343 2198 a
2390 2152 2444 2198 te
2482 2141 2627 2198 dicta
2659 2149 2808 2206 sunt,
2837 2156 2901 2195 ac
2930 2155 3027 2210 per
3052 2139 3209 2210 signa
3247 2139 3365 2209 ipsa
3401 2138 3458 2193 in
3484 2138 3603 2209 ejus
3631 2153 3727 2192 no-

2148 2238 2298 2291 mine
2322 2242 2556 2306 patrata,
2593 2232 2813 2303 quando
2846 2231 3019 2301 ipsius
3047 2230 3315 2302 potentia,
3350 2230 3567 2299 tuisque
3597 2244 3723 2299 pre—

2150 2328 2306 2383 cibus
2335 2326 2551 2382 vincula
2590 2324 3038 2394 disrumpuntur?
3076 2322 3276 2379 Beatus
3307 2323 3587 2394 presbyter
3618 2320 3727 2376 Ma-

2152 2420 2333 2475 ximus
2362 2403 2642 2490 respondit
2670 2436 2684 2472 :
2711 2416 3028 2487 Baptizatur
3052 2415 3440 2486 unusquisque
3466 2423 3725 2479 vestrum,

2147 2522 2203 2568 et
2246 2512 2436 2568 credat
2486 2510 2542 2565 in
2593 2507 2870 2564 Christum
2930 2506 3128 2562 Filium
3165 2506 3262 2563 Dei
3304 2525 3319 2562 :
3360 2506 3459 2562 sed
3499 2516 3554 2561 et
3594 2519 3726 2560 vana

2148 2604 2291 2660 idola
2321 2602 2665 2672 derelinquat
2706 2609 2761 2655 et
2794 2600 3093 2671 poeniteat;
3137 2613 3203 2653 eo
3235 2596 3724 2669 quodiguorantes

471 2694 853 2751 administrum
889 2695 1077 2766 rejecit
1107 2714 1120 2749 :
1152 2695 1262 2749 imo
1299 2711 1428 2751 vero
1474 2695 1541 2751 ad
1583 2710 1772 2751 eorum
1815 2694 2043 2752 famula-
2076 2689 2119 2745 B
2149 2695 2568 2766 blasphemastis
2611 2707 2814 2747 nomen
2862 2689 3055 2761 ipsius,
3096 2698 3472 2760 praetereaque
3510 2698 3724 2743 sanctos

474 2795 587 2841 tum
618 2801 721 2842 nos
754 2786 973 2841 omnino
1010 2785 1403 2855 rempublicam
1443 2785 1773 2857 dirigentes,
1817 2784 2045 2841 feliciter

470 2878 857 2949 gubernamus.
901 2877 1039 2933 Tum
1064 2880 1396 2938 Censorinus
1423 2878 1702 2949 respondit
1736 2898 1751 2934 :
1797 2878 1911 2949 Ego
1966 2889 2046 2934 te-

470 2969 788 3026 stimonium
839 2969 1017 3025 dicam
1064 2969 1132 3024 de
1181 2969 1409 3024 Domino
1448 2983 1582 3023 meo
1620 2967 1747 3023 Jesu
1783 2969 2041 3037 Christo;

469 3061 727 3131 quoniam
761 3061 877 3129 ipse
923 3068 1003 3114 est
1044 3074 1209 3137 verus
1252 3058 1430 3124 Deus,
1481 3059 1575 3128 qui
1613 3059 1944 3126 cruciﬁxus,
1991 3069 2047 3116 et

470 3151 714 3220 sepultus
744 3149 864 3214 fuit,
894 3158 948 3204 et
981 3148 1278 3204 resurrexit
1309 3148 1464 3202 tertia
1489 3148 1595 3214 die,
1624 3149 2045 3220 advigilantibus

467 3244 562 3313 qui
585 3258 710 3298 eum
739 3243 889 3297 cruci
911 3240 1241 3296 suﬁixerant.
1266 3239 1317 3296 Is
1342 3249 1695 3312 posteaquam
1726 3244 2042 3312 resurrexit,

468 3336 586 3392 suis
628 3335 879 3405 apparuit
924 3334 1126 3390 sanctis
1172 3334 1475 3403 discipulis,
1528 3335 1704 3406 iisque
1733 3336 2043 3392 videntibus

468 3425 714 3482 ascendit
744 3424 810 3480 ad
841 3424 1030 3480 caelos.
1063 3423 1163 3480 Hic
1190 3426 1393 3480 nostris
1426 3426 1761 3496 temporibus
1791 3428 2044 3498 dignatus

466 3527 551 3571 est
568 3516 821 3571 advenire
847 3531 880 3570 a
900 3513 1060 3569 Patre
1083 3528 1207 3579 suo,
1231 3523 1285 3570 et
1307 3517 1458 3569 nasci
1488 3530 1520 3570 e
1548 3525 1736 3570 ventre
1764 3514 1999 3587 Virginis
2026 3535 2040 3572 :

468 3620 533 3661 ac
561 3605 676 3676 ipse
708 3604 926 3675 quidem
956 3604 1239 3659 descendit
1266 3604 1320 3659 in
1348 3613 1547 3660 terram
1576 3605 1856 3661 hominum
1885 3623 2040 3663 amo-

466 3713 547 3764 re,
578 3698 748 3754 etnlos
779 3712 888 3753 non
910 3697 1310 3769 derelinquens.
1342 3697 1422 3752 Ad
1449 3697 1565 3752 hac
1594 3698 1764 3755 iratus
1782 3698 2043 3756 Claudius

467 3790 651 3847 dixit;
684 3788 916 3853 Insanis,
940 3787 1244 3845 Censorine
1275 3809 1287 3843 :
1322 3800 1375 3844 et
1401 3789 1689 3845 confestim
1711 3791 1902 3848 abduci
1922 3793 2043 3863 jus-

468 3883 542 3938 sit
583 3899 680 3954 per
711 3884 911 3938 milites
952 3883 1021 3937 ad
1066 3882 1371 3955 Ostiensem
1415 3883 1722 3949 civitatem,
1767 3885 1949 3957 ibique
1987 3886 2042 3941 in

2147 2788 2442 2844 alﬁixistis.
2481 2784 2635 2841 Tunc
2666 2798 2776 2839 una
2812 2792 2992 2838 mente
3019 2797 3211 2837 omnes
3237 2823 3253 2849 ,
3305 2795 3504 2852 nempe
3547 2779 3729 2843 Feiix.

2147 2882 2438 2947 Maximus,
2468 2877 2787 2941 Faustinus,
2830 2872 3211 2941 Herculianus,
3240 2872 3560 2940 Numerius,
3611 2872 3731 2928 Sto-

2147 2974 2403 3037 racinus,
2448 2971 2670 3035 Menas,
2718 2968 3104 3045 Commodius,
3156 2965 3419 3033 Hermes,
3468 2964 3732 3029 Maurus,

2148 3064 2438 3129 Eusebius,
2474 3061 2774 3127 Rusticius,
2798 3059 3136 3127 Monacrius,
3162 3057 3527 3122 Amandinus,
3549 3055 3734 3128 Olymo

2146 3160 2271 3230 pius
2295 3197 2310 3223 ,
2345 3156 2609 3229 Cyprius,
2647 3170 2770 3210 cum
2808 3152 3100 3208 Theodoro
3144 3151 3402 3216 tribuno,
3456 3150 3523 3205 ad
3571 3150 3733 3220 pedes

2147 3249 2449 3306 beatissimi
2491 3245 2790 3318 presbyteri
2839 3243 3061 3299 Maximi
3087 3242 3252 3298 simul
3289 3257 3350 3297 se
3388 3241 3729 3313 abiecerunt,

2144 3340 2505 3413 postulantes,
2555 3338 2636 3392 uti
2662 3345 2853 3392 sancto
2879 3335 3205 3406 baptismate
3241 3333 3440 3403 dignos
3466 3344 3729 3389 censeret.

2145 3431 2238 3487 Ille
2265 3431 2335 3486 ad
2364 3430 2499 3496 haec,
2526 3443 2627 3500 pro
2659 3435 2922 3483 consueto
2942 3425 3050 3480 ritu
3078 3440 3206 3481 cum
3235 3426 3526 3479 universos
3558 3422 3733 3493 perfe-

2145 3522 2332 3587 cisset,
2360 3518 2604 3575 vestibus
2655 3531 2687 3571 a
2738 3516 2896 3571 beata
2927 3515 3137 3586 Chryse
3179 3513 3484 3595 adornatis,
3510 3514 3731 3570 eadem-

2144 3629 2251 3684 que
2302 3611 2507 3668 cibaria
2540 3609 2607 3665 ad
2638 3609 2840 3663 victum
2890 3608 3377 3675 subministrante;
3433 3607 3732 3677 baptizavit

2144 3719 2333 3760 onmes
2363 3704 2416 3757 in
2449 3702 2668 3757 nomine
2693 3700 2896 3770 Patris,
2924 3708 2978 3755 et
2998 3698 3143 3766 Filii,
3164 3708 3219 3755 et
3248 3698 3486 3769 Spiritus
3512 3700 3729 3755 sancti:

2145 3795 2437 3851 illuminati
2464 3794 2702 3864 denique
2728 3807 2913 3849 secum
2945 3792 3249 3847 retulerunt
3278 3792 3508 3865 gratiam
3540 3789 3727 3846 omni-

2144 3887 2383 3960 potentis
2414 3885 2532 3943 Dei.
2577 3884 2890 3940 Adveniens
2929 3892 3113 3940 autem
3158 3895 3328 3938 noctu
3374 3882 3735 3938 beatissimus

468 3977 716 4033 custodia
769 3978 1021 4034 detineri.
1068 3977 1145 4032 Eo
1189 3992 1313 4033 cum
1357 3984 1502 4032 esset
1547 3977 1817 4034 abductus
1841 4018 1857 4045 ,
1895 3979 2040 4034 haud
2071 4032 2112 4054 η
2144 3981 2407 4054 Cyriacus
2433 3979 2723 4050 cpiscopus
2747 4019 2763 4045 ,
2823 3978 2974 4049 ipsos
3008 3993 3317 4049 pertingens
3350 3976 3558 4031 Christi
3592 3976 3741 4030 clm-

471 4072 662 4142 procul
685 4071 753 4127 ab
781 4073 916 4128 urbe
946 4071 1143 4134 Roma,
1178 4073 1272 4126 sed
1302 4070 1555 4141 passibus
1583 4069 1753 4127 ferme
1783 4087 1852 4127 xv
1886 4072 2045 4127 milli-
2069 4067 2114 4093 “‘
2147 4077 2319 4129 smate
2353 4071 2618 4143 signavit,
2650 4069 3017 4141 erudiensque
3048 4070 3105 4125 in
3130 4069 3378 4126 doctrina
3406 4067 3551 4135 ﬁdei,
3580 4076 3735 4139 post—

469 4165 611 4222 bus.
667 4178 886 4218 carcere
930 4172 986 4219 et
1021 4162 1257 4217 vinculis
1307 4161 1640 4218 constrictus
1681 4161 1870 4218 laudes
1929 4162 2041 4220 Deo

471 4256 823 4312 submittebat
850 4256 938 4311 die
967 4268 1261 4326 noctuque.

542 4348 607 4404 il.
645 4348 702 4403 In
730 4349 917 4404 eodem
961 4349 1082 4403 loco
1115 4362 1281 4418 prope
1309 4348 1484 4418 ipsam
1515 4346 1820 4403 Ostiensem
1850 4349 2041 4425 civitaj

470 4450 602 4505 tem,
642 4442 890 4512 princeps
915 4442 1159 4512 quaadam
1202 4441 1330 4495 hera
1368 4440 1760 4509 diversabatur,
1805 4442 2041 4513 impera-

469 4532 614 4587 torio
642 4548 855 4602 genere,
888 4533 1108 4587 nomine
1137 4532 1345 4602 Chryse
1364 4570 1378 4591 .
1414 4546 1538 4602 qua:
1568 4532 1753 4602 plures
1787 4548 2039 4603 perpessa

469 4624 914 4693 persecutiones,
960 4633 1012 4678 et
1055 4623 1449 4687 condemnata,
1502 4639 1627 4678 cum
1661 4623 1768 4693 piis
1812 4624 1943 4680 viris
1988 4639 2043 4679 et

470 4713 772 4785 virginibus
815 4716 869 4769 iu
922 4731 1023 4770 suo
1052 4716 1251 4785 praedio
1283 4714 1384 4770 sibi
1409 4715 1512 4785 ipsi
1543 4716 1785 4771 vacabat.
1831 4715 1955 4773 Haec
1980 4714 2038 4772 S.

468 4806 769 4862 Censorino
794 4822 825 4861 e
851 4806 1015 4861 domo
1042 4822 1139 4861 sua
1169 4807 1412 4877 quotidie
1436 4810 1637 4863 victum
1664 4808 1993 4880 largiebatur
2024 4827 2037 4863 :

471 4899 753 4970 ipsiusque
777 4898 992 4954 vincula
1020 4900 1253 4970 propriis
1282 4901 1535 4956 manibus
1561 4901 1810 4966 abluens,
1854 4901 2041 4957 oculos

472 5002 527 5047 et
554 4991 747 5048 faciem
802 4992 1060 5063 tergebat.
1103 4991 1270 5048 Erant
1315 4993 1370 5051 in
1404 4994 1592 5049 eodem
1625 4994 1745 5049 loco
1770 4993 2042 5049 Maximus

472 5084 756 5156 presbyter
786 5085 1186 5151 sanctissimus,
1225 5098 1279 5141 et
1306 5086 1610 5142 Archelaus
1635 5086 1919 5151 diaconus,
1948 5086 2041 5155 qui

474 5178 705 5247 singulis
743 5177 937 5233 diebus
971 5176 1081 5231 Deo
1116 5178 1379 5233 sacriﬁcia
1405 5177 1702 5234 oﬂ‘erehant
1731 5194 1855 5234 cum
1886 5179 2043 5249 hym-

475 5269 561 5322 nis
593 5279 645 5324 et
677 5269 949 5325 laudibus.
1007 5272 1086 5325 Ac
1134 5271 1479 5326 beatissimus
1508 5271 1727 5341 quidem
1760 5272 2042 5343 presbyter

2147 4180 2313 4236 quam
2347 4163 2539 4230 abluit,
2569 4161 2912 4231 consignavit
2932 4162 3087 4232 signo
3121 4162 3327 4218 crucis.

2163 4295 2167 4299 .
2218 4257 2305 4312 ill.
2344 4255 2556 4313 Interea
2593 4254 2798 4311 sutoris
2826 4254 3135 4324 cujusdam,
3174 4254 3267 4326 qui
3294 4254 3486 4310 eodem
3512 4253 3570 4308 in
3606 4253 3737 4309 loco

2146 4352 2500 4417 morabatur,
2537 4349 2682 4404 ﬁlius
2725 4347 3012 4404 defunctus
3057 4356 3161 4411 est,
3212 4362 3278 4402 ac
3316 4346 3739 4404 transeuntibus

2147 4444 2322 4502 beatis
2351 4443 2580 4515 Cyriaco
2607 4449 2664 4496 et
2691 4439 2930 4496 Maximo
2963 4457 3088 4497 cum
3121 4442 3278 4497 beata
3308 4441 3538 4512 Chryse,
3570 4440 3740 4509 ipsis-

2146 4553 2254 4609 que
2291 4536 2455 4591 etiam
2503 4532 2708 4591 sanctis
2745 4532 2949 4590 Christi
2996 4533 3296 4600 militibus,
3330 4530 3739 4587 lamentabatur

2149 4640 2303 4684 sutor
2332 4637 2561 4683 mortem
2595 4628 2693 4682 ﬁlii
2720 4627 2829 4684 sui.
2877 4625 3035 4683 Tunc
3078 4626 3430 4682 beatissimus
3459 4622 3739 4679 Maximus

2147 4722 2428 4793 presbyter
2452 4721 2626 4776 sutori
2651 4720 2785 4777 dixit
2821 4737 2836 4774 :
2866 4719 3042 4775 Crede
3067 4721 3121 4773 in
3151 4716 3447 4773 Dominum
3477 4726 3737 4770 nostrum

2146 4815 2330 4872 Jesum
2354 4814 2632 4873 Christum
2666 4815 2723 4870 in
2754 4823 3055 4885 conspectu
3087 4813 3332 4868 omnium
3364 4819 3633 4870 nostrum,
3668 4825 3741 4864 ac

2148 4918 2204 4963 tu
2251 4909 2432 4975 vives,
2481 4916 2537 4963 et
2577 4907 2749 4962 tilium
2794 4914 2948 4960 tuum
2988 4904 3238 4974 recipies.
3277 4905 3373 4957 llle
3421 4917 3552 4956 vero
3600 4916 3739 4955 cum

2148 5001 2403 5072 lacrymis
2434 5018 2451 5055 :
2484 4998 2541 5053 ln
2579 5013 2743 5069 quem
2791 4995 3049 5052 credam?
3100 4995 3214 5049 ait:
3243 4994 3297 5048 in
3330 5008 3454 5048 eum
3497 4991 3739 5057 scilicet,

2148 5095 2235 5150 cui
2292 5093 2362 5148 ab
2409 5091 2773 5147 adolescentia
2819 5104 2942 5144 mea
3001 5103 3151 5143 nunc
3192 5101 3368 5155 usque
3423 5082 3739 5139 maledixi?

2147 5184 2417 5241 Maximus
2472 5183 2755 5253 presbyter
2811 5178 2951 5235 dixit
2997 5200 3010 5233 :
3054 5175 3438 5233 Prenileudum
3493 5174 3594 5229 tibi
3644 5181 3739 5228 est

2147 5292 2336 5335 eorum
2367 5291 2489 5346 quae
2520 5273 2719 5338 fecisti,
2748 5271 3194 5343 quandoquidem
3233 5267 3614 5339 pmnitentium
3643 5275 3741 5322 est

473 5356 743 5416 Maximus
800 5362 858 5416 in
893 5361 1110 5416 Domini
1171 5365 1338 5417 nostri
1390 5361 1518 5419 Jesu
1571 5364 1772 5420 Christi
1825 5363 2044 5419 nomine
2075 5369 2292 5461 DDeus
2326 5376 2531 5433 noster,
2577 5381 2689 5421 non
2738 5365 2971 5421 reddens
3009 5363 3310 5420 secundum
3360 5369 3579 5431 peccata
3623 5371 3738 5413 no-

472 5453 791 5509 admiranda
817 5469 1060 5524 eousque
1088 5454 1434 5523 operabatur.
1485 5463 1542 5508 ut
1589 5453 1885 5524 aliquando
1910 5468 2045 5508 con-

390 5538 395 5544 ”
475 5546 697 5602 veniens
725 5547 1109 5612 Censorinum,
1151 5545 1332 5601 subito
1368 5544 1514 5601 illius
1559 5546 1774 5601 vincula
1811 5560 1842 5599 e
1872 5544 2046 5598 mani~

2146 5470 2280 5521 stra,
2308 5459 2401 5520 sed
2437 5457 2645 5514 faciens
2671 5457 2971 5512 secundum
3002 5470 3253 5526 magnam
3296 5449 3734 5508 misericordiam

2147 5562 2324 5604 suam.
2374 5548 2446 5600 At
2495 5556 2650 5602 sutor
2694 5546 2832 5601 dixit
2861 5566 2874 5600 :
2910 5545 3051 5615 Ergo
3101 5530 3371 5615 baptizate
3407 5557 3496 5596 me
3531 5541 3587 5593 in
3622 5555 3733 5593 ηοε-

477 5637 579 5691 bus
623 5638 952 5707 pedibusque
995 5637 1441 5692 dissolverentur.
1494 5634 1649 5691 Tunc
1695 5634 1943 5705 aperiens
1984 5649 2047 5690 os
2148 5638 2294 5692 mine
2343 5635 2549 5706 ipsius,
2596 5642 2659 5690 ut
2704 5634 2943 5690 credam.
2986 5633 3143 5690 Tunc
3192 5632 3499 5703 baptizatus
3541 5639 3623 5683 est
3661 5627 3731 5681 in

476 5744 635 5784 suum
662 5730 1008 5785 beatissimus
1034 5728 1334 5799 presbyter,
1364 5744 1660 5784 conversus
1687 5728 1755 5783 ad
1786 5727 1964 5798 ipsum
1996 5737 2050 5782 et
2148 5729 2367 5785 nomine
2419 5738 2620 5784 sancta:
2649 5726 2931 5782 Trinitatis
2957 5768 2972 5792 ,
3022 5726 3307 5795 factusque
3344 5722 3685 5778 Christianus
3705 5756 3727 5783 ,

476 5821 764 5889 custodes,
804 5822 879 5878 ait
910 5840 923 5875 :
958 5820 1195 5886 Fratres.
1242 5823 1531 5884 relinquite
1560 5822 1834 5880 daemones
1864 5831 1919 5880 et
1948 5836 2046 5879 vo-
2148 5830 2503 5882 posteaquam
2548 5818 2789 5877 susceuit
2828 5818 3045 5878 sianum
3097 5817 3339 5877 Christi.
3389 5812 3627 5877 «audens
3661 5819 3731 5866 ει
