3982 6346
301 365 442 422 16θῦ

1213 365 1544 423 ACTORUM
1589 364 1647 422 S.
1690 364 2057 420 HIPPOLYTI
2102 366 2350 426 VE'lSlO
2390 370 2602 428 NOVA.

3411 379 3549 436 1606

296 492 577 544 exsultans
612 504 862 545 reversus
904 498 988 543 est
1020 489 1085 543 ad
1135 490 1303 545 ﬁlium
1334 506 1514 545 suum.
1561 490 1731 557 Quam
1776 489 1864 543 ubi
1897 499 1942 548 Α
1972 490 2144 558 ipsam
2199 492 2252 546 in
2298 502 2414 548 rota
2459 495 2719 566 suspendi
2767 495 2955 565 jussit.
3002 496 3139 552 Dum
3193 507 3374 581 autem
3427 498 3550 569 ejus

222 568 227 572 ’
296 582 577 653 conspexit
623 581 889 638 Maximus
936 584 1235 655 presbyter,
1272 600 1379 639 non
1444 585 1562 641 sine
1612 586 1887 658 lacrymis'

295 676 435 731 dixit
470 693 484 731 :
522 675 745 731 Domine
783 673 913 733 Iesu
956 676 1193 741 Christe,
1233 678 1326 748 qui
1354 679 1605 750 dignatus
1651 696 1712 736 es
1756 680 1866 737 for-

296 783 442 824 mam
475 769 617 825 servi
646 769 911 839 accipere,
940 778 1001 824 ut
1052 786 1083 825 a
1135 771 1394 827 servitute
1433 773 1632 828 diaboli
1677 789 1778 828 nos
1808 775 1868 828 li-

298 860 541 926 berares;
571 861 780 931 respice
822 861 877 921 in
922 876 1059 933 opus
1104 878 1363 919 manuum
1399 875 1635 929 tuarum,
1668 875 1729 921 ut
1773 882 1866 922 co-

287 942 525 1023 'gnoscat
552 965 602 1010 te
632 954 940 1010 eﬁ‘ectorem
967 964 1021 1011 et
1049 967 1444 1025 procreatorem
1478 973 1658 1013 suum.
1712 958 1865 1015 Tunc

295 1045 645 1102 beatissimus
677 1046 937 1118 Cyriacus
967 1048 1259 1119 episcopus
1291 1048 1431 1104 dixit
1467 1069 1479 1104 :
1518 1048 1765 1115 Domine,
1810 1053 1864 1107 in

296 1148 393 1194 tuo
441 1138 663 1194 nomine
717 1154 892 1210 genua
952 1150 1139 1195 nostra
1192 1140 1407 1211 ﬁgimus
1444 1161 1458 1197 :
1494 1158 1728 1213 cumque
1766 1144 1859 1200 diu

295 1238 578 1295 orassent,
627 1230 702 1284 ait
766 1231 961 1285 iterum
1008 1231 1067 1286 Β.
1103 1232 1411 1303 Cyriacus:
1457 1232 1683 1290 Domine
1733 1234 1860 1291 Jesu

293 1319 532 1386 Christe,
569 1321 661 1390 qui
707 1330 926 1390 propter
958 1321 1363 1377 miserationem
1414 1322 1736 1377 immensam
1778 1331 1862 1377 at-

295 1429 404 1483 que
443 1413 722 1466 hominum
757 1402 984 1467 salutem
1015 1413 1117 1469 sub
1141 1412 1336 1469 Pontio
1363 1412 1537 1469 Pilato
1567 1414 1862 1471 cruciﬁxus

295 1518 378 1563 es.
407 1504 498 1573 qui
529 1503 790 1559 Lazarum
823 1505 1121 1570 suscitasti,
1154 1515 1207 1561 et
1242 1507 1461 1561 unicum
1491 1507 1668 1562 vidum
1692 1507 1859 1562 ﬁlium

295 1593 364 1645 ad
413 1593 581 1647 vitam
636 1596 921 1659 revocasti,
966 1596 1189 1652 ostende
1211 1597 1372 1651 etiam
1402 1613 1548 1653 nunc
1593 1599 1863 1655 mirabilia

296 1678 390 1738 tua
423 1684 481 1739 in
514 1685 619 1741 isto
648 1685 849 1743 famulo
872 1697 987 1753 tuo,
1043 1699 1100 1743 ut
1151 1699 1441 1760 cognoscat
1487 1700 1537 1746 te
1565 1690 1734 1747 Deum
1782 1694 1865 1748 vi-

294 1790 424 1829 vum
455 1785 507 1830 et
539 1792 723 1831 verum
762 1778 815 1832 in
849 1779 1201 1833 renovatione
1225 1794 1345 1847 sua,
1387 1781 1513 1850 quia
1546 1792 1860 1851 procreator

1974 585 2121 638 nervi
2151 580 2607 652 distraherentur,
2653 588 2906 646 alacriter
2936 590 3025 645 illa
3057 600 3113 645 et
3144 591 3550 661 speciosissimo

1972 676 2123 733 vultu
2176 677 2326 748 loqui
2378 679 2542 747 coapit
2584 696 2598 731 :
2642 678 2854 736 Gratias
2902 681 2998 736 tibi
3050 681 3264 749 refero,
3319 680 3551 738 Domine

1971 768 2099 823 Jesu
2131 767 2346 825 Christe
2369 810 2386 836 ,
2429 770 2523 840 qui
2560 786 2645 826 me
2676 787 2743 827 ex
2778 770 2971 828 inferis
2999 773 3068 828 ad
3100 773 3344 829 caelestia
3377 773 3549 830 subli-
3638 842 3643 851 ἢ

1971 860 2081 914 mia
2133 860 2387 931 dignatus
2415 877 2475 917 es
2507 862 2737 918 elevare.
2782 865 2863 918 Ad
2901 880 3065 934 quam
3092 864 3331 920 vicarius
3358 864 3495 921 dixit
3528 881 3546 921 :

1975 950 2266 1008 Videamus
2292 967 2363 1007 an
2391 953 2614 1008 veniens
2651 954 2904 1010 Christus
2936 965 3061 1011 tuus
3110 965 3161 1011 te
3191 956 3400 1012 liberet.
3440 954 3549 1011 Re-

1972 1043 2191 1113 spondit
2228 1044 2382 1098 beata
2425 1043 2635 1116 Chryse
2680 1064 2693 1099 :
2730 1043 2847 1100 Non
2889 1060 2991 1116 ego
3034 1047 3253 1115 quidem
3297 1062 3419 1102 sum
3458 1046 3547 1102 di-

1970 1151 2097 1205 gna,
2142 1134 2235 1190 sed
2281 1136 2370 1191 ille
2399 1137 2493 1207 qui
2520 1152 2587 1191 ex
2622 1136 2850 1207 caligine
2878 1138 3066 1192 mundi
3105 1138 3268 1209 hujus
3295 1154 3382 1193 me
3413 1138 3549 1196 libe—

1969 1243 2093 1283 rare
2113 1228 2365 1299 dignatus
2383 1238 2486 1293 est,
2518 1230 2698 1298 potest
2721 1227 2884 1283 etiam
2912 1239 2964 1283 te
2995 1244 3060 1284 ac
3083 1239 3233 1284 tuum
3254 1229 3543 1285 Claudium

1968 1320 2215 1389 perdere.
2251 1319 2387 1376 Dum
2433 1320 2549 1375 haec
2579 1320 2923 1390 loqueretur,
2967 1321 3147 1375 subito
3182 1332 3300 1377 rota
3328 1320 3544 1378 confra-

1969 1419 2056 1465 cta
2084 1419 2187 1475 est,
2226 1410 2460 1480 indeque
2488 1410 2574 1465 illa
2604 1421 2903 1481 asportata,
2929 1413 3175 1467 constitit
3205 1428 3358 1469 sana.
3389 1413 3544 1471 Man-

1968 1505 2115 1558 davit
2140 1519 2269 1575 ergo
2300 1503 2565 1560 Romulus
2608 1504 2778 1574 ipsam
2813 1504 3047 1562 fustibus
3077 1506 3232 1572 caedi,
3277 1507 3379 1563 sub
3413 1523 3545 1564 voce

1969 1597 2234 1665 praeconis
2265 1596 2612 1653 inclamautis
2647 1617 2660 1651 :
2703 1598 2976 1666 Sacrilega
3010 1596 3237 1670 Chryse,
3266 1614 3387 1669 quae
3412 1600 3544 1658 deos

1967 1688 2387 1758 blasphemavit,
2437 1699 2494 1745 et
2539 1690 2827 1760 imperium
2873 1690 3100 1745 rectoris
3130 1699 3333 1746 nostrae
3381 1692 3545 1747 liber-

1968 1781 2095 1836 tatis
2132 1780 2347 1838 Claudii
2405 1782 2769 1852 contempsit,
2825 1785 3060 1855 vapulet.
3112 1784 3312 1840 Sancta
3359 1794 3540 1841 autem

292 1882 357 1924 es
389 1869 652 1936 omnium,
682 1879 735 1924 et
763 1886 956 1941 regnas
986 1872 1040 1925 in
1079 1872 1273 1927 saecula
1308 1875 1653 1931 saeculorum.
1689 1875 1861 1932 Cum-
1893 1855 1939 1911 Β
1969 1874 2122 1943 virgo
2169 1874 2457 1941 clamabat,
2499 1875 2691 1931 dicens
2741 1893 2755 1929 :
2805 1874 3128 1931 Benedictus
3170 1892 3266 1943 es,
3313 1875 3542 1934 Domine

295 1974 403 2031 que
455 1962 691 2016 universi
744 1964 1188 2032 respondissent,
1231 1966 1434 2034 Amen,
1474 1968 1670 2023 revixit
1721 1983 1864 2024 mor-

294 2063 425 2108 tuus
448 2095 463 2120 ,
505 2062 664 2123 atque
690 2055 803 2109 haec
840 2055 989 2125 loqui
1017 2057 1181 2127 coepit
1217 2076 1231 2112 :
1267 2056 1379 2129 Ego
1428 2058 1540 2114 vidi
1570 2059 1859 2116 Dominum

293 2143 479 2200 desum
508 2145 783 2203 Christum
817 2149 1161 2205 reducentem
1205 2166 1293 2206 me
1322 2167 1353 2206 a
1389 2152 1627 2210 tenebris
1671 2155 1738 2209 ad
1781 2155 1863 2210 lu-

291 2253 433 2293 cent.
472 2237 608 2294 Tum
637 2256 766 2295 vero
796 2257 890 2311 per
920 2244 1247 2298 catechesim
1272 2244 1515 2312 edoctus,
1552 2248 1859 2317 baptizatus

290 2342 378 2389 est
424 2332 481 2385 in
528 2332 746 2388 nomine
776 2331 974 2399 Patris,
1022 2344 1077 2389 et
1122 2335 1264 2401 Filii,
1293 2347 1347 2392 et
1376 2340 1550 2395 sancti
1582 2340 1819 2411 Spiritus
1839 2383 1856 2409 ,

291 2426 630 2495 signaculum
660 2425 891 2497 Spiritus
931 2441 1255 2486 consecutus
1285 2449 1299 2485 :
1332 2448 1495 2503 quem
1535 2434 1698 2489 etiam
1735 2450 1858 2492 sus-

289 2518 436 2586 cepit
482 2517 635 2573 beata
682 2519 1154 2591 Chryse,-nomen
1205 2522 1305 2592 ipsi
1372 2524 1697 2594 imponens,
1757 2543 1855 2583 vo-

290 2623 533 2678 cansque
582 2609 939 2677 Faustinum,
992 2628 1116 2667 cum
1167 2624 1313 2670 esset
1360 2630 1627 2673 annorum
1689 2634 1856 2690 prope

292 2701 599 2758 duodecim.
656 2703 808 2759 Haud
851 2705 1023 2760 multo
1079 2716 1200 2777 post
1248 2718 1429 2764 autem
1485 2713 1853 2768 renuntiatum

288 2802 378 2849 est
412 2794 719 2865 imperatori
763 2796 1021 2862 Claudio,
1069 2813 1293 2870 puerum
1345 2803 1668 2858 exstinctum
1714 2807 1856 2861 revi-

290 2886 439 2941 xisse
466 2902 497 2941 a
530 2888 780 2951 mortuis,
805 2904 901 2958 per
924 2895 1222 2947 orationem
1245 2892 1523 2949 beatorum
1550 2895 1850 2950 hominum.

289 2979 360 3031 At
386 2976 647 3034 Claudius
679 2997 693 3033 :
729 2978 864 3047 Hoc,
909 2980 1106 3052 inquit,
1155 2983 1291 3038 nihil
1322 2996 1406 3040 est
1437 2986 1582 3041 aliud
1617 2987 1722 3043 nisi
1766 3003 1854 3044 ars

292 3069 542 3140 magica;
576 3071 840 3143 jussoque
885 3074 1140 3130 accersiri
1190 3075 1394 3132 vicario
1442 3079 1592 3134 urbis
1631 3079 1851 3146 Rontaa,

292 3162 513 3216 nomine
546 3160 700 3233 Ulpio
734 3163 989 3231 Romulo,
1033 3166 1157 3223 huic
1189 3170 1444 3240 praecepit
1476 3189 1488 3224 :
1523 3168 1849 3242 Sacrilegum

288 3251 571 3326 Chrysem,
606 3255 814 3326 dicens,
848 3276 969 3330 quae
995 3259 1301 3316 obscuravit
1344 3278 1513 3333 genus
1560 3263 1853 3334 imperato—

290 3344 388 3401 ria:
414 3362 527 3403 sum
552 3350 868 3417 nobilitatis,
912 3368 1146 3424 cumque
1180 3354 1352 3425 magis
1395 3354 1695 3412 artiﬁcibus
1725 3371 1855 3411 con-

294 3437 445 3494 tinuo
474 3442 623 3510 cupit
646 3457 766 3498 esse
788 3458 852 3498 ac
879 3444 1163 3510 diversari,
1192 3447 1362 3502 variis
1388 3457 1445 3503 tu
1475 3448 1649 3517 pinnis
1676 3449 1850 3520 adige,

290 3546 575 3602 quousque
604 3535 982 3605 obtemperans
1014 3548 1300 3593 veneretur
1328 3539 1459 3593 deos
1483 3540 1741 3611 deasque.
1775 3540 1854 3595 Ac

291 3621 578 3692 siquidem
634 3628 907 3695 paruerit,
944 3627 1087 3684 vivet
1123 3648 1136 3684 :
1178 3631 1307 3700 quin
1362 3632 1523 3685 etiam
1571 3632 1853 3703 inscriptio

289 3726 395 3781 qua
429 3712 682 3768 damnata
727 3725 831 3781 est,
863 3718 1223 3773 rcscindatnr.
1261 3717 1317 3773 Si
1355 3720 1449 3791 qui
1487 3736 1615 3776 vero
1653 3719 1854 3776 fuerint

289 3818 412 3858 cum
441 3805 556 3875 ipsa
588 3806 930 3878 deprehensi,
958 3810 1126 3865 variis
1159 3810 1460 3881 plectentur
1497 3812 1849 3871 cruciatibus.

773 3946 1118 4005 lNClPlUNT
1150 3950 1354 4008 ACTA.

356 4080 397 4136 1.
439 4081 571 4139 Cum
617 4087 853 4143 venisset
881 4086 1074 4159 Ulpius
1117 4090 1382 4147 Romulus
1420 4090 1657 4149 vicarius
1685 4094 1738 4148 in
1774 4094 1853 4150 ci-

287 4177 503 4233 vitatem
529 4177 854 4247 Ostiensem,
890 4193 1110 4238 sanctos
1137 4184 1204 4238 ad
1230 4200 1397 4240 unum
1429 4184 1625 4241 abduci
1655 4187 1708 4241 in
1735 4203 1850 4242 car-

283 4283 460 4323 cerem
508 4269 692 4339 jussit.
747 4272 901 4328 Mane
962 4283 1144 4330 autem
1187 4291 1414 4348 surgens
1452 4279 1745 4349 praecepit,
1793 4288 1853 4334 ut

286 4357 567 4415 sisteretur
595 4362 747 4418 beata
774 4363 1000 4438 Chryse,
1027 4381 1187 4435 quam
1228 4366 1311 4422 his
1348 4384 1515 4439 prope
1552 4369 1733 4425 verbis
1760 4385 1853 4424 ex-

283 4453 428 4521 cepit
459 4471 473 4509 :
513 4450 558 4508 O
594 4454 804 4510 insania
832 4457 1056 4527 magica:
1101 4459 1253 4519 artis.
1282 4476 1402 4530 quae
1435 4462 1488 4515 in
1527 4472 1577 4516 te
1602 4462 1765 4531 viget,
1794 4471 1853 4517 ut

1966 1964 2092 2022 Jesu
2118 1966 2353 2033 Christe,
2389 1982 2548 2037 quem
2590 1982 2691 2038 ego
2735 1968 3122 2038 pr0pcmodum
3161 1968 3396 2024 intueor.
3430 1967 3541 2025 Ro-

1969 2060 2148 2115 mulus
2191 2059 2429 2116 vicarius
2456 2060 2593 2114 dixit
2626 2079 2641 2115 :
2670 2060 2968 2116 Admovete
2992 2062 3268 2132 lampades
3288 2063 3540 2119 ardentes

1966 2152 2033 2206 ad
2075 2152 2244 2206 latera
2272 2151 2411 2221 ejus.
2444 2149 2515 2205 Ut
2539 2160 2722 2206 autem
2766 2151 3146 2217 admoverunt,
3179 2152 3365 2208 hilaris
3392 2153 3539 2208 clara

1964 2259 2097 2299 voce
2143 2252 2306 2314 atque
2352 2257 2448 2297 ore
2497 2244 2863 2313 pulcherrimo
2911 2244 3000 2298 illa
3035 2263 3048 2299 :
3083 2243 3200 2299 Non
3252 2255 3302 2299 te
3352 2246 3536 2315 pudet,

1964 2333 2178 2404 inquit,
2235 2347 2269 2388 o
2312 2332 2536 2401 infelix,
2583 2334 2638 2388 in
2681 2335 2924 2390 membra
2969 2336 3214 2407 corporis
3259 2335 3541 2392 intendere

1962 2426 2110 2481 illius
2140 2440 2263 2496 qua:
2314 2435 2366 2480 te
2416 2426 2643 2496 genuit,
2693 2442 2857 2496 quam
2898 2427 2994 2483 tibi
3038 2444 3220 2484 coram
3266 2430 3542 2485 statuisti?

1965 2518 2155 2588 Ulpius
2186 2515 2474 2584 Romulus,
2509 2519 2736 2574 adversa
2770 2529 2863 2574 tua
2892 2518 3128 2587 fortuna,
3156 2521 3311 2587 dixit,
3344 2520 3539 2591 hujus—

1962 2610 2108 2666 modi
2138 2621 2546 2682 consequetur:
2575 2628 2698 2682 qua:
2745 2612 3080 2667 immortales
3118 2612 3252 2669 deos
3296 2624 3535 2677 nostros,

1961 2717 2083 2773 quae
2108 2703 2511 2773 imperatoriam
2550 2703 2865 2771 dignitatem
2895 2702 3205 2770 deseruisti,
3238 2720 3361 2774 qua:
3383 2704 3531 2759 abuti

1960 2808 2244 2864 magorum
2274 2794 2480 2849 artibus
2511 2794 2801 2865 exoptasti.
2835 2795 2904 2848 At
2929 2796 3027 2873 illa.
3046 2794 3195 2849 lntmi
3228 2811 3353 2850 cmn
3380 2811 3543 2867 appa-

1961 2897 2105 2942 reret
2136 2890 2418 2953 sem‘assa,
2449 2888 2501 2941 in
2542 2902 2818 2943 carcerem
2850 2888 3055 2943 rctrudi
3086 2888 3327 2957 jubetur.

2030 2979 2092 3033 ll.
2118 2978 2254 3034 Tum
2290 2980 2478 3035 beatos
2504 2979 2649 3034 viros
2672 2978 2896 3049 produci
2926 2979 3220 3045 mandavit,
3249 2979 3541 3036 Maximum

1959 3071 2353 3142 presbyterum,
2384 3078 2439 3124 et
2462 3069 2784 3125 Archelaum
2810 3070 3098 3127 diaconum
3126 3090 3139 3126 :
3171 3088 3311 3142 quos
3353 3073 3425 3127 ita
3455 3084 3541 3130 est

1960 3163 2227 3216 allocutus
2255 3178 2267 3213 :
2292 3159 2499 3231 Ecquid
2525 3160 2747 3216 nomina
2774 3162 3041 3231 majorum
3065 3162 3288 3218 deorum
3318 3177 3413 3232 per
3442 3176 3542 3220 ves

1960 3255 2435 3324 hlasphemantur,
2468 3262 2524 3308 et
2549 3254 2855 3323 pervertitis
2890 3254 3138 3309 homines
3165 3269 3233 3309 ne
3275 3254 3407 3325 ipsis
3431 3271 3544 3312 creo

1959 3346 2124 3402 dant?
2166 3345 2226 3400 Β.
2279 3345 2564 3417 presbyter
2602 3344 2870 3401 Maximus
2918 3347 3237 3416 respondit:
3279 3345 3390 3403 Nos
3428 3350 3544 3419 qui-

1959 3439 2081 3494 dem
2120 3438 2394 3493 neminem
2440 3437 2826 3507 pervcrtimus,
2859 3447 2915 3491 at
2950 3441 3132 3507 potius
3177 3454 3273 3509 per
3312 3440 3540 3509 gratiam

1958 3530 2175 3586 Domini
2210 3529 2380 3585 nostri
2408 3527 2537 3585 Jesu
2567 3528 2775 3584 Christi
2806 3544 2999 3585 onmes
3032 3531 3327 3586 liberamus
3354 3531 3425 3586 ab
3448 3545 3539 3586 cr-

1959 3639 2085 3680 rore
2131 3624 2420 3679 idolorum.
2470 3621 2644 3678 Iratus
2693 3621 2959 3678 Romulus
2999 3622 3139 3677 dixit
3189 3640 3205 3678 :
3257 3622 3347 3679 Isti
3392 3631 3539 3679 certe

1959 3717 2109 3789 digni
2146 3725 2274 3773 sunt
2321 3724 2540 3771 morte:
2570 3714 2934 3785 praecepitque
2982 3714 3198 3770 beatum
3245 3714 3535 3770 diaconum

1958 3809 2285 3865 Archelaum
2336 3808 2479 3865 duci.
2521 3807 2589 3863 ad
2627 3822 2814 3863 arcum
2862 3816 2988 3862 ante
3040 3808 3332 3871 theatrum,
3356 3807 3538 3878 ibique

1959 3903 2153 3974 capitis
2182 3916 2397 3973 poenam
2428 3901 2727 3966 sustinere;
2758 3898 2846 3955 cui
2884 3899 3067 3954 cervix
3100 3898 3294 3955 eodem
3330 3900 3383 3954 in
3417 3900 3535 3956 loco

1959 3996 2200 4052 abscissa
2237 4003 2339 4050 est.
2384 3993 2607 4049 Beatum
2656 4008 2785 4047 vero
2814 3992 3110 4047 Maximum
3153 3993 3221 4048 ad
3260 4007 3533 4049 carcerem

1958 4087 2164 4157 rejecit.
2194 4085 2368 4141 Noctu
2402 4094 2582 4140 autem
2612 4082 2675 4137 Β.
2706 4084 2990 4155 presbyter
3016 4081 3286 4138 Eusebius
3321 4082 3535 4153 collegit

1959 4196 2157 4250 corpus
2184 4180 2327 4234 beati
2353 4177 2627 4241 Archelai,
2658 4184 2713 4231 et
2741 4177 2793 4230 in
2828 4190 2959 4247 agro
2990 4175 3254 4245 sepelivit.
3290 4174 3370 4229 Ad
3396 4175 3531 4238 haec,

1957 4271 2161 4326 milites
2204 4271 2367 4324 etiam
2404 4268 2499 4338 qui
2554 4282 2718 4337 Opera
2766 4265 2828 4321 Β.
2883 4264 3103 4320 Maximi
3147 4266 3206 4321 in
3255 4266 3531 4321 Christum

1960 4360 2342 4426 crediderant,
2396 4359 2513 4431 pari
2566 4359 2757 4413 mortis
2797 4373 2994 4429 genere
3039 4359 3344 4428 consumpti
3381 4369 3528 4415 sunt.

1961 4455 2118 4523 Quod
2156 4470 2279 4510 cum
2330 4452 2532 4508 factum
2580 4451 2879 4522 accepisset
2929 4450 3231 4517 Romulus,
3279 4453 3532 4523 praecepit

285 4544 483 4616 perdas
514 4547 921 4617 imperatorium
956 4549 1141 4615 decus,
1177 4549 1525 4622 natalitiaque
1550 4561 1638 4605 tua
1671 4552 1851 4621 splcn-
1882 4578 1928 4633 ι)
1958 4548 2142 4604 statim
2188 4556 2249 4603 ut
2298 4546 2469 4602 sancti
2516 4555 2782 4615 martyres
2836 4542 3105 4598 Maximus
3156 4543 3434 4616 presbyter
3476 4553 3531 4601 et

284 4639 412 4694 dida
463 4639 742 4697 obscures.
793 4641 930 4695 Tum
985 4643 1141 4698 beata
1193 4642 1400 4714 Chryse
1454 4644 1792 4714 respondens
1834 4662 1848 4699 :

283 4730 398 4802 Ego
424 4735 626 4805 potius,
670 4734 865 4806 inquit,
910 4734 1196 4791 obscuravi
1229 4736 1520 4801 daemones,
1566 4738 1658 4809 qui
1694 4736 1851 4793 vobis

284 4824 556 4894 illudunt,
591 4842 654 4883 ac
701 4828 930 4883 desertis
974 4827 1227 4883 inanibus
1273 4827 1432 4883 idolis
1482 4829 1849 4897 manulactis,

280 4920 510 4991 cognovi
540 4937 706 4976 unum
739 4921 905 4976 Deum
948 4923 1153 4989 vivum,
1183 4930 1238 4977 et
1273 4935 1483 4981 verum,
1521 4928 1575 4974 et
1607 4922 1849 4990 unigeni-

284 5024 398 5069 tum
426 5013 620 5068 Filium
671 5015 788 5084 ejus
821 5013 1107 5068 Dominum
1156 5022 1403 5069 nostrum
1458 5010 1644 5067 Jesum
1687 5016 1847 5070 Chri-

284 5114 452 5169 stum,
484 5107 578 5177 qui
618 5107 814 5172 veniet,
860 5117 919 5161 ut
957 5106 1165 5175 judicct
1197 5106 1349 5159 vivos
1390 5114 1447 5160 et
1486 5115 1752 5169 mortuos,
1784 5122 1847 5162 ac

282 5209 491 5269 patrem
535 5209 689 5255 tuum
721 5197 998 5254 diabolum
1044 5214 1149 5252 una
1183 5214 1307 5252 cum
1353 5195 1581 5251 Claudio
1613 5197 1847 5267 impera-

282 5301 401 5347 tore
431 5292 484 5346 in
524 5292 773 5347 tenebras
815 5290 1144 5346 amandabit.
1175 5287 1366 5359 Ulpius
1393 5288 1658 5344 Romulus
1699 5289 1847 5343 vica-

281 5384 397 5440 rius
429 5383 563 5438 dixit
598 5382 869 5453 :Decepta
913 5391 996 5438 est
1042 5382 1144 5437 ista
1193 5396 1284 5451 per
1336 5380 1602 5451 magicam
1652 5390 1842 5449 artem,

280 5475 492 5545 ipsique
519 5475 595 5530 ait
626 5493 639 5530 :
674 5475 995 5545 Derelinque
1043 5474 1254 5529 tandem
1304 5472 1617 5542 hujusmodi
1647 5488 1841 5543 nugas,

278 5580 334 5627 et
363 5572 585 5629 consule
630 5574 810 5645 generi
856 5582 968 5629 tuo.
1010 5573 1076 5627 At
1118 5574 1271 5628 beata
1299 5571 1507 5644 Chryse
1552 5570 1847 5627 insuﬁlavit

237 5667 243 5674 ’
279 5664 336 5721 iu
380 5665 575 5721 faciem
612 5666 789 5733 illius,
836 5666 1024 5721 dicens
1061 5683 1074 5718 :
1108 5664 1270 5720 Miser
1295 5704 1309 5729 ,
1362 5664 1409 5719 si
1452 5679 1644 5719 nosses
1676 5662 1843 5718 Deum

277 5756 582 5815 eﬂ'ectorem
632 5759 754 5814 caeli
798 5768 851 5814 et
877 5768 1050 5823 terrae,
1096 5773 1204 5813 non
1235 5757 1421 5828 utique
1450 5773 1545 5812 ore
1576 5767 1669 5810 tuo
1702 5755 1847 5810 blas-

278 5850 547 5920 phemiam
599 5851 932 5923 protulisses.
985 5852 1137 5907 Tunc
1188 5865 1316 5907 vero
1372 5850 1544 5905 iratus
1587 5849 1840 5916 vicarius,

1958 4639 2221 4712 Cyriacus
2262 4639 2553 4710 episcopus
2601 4638 2656 4692 in
2700 4652 2917 4692 carcere
2946 4636 3121 4708 capite
3143 4637 3307 4707 plexi,
3338 4653 3567 4694 eorum-

1958 4748 2186 4803 corpora
2209 4732 2263 4786 in
2291 4746 2443 4787 mare
2472 4730 2891 4801 projicerentur.
2921 4728 3053 4795 Quae
3080 4744 3205 4784 cum
3237 4730 3533 4787 invenisset

1956 4826 2151 4880 beatus
2179 4823 2446 4880 Eusebius
2474 4822 2776 4894 presbyter,
2808 4822 2996 4877 sedulo
3018 4821 3252 4894 collegit,
3271 4831 3437 4904 atque
3460 4824 3528 4879 ad

1956 4917 2126 4973 maris
2157 4917 2309 4971 littus
2340 4931 2507 4988 prope
2533 4914 2836 4971 Ostiensem
2868 4913 3058 4969 urbem
3092 4913 3146 4968 in
3179 4930 3310 4985 agro
3336 4915 3530 4985 sepeli-

1954 5010 2056 5074 vit,
2097 5009 2321 5079 ipsaque
2350 5007 2402 5061 in
2432 5007 2619 5062 eadem
2649 5006 2845 5059 vicinia
2876 5005 2931 5059 in
2969 5015 3156 5077 crypta
3192 5005 3446 5075 deposuit
3472 5023 3524 5060 a.

1953 5101 2009 5157 d.
2042 5116 2098 5156 vt
2142 5099 2218 5156 ld.
2266 5098 2494 5170 Augusti
2545 5097 2626 5150 via
2676 5094 2933 5152 Ostiensi.
2969 5093 3269 5150 Taurinum
3305 5110 3435 5149 vero
3473 5104 3529 5151 et

1953 5192 2340 5249 Herculianum
2389 5190 2442 5245 in
2481 5188 2649 5242 Portu
2683 5187 2928 5242 Romano
2958 5185 3281 5243 recondidit.
3318 5185 3525 5251 Quarto

1951 5283 2298 5356 postmodum
2335 5281 2419 5335 die
2449 5278 2657 5335 invenit
2692 5292 2923 5348 corpora
2958 5289 3275 5333 cancrorum
3308 5285 3527 5333 sancto-

1951 5395 2072 5435 rum
2102 5377 2170 5433 ad
2201 5374 2368 5430 maris
2409 5373 2559 5427 littus
2589 5371 2781 5440 ejecta,
2830 5379 2885 5425 et
2919 5370 3131 5425 beatum
3178 5366 3524 5425 Theodorum

1953 5471 2232 5526 tribunum
2264 5464 2514 5535 deposuit
2559 5463 2614 5518 in
2656 5463 2972 5519 testudine:
3009 5460 3173 5515 simul
3216 5472 3397 5515 autem
3439 5477 3525 5515 tc-

1951 5567 2129 5634 iiquos
2162 5573 2353 5615 omnes
2380 5557 2611 5627 collegit,
2644 5572 2845 5626 eosque
2871 5556 3024 5625 juxta
3064 5563 3253 5610 sancta
3294 5565 3528 5624 corpora

1950 5663 2250 5725 martyrum
2285 5649 2583 5711 sociorum,
2617 5646 2832 5717 Cyriaci
2858 5656 2912 5702 et
2942 5645 3184 5709 Maximi,
3212 5646 3486 5716 deposuit.

2020 5748 2110 5801 Ill.
2151 5746 2353 5813 Quinto
2381 5750 2564 5797 autem
2587 5739 2675 5795 die
2700 5740 2952 5811 praecepit
2990 5739 3258 5795 Romulus
3291 5748 3347 5794 ut
3376 5739 3523 5794 exhi-

1949 5844 2165 5900 berctur
2199 5842 2354 5896 beata
2383 5836 2607 5905 Chryse,
2655 5849 2775 5904 quae
2820 5843 2880 5888 ut
2914 5834 2966 5888 in
2999 5842 3344 5905 conspectum
3379 5847 3517 5903 prte-
