3954 7108
1269 355 2055 421 ADDENDA.—ACTORUM
2099 358 2157 411 S.
2199 350 2557 409 IIIPPOLYTI
2594 345 2846 403 VERSIO
2884 344 3087 400 ΝυνΑ.

3610 349 3713 408 1608

559 495 692 549 sidis
719 494 885 555 venit,
927 491 1122 545 alacris
1161 488 1299 542 dixit
1329 461 1560 551 :ﬂMiser,
1600 499 1768 555 quare
1798 481 1976 550 perdis
2013 479 2130 532 dies
2162 508 2197 552 Α
2231 489 2354 527 cum
2393 487 2500 526 non
2537 469 2751 529 habere,
2808 464 2901 519 sed
2955 479 3125 532 neque
3165 471 3483 515 vo.untatem
3523 463 3716 521 flectendi

558 586 725 641 tuos?
769 585 1014 654 Agnosce
1064 581 1278 636 tandem
1327 586 1724 650 procreatorem
1771 584 1920 630 tuum
1967 570 2126 624 Chri-

563 688 728 738 stum.
757 677 1037 732 deﬁnitum
1070 676 1235 728 Deum
1261 689 1403 736 esse,
1447 687 1546 726 nec
1575 671 1766 724 adores
1806 665 2010 735 lapides
2041 663 2126 716 vel

563 772 856 826 simulacra
887 786 953 824 ex
997 783 1123 832 :ere,
1170 782 1326 829 auro,
1375 772 1663 834 argentove
1716 759 1983 822 conflata;
2032 753 2127 811 sed

564 866 729 919 adora
764 863 1050 916 Dominum
1081 876 1263 915 meum
1289 857 1472 912 Jesum
1501 855 1776 910 Christum
1806 852 2125 908 cruciﬁxum

567 954 670 1008 sub
709 953 902 1008 Pontio
943 953 1134 1016 Pilato,
1162 951 1253 1020 qui
1289 947 1583 1003 resurrexit
1617 962 1648 1000 a
1687 945 1916 1000 mortuis
1949 943 2130 998 triduo

567 1055 853 1115 postquam
897 1044 1072 1098 fuerat
1095 1044 1354 1113 sepultus,
1383 1039 1625 1096 ascendit
1654 1037 1720 1092 ad
1751 1037 1948 1100 ccelos,
1987 1033 2129 1090 unde

566 1137 760 1190 iterum
810 1137 986 1190 veniet
1018 1135 1082 1189 ad
1114 1132 1461 1204 judicandum
1494 1131 1644 1184 vivos
1674 1137 1727 1182 et
1757 1135 1998 1181 mortuos
2025 1165 2038 1185 .
2076 1132 2131 1178 et

567 1204 823 1282 sa-culum
859 1227 999 1281 istud
1031 1242 1124 1296 per
1149 1226 1348 1295 ignem.
1375 1221 1474 1276 Cu-i
1510 1221 1774 1276 Romulus
1803 1219 2081 1287 respondit
2113 1235 2125 1270 :

568 1319 727 1374 Modo
778 1320 981 1374 videbis
1026 1317 1302 1372 Christum
1346 1324 1496 1368 tuum
1523 1355 1538 1378 ,
1589 1314 1691 1368 nisi
1741 1311 2132 1366 sacriﬁcaveris

569 1413 966 1468 immortalibus
1006 1411 1131 1466 diis.
1177 1408 1375 1465 Sancta
1405 1408 1610 1478 Chryse
1651 1406 1784 1460 dixit
1819 1419 1832 1457 2
1865 1402 2005 1457 Bene
2042 1413 2128 1468 tu,

570 1504 896 1567 miserande,
953 1504 1164 1558 locutus
1203 1517 1282 1566 es,
1331 1515 1395 1554 ac
1435 1499 1518 1553 vel
1554 1513 1676 1553 sero
1713 1496 1988 1550 veritatem
2033 1487 2132 1548 ali-

569 1598 787 1667 quando
811 1613 877 1650 ex
906 1611 1001 1650 ore
1030 1607 1124 1650 tuo
1155 1591 1455 1664 protulisti,
1495 1591 1701 1654 dicens,
1732 1603 1848 1652 me,
1888 1587 1993 1642 n'isi
2025 1587 2134 1640 dae-

573 1690 772 1744 moniis
821 1687 1238 1745 sacrificavero.
1295 1685 1536 1739 visuram
1599 1681 1872 1737 Christum
1927 1693 2128 1732 meum.

573 1782 726 1837 Tunc
759 1782 838 1835 ira
867 1795 1163 1836 succensus
1193 1777 1454 1832 Romulus
1497 1789 1564 1829 eo
1594 1774 1739 1843 quod
1787 1771 1931 1825 illius
1957 1769 2134 1824 verbis

573 1875 749 1928 victus
771 1871 967 1934 fuerat,
1016 1869 1284 1938 lapidibus
1321 1868 1494 1922 malas
1520 1865 1640 1935 ejus
1663 1861 1922 1918 contundi
1945 1861 2132 1926 jussit.
2173 1891 2212 1944 Β

577 1963 776 2018 Sancta
802 1969 980 2016 autem
1007 1960 1212 2030 Chryse
1242 1973 1436 2028 magna
1460 1970 1591 2010 voce
1619 1955 1888 2010 clamabat
1915 1974 1927 2007 :
1953 1951 2136 2006 Gloria

577 2053 696 2120 tibi,
729 2051 957 2106 Domine
988 2051 1062 2106 mi
1087 2049 1214 2106 Jesu
1255 2048 1490 2114 Christe,
1538 2047 1663 2116 quia
1697 2061 1783 2100 me
1808 2045 2025 2115 dignam
2057 2042 2138 2096 fe-

573 2145 718 2210 cisti,
753 2154 812 2199 ut
861 2143 1033 2199 servis
1062 2151 1114 2197 et
1143 2140 1356 2196 ancillis
1390 2140 1498 2195 tuis
1522 2153 1864 2193 annumerer.
1919 2135 1987 2190 At
2030 2134 2137 2189 Ro-

578 2237 758 2290 mulus
785 2234 848 2289 ad
891 2234 1065 2304 ipsam
1114 2251 1128 2287 :
1176 2230 1440 2302 Agedum,
1469 2228 1690 2285 consule
1722 2225 1987 2297 prosapiae
2016 2234 2140 2288 tum,

576 2341 642 2380 ac
673 2335 926 2382 venerata
969 2323 1103 2378 deos
1149 2330 1385 2384 nostros,
1437 2318 1568 2386 ipsis
1619 2314 1896 2377 sacriﬁca,
1941 2312 2145 2381 tibique

577 2432 736 2474 sume
773 2418 948 2471 virum
979 2430 1076 2485 pro
1109 2411 1417 2469 conditione
1452 2419 1564 2464 tua.
1613 2406 1784 2473 Quem
1815 2405 1981 2461 libere
2010 2404 2144 2459 allo-

578 2523 774 2577 quens,
793 2504 1046 2562 clamavit
1062 2511 1245 2558 sancta
1262 2499 1436 2570 virgo,
1452 2499 1692 2571 dixitque
1705 2507 1958 2554 contenta
1973 2512 2104 2554 voce
2126 2511 2141 2548 :

581 2595 694 2668 Ego
738 2596 851 2666 jam
898 2594 1074 2648 virum
1106 2592 1276 2646 habeo
1302 2598 1700 2660 procreatorem
1733 2585 1854 2643 caeli
1895 2600 1959 2642 ac
1989 2594 2148 2640 terra;

579 2687 766 2744 Jesum
810 2685 1088 2741 Christum
1124 2683 1318 2738 Filium
1377 2679 1472 2734 Dei
1496 2679 1642 2747 vivi,
1677 2695 1838 2750 quem
1887 2689 1944 2735 tu
1987 2692 2148 2733 nosse

581 2779 798 2844 renuis;
845 2788 899 2832 at
929 2777 1109 2846 potius
1141 2777 1414 2832 daemones
1440 2772 1604 2838 nosti,
1638 2772 1731 2841 qui
1765 2786 1860 2826 cor
1890 2780 2042 2825 tuum
2077 2767 2149 2822 fe-

581 2872 700 2924 rina
732 2869 882 2923 rabie
912 2868 1268 2939 repleverunt.
1311 2864 1502 2920 Subito
1536 2875 1714 2918 autem
1760 2861 2015 2916 incensus
2042 2861 2149 2912 Ilo-

583 2963 769 3016 mulus
814 2961 1067 3030 praecepit
1128 2957 1528 3028 apparitoribus
1573 2965 1633 3010 ut
1688 2953 1978 3024 plumbatis
2024 2967 2144 3006 eam

581 3053 848 3106 caederent
879 3069 892 3104 :
937 3065 1059 3118 quae
1113 3049 1342 3102 multum
1392 3046 1670 3100 verberata
1696 3084 1712 3109 ,
1749 3043 1922 3112 magis
1952 3042 2148 3096 contir-

584 3143 854 3196 mabatur.
893 3139 1091 3194 Iterum
1127 3153 1255 3192 vero
1280 3138 1446 3207 jussit
1473 3137 1742 3206 ingentem
1770 3133 1998 3204 lapidem
2029 3133 2148 3202 ejus

2231 581 2367 635 genu
2402 577 2582 618 coram
2617 559 2796 614 idolis.
2848 555 2970 611 llrec
3017 555 3208 623 hisque
3240 552 3432 607 similia
3461 569 3568 608 cum
3595 556 3720 614 dixis-

2233 666 2314 712 set
2353 655 2413 709 Β.
2463 653 2809 715 Sabinianus,
2846 649 3100 703 efferatus
3129 645 3388 699 Romulus
3413 650 3627 716 praecepit
3652 667 3724 719 ap.

2233 744 2582 816 paritoribus,
2603 749 2663 796 ut
2686 740 2859 810 ipsius
2887 737 3146 793 cervicem
3171 735 3456 806 plumbatis
3484 741 3722 795 contunde-

2233 847 2370 892 rent.

2306 925 2370 980 V.
2412 924 2466 979 Id
2494 939 2615 980 cum
2644 919 2988 991 cognovisset
3014 917 3362 972 beatissimus
3391 933 3537 972 senex
3571 917 3728 988 [lippo-

2235 1020 2410 1090 lytns,
2445 1015 2734 1072 adveniens
2783 1026 2967 1066 coram
2997 1008 3230 1063 Romulo
3276 1009 3419 1064 stetit
3463 1019 3599 1078 atque
3625 1015 3729 1068 elata

2236 1128 2363 1167 voce
2387 1111 2524 1166 dixit
2554 1106 2631 1163 :0
2654 1106 2834 1169 miser,
2867 1105 2910 1158 si
2942 1119 3131 1158 nosses
3156 1101 3428 1156 Christum
3461 1102 3541 1158 Dei
3562 1103 3732 1173 Filium,

2238 1205 2380 1258 haud
2411 1203 2569 1273 plane
2605 1208 2914 1254 sanctorum
2945 1194 3064 1264 ejus
3096 1194 3335 1248 cervices
3362 1193 3459 1248 hoc
3485 1197 3622 1249 modo
3649 1207 3731 1250 tor-

2236 1310 2464 1367 queres,
2511 1301 2568 1346 ut
2612 1291 2913 1347 subdantur
2966 1287 3218 1340 inanibus
3265 1284 3452 1338 vestris
3493 1287 3654 1353 idolis;
3693 1298 3733 1344 at

2237 1389 2417 1458 potius
2447 1396 2498 1441 te
2529 1385 2705 1454 ipsum
2741 1381 2998 1436 subderes
3029 1376 3300 1432 conditori
3333 1391 3395 1430 ac
3421 1373 3629 1433 eﬂectori
3649 1382 3735 1432 uui-

2240 1492 2519 1534 versorum
2546 1516 2562 1540 ,
2616 1485 2670 1530 et
2701 1475 2874 1530 servis
2920 1472 3079 1541 ejus;
3140 1484 3317 1537 neque
3363 1484 3518 1522 vanos
3562 1471 3736 1539 lapides,

2235 1581 2418 1624 mutos
2443 1577 2498 1622 et
2524 1565 2792 1622 inanimes
2817 1563 3038 1619 coleres.
3076 1557 3174 1612 His
3197 1559 3418 1623 auditis,
3441 1557 3660 1614 Romulus
3677 1562 3738 1615 ira

2238 1663 2584 1716 vehementer
2613 1657 2932 1722 excanduit,
2961 1655 3238 1726 jussiiqne
3269 1652 3490 1720 pedibus
3515 1653 3718 1706 manibus

2240 1765 2346 1820 que
2391 1749 2573 1820 ligatis
2622 1747 2950 1817 praecipitem
2988 1746 3040 1798 in
3087 1743 3254 1796 altam
3293 1740 3496 1794 foveam
3535 1738 3739 1811 demergi.

2242 1841 2406 1896 Beato
2439 1850 2616 1894 autem
2660 1837 2944 1909 Hippolyto
2970 1835 3202 1904 dejecto,
3233 1842 3294 1887 ut
3321 1830 3430 1884 fors
3459 1831 3582 1893 tulit,
3620 1831 3661 1883 in
3682 1831 3743 1884 la-

2240 1948 2434 1990 cunam
2468 1941 2674 2001 portus,
2702 1930 2793 2001 qui
2828 1929 3044 2000 proprio
3074 1925 3340 1981 vocabulo
3369 1922 3547 1976 Portus
3571 1921 3742 1985 dicitur,

2241 2023 2524 2078 confestim
2563 2038 2664 2076 vox
2693 2021 2874 2076 audita
2907 2029 3010 2085 est,
3038 2019 3203 2073 unius
3232 2016 3403 2071 ferme
3439 2015 3569 2067 hora:
3592 2015 3745 2082 spatio,

2242 2114 2407 2169 veluti
2447 2113 2797 2184 puerulorum
2833 2113 3037 2184 gratias
3072 2109 3183 2164 Deo
3227 2107 3560 2162 referentium
3589 2122 3602 2155 :
3627 2105 3747 2159 dum-

2241 2221 2347 2276 que
2376 2205 2487 2259 hzec
2529 2205 2858 2271 dicerentur,
2913 2204 3000 2259 ille
3045 2201 3300 2272 spiritum
3335 2197 3552 2252 Domino
3574 2199 3748 2255 reddidit

2242 2315 2294 2352 a.
2332 2298 2386 2353 d.
2419 2313 2469 2351 xi
2497 2295 2615 2350 Kal.
2653 2297 3006 2367 Septembris.

2317 2406 2400 2464 Vl.
2444 2409 2709 2466 Romulus
2755 2424 2882 2464 vero
2929 2409 3111 2464 dixit:
3145 2406 3271 2463 Haec
3323 2407 3525 2462 insania
3560 2418 3659 2458 esse
3687 2402 3745 2455 di-

2243 2501 2525 2571 gnoscitur
2556 2501 2776 2572 magica:
2801 2500 2952 2553 artis.
2985 2497 3268 2567 Capitque
3297 2496 3545 2550 iracunde
3568 2493 3745 2546 clamare

2245 2608 2308 2647 ac
2336 2593 2515 2648 dicere
2543 2609 2557 2645 ε
2589 2590 2920 2646 Sabinianus
2962 2590 3065 2644 iste
3110 2604 3206 2659 per
3252 2588 3515 2658 magicam
3545 2586 3665 2638 illius
3685 2599 3749 2637 ar-

2244 2694 2350 2738 tem
2384 2692 2576 2754 captus
2627 2694 2730 2748 est,
2770 2683 2976 2753 argenti
3017 2681 3335 2750 cupiditate,
3373 2687 3427 2733 et
3467 2677 3753 2748 pecuniarum

2246 2777 2545 2843 illecebris;
2589 2775 2734 2832 hunc
2763 2793 2792 2830 c
2820 2775 3051 2846 vestigio
3076 2775 3329 2829 divellam
3365 2773 3434 2826 ab
3455 2772 3625 2825 insano
3646 2768 3757 2837 ejus-

2247 2868 2390 2922 modi
2429 2866 2630 2933 studio,
2675 2867 2780 2921 nisi
2809 2867 2995 2920 adoret
3024 2880 3089 2919 ac
3131 2864 3405 2919 sacrificet
3437 2860 3662 2916 maximis
3688 2872 3760 2911 no-

2245 2962 2371 3017 stris
2397 2963 2522 3017 diis.
2569 2961 2701 3028 Quae
2745 2962 2958 3031 aliaque
2995 2960 3062 3015 ad
3086 2959 3230 3014 hunc
3257 2957 3477 3012 modum
3502 2970 3610 3008 cum
3632 2953 3759 3006 dixis-

2245 3061 2346 3115 set,
2395 3051 2571 3121 ipsum
2617 3051 2851 3106 fustibus
2883 3050 3014 3105 credi
3037 3049 3223 3119 jussit,
3257 3048 3364 3102 sub
3395 3059 3522 3100 voce
3548 3040 3763 3112 praeconis

2247 3143 2592 3197 inclamantis
2637 3161 2650 3196 :
2700 3141 2881 3198 Redde
2927 3141 3211 3196 thesauros
3256 3137 3652 3209 imperatoribus
3691 3149 3766 3187 ιιυι

579 3238 723 3292 collo
744 3237 1020 3306 suspendi,
1052 3245 1212 3305 atque
1243 3235 1314 3289 ita
1346 3236 1398 3288 in
1426 3249 1574 3288 mare
1604 3231 1946 3304 praecipitari.
1978 3231 2147 3302 Cujus
2174 3248 2214 3302 (ς
2249 3237 2378 3291 stris
2401 3277 2416 3301 ,
2470 3245 2630 3306 atque
2673 3235 2836 3290 adora
2882 3237 3279 3306 omnipotentes
3322 3235 3457 3291 deos
3481 3275 3496 3299 ,
3543 3248 3626 3302 per
3660 3244 3766 3299 quos

582 3329 801 3398 quidem
835 3343 1049 3383 sacrum
1091 3343 1293 3397 corpus
1319 3327 1384 3382 ad
1419 3327 1567 3381 littus
1599 3326 1833 3389 devenit,
1867 3325 2151 3394 ipsumque

583 3425 931 3479 beatissimus
952 3420 1160 3487 Nonus,
1193 3424 1285 3493 qui
1316 3434 1369 3478 et
1399 3422 1714 3493 Hippolytus
1739 3419 2150 3490 cognominatus

579 3527 684 3574 est,
720 3524 929 3579 avexit,
967 3531 1031 3570 ac
1062 3516 1114 3569 in
1146 3516 1362 3586 proprio
1404 3515 1549 3571 illius
1577 3514 1764 3580 fundo,
1811 3513 1901 3568 ubi
1943 3521 1998 3566 et
2039 3527 2152 3565 mo-

582 3609 826 3671 rabatur,
857 3606 1120 3676 sepelivit,
1147 3616 1300 3662 extra
1325 3621 1513 3662 muros
1543 3602 1811 3661 Ostiensis
1835 3603 1987 3658 urbis
2011 3617 2062 3655 a.
2091 3601 2144 3654 d.

584 3715 676 3755 ιιι
711 3698 827 3752 Kal.
857 3697 1212 3768 Septembris.

655 3791 743 3845 IV.
796 3791 949 3846 Tunc
1020 3791 1259 3845 vicarius
1319 3788 1728 3860 comprehendit
1793 3786 2146 3842 Sabinianum

583 3884 899 3954 quemdam,
935 3892 1244 3938 curatorem
1279 3881 1430 3936 fundi
1473 3881 1638 3945 illius,
1675 3889 1730 3934 et
1757 3878 2040 3948 exquirere
2082 3877 2150 3930 ab

585 3991 650 4030 eo
684 3973 848 4042 cmpit
892 3989 1006 4028 rem
1058 3973 1378 4028 familiarem
1415 3973 1580 4026 beatae
1615 3971 1868 4041 Chryses,
1909 3968 2096 4022 dicens
2133 3985 2146 4020 :

585 4064 855 4134 Sacrilega
889 4063 1116 4134 Chryse,
1160 4077 1282 4132 qua:
1319 4071 1536 4132 propter
1564 4062 1828 4132 magicam
1877 4074 2031 4115 suam
2064 4073 2150 4111 ar-

584 4165 690 4210 tem
739 4155 899 4223 elegit
961 4155 1138 4223 potius
1187 4165 1412 4207 mortem
1473 4168 1632 4222 quam
1684 4153 1892 4218 vitam,
1936 4151 2152 4205 divitias

587 4248 786 4302 multas
827 4246 1154 4316 possidebat.
1188 4243 1361 4314 Ipsius
1408 4259 1539 4314 ergo
1574 4245 1860 4298 thesauros
1891 4253 1944 4296 et
1986 4257 2149 4296 mun-

582 4339 712 4393 dum
758 4337 1077 4392 muliebrem
1114 4336 1177 4389 ad
1210 4351 1308 4389 nos
1352 4334 1515 4400 aﬂer;
1557 4335 1800 4390 sacrifica
1827 4333 1991 4388 etiam
2023 4333 2150 4399 diis,

582 4438 637 4485 et
664 4430 800 4493 vive,
837 4429 1216 4496 obtemperans
1237 4426 1426 4481 edictis
1454 4426 1860 4496 imperatorum.
1903 4422 2152 4479 Sabinia-

586 4536 688 4574 nus
734 4519 872 4573 dixit
907 4538 920 4572 :
950 4517 1062 4589 Ego
1122 4517 1174 4572 in
1241 4516 1496 4571 omnibus
1553 4516 1720 4571 animi
1766 4515 2147 4572 demissionem

2253 3328 2453 3398 regitur
2497 3329 2762 3383 universae
2804 3327 3112 3398 reipublicae
3157 3335 3360 3382 nostra:
3404 3322 3764 3379 administratio.

2251 3417 2446 3474 Beatus
2473 3435 2602 3475 vero
2637 3419 2966 3474 Sabinianus
3013 3428 3196 3488 aperto
3221 3434 3318 3474 ore
3350 3419 3523 3472 aiebat
3554 3434 3566 3469 :
3596 3412 3764 3467 Gratias

2250 3511 2348 3564 tibi
2384 3527 2506 3582 ago,
2541 3511 2767 3566 Domine
2797 3511 2870 3565 mi
2898 3510 3028 3566 Jesu
3067 3511 3303 3575 Christe,
3337 3509 3434 3580 qui
3471 3509 3692 3575 dignatus
3724 3520 3764 3556 es

2249 3618 2335 3656 ne
2366 3605 2504 3657 inter
2531 3619 2720 3658 servos
2754 3613 2876 3658 tuos
2921 3617 3230 3656 numerare.
3278 3599 3353 3656 Ut
3392 3608 3564 3653 autem
3593 3599 3669 3651 diu
3695 3611 3765 3646 va-

2251 3695 2477 3764 pulavit,
2507 3696 2664 3748 firmo
2690 3704 2808 3749 erat
2845 3704 3006 3763 atque
3029 3694 3196 3748 alacri
3221 3693 3409 3759 vultu;
3437 3691 3565 3747 adeo
3595 3688 3765 3758 quidem

2253 3797 2313 3842 ut
2346 3787 2544 3843 ardens
2579 3773 2858 3842 iracundia
2897 3785 3164 3841 Romulus
3193 3784 3531 3856 praeceperit,
3554 3783 3704 3851 ipsum
3727 3777 3769 3828 in

2248 3883 2480 3952 equuleo
2508 3883 2785 3953 suspendi.
2830 3881 3037 3937 Interea
3069 3881 3199 3936 dum
3239 3881 3486 3952 corporis
3515 3875 3645 3932 nervi
3681 3872 3767 3927 dis-

2251 3975 2568 4039 trahuntur,
2611 3974 2875 4044 praeconis
2910 3989 3042 4028 voce
3086 3973 3264 4028 adhuc
3300 3979 3642 4042 personante,
3683 3967 3770 4033 ipse
3866 4015 3867 4044 ἰ

2251 4066 2386 4120 nihil
2429 4065 2573 4120 aliud
2616 4065 2910 4129 eil‘erebat,
2959 4063 3062 4117 nisi
3115 4081 3128 4118 :
3185 4062 3405 4117 Gratias
3447 4073 3542 4129 ago
3586 4054 3769 4110 Domino

2252 4172 2373 4212 meo
2402 4155 2527 4212 Jcsu
2556 4156 2796 4212 Christo.
2834 4157 3081 4211 Vicarius
3105 4163 3285 4209 autem
3310 4153 3605 4208 astantibus
3626 4147 3734 4202 dixit
3758 4162 3770 4197 :

2252 4248 2350 4304 llic
2380 4249 2580 4304 insanit
2621 4257 2783 4318 atque
2827 4262 3051 4302 securus
3075 4255 3158 4300 est
3185 4245 3516 4316 magicarum
3548 4237 3772 4297 consulte

2252 4340 2494 4405 tionum;
2538 4338 2805 4409 jussitque
2845 4337 3058 4392 facibus
3102 4338 3277 4407 ipsum
3315 4335 3494 4390 aduri.
3529 4334 3653 4388 Dum
3674 4344 3772 4384 rem

2252 4434 2399 4487 faces
2431 4431 2572 4486 beati
2605 4428 2888 4484 Sabiniani
2931 4429 3188 4484 lateribus
3243 4428 3660 4486 admoverentur,
3694 4419 3773 4474 Ro-

2253 4523 2434 4578 mulus
2461 4522 2767 4577 exclamare
2804 4523 2970 4591 coepit
3007 4536 3070 4575 ac
3103 4520 3284 4574 dicere
3317 4537 3333 4574 :
3367 4517 3572 4582 Infelix,
3595 4512 3774 4570 consule

584 4611 746 4665 didici
793 4626 823 4664 a
877 4622 1062 4666 sancta
1103 4607 1307 4678 virgine
1335 4607 1559 4680 Chryse,
1587 4625 1710 4678 quae
1757 4617 1810 4662 et
1858 4623 1943 4663 me
1971 4607 2154 4662 docuit
2184 4613 2228 4668 ι)
2257 4611 2375 4678 tibi,
2417 4620 2472 4666 et
2509 4611 2671 4666 redde
2725 4612 3030 4675 thesauros,
3079 4624 3221 4680 quos
3249 4608 3500 4663 novimus
3523 4621 3634 4662 esse
3663 4600 3772 4671 apud

584 4703 830 4759 confiteri
871 4720 1036 4757 unum
1087 4701 1254 4756 Deum
1314 4701 1600 4756 Dominum
1659 4710 1905 4755 nostrum
1959 4698 2147 4754 Jesum

585 4792 880 4859 Christum,
931 4804 1116 4849 natum
1147 4793 1213 4848 de
1243 4793 1444 4863 Spiritu
1472 4806 1683 4860 sancto,
1730 4809 1797 4847 ex
1827 4791 1995 4847 Maria
2027 4790 2149 4846 Vir-

587 4887 708 4958 gine
745 4904 759 4940 :
796 4885 1022 4955 ideoque
1067 4902 1172 4940 non
1214 4903 1408 4941 aurum
1455 4885 1634 4950 nobis,
1687 4901 1795 4939 non
1841 4893 2146 4955 argentum,

588 4993 764 5048 neque
812 4977 1117 5047 margarita:
1164 4987 1309 5033 sunt.
1358 4977 1622 5033 Romulus
1653 4991 1782 5031 vero
1817 4976 1884 5031 ad
1917 4977 2095 5045 ipsum
2131 4994 2146 5028 :

590 5066 827 5133 Festina,
867 5067 1059 5136 inquit,
1090 5078 1144 5122 et
1171 5068 1514 5124 absconditos
1543 5066 1827 5123 thesauros
1854 5066 2015 5120 redde
2048 5065 2152 5119 im-
2199 5111 2204 5114 _

589 5159 970 5229 peratoribus,
1014 5158 1240 5228 diisque-
1267 5159 1535 5216 sacrifica.
1591 5157 1921 5214 Sabinianus
1966 5157 2146 5212 dixit:

589 5250 706 5305 Non
733 5251 982 5320 equidem
1012 5263 1131 5304 sum
1161 5250 1378 5321 dignus,
1413 5259 1472 5304 ut
1499 5264 1597 5320 pro
1623 5249 1759 5305 meis
1789 5233 2026 5318 peccatis
2054 5250 2153 5302 ali-

590 5343 723 5413 quid
771 5341 1034 5412 perferam
1064 5383 1079 5407 ,
1113 5341 1217 5396 nisi
1253 5354 1516 5412 quantum
1575 5341 1837 5396 Dominus
1891 5355 1958 5396 ac
2011 5341 2152 5397 Deus

592 5452 746 5492 meus
779 5451 1028 5493 annuens
1063 5436 1250 5508 largiri
1286 5436 1415 5491 mihi
1445 5435 1699 5508 dignatus
1737 5434 1933 5502 fuerit;
1962 5451 2154 5506 quem-

589 5526 882 5584 admodum
915 5528 1128 5586 confido
1161 5544 1174 5582 :
1209 5528 1336 5584 hinc
1375 5541 1539 5584 nosce
1561 5569 1578 5596 ,
1630 5543 1719 5585 me
1767 5543 1959 5583 aurum
1986 5527 2150 5583 cadu-

2252 4712 2305 4758 tc
2332 4701 2694 4757 absconditos.
2719 4701 2787 4755 At
2826 4701 3014 4755 beatus
3043 4699 3394 4764 Sabinianus,
3437 4710 3629 4767 martyr
3651 4691 3774 4747 Chri-

2253 4795 2354 4860 sti,
2387 4793 2586 4864 gratias
2620 4791 2847 4846 Domino
2883 4791 3111 4864 agebat,
3152 4791 3339 4846 dicens
3373 4809 3386 4844 :
3425 4790 3635 4845 Domine
3665 4787 3774 4840 Deus

2255 4885 2366 4951 mi,
2420 4885 2632 4954 suscipe
2677 4898 2706 4937 a
2742 4899 2826 4938 me
2853 4884 3104 4952 spiritum
3147 4899 3326 4939 meum
3365 4899 3380 4937 :
3423 4879 3607 4950 bisque
3628 4877 3772 4936 dictis.

2251 4979 2434 5034 emisit
2481 4979 2536 5032 in
2590 4992 2722 5048 pace
2775 4978 3027 5048 spiritum
3062 4995 3077 5031 :
3108 4992 3308 5046 corpus
3334 4991 3462 5030 vero
3501 4974 3583 5029 ille
3619 4985 3775 5042 praece-

2257 5073 2335 5142 pit
2362 5071 2416 5125 in
2443 5080 2662 5141 puteum
2695 5079 2752 5125 ut
2780 5069 3155 5140 projiceretur.
3201 5067 3304 5123 Per
3326 5068 3466 5122 idem
3499 5077 3686 5134 tempus
3705 5077 3773 5114 ve-

2258 5166 2413 5220 niens
2446 5164 2666 5234 quidam
2709 5163 2989 5234 presbyter
3011 5202 3026 5227 ,
3059 5161 3292 5217 Cor-dius
3339 5159 3573 5220 nomine,
3614 5165 3774 5222 corpus

2261 5263 2418 5309 noctu
2465 5253 2700 5308 extraxit
2729 5268 2760 5306 e
2801 5262 2993 5323 puteo,
3042 5251 3280 5321 illudque
3325 5247 3615 5322 composuit
3649 5244 3770 5315 justa

2260 5347 2471 5401 beatam
2487 5346 2746 5417 Cbrysem
2781 5361 2831 5399 a.
2865 5345 2916 5400 d.
2949 5361 2982 5395 ν
3013 5343 3132 5399 Kal.
3169 5342 3519 5414 Septembris,
3559 5345 3771 5410 regnante

2258 5434 2489 5491 Domino
2523 5447 2707 5492 nostro
2733 5435 2858 5493 Jesu
2879 5437 3115 5502 Christo,
3153 5438 3240 5492 cui
3267 5447 3349 5493 est
3373 5437 3538 5510 gloria
3563 5441 3612 5489 et
3637 5431 3770 5500 impe-

2259 5527 2402 5582 rium
2432 5527 2488 5583 in
2513 5527 2709 5584 saecula
2740 5528 3080 5583 saeculorum.
3111 5526 3306 5584 Amen.
