3960 6202
855 303 1074 397 60

815 471 829 542 ξ
855 454 997 541 Ivi
1036 443 1139 551 Α

1743 875 2718 1008 ELENCHUS

715 1292 1223 1445 OPERUM
1281 1359 1556 1470 QUE
1611 1359 1735 1442 IN
1793 1358 2042 1450 HOC
2099 1361 2727 1447 VOLUMINE
2801 1359 3709 1443 CONTINENTUR.

1079 1794 2124 1838 ———-————-—--¢DO
2148 1791 3142 1836 W—

739 2284 831 2344 De
857 2281 1175 2345 Trinitate
1201 2281 1347 2343 libri
1377 2280 1734 2347 duodecim.
3301 2278 3423 2336 col.
3675 2279 3714 2337 9

743 2385 936 2448 Liber
968 2385 1045 2446 de
1067 2385 1336 2467 Synodis
1372 2404 1488 2448 seu
1516 2387 1671 2449 Fide
1703 2385 2156 2450 Orientalium.
3597 2379 3710 2440 1:71

735 2487 1157 2566 Apologetica
1189 2487 1268 2550 ad
1299 2488 1800 2567 reprehensores
1833 2488 1978 2551 libri
2021 2489 2101 2549 de
2137 2484 2408 2566 Synodis
2444 2497 2780 2563 responsa.
3591 2478 3713 2541 5&6

736 2585 969 2648 Hilarii
999 2587 1272 2665 cpistola
1302 2585 1380 2650 ad
1411 2589 1651 2654 Abram
1684 2588 1886 2652 ﬁliam
1919 2603 2129 2650 suam.
2918 2669 2922 2672 _
3593 2581 3714 2642 5&7

733 2684 1026 2764 Hymnus
1057 2686 1262 2747 eidem
1295 2687 1378 2749 ab
1412 2687 1638 2750 eodem
1665 2689 1925 2750 missus.
3587 2683 3702 2748 551

732 2785 1026 2849 Censura
1055 2788 1323 2850 alterius
1355 2788 1579 2867 hymni
1605 2788 1857 2851 Hilario
1892 2803 2230 2867 perperam
2264 2786 2510 2848 tribuli.
3589 2781 3712 2842 553

731 2888 908 2950 Libri
936 2890 1065 2950 duo
1095 2888 1174 2950 ad
1209 2888 1656 2952 Constantium
1683 2889 2075 2970 Augustum.
3589 2884 3758 2952 Ibid.

732 2990 928 3051 Liber
958 2993 1185 3052 contra
1219 2988 1694 3052 Constantium.
2273 3020 2282 3026 -
3587 2984 3706 3044 571

730 3092 924 3152 Liber
965 3096 1194 3154 contra
1218 3090 1496 3153 Arianos
1527 3093 1629 3153 vel
1664 3093 2086 3154 Auxentium.
3588 3087 3711 3147 605

733 3193 1112 3267 Quindecim
1137 3195 1527 3274 Fragmenta
1553 3215 1637 3260 ex
1668 3196 1879 3276 Opere
1907 3197 2256 3259 Historico.
3588 3190 3712 3250 619

731 3296 1120 3375 Fragmenta
1150 3315 1234 3358 ex
1260 3297 1404 3358 aliis
1436 3297 1497 3358 S.
1535 3298 1763 3359 Hilarii
1802 3299 2131 3378 operibus.
3580 3291 3705 3352 725

731 3397 795 3458 S.
825 3397 1055 3458 Hilarii
1091 3398 1383 3476 Epistula
1420 3416 1533 3462 seu
1570 3399 1853 3461 Libellus
1881 3417 2028 3462 cum
2065 3397 2435 3480 praefatione
2467 3403 2529 3464 et
2557 3397 3143 3464 dissertationibus.
3587 3393 3711 3453 727

637 3509 642 3513 ‘
735 3498 957 3560 Sermo
981 3499 1052 3558 B.
1090 3499 1320 3562 Hilarii
1345 3499 1422 3561 de
1449 3500 1852 3562 dedicatione
1885 3500 2193 3563 ecclesias.
3588 3497 3711 3557 877

734 3606 926 3667 Liber
951 3604 1028 3666 de
1059 3605 1202 3664 Filii
1236 3607 1300 3666 et
1326 3606 1534 3666 Patris
1569 3605 1844 3666 Unitate.
3586 3597 3710 3659 883

730 3704 922 3766 Liber
951 3703 1028 3764 de
1057 3703 1356 3765 Essenlia
1382 3703 1588 3766 Patris
1616 3708 1679 3766 et
1705 3704 1876 3766 Filii.
3587 3700 3710 3761 887

735 3803 980 3865 Nicolai
1007 3802 1197 3864 Fabri
1229 3802 1295 3863 in
1326 3803 1714 3883 Fragmenta
1741 3804 1971 3868 Hilarii
2005 3804 2312 3884 praefatio.
3580 3801 3613 3859 Ι
3622 3801 3731 3862 bid
3742 3847 3755 3861 .

734 3903 933 3965 Index
961 3920 1177 3964 rerum
1204 3907 1266 3963 ct
1294 3905 1784 3969 sententiarum.
3587 3901 3710 3962 915

734 4005 936 4069 Index
965 4006 1366 4072 Glossarum.
3549 4000 3709 4062 10ιᾶ
