  <div class='ocr_page' id='page_1' title='image "/cluster/home/n/w/nwhite01/storage/ocr_20150623/10/uva.x000826522/012.png"; bbox 0 0 3960 6202; ppageno 0'>
   <div class='ocr_carea' id='block_1_1' title="bbox 149 263 3488 659">
    <p class='ocr_par' dir='ltr' id='par_1_1' title="bbox 718 468 2971 655">
     <span class='ocr_line' id='line_1_1' title="bbox 718 468 2971 655; baseline 0.004 -58"><span class='ocrx_word' id='word_1_1' title='bbox 718 474 891 597; x_wconf 83' lang='grc' dir='ltr'><strong>ΙΝ</strong></span> <span class='ocrx_word' id='word_1_2' title='bbox 986 468 1612 601; x_wconf 78' lang='lat' dir='ltr'>LIBROS</span> <span class='ocrx_word' id='word_1_3' title='bbox 1703 475 1946 597; x_wconf 88' lang='lat' dir='ltr'>DE</span> <span class='ocrx_word' id='word_1_4' title='bbox 2036 472 2971 655; x_wconf 81' lang='lat' dir='ltr'><strong>TRINITATE</strong></span> 
     </span>
    </p>
   </div>
   <div class='ocr_carea' id='block_1_2' title="bbox 1379 729 2288 838">
    <p class='ocr_par' dir='ltr' id='par_1_2' title="bbox 1379 729 2288 838">
     <span class='ocr_line' id='line_1_2' title="bbox 1379 729 2288 838; baseline 0.002 -3"><span class='ocrx_word' id='word_1_5' title='bbox 1379 729 2288 838; x_wconf 61' lang='lat' dir='ltr'><strong>PRIEFATIO.</strong></span> 
     </span>
    </p>
   </div>
   <div class='ocr_carea' id='block_1_3' title="bbox 1658 929 2039 991">
    <p class='ocr_par' dir='ltr' id='par_1_3' title="bbox 1658 929 2039 991">
     <span class='ocr_line' id='line_1_3' title="bbox 1658 929 2039 991; baseline 0.01 -12"><span class='ocrx_word' id='word_1_6' title='bbox 1658 929 2039 991; x_wconf 49' lang='lat' dir='ltr'><strong>QW.’</strong></span> 
     </span>
    </p>
   </div>
   <div class='ocr_carea' id='block_1_4' title="bbox 240 1049 3485 1144">
    <p class='ocr_par' dir='ltr' id='par_1_4' title="bbox 240 1049 3485 1144">
     <span class='ocr_line' id='line_1_4' title="bbox 240 1049 3485 1144; baseline 0.009 -39"><span class='ocrx_word' id='word_1_7' title='bbox 240 1049 302 1144; x_wconf 76' lang='lat' dir='ltr'><strong>l.</strong></span> <span class='ocrx_word' id='word_1_8' title='bbox 342 1049 413 1105; x_wconf 83' lang='lat' dir='ltr'><strong>Hi</strong></span> <span class='ocrx_word' id='word_1_9' title='bbox 457 1051 586 1108; x_wconf 80' lang='lat' dir='ltr'><strong>libri</strong></span> <span class='ocrx_word' id='word_1_10' title='bbox 631 1051 918 1108; x_wconf 79' lang='lat' dir='ltr'><strong>Athanasio</strong></span> <span class='ocrx_word' id='word_1_11' title='bbox 953 1053 1226 1126; x_wconf 71' lang='lat' dir='ltr'><strong>adscripti.</strong></span> <span class='ocrx_word' id='word_1_12' title='bbox 1286 1053 1543 1121; x_wconf 77' lang='lat' dir='ltr'><strong><em>Quantam</em></strong></span> <span class='ocrx_word' id='word_1_13' title='bbox 1582 1053 1789 1109; x_wconf 86' lang='lat' dir='ltr'><strong>Hilario</strong></span> <span class='ocrx_word' id='word_1_14' title='bbox 1816 1056 1866 1116; x_wconf 83' lang='lat' dir='ltr'><strong>A</strong></span> <span class='ocrx_word' id='word_1_15' title='bbox 1895 1054 2084 1113; x_wconf 90' lang='lat' dir='ltr'><strong>Trinit.</strong></span> <span class='ocrx_word' id='word_1_16' title='bbox 2113 1074 2234 1130; x_wconf 84' lang='lat' dir='ltr'><strong>cap.</strong></span> <span class='ocrx_word' id='word_1_17' title='bbox 2263 1061 2351 1129; x_wconf 75' lang='lat'><strong>10,</strong></span> <span class='ocrx_word' id='word_1_18' title='bbox 2384 1061 2479 1119; x_wconf 86' lang='lat' dir='ltr'><strong>sed</strong></span> <span class='ocrx_word' id='word_1_19' title='bbox 2504 1078 2534 1119; x_wconf 88' lang='lat' dir='ltr'><strong>a</strong></span> <span class='ocrx_word' id='word_1_20' title='bbox 2557 1063 2714 1120; x_wconf 84' lang='lat' dir='ltr'><strong>titulo</strong></span> <span class='ocrx_word' id='word_1_21' title='bbox 2735 1062 3024 1125; x_wconf 82' lang='lat' dir='ltr'><strong>indicando</strong></span> <span class='ocrx_word' id='word_1_22' title='bbox 3054 1070 3341 1144; x_wconf 83' lang='lat' dir='ltr'><strong>utrobique</strong></span> <span class='ocrx_word' id='word_1_23' title='bbox 3360 1076 3485 1132; x_wconf 91' lang='lat' dir='ltr'><strong>abs-</strong></span> 
     </span>
    </p>
   </div>
   <div class='ocr_carea' id='block_1_5' title="bbox 178 1143 1789 1217">
    <p class='ocr_par' dir='ltr' id='par_1_5' title="bbox 178 1143 1789 1217">
     <span class='ocr_line' id='line_1_5' title="bbox 178 1143 1789 1217; baseline 0.002 -20"><span class='ocrx_word' id='word_1_24' title='bbox 178 1143 385 1198; x_wconf 82' lang='lat' dir='ltr'><strong>loudent</strong></span> <span class='ocrx_word' id='word_1_25' title='bbox 400 1146 720 1217; x_wconf 84' lang='lat' dir='ltr'><strong>pepererint.</strong></span> <span class='ocrx_word' id='word_1_26' title='bbox 740 1176 809 1187; x_wconf 91' lang='lat'><strong>-</strong></span> <span class='ocrx_word' id='word_1_27' title='bbox 825 1145 1109 1217; x_wconf 84' lang='lat' dir='ltr'><strong>Temporis</strong></span> <span class='ocrx_word' id='word_1_28' title='bbox 1120 1146 1461 1216; x_wconf 85' lang='lat' dir='ltr'><strong>dispendium</strong></span> <span class='ocrx_word' id='word_1_29' title='bbox 1485 1146 1665 1203; x_wconf 86' lang='lat' dir='ltr'><strong>facere</strong></span> <span class='ocrx_word' id='word_1_30' title='bbox 1677 1163 1789 1202; x_wconf 84' lang='lat' dir='ltr'><strong>me.-</strong></span> 
     </span>
    </p>
   </div>
   <div class='ocr_carea' id='block_1_6' title="bbox 180 1237 1781 1309">
    <p class='ocr_par' dir='ltr' id='par_1_6' title="bbox 180 1237 1781 1309">
     <span class='ocr_line' id='line_1_6' title="bbox 180 1237 1781 1309; baseline 0.001 -18"><span class='ocrx_word' id='word_1_31' title='bbox 180 1237 664 1307; x_wconf 85' lang='lat' dir='ltr'><strong>ritojudicaretur,</strong></span> <span class='ocrx_word' id='word_1_32' title='bbox 681 1238 770 1309; x_wconf 88' lang='lat' dir='ltr'><strong>qui</strong></span> <span class='ocrx_word' id='word_1_33' title='bbox 789 1238 842 1293; x_wconf 91' lang='lat' dir='ltr'><strong>in</strong></span> <span class='ocrx_word' id='word_1_34' title='bbox 871 1237 956 1293; x_wconf 89' lang='lat' dir='ltr'><strong>his</strong></span> <span class='ocrx_word' id='word_1_35' title='bbox 986 1238 1136 1293; x_wconf 93' lang='lat' dir='ltr'><strong>libris</strong></span> <span class='ocrx_word' id='word_1_36' title='bbox 1159 1239 1365 1294; x_wconf 78' lang='lat' dir='ltr'><strong>auctori</strong></span> <span class='ocrx_word' id='word_1_37' title='bbox 1390 1254 1488 1294; x_wconf 89' lang='lat' dir='ltr'><strong>suo</strong></span> <span class='ocrx_word' id='word_1_38' title='bbox 1508 1238 1781 1293; x_wconf 88' lang='lat' dir='ltr'><strong>vindican-</strong></span> 
     </span>
    </p>
   </div>
   <div class='ocr_carea' id='block_1_7' title="bbox 180 1327 1793 1397">
    <p class='ocr_par' dir='ltr' id='par_1_7' title="bbox 180 1327 1793 1397">
     <span class='ocr_line' id='line_1_7' title="bbox 180 1327 1793 1397; baseline 0 -14"><span class='ocrx_word' id='word_1_39' title='bbox 180 1327 269 1383; x_wconf 88' lang='lat' dir='ltr'><strong>dis</strong></span> <span class='ocrx_word' id='word_1_40' title='bbox 310 1328 445 1384; x_wconf 91' lang='lat' dir='ltr'><strong>illud</strong></span> <span class='ocrx_word' id='word_1_41' title='bbox 470 1339 841 1386; x_wconf 80' lang='lat' dir='ltr'><strong>consumeret.</strong></span> <span class='ocrx_word' id='word_1_42' title='bbox 888 1329 1148 1397; x_wconf 79' lang='lat' dir='ltr'><strong>Quamvis</strong></span> <span class='ocrx_word' id='word_1_43' title='bbox 1183 1329 1325 1384; x_wconf 87' lang='lat' dir='ltr'><strong>enim</strong></span> <span class='ocrx_word' id='word_1_44' title='bbox 1366 1344 1461 1385; x_wconf 87' lang='lat' dir='ltr'><strong>eos</strong></span> <span class='ocrx_word' id='word_1_45' title='bbox 1491 1327 1793 1384; x_wconf 80' lang='lat' dir='ltr'><strong>Athanasio</strong></span> 
     </span>
    </p>
   </div>
   <div class='ocr_carea' id='block_1_8' title="bbox 183 1422 1793 1495">
    <p class='ocr_par' dir='ltr' id='par_1_8' title="bbox 183 1422 1793 1495">
     <span class='ocr_line' id='line_1_8' title="bbox 183 1422 1793 1495; baseline 0.001 -19"><span class='ocrx_word' id='word_1_46' title='bbox 183 1422 503 1495; x_wconf 84' lang='lat' dir='ltr'><strong>adscriptos</strong></span> <span class='ocrx_word' id='word_1_47' title='bbox 550 1423 820 1495; x_wconf 80' lang='lat' dir='ltr'><strong>quendam</strong></span> <span class='ocrx_word' id='word_1_48' title='bbox 886 1423 1119 1479; x_wconf 86' lang='lat' dir='ltr'><strong>viderint</strong></span> <span class='ocrx_word' id='word_1_49' title='bbox 1158 1423 1441 1495; x_wconf 86' lang='lat' dir='ltr'><strong>Philippus</strong></span> <span class='ocrx_word' id='word_1_50' title='bbox 1480 1424 1635 1479; x_wconf 64' lang='lat' dir='ltr'><strong>bona:</strong></span> <span class='ocrx_word' id='word_1_51' title='bbox 1665 1423 1793 1494; x_wconf 89' lang='lat' dir='ltr'><strong>Spei</strong></span> 
     </span>
    </p>
   </div>
   <div class='ocr_carea' id='block_1_9' title="bbox 178 1514 1791 1589">
    <p class='ocr_par' dir='ltr' id='par_1_9' title="bbox 178 1514 1791 1589">
     <span class='ocr_line' id='line_1_9' title="bbox 178 1514 1791 1589; baseline 0.002 -19"><span class='ocrx_word' id='word_1_52' title='bbox 178 1514 376 1571; x_wconf 78' lang='lat' dir='ltr'><strong>Abbas</strong></span> <span class='ocrx_word' id='word_1_53' title='bbox 401 1529 457 1572; x_wconf 90' lang='lat' dir='ltr'><strong>et</strong></span> <span class='ocrx_word' id='word_1_54' title='bbox 504 1515 743 1573; x_wconf 81' lang='lat' dir='ltr'><strong>Joannes</strong></span> <span class='ocrx_word' id='word_1_55' title='bbox 778 1518 997 1587; x_wconf 91' lang='lat' dir='ltr'><strong>quidam</strong></span> <span class='ocrx_word' id='word_1_56' title='bbox 1022 1517 1193 1587; x_wconf 86' lang='lat' dir='ltr'><strong>ipsius</strong></span> <span class='ocrx_word' id='word_1_57' title='bbox 1233 1518 1454 1589; x_wconf 70' lang='lat' dir='ltr'><strong>aequalis</strong></span> <span class='ocrx_word' id='word_1_58' title='bbox 1481 1527 1537 1574; x_wconf 87' lang='lat' dir='ltr'><strong>et</strong></span> <span class='ocrx_word' id='word_1_59' title='bbox 1563 1520 1791 1586; x_wconf 82' lang='lat' dir='ltr'><strong>amicus,</strong></span> 
     </span>
    </p>
   </div>
   <div class='ocr_carea' id='block_1_10' title="bbox 180 1610 1790 1683">
    <p class='ocr_par' dir='ltr' id='par_1_10' title="bbox 180 1610 1790 1683">
     <span class='ocr_line' id='line_1_10' title="bbox 180 1610 1790 1683; baseline 0.002 -18"><span class='ocrx_word' id='word_1_60' title='bbox 180 1610 312 1667; x_wconf 84' lang='lat' dir='ltr'><strong>illos</strong></span> <span class='ocrx_word' id='word_1_61' title='bbox 337 1623 519 1668; x_wconf 88' lang='lat' dir='ltr'><strong>tamen</strong></span> <span class='ocrx_word' id='word_1_62' title='bbox 548 1612 618 1667; x_wconf 82' lang='lat' dir='ltr'><strong>ab</strong></span> <span class='ocrx_word' id='word_1_63' title='bbox 649 1611 855 1667; x_wconf 88' lang='lat' dir='ltr'><strong>Hilario</strong></span> <span class='ocrx_word' id='word_1_64' title='bbox 882 1612 1151 1682; x_wconf 85' lang='lat' dir='ltr'><strong>profectos</strong></span> <span class='ocrx_word' id='word_1_65' title='bbox 1179 1627 1302 1668; x_wconf 90' lang='lat' dir='ltr'><strong>esse</strong></span> <span class='ocrx_word' id='word_1_66' title='bbox 1322 1628 1388 1667; x_wconf 80' lang='lat' dir='ltr'><strong>ex</strong></span> <span class='ocrx_word' id='word_1_67' title='bbox 1419 1613 1790 1683; x_wconf 82' lang='lat' dir='ltr'><strong>castigatiori-</strong></span> 
     </span>
    </p>
   </div>
   <div class='ocr_carea' id='block_1_11' title="bbox 182 1702 1792 1776">
    <p class='ocr_par' dir='ltr' id='par_1_11' title="bbox 182 1702 1792 1776">
     <span class='ocr_line' id='line_1_11' title="bbox 182 1702 1792 1776; baseline 0.002 -18"><span class='ocrx_word' id='word_1_68' title='bbox 182 1702 293 1758; x_wconf 84' lang='lat' dir='ltr'><strong>bus</strong></span> <span class='ocrx_word' id='word_1_69' title='bbox 337 1704 671 1760; x_wconf 80' lang='lat' dir='ltr'><strong>membranis</strong></span> <span class='ocrx_word' id='word_1_70' title='bbox 709 1705 1049 1776; x_wconf 76' lang='lat' dir='ltr'><strong>postmodum</strong></span> <span class='ocrx_word' id='word_1_71' title='bbox 1081 1715 1436 1776; x_wconf 79' lang='lat' dir='ltr'><strong>agnoverunt.</strong></span> <span class='ocrx_word' id='word_1_72' title='bbox 1482 1707 1596 1773; x_wconf 88' lang='lat' dir='ltr'><strong>Qua</strong></span> <span class='ocrx_word' id='word_1_73' title='bbox 1631 1707 1792 1761; x_wconf 89' lang='lat' dir='ltr'><strong>etiam</strong></span> 
     </span>
    </p>
   </div>
   <div class='ocr_carea' id='block_1_12' title="bbox 182 1796 1794 1868">
    <p class='ocr_par' dir='ltr' id='par_1_12' title="bbox 182 1796 1794 1868">
     <span class='ocr_line' id='line_1_12' title="bbox 182 1796 1794 1868; baseline 0.001 -17"><span class='ocrx_word' id='word_1_74' title='bbox 182 1796 243 1851; x_wconf 90' lang='lat' dir='ltr'><strong>in</strong></span> <span class='ocrx_word' id='word_1_75' title='bbox 297 1812 360 1851; x_wconf 90' lang='lat' dir='ltr'><strong>re</strong></span> <span class='ocrx_word' id='word_1_76' title='bbox 407 1804 559 1852; x_wconf 90' lang='lat' dir='ltr'><strong>tanto</strong></span> <span class='ocrx_word' id='word_1_77' title='bbox 586 1811 856 1853; x_wconf 88' lang='lat' dir='ltr'><strong>consensu</strong></span> <span class='ocrx_word' id='word_1_78' title='bbox 888 1797 991 1853; x_wconf 89' lang='lat' dir='ltr'><strong>sibi</strong></span> <span class='ocrx_word' id='word_1_79' title='bbox 1018 1796 1260 1852; x_wconf 80' lang='lat' dir='ltr'><strong>concinit</strong></span> <span class='ocrx_word' id='word_1_80' title='bbox 1315 1799 1617 1868; x_wconf 89' lang='lat' dir='ltr'><strong>priscorum</strong></span> <span class='ocrx_word' id='word_1_81' title='bbox 1653 1806 1794 1853; x_wconf 86' lang='lat' dir='ltr'><strong>tern-</strong></span> 
     </span>
    </p>
   </div>
   <div class='ocr_carea' id='block_1_13' title="bbox 180 1887 1798 1960">
    <p class='ocr_par' dir='ltr' id='par_1_13' title="bbox 180 1887 1798 1960">
     <span class='ocr_line' id='line_1_13' title="bbox 180 1887 1798 1960; baseline 0.001 -19"><span class='ocrx_word' id='word_1_82' title='bbox 180 1903 387 1960; x_wconf 83' lang='lat' dir='ltr'><strong>porum</strong></span> <span class='ocrx_word' id='word_1_83' title='bbox 431 1888 610 1944; x_wconf 88' lang='lat' dir='ltr'><strong>omnis</strong></span> <span class='ocrx_word' id='word_1_84' title='bbox 638 1897 792 1955; x_wconf 64' lang='lat' dir='ltr'><strong>mtas,</strong></span> <span class='ocrx_word' id='word_1_85' title='bbox 833 1898 891 1943; x_wconf 86' lang='lat' dir='ltr'><strong>ut</strong></span> <span class='ocrx_word' id='word_1_86' title='bbox 932 1887 1062 1944; x_wconf 85' lang='lat' dir='ltr'><strong>nihil</strong></span> <span class='ocrx_word' id='word_1_87' title='bbox 1102 1890 1326 1954; x_wconf 86' lang='lat' dir='ltr'><strong>certius,</strong></span> <span class='ocrx_word' id='word_1_88' title='bbox 1378 1889 1509 1944; x_wconf 89' lang='lat' dir='ltr'><strong>nihil</strong></span> <span class='ocrx_word' id='word_1_89' title='bbox 1545 1890 1798 1959; x_wconf 81' lang='lat' dir='ltr'><strong>explora-</strong></span> 
     </span>
    </p>
   </div>
   <div class='ocr_carea' id='block_1_14' title="bbox 181 1980 1795 2052">
    <p class='ocr_par' dir='ltr' id='par_1_14' title="bbox 181 1980 1795 2052">
     <span class='ocr_line' id='line_1_14' title="bbox 181 1980 1795 2052; baseline 0.001 -17"><span class='ocrx_word' id='word_1_90' title='bbox 181 1980 302 2036; x_wconf 83' lang='lat' dir='ltr'><strong>tius</strong></span> <span class='ocrx_word' id='word_1_91' title='bbox 332 1997 364 2034; x_wconf 83' lang='lat' dir='ltr'><strong>a</strong></span> <span class='ocrx_word' id='word_1_92' title='bbox 417 1981 710 2051; x_wconf 79' lang='lat' dir='ltr'><strong>majoribus</strong></span> <span class='ocrx_word' id='word_1_93' title='bbox 740 1981 1133 2052; x_wconf 86' lang='lat' dir='ltr'><strong>acceperimus.</strong></span> <span class='ocrx_word' id='word_1_94' title='bbox 1176 1980 1407 2051; x_wconf 81' lang='lat' dir='ltr'><strong>Propter</strong></span> <span class='ocrx_word' id='word_1_95' title='bbox 1438 1981 1536 2035; x_wconf 89' lang='lat' dir='ltr'><strong>hos</strong></span> <span class='ocrx_word' id='word_1_96' title='bbox 1565 1996 1795 2052; x_wconf 78' lang='lat' dir='ltr'><strong>praescr-</strong></span> 
     </span>
    </p>
   </div>
   <div class='ocr_carea' id='block_1_15' title="bbox 182 2073 1797 2145">
    <p class='ocr_par' dir='ltr' id='par_1_15' title="bbox 182 2073 1797 2145">
     <span class='ocr_line' id='line_1_15' title="bbox 182 2073 1797 2145; baseline -0.001 -13"><span class='ocrx_word' id='word_1_97' title='bbox 182 2075 292 2132; x_wconf 87' lang='lat' dir='ltr'><strong>tirn</strong></span> <span class='ocrx_word' id='word_1_98' title='bbox 334 2073 506 2130; x_wconf 88' lang='lat' dir='ltr'><strong>libros</strong></span> <span class='ocrx_word' id='word_1_99' title='bbox 547 2088 669 2129; x_wconf 85' lang='lat' dir='ltr'><strong>eam</strong></span> <span class='ocrx_word' id='word_1_100' title='bbox 725 2073 959 2129; x_wconf 83' lang='lat' dir='ltr'><strong>Hilarius</strong></span> <span class='ocrx_word' id='word_1_101' title='bbox 1010 2073 1154 2145; x_wconf 86' lang='lat' dir='ltr'><strong>apud</strong></span> <span class='ocrx_word' id='word_1_102' title='bbox 1199 2087 1391 2130; x_wconf 88' lang='lat' dir='ltr'><strong>omnes</strong></span> <span class='ocrx_word' id='word_1_103' title='bbox 1417 2089 1539 2130; x_wconf 90' lang='lat' dir='ltr'><strong>cum</strong></span> <span class='ocrx_word' id='word_1_104' title='bbox 1577 2073 1797 2130; x_wconf 88' lang='lat' dir='ltr'><strong>Latinos</strong></span> 
     </span>
    </p>
   </div>
   <div class='ocr_carea' id='block_1_16' title="bbox 182 2165 1800 2237">
    <p class='ocr_par' dir='ltr' id='par_1_16' title="bbox 182 2165 1800 2237">
     <span class='ocr_line' id='line_1_16' title="bbox 182 2165 1800 2237; baseline -0.001 -14"><span class='ocrx_word' id='word_1_105' title='bbox 182 2177 311 2223; x_wconf 88' lang='lat' dir='ltr'><strong>tum</strong></span> <span class='ocrx_word' id='word_1_106' title='bbox 341 2165 559 2222; x_wconf 64' lang='lat' dir='ltr'><strong>Graecos</strong></span> <span class='ocrx_word' id='word_1_107' title='bbox 589 2166 885 2236; x_wconf 87' lang='lat' dir='ltr'><strong>promeruit</strong></span> <span class='ocrx_word' id='word_1_108' title='bbox 926 2166 1190 2234; x_wconf 65' lang='lat' dir='ltr'><strong>scientiat,</strong></span> <span class='ocrx_word' id='word_1_109' title='bbox 1242 2166 1389 2234; x_wconf 89' lang='lat' dir='ltr'><strong>ﬁdei,</strong></span> <span class='ocrx_word' id='word_1_110' title='bbox 1438 2175 1495 2221; x_wconf 85' lang='lat' dir='ltr'><strong>et</strong></span> <span class='ocrx_word' id='word_1_111' title='bbox 1535 2167 1800 2237; x_wconf 84' lang='lat' dir='ltr'><strong>cloquen-</strong></span> 
     </span>
    </p>
   </div>
   <div class='ocr_carea' id='block_1_17' title="bbox 179 2259 1801 2331">
    <p class='ocr_par' dir='ltr' id='par_1_17' title="bbox 179 2259 1801 2331">
     <span class='ocr_line' id='line_1_17' title="bbox 179 2259 1801 2331; baseline -0.001 -15"><span class='ocrx_word' id='word_1_112' title='bbox 179 2266 280 2316; x_wconf 77' lang='lat' dir='ltr'><strong>tia:</strong></span> <span class='ocrx_word' id='word_1_113' title='bbox 309 2260 554 2325; x_wconf 83' lang='lat' dir='ltr'><strong>laudem,</strong></span> <span class='ocrx_word' id='word_1_114' title='bbox 585 2270 665 2328; x_wconf 91' lang='lat' dir='ltr'><strong>ut,</strong></span> <span class='ocrx_word' id='word_1_115' title='bbox 706 2259 850 2331; x_wconf 89' lang='lat' dir='ltr'><strong>quod</strong></span> <span class='ocrx_word' id='word_1_116' title='bbox 881 2260 1038 2316; x_wconf 87' lang='lat' dir='ltr'><strong>valde</strong></span> <span class='ocrx_word' id='word_1_117' title='bbox 1062 2276 1269 2319; x_wconf 87' lang='lat' dir='ltr'><strong>rarum.</strong></span> <span class='ocrx_word' id='word_1_118' title='bbox 1300 2261 1463 2315; x_wconf 87' lang='lat' dir='ltr'><strong>etiam</strong></span> <span class='ocrx_word' id='word_1_119' title='bbox 1505 2260 1573 2315; x_wconf 86' lang='lat' dir='ltr'><strong>ab</strong></span> <span class='ocrx_word' id='word_1_120' title='bbox 1600 2260 1801 2316; x_wconf 89' lang='lat' dir='ltr'><strong>adver-</strong></span> 
     </span>
    </p>
   </div>
   <div class='ocr_carea' id='block_1_18' title="bbox 177 2352 1798 2423">
    <p class='ocr_par' dir='ltr' id='par_1_18' title="bbox 177 2352 1798 2423">
     <span class='ocr_line' id='line_1_18' title="bbox 177 2352 1798 2423; baseline 0 -13"><span class='ocrx_word' id='word_1_121' title='bbox 177 2354 357 2410; x_wconf 84' lang='lat' dir='ltr'><strong>sariis</strong></span> <span class='ocrx_word' id='word_1_122' title='bbox 385 2352 505 2422; x_wconf 84' lang='lat' dir='ltr'><strong>ejus</strong></span> <span class='ocrx_word' id='word_1_123' title='bbox 542 2352 705 2408; x_wconf 88' lang='lat' dir='ltr'><strong>iidem</strong></span> <span class='ocrx_word' id='word_1_124' title='bbox 736 2354 854 2408; x_wconf 84' lang='lat' dir='ltr'><strong>libri</strong></span> <span class='ocrx_word' id='word_1_125' title='bbox 887 2368 1235 2423; x_wconf 84' lang='lat' dir='ltr'><strong>summopere</strong></span> <span class='ocrx_word' id='word_1_126' title='bbox 1268 2352 1470 2409; x_wconf 84' lang='lat' dir='ltr'><strong>fuerint</strong></span> <span class='ocrx_word' id='word_1_127' title='bbox 1517 2368 1798 2410; x_wconf 86' lang='lat' dir='ltr'><strong>commen-</strong></span> 
     </span>
    </p>
   </div>
   <div class='ocr_carea' id='block_1_19' title="bbox 1895 1147 3492 1237">
    <p class='ocr_par' dir='ltr' id='par_1_19' title="bbox 1895 1147 3492 1237">
     <span class='ocr_line' id='line_1_19' title="bbox 1895 1147 3492 1237; baseline 0.014 -36"><span class='ocrx_word' id='word_1_128' title='bbox 1895 1147 2047 1204; x_wconf 92' lang='lat' dir='ltr'><strong>tinet.</strong></span> <span class='ocrx_word' id='word_1_129' title='bbox 2098 1150 2203 1206; x_wconf 86' lang='lat' dir='ltr'><strong>Eos</strong></span> <span class='ocrx_word' id='word_1_130' title='bbox 2233 1169 2448 1226; x_wconf 86' lang='lat' dir='ltr'><strong>quoque</strong></span> <span class='ocrx_word' id='word_1_131' title='bbox 2495 1156 2563 1211; x_wconf 92' lang='lat' dir='ltr'><strong>ab</strong></span> <span class='ocrx_word' id='word_1_132' title='bbox 2609 1158 2897 1216; x_wconf 85' lang='lat' dir='ltr'><strong>Ambrosio</strong></span> <span class='ocrx_word' id='word_1_133' title='bbox 2947 1162 3103 1217; x_wconf 89' lang='lat' dir='ltr'><strong>tritos</strong></span> <span class='ocrx_word' id='word_1_134' title='bbox 3150 1163 3317 1222; x_wconf 52' lang='lat' dir='ltr'><strong>fuiase</strong></span> <span class='ocrx_word' id='word_1_135' title='bbox 3367 1184 3492 1237; x_wconf 90' lang='lat' dir='ltr'><strong>per-</strong></span> 
     </span>
    </p>
   </div>
   <div class='ocr_carea' id='block_1_20' title="bbox 1892 1241 3494 1329">
    <p class='ocr_par' dir='ltr' id='par_1_20' title="bbox 1892 1241 3494 1329">
     <span class='ocr_line' id='line_1_20' title="bbox 1892 1241 3494 1329; baseline 0.012 -35"><span class='ocrx_word' id='word_1_136' title='bbox 1892 1241 2185 1298; x_wconf 85' lang='lat' dir='ltr'><strong>suademur</strong></span> <span class='ocrx_word' id='word_1_137' title='bbox 2216 1250 2300 1301; x_wconf 89' lang='lat' dir='ltr'><strong>vel</strong></span> <span class='ocrx_word' id='word_1_138' title='bbox 2331 1262 2399 1302; x_wconf 81' lang='lat' dir='ltr'><strong>ex</strong></span> <span class='ocrx_word' id='word_1_139' title='bbox 2425 1249 2612 1317; x_wconf 88' lang='lat' dir='ltr'><strong>primis</strong></span> <span class='ocrx_word' id='word_1_140' title='bbox 2644 1251 2810 1321; x_wconf 70' lang='lat' dir='ltr'><strong>ip~ius</strong></span> <span class='ocrx_word' id='word_1_141' title='bbox 2838 1252 2907 1308; x_wconf 91' lang='lat' dir='ltr'><strong>de</strong></span> <span class='ocrx_word' id='word_1_142' title='bbox 2925 1252 3057 1309; x_wconf 87' lang='lat' dir='ltr'><strong>Fide</strong></span> <span class='ocrx_word' id='word_1_143' title='bbox 3086 1255 3259 1326; x_wconf 79' lang='lat' dir='ltr'><strong>libris,</strong></span> <span class='ocrx_word' id='word_1_144' title='bbox 3292 1259 3345 1313; x_wconf 91' lang='lat' dir='ltr'><strong>in</strong></span> <span class='ocrx_word' id='word_1_145' title='bbox 3373 1262 3494 1329; x_wconf 85' lang='lat' dir='ltr'><strong>qui-</strong></span> 
     </span>
    </p>
   </div>
   <div class='ocr_carea' id='block_1_21' title="bbox 1896 1331 3485 1409">
    <p class='ocr_par' dir='ltr' id='par_1_21' title="bbox 1896 1331 3485 1409">
     <span class='ocr_line' id='line_1_21' title="bbox 1896 1331 3485 1409; baseline 0.014 -21"><span class='ocrx_word' id='word_1_146' title='bbox 1896 1331 1995 1389; x_wconf 88' lang='lat' dir='ltr'><strong>bus</strong></span> <span class='ocrx_word' id='word_1_147' title='bbox 2028 1336 2173 1405; x_wconf 87' lang='lat' dir='ltr'><strong>plura</strong></span> <span class='ocrx_word' id='word_1_148' title='bbox 2198 1337 2264 1393; x_wconf 88' lang='lat' dir='ltr'><strong>ad</strong></span> <span class='ocrx_word' id='word_1_149' title='bbox 2296 1338 2488 1395; x_wconf 90' lang='lat' dir='ltr'><strong>horum</strong></span> <span class='ocrx_word' id='word_1_150' title='bbox 2511 1341 2700 1399; x_wconf 83' lang='lat' dir='ltr'><strong>Hilarii</strong></span> <span class='ocrx_word' id='word_1_151' title='bbox 2733 1345 2990 1401; x_wconf 90' lang='lat' dir='ltr'><strong>librorum</strong></span> <span class='ocrx_word' id='word_1_152' title='bbox 3018 1349 3370 1407; x_wconf 74' lang='lat' dir='ltr'><strong>imitationem</strong></span> <span class='ocrx_word' id='word_1_153' title='bbox 3395 1369 3485 1409; x_wconf 81' lang='lat' dir='ltr'><strong>ex-</strong></span> 
     </span>
    </p>
   </div>
   <div class='ocr_carea' id='block_1_22' title="bbox 1897 1428 3488 1505">
    <p class='ocr_par' dir='ltr' id='par_1_22' title="bbox 1897 1428 3488 1505">
     <span class='ocr_line' id='line_1_22' title="bbox 1897 1428 3488 1505; baseline 0.014 -26"><span class='ocrx_word' id='word_1_154' title='bbox 1897 1440 2083 1493; x_wconf 88' lang='lat' dir='ltr'><strong>pressa</strong></span> <span class='ocrx_word' id='word_1_155' title='bbox 2129 1428 2421 1486; x_wconf 79' lang='lat' dir='ltr'><strong>identidem</strong></span> <span class='ocrx_word' id='word_1_156' title='bbox 2470 1433 2819 1492; x_wconf 84' lang='lat' dir='ltr'><strong>advertimus.</strong></span> <span class='ocrx_word' id='word_1_157' title='bbox 2853 1437 3112 1505; x_wconf 86' lang='lat' dir='ltr'><strong>Quamvis</strong></span> <span class='ocrx_word' id='word_1_158' title='bbox 3153 1443 3297 1498; x_wconf 89' lang='lat' dir='ltr'><strong>enim</strong></span> <span class='ocrx_word' id='word_1_159' title='bbox 3338 1460 3400 1500; x_wconf 91' lang='lat' dir='ltr'><strong>ea</strong></span> <span class='ocrx_word' id='word_1_160' title='bbox 3436 1447 3488 1501; x_wconf 91' lang='lat' dir='ltr'><strong>in</strong></span> 
     </span>
    </p>
   </div>
   <div class='ocr_carea' id='block_1_23' title="bbox 1895 1521 3494 1607">
    <p class='ocr_par' dir='ltr' id='par_1_23' title="bbox 1895 1521 3494 1607">
     <span class='ocr_line' id='line_1_23' title="bbox 1895 1521 3494 1607; baseline 0.013 -34"><span class='ocrx_word' id='word_1_161' title='bbox 1895 1521 2171 1590; x_wconf 88' lang='lat' dir='ltr'><strong>proprium</strong></span> <span class='ocrx_word' id='word_1_162' title='bbox 2226 1524 2423 1595; x_wconf 87' lang='lat' dir='ltr'><strong>stylum</strong></span> <span class='ocrx_word' id='word_1_163' title='bbox 2454 1529 2817 1595; x_wconf 85' lang='lat' dir='ltr'><strong>converterit,</strong></span> <span class='ocrx_word' id='word_1_164' title='bbox 2859 1530 3035 1587; x_wconf 88' lang='lat' dir='ltr'><strong>adhuc</strong></span> <span class='ocrx_word' id='word_1_165' title='bbox 3060 1541 3240 1589; x_wconf 88' lang='lat' dir='ltr'><strong>tamen</strong></span> <span class='ocrx_word' id='word_1_166' title='bbox 3269 1548 3494 1607; x_wconf 89' lang='lat' dir='ltr'><strong>apparet</strong></span> 
     </span>
    </p>
   </div>
   <div class='ocr_carea' id='block_1_24' title="bbox 1896 1612 3496 1699">
    <p class='ocr_par' dir='ltr' id='par_1_24' title="bbox 1896 1612 3496 1699">
     <span class='ocr_line' id='line_1_24' title="bbox 1896 1612 3496 1699; baseline 0.011 -31"><span class='ocrx_word' id='word_1_167' title='bbox 1896 1612 2039 1669; x_wconf 90' lang='lat' dir='ltr'><strong>unde</strong></span> <span class='ocrx_word' id='word_1_168' title='bbox 2064 1614 2297 1671; x_wconf 80' lang='lat' dir='ltr'><strong>delibata</strong></span> <span class='ocrx_word' id='word_1_169' title='bbox 2339 1617 2467 1672; x_wconf 90' lang='lat' dir='ltr'><strong>sint.</strong></span> <span class='ocrx_word' id='word_1_170' title='bbox 2518 1620 2729 1675; x_wconf 87' lang='lat' dir='ltr'><strong>Atcnm</strong></span> <span class='ocrx_word' id='word_1_171' title='bbox 2785 1637 2880 1689; x_wconf 86' lang='lat' dir='ltr'><strong>pro</strong></span> <span class='ocrx_word' id='word_1_172' title='bbox 2918 1638 3069 1679; x_wconf 91' lang='lat' dir='ltr'><strong>more</strong></span> <span class='ocrx_word' id='word_1_173' title='bbox 3108 1642 3176 1681; x_wconf 90' lang='lat' dir='ltr'><strong>nc</strong></span> <span class='ocrx_word' id='word_1_174' title='bbox 3221 1642 3346 1683; x_wconf 91' lang='lat' dir='ltr'><strong>eum</strong></span> <span class='ocrx_word' id='word_1_175' title='bbox 3373 1629 3496 1699; x_wconf 91' lang='lat' dir='ltr'><strong>qui-</strong></span> 
     </span>
    </p>
   </div>
   <div class='ocr_carea' id='block_1_25' title="bbox 1897 1702 3497 1789">
    <p class='ocr_par' dir='ltr' id='par_1_25' title="bbox 1897 1702 3497 1789">
     <span class='ocr_line' id='line_1_25' title="bbox 1897 1702 3497 1789; baseline 0.013 -31"><span class='ocrx_word' id='word_1_176' title='bbox 1897 1702 2020 1761; x_wconf 92' lang='lat' dir='ltr'><strong>dem</strong></span> <span class='ocrx_word' id='word_1_177' title='bbox 2054 1706 2317 1776; x_wconf 88' lang='lat' dir='ltr'><strong>nominet,</strong></span> <span class='ocrx_word' id='word_1_178' title='bbox 2351 1723 2384 1765; x_wconf 90' lang='lat' dir='ltr'><strong>e</strong></span> <span class='ocrx_word' id='word_1_179' title='bbox 2427 1710 2579 1781; x_wconf 89' lang='lat' dir='ltr'><strong>cujus</strong></span> <span class='ocrx_word' id='word_1_180' title='bbox 2622 1712 3090 1773; x_wconf 86' lang='lat' dir='ltr'><strong>lucubrationibus</strong></span> <span class='ocrx_word' id='word_1_181' title='bbox 3119 1719 3378 1789; x_wconf 83' lang='lat' dir='ltr'><strong>profecit,</strong></span> <span class='ocrx_word' id='word_1_182' title='bbox 3410 1721 3497 1778; x_wconf 89' lang='lat' dir='ltr'><strong>ni-</strong></span> 
     </span>
    </p>
   </div>
   <div class='ocr_carea' id='block_1_26' title="bbox 1903 1798 3502 1882">
    <p class='ocr_par' dir='ltr' id='par_1_26' title="bbox 1903 1798 3502 1882">
     <span class='ocr_line' id='line_1_26' title="bbox 1903 1798 3502 1882; baseline 0.012 -30"><span class='ocrx_word' id='word_1_183' title='bbox 1903 1798 1979 1853; x_wconf 92' lang='lat' dir='ltr'><strong>hil</strong></span> <span class='ocrx_word' id='word_1_184' title='bbox 2001 1800 2069 1854; x_wconf 90' lang='lat' dir='ltr'><strong>ab</strong></span> <span class='ocrx_word' id='word_1_185' title='bbox 2091 1814 2157 1854; x_wconf 90' lang='lat' dir='ltr'><strong>eo</strong></span> <span class='ocrx_word' id='word_1_186' title='bbox 2190 1800 2473 1869; x_wconf 88' lang='lat' dir='ltr'><strong>habemus,</strong></span> <span class='ocrx_word' id='word_1_187' title='bbox 2530 1804 2671 1861; x_wconf 90' lang='lat' dir='ltr'><strong>unde</strong></span> <span class='ocrx_word' id='word_1_188' title='bbox 2701 1806 2856 1862; x_wconf 89' lang='lat' dir='ltr'><strong>nobis</strong></span> <span class='ocrx_word' id='word_1_189' title='bbox 2899 1818 3115 1864; x_wconf 82' lang='lat' dir='ltr'><strong>constet</strong></span> <span class='ocrx_word' id='word_1_190' title='bbox 3168 1812 3311 1881; x_wconf 86' lang='lat' dir='ltr'><strong>quod</strong></span> <span class='ocrx_word' id='word_1_191' title='bbox 3350 1829 3502 1882; x_wconf 70' lang='lat' dir='ltr'><strong>qua:-</strong></span> 
     </span>
    </p>
   </div>
   <div class='ocr_carea' id='block_1_27' title="bbox 1899 1889 3499 1975">
    <p class='ocr_par' dir='ltr' id='par_1_27' title="bbox 1899 1889 3499 1975">
     <span class='ocr_line' id='line_1_27' title="bbox 1899 1889 3499 1975; baseline 0.012 -31"><span class='ocrx_word' id='word_1_192' title='bbox 1899 1889 2057 1944; x_wconf 89' lang='lat' dir='ltr'><strong>ritur.</strong></span> <span class='ocrx_word' id='word_1_193' title='bbox 2108 1889 2219 1945; x_wconf 87' lang='lat' dir='ltr'><strong>Nisi</strong></span> <span class='ocrx_word' id='word_1_194' title='bbox 2259 1893 2400 1949; x_wconf 82' lang='lat' dir='ltr'><strong>forte</strong></span> <span class='ocrx_word' id='word_1_195' title='bbox 2430 1894 2673 1952; x_wconf 89' lang='lat' dir='ltr'><strong>dicamus</strong></span> <span class='ocrx_word' id='word_1_196' title='bbox 2720 1913 2845 1953; x_wconf 90' lang='lat' dir='ltr'><strong>eum</strong></span> <span class='ocrx_word' id='word_1_197' title='bbox 2903 1907 3068 1955; x_wconf 88' lang='lat' dir='ltr'><strong>etiam</strong></span> <span class='ocrx_word' id='word_1_198' title='bbox 3117 1917 3273 1959; x_wconf 91' lang='lat' dir='ltr'><strong>suum</strong></span> <span class='ocrx_word' id='word_1_199' title='bbox 3303 1905 3368 1961; x_wconf 91' lang='lat' dir='ltr'><strong>de</strong></span> <span class='ocrx_word' id='word_1_200' title='bbox 3394 1908 3499 1975; x_wconf 92' lang='lat' dir='ltr'><strong>ﬁde</strong></span> 
     </span>
    </p>
   </div>
   <div class='ocr_carea' id='block_1_28' title="bbox 1902 1982 3501 2067">
    <p class='ocr_par' dir='ltr' id='par_1_28' title="bbox 1902 1982 3501 2067">
     <span class='ocr_line' id='line_1_28' title="bbox 1902 1982 3501 2067; baseline 0.013 -31"><span class='ocrx_word' id='word_1_201' title='bbox 1902 1982 2117 2039; x_wconf 90' lang='lat' dir='ltr'><strong>titulum</strong></span> <span class='ocrx_word' id='word_1_202' title='bbox 2171 1985 2239 2040; x_wconf 92' lang='lat' dir='ltr'><strong>ab</strong></span> <span class='ocrx_word' id='word_1_203' title='bbox 2291 1986 2495 2043; x_wconf 80' lang='lat' dir='ltr'><strong>Hilario</strong></span> <span class='ocrx_word' id='word_1_204' title='bbox 2541 1990 2927 2060; x_wconf 87' lang='lat' dir='ltr'><strong>assumpsisse.</strong></span> <span class='ocrx_word' id='word_1_205' title='bbox 2972 1994 3309 2067; x_wconf 87' lang='lat' dir='ltr'><strong>Quamquam</strong></span> <span class='ocrx_word' id='word_1_206' title='bbox 3358 1999 3501 2056; x_wconf 89' lang='lat' dir='ltr'><strong>hunc</strong></span> 
     </span>
    </p>
   </div>
   <div class='ocr_carea' id='block_1_29' title="bbox 1903 2076 3505 2163">
    <p class='ocr_par' dir='ltr' id='par_1_29' title="bbox 1903 2076 3505 2163">
     <span class='ocr_line' id='line_1_29' title="bbox 1903 2076 3505 2163; baseline 0.013 -34"><span class='ocrx_word' id='word_1_207' title='bbox 1903 2076 2005 2145; x_wconf 86' lang='lat' dir='ltr'><strong>ipsi</strong></span> <span class='ocrx_word' id='word_1_208' title='bbox 2027 2078 2262 2148; x_wconf 88' lang='lat' dir='ltr'><strong>quodam</strong></span> <span class='ocrx_word' id='word_1_209' title='bbox 2303 2081 2465 2137; x_wconf 88' lang='lat' dir='ltr'><strong>modo</strong></span> <span class='ocrx_word' id='word_1_210' title='bbox 2514 2084 2910 2156; x_wconf 70' lang='lat' dir='ltr'><strong>prrrscripsissc</strong></span> <span class='ocrx_word' id='word_1_211' title='bbox 2939 2088 3154 2146; x_wconf 82' lang='lat' dir='ltr'><strong>videtur</strong></span> <span class='ocrx_word' id='word_1_212' title='bbox 3204 2090 3505 2163; x_wconf 87' lang='lat' dir='ltr'><strong>imperator</strong></span> 
     </span>
    </p>
   </div>
   <div class='ocr_carea' id='block_1_30' title="bbox 1902 2168 2214 2226">
    <p class='ocr_par' dir='ltr' id='par_1_30' title="bbox 1902 2168 2214 2226">
     <span class='ocr_line' id='line_1_30' title="bbox 1902 2168 2214 2226; baseline 0.003 -2"><span class='ocrx_word' id='word_1_213' title='bbox 1902 2168 2214 2226; x_wconf 64' lang='lat' dir='ltr'><strong>Gratianus.</strong></span> 
     </span>
    </p>
   </div>
   <div class='ocr_carea' id='block_1_31' title="bbox 1976 2264 3498 2350">
    <p class='ocr_par' dir='ltr' id='par_1_31' title="bbox 1976 2264 3498 2350">
     <span class='ocr_line' id='line_1_31' title="bbox 1976 2264 3498 2350; baseline 0.012 -31"><span class='ocrx_word' id='word_1_214' title='bbox 1976 2264 2061 2320; x_wconf 84' lang='lat' dir='ltr'><strong>Ill.</strong></span> <span class='ocrx_word' id='word_1_215' title='bbox 2098 2264 2166 2320; x_wconf 88' lang='lat' dir='ltr'><strong>In</strong></span> <span class='ocrx_word' id='word_1_216' title='bbox 2190 2267 2286 2321; x_wconf 91' lang='lat' dir='ltr'><strong>Itoc</strong></span> <span class='ocrx_word' id='word_1_217' title='bbox 2311 2284 2414 2323; x_wconf 91' lang='lat' dir='ltr'><strong>non</strong></span> <span class='ocrx_word' id='word_1_218' title='bbox 2442 2270 2603 2341; x_wconf 88' lang='lat' dir='ltr'><strong>magis</strong></span> <span class='ocrx_word' id='word_1_219' title='bbox 2632 2274 2953 2330; x_wconf 88' lang='lat' dir='ltr'><strong>consentiunt</strong></span> <span class='ocrx_word' id='word_1_220' title='bbox 2982 2292 3102 2332; x_wconf 88' lang='lat' dir='ltr'><strong>mss.</strong></span> <span class='ocrx_word' id='word_1_221' title='bbox 3127 2277 3403 2350; x_wconf 90' lang='lat' dir='ltr'><strong>—Neque</strong></span> <span class='ocrx_word' id='word_1_222' title='bbox 3431 2295 3498 2336; x_wconf 81' lang='lat' dir='ltr'><strong>ex</strong></span> 
     </span>
    </p>
   </div>
   <div class='ocr_carea' id='block_1_32' title="bbox 1900 2359 3500 2438">
    <p class='ocr_par' dir='ltr' id='par_1_32' title="bbox 1900 2359 3500 2438">
     <span class='ocr_line' id='line_1_32' title="bbox 1900 2359 3500 2438; baseline 0.009 -26"><span class='ocrx_word' id='word_1_223' title='bbox 1900 2359 2133 2429; x_wconf 80' lang='lat' dir='ltr'><strong>antiquis</strong></span> <span class='ocrx_word' id='word_1_224' title='bbox 2198 2360 2599 2429; x_wconf 81' lang='lat' dir='ltr'><strong>exemplaribus</strong></span> <span class='ocrx_word' id='word_1_225' title='bbox 2649 2365 2939 2434; x_wconf 80' lang='lat' dir='ltr'><strong>quidquam</strong></span> <span class='ocrx_word' id='word_1_226' title='bbox 2984 2367 3151 2438; x_wconf 70' lang='lat' dir='ltr'><strong>magis</strong></span> <span class='ocrx_word' id='word_1_227' title='bbox 3198 2370 3333 2424; x_wconf 84' lang='lat' dir='ltr'><strong>certi</strong></span> <span class='ocrx_word' id='word_1_228' title='bbox 3388 2380 3500 2427; x_wconf 87' lang='lat' dir='ltr'><strong>sta-</strong></span> 
     </span>
    </p>
   </div>
   <div class='ocr_carea' id='block_1_33' title="bbox 176 2445 3506 2529">
    <p class='ocr_par' dir='ltr' id='par_1_33' title="bbox 176 2445 3506 2529">
     <span class='ocr_line' id='line_1_33' title="bbox 176 2445 3506 2529; baseline 0.005 -26"><span class='ocrx_word' id='word_1_229' title='bbox 176 2447 325 2503; x_wconf 85' lang='lat' dir='ltr'><strong>dati.</strong></span> <span class='ocrx_word' id='word_1_230' title='bbox 356 2446 450 2503; x_wconf 85' lang='lat' dir='ltr'><strong>Sic</strong></span> <span class='ocrx_word' id='word_1_231' title='bbox 493 2446 635 2502; x_wconf 89' lang='lat' dir='ltr'><strong>enim</strong></span> <span class='ocrx_word' id='word_1_232' title='bbox 656 2461 727 2502; x_wconf 79' lang='lat' dir='ltr'><strong>ex</strong></span> <span class='ocrx_word' id='word_1_233' title='bbox 772 2446 922 2518; x_wconf 89' lang='lat' dir='ltr'><strong>vulgi</strong></span> <span class='ocrx_word' id='word_1_234' title='bbox 966 2445 1106 2501; x_wconf 83' lang='lat' dir='ltr'><strong>fama</strong></span> <span class='ocrx_word' id='word_1_235' title='bbox 1148 2455 1403 2502; x_wconf 85' lang='lat' dir='ltr'><strong>testatum</strong></span> <span class='ocrx_word' id='word_1_236' title='bbox 1453 2447 1670 2517; x_wconf 87' lang='lat' dir='ltr'><strong>reliquit</strong></span> <span class='ocrx_word' id='word_1_237' title='bbox 1701 2446 1803 2502; x_wconf 87' lang='lat' dir='ltr'><strong>So-</strong></span> <span class='ocrx_word' id='word_1_238' title='bbox 1831 2450 1880 2511; x_wconf 93' lang='lat' dir='ltr'><strong>B</strong></span> <span class='ocrx_word' id='word_1_239' title='bbox 1910 2452 1985 2506; x_wconf 92' lang='lat' dir='ltr'><strong>tui</strong></span> <span class='ocrx_word' id='word_1_240' title='bbox 2045 2461 2228 2521; x_wconf 89' lang='lat' dir='ltr'><strong>queat.</strong></span> <span class='ocrx_word' id='word_1_241' title='bbox 2292 2452 2348 2507; x_wconf 88' lang='lat' dir='ltr'><strong>In</strong></span> <span class='ocrx_word' id='word_1_242' title='bbox 2389 2456 2779 2511; x_wconf 85' lang='lat' dir='ltr'><strong>vetustioribus</strong></span> <span class='ocrx_word' id='word_1_243' title='bbox 2826 2461 2869 2511; x_wconf 93' lang='lat' dir='ltr'><strong>si</strong></span> <span class='ocrx_word' id='word_1_244' title='bbox 2901 2459 3117 2529; x_wconf 86' lang='lat' dir='ltr'><strong>quidem</strong></span> <span class='ocrx_word' id='word_1_245' title='bbox 3161 2461 3506 2518; x_wconf 82' lang='lat' dir='ltr'><strong>desideratur</strong></span> 
     </span>
    </p>
   </div>
   <div class='ocr_carea' id='block_1_34' title="bbox 178 2538 1801 2611">
    <p class='ocr_par' dir='ltr' id='par_1_34' title="bbox 178 2538 1801 2611">
     <span class='ocr_line' id='line_1_34' title="bbox 178 2538 1801 2611; baseline 0 -16"><span class='ocrx_word' id='word_1_246' title='bbox 178 2554 463 2595; x_wconf 79' lang='lat' dir='ltr'><strong>zomcnus</strong></span> <span class='ocrx_word' id='word_1_247' title='bbox 491 2539 584 2593; x_wconf 92' lang='lat' dir='ltr'><strong>lib.</strong></span> <span class='ocrx_word' id='word_1_248' title='bbox 618 2555 695 2605; x_wconf 87' lang='lat' dir='ltr'><strong>Ill,</strong></span> <span class='ocrx_word' id='word_1_249' title='bbox 724 2554 845 2611; x_wconf 85' lang='lat' dir='ltr'><strong>cap.</strong></span> <span class='ocrx_word' id='word_1_250' title='bbox 878 2539 944 2594; x_wconf 61' lang='lat' dir='ltr'><strong>it</strong></span> <span class='ocrx_word' id='word_1_251' title='bbox 973 2555 986 2591; x_wconf 92' lang='lat'><strong>:</strong></span> <span class='ocrx_word' id='word_1_252' title='bbox 1030 2538 1224 2594; x_wconf 82' lang='lat' dir='ltr'><strong>Hilarii</strong></span> <span class='ocrx_word' id='word_1_253' title='bbox 1252 2550 1422 2593; x_wconf 87' lang='lat' dir='ltr'><strong>autem</strong></span> <span class='ocrx_word' id='word_1_254' title='bbox 1454 2540 1610 2594; x_wconf 86' lang='lat' dir='ltr'><strong>libros</strong></span> <span class='ocrx_word' id='word_1_255' title='bbox 1639 2540 1704 2596; x_wconf 88' lang='lat' dir='ltr'><strong>de</strong></span> <span class='ocrx_word' id='word_1_256' title='bbox 1737 2541 1801 2609; x_wconf 88' lang='lat' dir='ltr'><strong>ﬁ-</strong></span> 
     </span>
    </p>
   </div>
   <div class='ocr_carea' id='block_1_35' title="bbox 188 2630 1804 2701">
    <p class='ocr_par' dir='ltr' id='par_1_35' title="bbox 188 2630 1804 2701">
     <span class='ocr_line' id='line_1_35' title="bbox 188 2630 1804 2701; baseline 0.001 -16"><span class='ocrx_word' id='word_1_257' title='bbox 188 2632 288 2699; x_wconf 82' lang='lat' dir='ltr'><strong>de,</strong></span> <span class='ocrx_word' id='word_1_258' title='bbox 323 2631 488 2685; x_wconf 88' lang='lat' dir='ltr'><strong>etiam</strong></span> <span class='ocrx_word' id='word_1_259' title='bbox 529 2630 593 2684; x_wconf 84' lang='lat' dir='ltr'><strong>ab</strong></span> <span class='ocrx_word' id='word_1_260' title='bbox 619 2631 685 2685; x_wconf 87' lang='lat' dir='ltr'><strong>iis</strong></span> <span class='ocrx_word' id='word_1_261' title='bbox 730 2632 816 2701; x_wconf 85' lang='lat' dir='ltr'><strong>qui</strong></span> <span class='ocrx_word' id='word_1_262' title='bbox 862 2632 1175 2685; x_wconf 83' lang='lat' dir='ltr'><strong>contrariam</strong></span> <span class='ocrx_word' id='word_1_263' title='bbox 1226 2631 1498 2686; x_wconf 75' lang='lat' dir='ltr'><strong>tuebantur</strong></span> <span class='ocrx_word' id='word_1_264' title='bbox 1534 2631 1804 2687; x_wconf 72' lang='lat' dir='ltr'><strong>catholicas</strong></span> 
     </span>
    </p>
   </div>
   <div class='ocr_carea' id='block_1_36' title="bbox 172 2724 1801 2797">
    <p class='ocr_par' dir='ltr' id='par_1_36' title="bbox 172 2724 1801 2797">
     <span class='ocr_line' id='line_1_36' title="bbox 172 2724 1801 2797; baseline 0 -18"><span class='ocrx_word' id='word_1_265' title='bbox 172 2726 318 2796; x_wconf 71' lang='lat' dir='ltr'><strong>ﬁdei</strong></span> <span class='ocrx_word' id='word_1_266' title='bbox 360 2725 676 2797; x_wconf 82' lang='lat' dir='ltr'><strong>opinionem,</strong></span> <span class='ocrx_word' id='word_1_267' title='bbox 724 2724 1005 2779; x_wconf 85' lang='lat' dir='ltr'><strong>admodum</strong></span> <span class='ocrx_word' id='word_1_268' title='bbox 1047 2725 1429 2779; x_wconf 78' lang='lat' dir='ltr'><strong>commendatos</strong></span> <span class='ocrx_word' id='word_1_269' title='bbox 1473 2740 1582 2779; x_wconf 87' lang='lat' dir='ltr'><strong>esse</strong></span> <span class='ocrx_word' id='word_1_270' title='bbox 1608 2724 1801 2795; x_wconf 76' lang='lat' dir='ltr'><strong>prtcdi-</strong></span> 
     </span>
    </p>
   </div>
   <div class='ocr_carea' id='block_1_37' title="bbox 172 2827 332 2874">
    <p class='ocr_par' dir='ltr' id='par_1_37' title="bbox 172 2827 332 2874">
     <span class='ocr_line' id='line_1_37' title="bbox 172 2827 332 2874; baseline -0.013 0"><span class='ocrx_word' id='word_1_271' title='bbox 172 2827 332 2874; x_wconf 71' lang='lat' dir='ltr'><strong>cant.</strong></span> 
     </span>
    </p>
   </div>
   <div class='ocr_carea' id='block_1_38' title="bbox 260 2907 1801 2989">
    <p class='ocr_par' dir='ltr' id='par_1_38' title="bbox 260 2907 1801 2989">
     <span class='ocr_line' id='line_1_38' title="bbox 260 2907 1801 2989; baseline -0.002 -23"><span class='ocrx_word' id='word_1_272' title='bbox 260 2911 331 2967; x_wconf 91' lang='lat' dir='ltr'><strong>ll.</strong></span> <span class='ocrx_word' id='word_1_273' title='bbox 370 2909 499 2966; x_wconf 85' lang='lat' dir='ltr'><strong>Non</strong></span> <span class='ocrx_word' id='word_1_274' title='bbox 519 2926 620 2965; x_wconf 90' lang='lat' dir='ltr'><strong>una</strong></span> <span class='ocrx_word' id='word_1_275' title='bbox 646 2910 841 2965; x_wconf 84' lang='lat' dir='ltr'><strong>ratione</strong></span> <span class='ocrx_word' id='word_1_276' title='bbox 860 2908 922 2964; x_wconf 85' lang='lat' dir='ltr'><strong>ab</strong></span> <span class='ocrx_word' id='word_1_277' title='bbox 945 2909 1170 2989; x_wconf 79' lang='lat' dir='ltr'><strong>antiquis</strong></span> <span class='ocrx_word' id='word_1_278' title='bbox 1197 2908 1644 2963; x_wconf 82' lang='lat' dir='ltr'><strong>inscribuntur.—</strong></span> <span class='ocrx_word' id='word_1_279' title='bbox 1680 2907 1801 2964; x_wconf 85' lang='lat' dir='ltr'><strong>Non</strong></span> 
     </span>
    </p>
   </div>
   <div class='ocr_carea' id='block_1_39' title="bbox 175 3004 1801 3083">
    <p class='ocr_par' dir='ltr' id='par_1_39' title="bbox 175 3004 1801 3083">
     <span class='ocr_line' id='line_1_39' title="bbox 175 3004 1801 3083; baseline -0.003 -19"><span class='ocrx_word' id='word_1_280' title='bbox 175 3009 261 3065; x_wconf 87' lang='lat' dir='ltr'><strong>ita</strong></span> <span class='ocrx_word' id='word_1_281' title='bbox 306 3014 573 3062; x_wconf 84' lang='lat' dir='ltr'><strong>constans</strong></span> <span class='ocrx_word' id='word_1_282' title='bbox 600 3015 685 3083; x_wconf 83' lang='lat' dir='ltr'><strong>est</strong></span> <span class='ocrx_word' id='word_1_283' title='bbox 723 3015 965 3061; x_wconf 88' lang='lat' dir='ltr'><strong>veterum</strong></span> <span class='ocrx_word' id='word_1_284' title='bbox 996 3006 1049 3059; x_wconf 91' lang='lat' dir='ltr'><strong>in</strong></span> <span class='ocrx_word' id='word_1_285' title='bbox 1081 3006 1144 3061; x_wconf 91' lang='lat' dir='ltr'><strong>iis</strong></span> <span class='ocrx_word' id='word_1_286' title='bbox 1174 3004 1536 3062; x_wconf 87' lang='lat' dir='ltr'><strong>inscribendis</strong></span> <span class='ocrx_word' id='word_1_287' title='bbox 1565 3019 1801 3060; x_wconf 84' lang='lat' dir='ltr'><strong>consen-</strong></span> 
     </span>
    </p>
   </div>
   <div class='ocr_carea' id='block_1_40' title="bbox 170 3086 1799 3171">
    <p class='ocr_par' dir='ltr' id='par_1_40' title="bbox 170 3086 1799 3171">
     <span class='ocr_line' id='line_1_40' title="bbox 170 3086 1799 3171; baseline -0.004 -15"><span class='ocrx_word' id='word_1_288' title='bbox 170 3103 293 3157; x_wconf 86' lang='lat' dir='ltr'><strong>sio.</strong></span> <span class='ocrx_word' id='word_1_289' title='bbox 347 3086 715 3171; x_wconf 80' lang='lat' dir='ltr'><strong>Hieronymus</strong></span> <span class='ocrx_word' id='word_1_290' title='bbox 757 3098 827 3156; x_wconf 89' lang='lat' dir='ltr'><strong>de</strong></span> <span class='ocrx_word' id='word_1_291' title='bbox 866 3099 1067 3169; x_wconf 87' lang='lat' dir='ltr'><strong>Script.</strong></span> <span class='ocrx_word' id='word_1_292' title='bbox 1095 3099 1231 3154; x_wconf 90' lang='lat' dir='ltr'><strong>eccl.</strong></span> <span class='ocrx_word' id='word_1_293' title='bbox 1255 3096 1309 3152; x_wconf 91' lang='lat' dir='ltr'><strong>in</strong></span> <span class='ocrx_word' id='word_1_294' title='bbox 1338 3097 1591 3153; x_wconf 81' lang='lat' dir='ltr'><strong>Marcello</strong></span> <span class='ocrx_word' id='word_1_295' title='bbox 1617 3110 1669 3153; x_wconf 87' lang='lat' dir='ltr'><strong>et</strong></span> <span class='ocrx_word' id='word_1_296' title='bbox 1700 3095 1799 3151; x_wconf 88' lang='lat' dir='ltr'><strong>Hi-</strong></span> 
     </span>
    </p>
   </div>
   <div class='ocr_carea' id='block_1_41' title="bbox 172 3191 1798 3262">
    <p class='ocr_par' dir='ltr' id='par_1_41' title="bbox 172 3191 1798 3262">
     <span class='ocr_line' id='line_1_41' title="bbox 172 3191 1798 3262; baseline -0.002 -12"><span class='ocrx_word' id='word_1_297' title='bbox 172 3196 355 3262; x_wconf 83' lang='lat' dir='ltr'><strong>lario,</strong></span> <span class='ocrx_word' id='word_1_298' title='bbox 397 3203 554 3250; x_wconf 84' lang='lat' dir='ltr'><strong>vetus</strong></span> <span class='ocrx_word' id='word_1_299' title='bbox 594 3194 777 3250; x_wconf 82' lang='lat' dir='ltr'><strong>Codex</strong></span> <span class='ocrx_word' id='word_1_300' title='bbox 837 3206 1103 3249; x_wconf 86' lang='lat' dir='ltr'><strong>canonum</strong></span> <span class='ocrx_word' id='word_1_301' title='bbox 1139 3192 1396 3248; x_wconf 61' lang='lat' dir='ltr'><strong>ECCiesi‘d:</strong></span> <span class='ocrx_word' id='word_1_302' title='bbox 1441 3191 1702 3247; x_wconf 67' lang='lat' dir='ltr'><strong>Romana:</strong></span> <span class='ocrx_word' id='word_1_303' title='bbox 1746 3207 1798 3248; x_wconf 94' lang='lat' dir='ltr'><strong>c.</strong></span> 
     </span>
    </p>
   </div>
   <div class='ocr_carea' id='block_1_42' title="bbox 168 3284 1799 3354">
    <p class='ocr_par' dir='ltr' id='par_1_42' title="bbox 168 3284 1799 3354">
     <span class='ocr_line' id='line_1_42' title="bbox 168 3284 1799 3354; baseline -0.003 -12"><span class='ocrx_word' id='word_1_304' title='bbox 168 3287 281 3354; x_wconf 65' lang='lat'><strong>4|,</strong></span> <span class='ocrx_word' id='word_1_305' title='bbox 311 3295 373 3343; x_wconf 90' lang='lat' dir='ltr'><strong>et</strong></span> <span class='ocrx_word' id='word_1_306' title='bbox 402 3287 523 3341; x_wconf 80' lang='lat' dir='ltr'><strong>Ado</strong></span> <span class='ocrx_word' id='word_1_307' title='bbox 555 3285 878 3342; x_wconf 75' lang='lat' dir='ltr'><strong>Viennensis</strong></span> <span class='ocrx_word' id='word_1_308' title='bbox 906 3288 959 3342; x_wconf 90' lang='lat' dir='ltr'><strong>in</strong></span> <span class='ocrx_word' id='word_1_309' title='bbox 1000 3285 1275 3341; x_wconf 89' lang='lat' dir='ltr'><strong>Chronico</strong></span> <span class='ocrx_word' id='word_1_310' title='bbox 1298 3299 1396 3341; x_wconf 85' lang='lat' dir='ltr'><strong>eos</strong></span> <span class='ocrx_word' id='word_1_311' title='bbox 1437 3294 1617 3339; x_wconf 89' lang='lat' dir='ltr'><strong>contra</strong></span> <span class='ocrx_word' id='word_1_312' title='bbox 1644 3284 1799 3338; x_wconf 82' lang='lat' dir='ltr'><strong>Aria-</strong></span> 
     </span>
    </p>
   </div>
   <div class='ocr_carea' id='block_1_43' title="bbox 167 3375 1801 3448">
    <p class='ocr_par' dir='ltr' id='par_1_43' title="bbox 167 3375 1801 3448">
     <span class='ocr_line' id='line_1_43' title="bbox 167 3375 1801 3448; baseline -0.004 -11"><span class='ocrx_word' id='word_1_313' title='bbox 167 3398 278 3437; x_wconf 66' lang='grc' dir='ltr'><strong>ποι</strong></span> <span class='ocrx_word' id='word_1_314' title='bbox 332 3380 665 3435; x_wconf 86' lang='lat' dir='ltr'><strong>inscribunt.</strong></span> <span class='ocrx_word' id='word_1_315' title='bbox 714 3379 951 3434; x_wconf 87' lang='lat' dir='ltr'><strong>Eosdem</strong></span> <span class='ocrx_word' id='word_1_316' title='bbox 997 3378 1063 3434; x_wconf 87' lang='lat' dir='ltr'><strong>de</strong></span> <span class='ocrx_word' id='word_1_317' title='bbox 1083 3378 1186 3448; x_wconf 88' lang='lat' dir='ltr'><strong>ﬁde</strong></span> <span class='ocrx_word' id='word_1_318' title='bbox 1212 3376 1489 3447; x_wconf 88' lang='lat' dir='ltr'><strong>appellant</strong></span> <span class='ocrx_word' id='word_1_319' title='bbox 1515 3375 1608 3430; x_wconf 90' lang='lat' dir='ltr'><strong>alii</strong></span> <span class='ocrx_word' id='word_1_320' title='bbox 1640 3375 1801 3446; x_wconf 86' lang='lat' dir='ltr'><strong>longe</strong></span> 
     </span>
    </p>
   </div>
   <div class='ocr_carea' id='block_1_44' title="bbox 169 3468 1801 3545">
    <p class='ocr_par' dir='ltr' id='par_1_44' title="bbox 169 3468 1801 3545">
     <span class='ocr_line' id='line_1_44' title="bbox 169 3468 1801 3545; baseline -0.006 -14"><span class='ocrx_word' id='word_1_321' title='bbox 169 3476 380 3545; x_wconf 83' lang='lat' dir='ltr'><strong>plures</strong></span> <span class='ocrx_word' id='word_1_322' title='bbox 428 3488 683 3539; x_wconf 88' lang='lat' dir='ltr'><strong>numero,</strong></span> <span class='ocrx_word' id='word_1_323' title='bbox 726 3482 781 3526; x_wconf 91' lang='lat' dir='ltr'><strong>ct</strong></span> <span class='ocrx_word' id='word_1_324' title='bbox 809 3473 1134 3527; x_wconf 88' lang='lat' dir='ltr'><strong>auctoritate</strong></span> <span class='ocrx_word' id='word_1_325' title='bbox 1159 3485 1268 3526; x_wconf 88' lang='lat' dir='ltr'><strong>non</strong></span> <span class='ocrx_word' id='word_1_326' title='bbox 1310 3469 1621 3524; x_wconf 85' lang='lat' dir='ltr'><strong>inferiores.</strong></span> <span class='ocrx_word' id='word_1_327' title='bbox 1653 3468 1801 3535; x_wconf 90' lang='lat' dir='ltr'><strong>Quos</strong></span> 
     </span>
    </p>
   </div>
   <div class='ocr_carea' id='block_1_45' title="bbox 168 3560 1802 3638">
    <p class='ocr_par' dir='ltr' id='par_1_45' title="bbox 168 3560 1802 3638">
     <span class='ocr_line' id='line_1_45' title="bbox 168 3560 1802 3638; baseline -0.006 -14"><span class='ocrx_word' id='word_1_328' title='bbox 168 3569 332 3624; x_wconf 86' lang='lat' dir='ltr'><strong>inter</strong></span> <span class='ocrx_word' id='word_1_329' title='bbox 365 3564 769 3638; x_wconf 62' lang='lat' dir='ltr'><strong>praecipuisunt</strong></span> <span class='ocrx_word' id='word_1_330' title='bbox 801 3563 1029 3619; x_wconf 74' lang='lat' dir='ltr'><strong>Rufinus</strong></span> <span class='ocrx_word' id='word_1_331' title='bbox 1060 3563 1153 3618; x_wconf 90' lang='lat' dir='ltr'><strong>lib.</strong></span> <span class='ocrx_word' id='word_1_332' title='bbox 1186 3561 1355 3617; x_wconf 80' lang='lat' dir='ltr'><strong>ibist.</strong></span> <span class='ocrx_word' id='word_1_333' title='bbox 1373 3576 1493 3631; x_wconf 76' lang='lat' dir='ltr'><strong>cap.</strong></span> <span class='ocrx_word' id='word_1_334' title='bbox 1540 3560 1602 3615; x_wconf 78' lang='grc'><strong>51</strong></span> <span class='ocrx_word' id='word_1_335' title='bbox 1629 3575 1644 3626; x_wconf 91' lang='lat'><strong>;</strong></span> <span class='ocrx_word' id='word_1_336' title='bbox 1674 3563 1802 3614; x_wconf 71' lang='lat' dir='ltr'><strong>tias-</strong></span> 
     </span>
    </p>
   </div>
   <div class='ocr_carea' id='block_1_46' title="bbox 164 3652 1800 3723">
    <p class='ocr_par' dir='ltr' id='par_1_46' title="bbox 164 3652 1800 3723">
     <span class='ocr_line' id='line_1_46' title="bbox 164 3652 1800 3723; baseline -0.007 -7"><span class='ocrx_word' id='word_1_337' title='bbox 164 3661 381 3716; x_wconf 79' lang='lat' dir='ltr'><strong>sianus</strong></span> <span class='ocrx_word' id='word_1_338' title='bbox 410 3658 511 3712; x_wconf 88' lang='lat' dir='ltr'><strong>lib.</strong></span> <span class='ocrx_word' id='word_1_339' title='bbox 554 3671 627 3711; x_wconf 83' lang='lat' dir='ltr'><strong>vii</strong></span> <span class='ocrx_word' id='word_1_340' title='bbox 655 3656 728 3711; x_wconf 91' lang='lat' dir='ltr'><strong>de</strong></span> <span class='ocrx_word' id='word_1_341' title='bbox 759 3653 871 3710; x_wconf 84' lang='lat' dir='ltr'><strong>inc.</strong></span> <span class='ocrx_word' id='word_1_342' title='bbox 900 3670 951 3709; x_wconf 89' lang='lat' dir='ltr'><strong>c.</strong></span> <span class='ocrx_word' id='word_1_343' title='bbox 978 3652 1083 3720; x_wconf 71' lang='lat'><strong>‘24;</strong></span> <span class='ocrx_word' id='word_1_344' title='bbox 1116 3652 1227 3709; x_wconf 90' lang='lat' dir='ltr'><strong>Leo</strong></span> <span class='ocrx_word' id='word_1_345' title='bbox 1273 3653 1418 3723; x_wconf 88' lang='lat' dir='ltr'><strong>Papa</strong></span> <span class='ocrx_word' id='word_1_346' title='bbox 1449 3652 1609 3723; x_wconf 87' lang='lat' dir='ltr'><strong>epist.</strong></span> <span class='ocrx_word' id='word_1_347' title='bbox 1662 3652 1800 3705; x_wconf 90' lang='lat' dir='ltr'><strong>alias</strong></span> 
     </span>
    </p>
   </div>
   <div class='ocr_carea' id='block_1_47' title="bbox 162 3746 1794 3821">
    <p class='ocr_par' dir='ltr' id='par_1_47' title="bbox 162 3746 1794 3821">
     <span class='ocr_line' id='line_1_47' title="bbox 162 3746 1794 3821; baseline -0.006 -12"><span class='ocrx_word' id='word_1_348' title='bbox 162 3753 277 3821; x_wconf 86' lang='lat'><strong>97,</strong></span> <span class='ocrx_word' id='word_1_349' title='bbox 304 3767 360 3808; x_wconf 90' lang='lat' dir='ltr'><strong>c.</strong></span> <span class='ocrx_word' id='word_1_350' title='bbox 414 3752 471 3818; x_wconf 71' lang='grc' dir='ltr'><strong>Ξ,</strong></span> <span class='ocrx_word' id='word_1_351' title='bbox 523 3750 712 3806; x_wconf 87' lang='lat' dir='ltr'><strong>Patres</strong></span> <span class='ocrx_word' id='word_1_352' title='bbox 738 3749 953 3805; x_wconf 91' lang='lat' dir='ltr'><strong>concilii</strong></span> <span class='ocrx_word' id='word_1_353' title='bbox 995 3747 1460 3804; x_wconf 84' lang='lat' dir='ltr'><strong>Chalcedonensis</strong></span> <span class='ocrx_word' id='word_1_354' title='bbox 1503 3750 1622 3802; x_wconf 84' lang='lat' dir='ltr'><strong>Act.</strong></span> <span class='ocrx_word' id='word_1_355' title='bbox 1652 3746 1708 3810; x_wconf 74' lang='grc'><strong>2,</strong></span> <span class='ocrx_word' id='word_1_356' title='bbox 1742 3763 1794 3817; x_wconf 86' lang='lat' dir='ltr'><strong>p.</strong></span> 
     </span>
    </p>
   </div>
   <div class='ocr_carea' id='block_1_48' title="bbox 1904 2543 3499 2623">
    <p class='ocr_par' dir='ltr' id='par_1_48' title="bbox 1904 2543 3499 2623">
     <span class='ocr_line' id='line_1_48' title="bbox 1904 2543 3499 2623; baseline 0.008 -25"><span class='ocrx_word' id='word_1_357' title='bbox 1904 2543 2206 2612; x_wconf 89' lang='lat' dir='ltr'><strong>inscriptio,</strong></span> <span class='ocrx_word' id='word_1_358' title='bbox 2253 2560 2373 2614; x_wconf 70' lang='lat' dir='ltr'><strong>qua:</strong></span> <span class='ocrx_word' id='word_1_359' title='bbox 2418 2545 2474 2600; x_wconf 91' lang='lat' dir='ltr'><strong>in</strong></span> <span class='ocrx_word' id='word_1_360' title='bbox 2504 2545 2623 2601; x_wconf 88' lang='lat' dir='ltr'><strong>aliis</strong></span> <span class='ocrx_word' id='word_1_361' title='bbox 2643 2548 2707 2602; x_wconf 87' lang='lat' dir='ltr'><strong>de</strong></span> <span class='ocrx_word' id='word_1_362' title='bbox 2731 2546 2882 2615; x_wconf 79' lang='lat' dir='ltr'><strong>Fide,</strong></span> <span class='ocrx_word' id='word_1_363' title='bbox 2917 2550 2968 2605; x_wconf 93' lang='lat' dir='ltr'><strong>in</strong></span> <span class='ocrx_word' id='word_1_364' title='bbox 2995 2552 3115 2607; x_wconf 91' lang='lat' dir='ltr'><strong>aliis</strong></span> <span class='ocrx_word' id='word_1_365' title='bbox 3142 2554 3208 2608; x_wconf 89' lang='lat' dir='ltr'><strong>de</strong></span> <span class='ocrx_word' id='word_1_366' title='bbox 3225 2554 3499 2623; x_wconf 86' lang='lat' dir='ltr'><strong>Trinitate,</strong></span> 
     </span>
    </p>
   </div>
   <div class='ocr_carea' id='block_1_49' title="bbox 1902 2636 3501 2708">
    <p class='ocr_par' dir='ltr' id='par_1_49' title="bbox 1902 2636 3501 2708">
     <span class='ocr_line' id='line_1_49' title="bbox 1902 2636 3501 2708; baseline 0.007 -16"><span class='ocrx_word' id='word_1_367' title='bbox 1902 2636 1956 2692; x_wconf 89' lang='lat' dir='ltr'><strong>in</strong></span> <span class='ocrx_word' id='word_1_368' title='bbox 2000 2636 2381 2693; x_wconf 81' lang='lat' dir='ltr'><strong>Viudocinensi</strong></span> <span class='ocrx_word' id='word_1_369' title='bbox 2430 2638 2495 2692; x_wconf 90' lang='lat' dir='ltr'><strong>de</strong></span> <span class='ocrx_word' id='word_1_370' title='bbox 2542 2640 2646 2708; x_wconf 85' lang='lat' dir='ltr'><strong>ﬁde</strong></span> <span class='ocrx_word' id='word_1_371' title='bbox 2687 2652 2881 2697; x_wconf 75' lang='lat' dir='ltr'><strong>sancta:</strong></span> <span class='ocrx_word' id='word_1_372' title='bbox 2935 2642 3209 2700; x_wconf 76' lang='lat' dir='ltr'><strong>Trinitatis</strong></span> <span class='ocrx_word' id='word_1_373' title='bbox 3255 2647 3501 2703; x_wconf 81' lang='lat' dir='ltr'><strong>adversus</strong></span> 
     </span>
    </p>
   </div>
   <div class='ocr_carea' id='block_1_50' title="bbox 1901 2727 3498 2801">
    <p class='ocr_par' dir='ltr' id='par_1_50' title="bbox 1901 2727 3498 2801">
     <span class='ocr_line' id='line_1_50' title="bbox 1901 2727 3498 2801; baseline 0.006 -18"><span class='ocrx_word' id='word_1_374' title='bbox 1901 2727 2143 2795; x_wconf 79' lang='lat' dir='ltr'><strong>Arianae,</strong></span> <span class='ocrx_word' id='word_1_375' title='bbox 2183 2729 2461 2800; x_wconf 90' lang='lat' dir='ltr'><strong>quibusin</strong></span> <span class='ocrx_word' id='word_1_376' title='bbox 2506 2730 2829 2801; x_wconf 84' lang='lat' dir='ltr'><strong>Remigiano</strong></span> <span class='ocrx_word' id='word_1_377' title='bbox 2873 2733 3116 2801; x_wconf 87' lang='lat' dir='ltr'><strong>additrrr,</strong></span> <span class='ocrx_word' id='word_1_378' title='bbox 3164 2738 3244 2791; x_wconf 86' lang='lat' dir='ltr'><strong>vel</strong></span> <span class='ocrx_word' id='word_1_379' title='bbox 3286 2747 3498 2793; x_wconf 68' lang='lat' dir='ltr'><strong>crateras</strong></span> 
     </span>
    </p>
   </div>
   <div class='ocr_carea' id='block_1_51' title="bbox 1903 2818 3496 2885">
    <p class='ocr_par' dir='ltr' id='par_1_51' title="bbox 1903 2818 3496 2885">
     <span class='ocr_line' id='line_1_51' title="bbox 1903 2818 3496 2885; baseline 0.006 -12"><span class='ocrx_word' id='word_1_380' title='bbox 1903 2818 2191 2885; x_wconf 81' lang='lat' dir='ltr'><strong>luereticos,</strong></span> <span class='ocrx_word' id='word_1_381' title='bbox 2235 2822 2288 2876; x_wconf 92' lang='lat' dir='ltr'><strong>in</strong></span> <span class='ocrx_word' id='word_1_382' title='bbox 2343 2820 2654 2877; x_wconf 86' lang='lat' dir='ltr'><strong>Telleriano</strong></span> <span class='ocrx_word' id='word_1_383' title='bbox 2709 2830 2890 2878; x_wconf 90' lang='lat' dir='ltr'><strong>autem</strong></span> <span class='ocrx_word' id='word_1_384' title='bbox 2933 2826 2996 2879; x_wconf 86' lang='lat' dir='ltr'><strong>de</strong></span> <span class='ocrx_word' id='word_1_385' title='bbox 3028 2826 3278 2883; x_wconf 84' lang='lat' dir='ltr'><strong>Trinitate</strong></span> <span class='ocrx_word' id='word_1_386' title='bbox 3313 2842 3496 2884; x_wconf 83' lang='lat' dir='ltr'><strong>contra</strong></span> 
     </span>
    </p>
   </div>
   <div class='ocr_carea' id='block_1_52' title="bbox 1900 2916 3498 2989">
    <p class='ocr_par' dir='ltr' id='par_1_52' title="bbox 1900 2916 3498 2989">
     <span class='ocr_line' id='line_1_52' title="bbox 1900 2916 3498 2989; baseline 0.008 -24"><span class='ocrx_word' id='word_1_387' title='bbox 1900 2927 2074 2967; x_wconf 89' lang='lat' dir='ltr'><strong>omnes</strong></span> <span class='ocrx_word' id='word_1_388' title='bbox 2105 2916 2321 2968; x_wconf 71' lang='lat' dir='ltr'><strong>hiereses</strong></span> <span class='ocrx_word' id='word_1_389' title='bbox 2371 2920 2721 2983; x_wconf 77' lang='lat' dir='ltr'><strong>przcnotatur.</strong></span> <span class='ocrx_word' id='word_1_390' title='bbox 2753 2916 2858 2971; x_wconf 86' lang='lat' dir='ltr'><strong>Sed</strong></span> <span class='ocrx_word' id='word_1_391' title='bbox 2890 2916 3115 2987; x_wconf 76' lang='lat' dir='ltr'><strong>insignis</strong></span> <span class='ocrx_word' id='word_1_392' title='bbox 3138 2934 3248 2989; x_wconf 77' lang='lat' dir='ltr'><strong>prze</strong></span> <span class='ocrx_word' id='word_1_393' title='bbox 3281 2922 3498 2977; x_wconf 62' lang='lat' dir='ltr'><strong>emeris</strong></span> 
     </span>
    </p>
   </div>
   <div class='ocr_carea' id='block_1_53' title="bbox 1906 3004 3506 3076">
    <p class='ocr_par' dir='ltr' id='par_1_53' title="bbox 1906 3004 3506 3076">
     <span class='ocr_line' id='line_1_53' title="bbox 1906 3004 3506 3076; baseline 0.006 -18"><span class='ocrx_word' id='word_1_394' title='bbox 1906 3004 1958 3058; x_wconf 91' lang='lat' dir='ltr'><strong>in</strong></span> <span class='ocrx_word' id='word_1_395' title='bbox 1987 3005 2308 3061; x_wconf 78' lang='lat' dir='ltr'><strong>Corbeiensi</strong></span> <span class='ocrx_word' id='word_1_396' title='bbox 2338 3017 2498 3076; x_wconf 83' lang='lat' dir='ltr'><strong>atque</strong></span> <span class='ocrx_word' id='word_1_397' title='bbox 2537 3007 2711 3062; x_wconf 86' lang='lat' dir='ltr'><strong>altero</strong></span> <span class='ocrx_word' id='word_1_398' title='bbox 2734 3023 2765 3063; x_wconf 87' lang='lat' dir='ltr'><strong>e</strong></span> <span class='ocrx_word' id='word_1_399' title='bbox 2789 3007 3104 3066; x_wconf 89' lang='lat' dir='ltr'><strong>Sorbonicis</strong></span> <span class='ocrx_word' id='word_1_400' title='bbox 3136 3012 3250 3066; x_wconf 67' lang='lat' dir='ltr'><strong>haec</strong></span> <span class='ocrx_word' id='word_1_401' title='bbox 3275 3010 3506 3068; x_wconf 90' lang='lat' dir='ltr'><strong>habetur</strong></span> 
     </span>
    </p>
   </div>
   <div class='ocr_carea' id='block_1_54' title="bbox 1903 3096 3502 3174">
    <p class='ocr_par' dir='ltr' id='par_1_54' title="bbox 1903 3096 3502 3174">
     <span class='ocr_line' id='line_1_54' title="bbox 1903 3096 3502 3174; baseline 0.004 -22"><span class='ocrx_word' id='word_1_402' title='bbox 1903 3097 2232 3168; x_wconf 82' lang='lat' dir='ltr'><strong>epigraphe:</strong></span> <span class='ocrx_word' id='word_1_403' title='bbox 2281 3096 2383 3152; x_wconf 81' lang='lat' dir='ltr'><strong>Hic</strong></span> <span class='ocrx_word' id='word_1_404' title='bbox 2424 3099 2597 3153; x_wconf 78' lang='lat' dir='ltr'><strong>insunt</strong></span> <span class='ocrx_word' id='word_1_405' title='bbox 2643 3100 2760 3154; x_wconf 84' lang='lat' dir='ltr'><strong>libri</strong></span> <span class='ocrx_word' id='word_1_406' title='bbox 2808 3099 3001 3155; x_wconf 78' lang='lat' dir='ltr'><strong>Hilarii</strong></span> <span class='ocrx_word' id='word_1_407' title='bbox 3037 3104 3266 3174; x_wconf 81' lang='lat' dir='ltr'><strong>episcopi</strong></span> <span class='ocrx_word' id='word_1_408' title='bbox 3291 3121 3502 3159; x_wconf 88' lang='lat' dir='ltr'><strong>numero</strong></span> 
     </span>
    </p>
   </div>
   <div class='ocr_carea' id='block_1_55' title="bbox 1907 3188 3503 3267">
    <p class='ocr_par' dir='ltr' id='par_1_55' title="bbox 1907 3188 3503 3267">
     <span class='ocr_line' id='line_1_55' title="bbox 1907 3188 3503 3267; baseline 0.004 -26"><span class='ocrx_word' id='word_1_409' title='bbox 1907 3203 2006 3254; x_wconf 79' lang='lat' dir='ltr'><strong>xu,</strong></span> <span class='ocrx_word' id='word_1_410' title='bbox 2037 3204 2163 3259; x_wconf 88' lang='lat' dir='ltr'><strong>quos</strong></span> <span class='ocrx_word' id='word_1_411' title='bbox 2184 3188 2237 3241; x_wconf 90' lang='lat' dir='ltr'><strong>in</strong></span> <span class='ocrx_word' id='word_1_412' title='bbox 2258 3189 2439 3243; x_wconf 72' lang='lat' dir='ltr'><strong>exsilio</strong></span> <span class='ocrx_word' id='word_1_413' title='bbox 2456 3190 2781 3261; x_wconf 86' lang='lat' dir='ltr'><strong>conscripsit,</strong></span> <span class='ocrx_word' id='word_1_414' title='bbox 2803 3190 2989 3246; x_wconf 86' lang='lat' dir='ltr'><strong>missus</strong></span> <span class='ocrx_word' id='word_1_415' title='bbox 3015 3193 3157 3263; x_wconf 81' lang='lat' dir='ltr'><strong>(scil.</strong></span> <span class='ocrx_word' id='word_1_416' title='bbox 3172 3194 3227 3247; x_wconf 90' lang='lat' dir='ltr'><strong>in</strong></span> <span class='ocrx_word' id='word_1_417' title='bbox 3239 3195 3503 3267; x_wconf 71' lang='lat' dir='ltr'><strong>exsilium)</strong></span> 
     </span>
    </p>
   </div>
   <div class='ocr_carea' id='block_1_56' title="bbox 1902 3282 3507 3354">
    <p class='ocr_par' dir='ltr' id='par_1_56' title="bbox 1902 3282 3507 3354">
     <span class='ocr_line' id='line_1_56' title="bbox 1902 3282 3507 3354; baseline 0.003 -17"><span class='ocrx_word' id='word_1_418' title='bbox 1902 3282 1965 3337; x_wconf 87' lang='lat' dir='ltr'><strong>ab</strong></span> <span class='ocrx_word' id='word_1_419' title='bbox 1992 3282 2245 3337; x_wconf 69' lang='lat' dir='ltr'><strong>haereticis</strong></span> <span class='ocrx_word' id='word_1_420' title='bbox 2274 3282 2477 3336; x_wconf 81' lang='lat' dir='ltr'><strong>Arionis</strong></span> <span class='ocrx_word' id='word_1_421' title='bbox 2503 3294 2713 3354; x_wconf 86' lang='lat' dir='ltr'><strong>prapter</strong></span> <span class='ocrx_word' id='word_1_422' title='bbox 2742 3283 2945 3337; x_wconf 88' lang='lat' dir='ltr'><strong>deitatis</strong></span> <span class='ocrx_word' id='word_1_423' title='bbox 3000 3286 3250 3341; x_wconf 86' lang='lat' dir='ltr'><strong>unitatem</strong></span> <span class='ocrx_word' id='word_1_424' title='bbox 3292 3286 3507 3342; x_wconf 80' lang='lat' dir='ltr'><strong>Domini</strong></span> 
     </span>
    </p>
   </div>
   <div class='ocr_carea' id='block_1_57' title="bbox 1902 3371 3504 3449">
    <p class='ocr_par' dir='ltr' id='par_1_57' title="bbox 1902 3371 3504 3449">
     <span class='ocr_line' id='line_1_57' title="bbox 1902 3371 3504 3449; baseline 0.004 -21"><span class='ocrx_word' id='word_1_425' title='bbox 1902 3373 2033 3429; x_wconf 86' lang='lat' dir='ltr'><strong>Jesu</strong></span> <span class='ocrx_word' id='word_1_426' title='bbox 2081 3371 2272 3428; x_wconf 76' lang='lat' dir='ltr'><strong>Christi</strong></span> <span class='ocrx_word' id='word_1_427' title='bbox 2315 3390 2431 3428; x_wconf 90' lang='lat' dir='ltr'><strong>cum</strong></span> <span class='ocrx_word' id='word_1_428' title='bbox 2482 3373 2660 3429; x_wconf 87' lang='lat' dir='ltr'><strong>Patre.</strong></span> <span class='ocrx_word' id='word_1_429' title='bbox 2695 3373 2996 3431; x_wconf 85' lang='lat' dir='ltr'><strong>Beatissime</strong></span> <span class='ocrx_word' id='word_1_430' title='bbox 3025 3378 3285 3449; x_wconf 77' lang='lat' dir='ltr'><strong>presbyter</strong></span> <span class='ocrx_word' id='word_1_431' title='bbox 3304 3378 3504 3434; x_wconf 82' lang='lat' dir='ltr'><strong>Barba-</strong></span> 
     </span>
    </p>
   </div>
   <div class='ocr_carea' id='block_1_58' title="bbox 1900 3466 3503 3543">
    <p class='ocr_par' dir='ltr' id='par_1_58' title="bbox 1900 3466 3503 3543">
     <span class='ocr_line' id='line_1_58' title="bbox 1900 3466 3503 3543; baseline 0.002 -20"><span class='ocrx_word' id='word_1_432' title='bbox 1900 3470 1981 3523; x_wconf 88' lang='lat' dir='ltr'><strong>rio</strong></span> <span class='ocrx_word' id='word_1_433' title='bbox 2005 3469 2059 3522; x_wconf 83' lang='lat' dir='ltr'><strong>iri</strong></span> <span class='ocrx_word' id='word_1_434' title='bbox 2083 3468 2284 3523; x_wconf 82' lang='lat' dir='ltr'><strong>Christo</strong></span> <span class='ocrx_word' id='word_1_435' title='bbox 2321 3466 2448 3523; x_wconf 86' lang='lat' dir='ltr'><strong>Jesu</strong></span> <span class='ocrx_word' id='word_1_436' title='bbox 2475 3467 2697 3523; x_wconf 82' lang='lat' dir='ltr'><strong>Domino</strong></span> <span class='ocrx_word' id='word_1_437' title='bbox 2735 3478 2908 3523; x_wconf 86' lang='lat' dir='ltr'><strong>nostra</strong></span> <span class='ocrx_word' id='word_1_438' title='bbox 2942 3481 3081 3526; x_wconf 86' lang='lat' dir='ltr'><strong>utere</strong></span> <span class='ocrx_word' id='word_1_439' title='bbox 3102 3473 3230 3543; x_wconf 72' lang='lat' dir='ltr'><strong>[clins</strong></span> <span class='ocrx_word' id='word_1_440' title='bbox 3259 3489 3373 3526; x_wconf 88' lang='lat' dir='ltr'><strong>cum</strong></span> <span class='ocrx_word' id='word_1_441' title='bbox 3398 3490 3503 3527; x_wconf 43' lang='lat' dir='ltr'><strong>om.</strong></span> 
     </span>
    </p>
   </div>
   <div class='ocr_carea' id='block_1_59' title="bbox 1902 3559 3504 3631">
    <p class='ocr_par' dir='ltr' id='par_1_59' title="bbox 1902 3559 3504 3631">
     <span class='ocr_line' id='line_1_59' title="bbox 1902 3559 3504 3631; baseline 0.004 -16"><span class='ocrx_word' id='word_1_442' title='bbox 1902 3562 2048 3615; x_wconf 86' lang='lat' dir='ltr'><strong>nibus</strong></span> <span class='ocrx_word' id='word_1_443' title='bbox 2074 3562 2192 3616; x_wconf 86' lang='lat' dir='ltr'><strong>tuis.</strong></span> <span class='ocrx_word' id='word_1_444' title='bbox 2218 3559 2394 3626; x_wconf 82' lang='lat' dir='ltr'><strong>Fides,</strong></span> <span class='ocrx_word' id='word_1_445' title='bbox 2413 3576 2547 3631; x_wconf 85' lang='lat' dir='ltr'><strong>spes,</strong></span> <span class='ocrx_word' id='word_1_446' title='bbox 2578 3562 2800 3616; x_wconf 80' lang='lat' dir='ltr'><strong>charitas</strong></span> <span class='ocrx_word' id='word_1_447' title='bbox 2826 3573 3028 3617; x_wconf 88' lang='lat' dir='ltr'><strong>maneat</strong></span> <span class='ocrx_word' id='word_1_448' title='bbox 3049 3564 3101 3617; x_wconf 89' lang='lat' dir='ltr'><strong>in</strong></span> <span class='ocrx_word' id='word_1_449' title='bbox 3127 3564 3366 3620; x_wconf 76' lang='lat' dir='ltr'><strong>cordibus</strong></span> <span class='ocrx_word' id='word_1_450' title='bbox 3386 3582 3504 3621; x_wconf 84' lang='lat' dir='ltr'><strong>nos-</strong></span> 
     </span>
    </p>
   </div>
   <div class='ocr_carea' id='block_1_60' title="bbox 1901 3654 3502 3729">
    <p class='ocr_par' dir='ltr' id='par_1_60' title="bbox 1901 3654 3502 3729">
     <span class='ocr_line' id='line_1_60' title="bbox 1901 3654 3502 3729; baseline 0.004 -20"><span class='ocrx_word' id='word_1_451' title='bbox 1901 3656 2011 3710; x_wconf 90' lang='lat' dir='ltr'><strong>tris.</strong></span> <span class='ocrx_word' id='word_1_452' title='bbox 2058 3654 2337 3722; x_wconf 85' lang='lat' dir='ltr'><strong>Earndem,</strong></span> <span class='ocrx_word' id='word_1_453' title='bbox 2373 3657 2553 3724; x_wconf 82' lang='lat' dir='ltr'><strong>paucis</strong></span> <span class='ocrx_word' id='word_1_454' title='bbox 2574 3656 2810 3724; x_wconf 79' lang='lat' dir='ltr'><strong>mutatis,</strong></span> <span class='ocrx_word' id='word_1_455' title='bbox 2859 3656 3260 3728; x_wconf 86' lang='lat' dir='ltr'><strong>inscriptionem</strong></span> <span class='ocrx_word' id='word_1_456' title='bbox 3293 3675 3399 3729; x_wconf 75' lang='lat' dir='ltr'><strong>prae</strong></span> <span class='ocrx_word' id='word_1_457' title='bbox 3441 3677 3502 3717; x_wconf 81' lang='lat' dir='ltr'><strong>se</strong></span> 
     </span>
    </p>
   </div>
   <div class='ocr_carea' id='block_1_61' title="bbox 1902 3746 3503 3820">
    <p class='ocr_par' dir='ltr' id='par_1_61' title="bbox 1902 3746 3503 3820">
     <span class='ocr_line' id='line_1_61' title="bbox 1902 3746 3503 3820; baseline 0.004 -19"><span class='ocrx_word' id='word_1_458' title='bbox 1902 3746 2006 3803; x_wconf 86' lang='lat' dir='ltr'><strong>fert</strong></span> <span class='ocrx_word' id='word_1_459' title='bbox 2028 3747 2376 3803; x_wconf 87' lang='lat' dir='ltr'><strong>Pratellensis</strong></span> <span class='ocrx_word' id='word_1_460' title='bbox 2395 3747 2588 3813; x_wconf 78' lang='lat' dir='ltr'><strong>codex,</strong></span> <span class='ocrx_word' id='word_1_461' title='bbox 2641 3749 2692 3803; x_wconf 93' lang='lat' dir='ltr'><strong>in</strong></span> <span class='ocrx_word' id='word_1_462' title='bbox 2721 3764 2895 3819; x_wconf 88' lang='lat' dir='ltr'><strong>eoqrre</strong></span> <span class='ocrx_word' id='word_1_463' title='bbox 2918 3765 3035 3820; x_wconf 89' lang='lat' dir='ltr'><strong>pro,</strong></span> <span class='ocrx_word' id='word_1_464' title='bbox 3068 3751 3196 3817; x_wconf 76' lang='lat' dir='ltr'><strong>felix</strong></span> <span class='ocrx_word' id='word_1_465' title='bbox 3230 3764 3346 3806; x_wconf 83' lang='lat' dir='ltr'><strong>cum</strong></span> <span class='ocrx_word' id='word_1_466' title='bbox 3391 3771 3503 3807; x_wconf 85' lang='lat' dir='ltr'><strong>ont-</strong></span> 
     </span>
    </p>
   </div>
   <div class='ocr_carea' id='block_1_62' title="bbox 166 3837 3499 3913">
    <p class='ocr_par' dir='ltr' id='par_1_62' title="bbox 166 3837 3499 3913">
     <span class='ocr_line' id='line_1_62' title="bbox 166 3837 3499 3913; baseline 0.002 -16"><span class='ocrx_word' id='word_1_467' title='bbox 166 3846 295 3901; x_wconf 76' lang='lat'><strong>557</strong></span> <span class='ocrx_word' id='word_1_468' title='bbox 320 3863 338 3908; x_wconf 89' lang='lat'><strong>;</strong></span> <span class='ocrx_word' id='word_1_469' title='bbox 361 3842 747 3899; x_wconf 83' lang='lat' dir='ltr'><strong>Theodoretus</strong></span> <span class='ocrx_word' id='word_1_470' title='bbox 781 3840 917 3895; x_wconf 82' lang='lat' dir='ltr'><strong>Dial.</strong></span> <span class='ocrx_word' id='word_1_471' title='bbox 944 3856 1005 3905; x_wconf 86' lang='lat' dir='ltr'><strong>ti,</strong></span> <span class='ocrx_word' id='word_1_472' title='bbox 1038 3856 1093 3911; x_wconf 87' lang='lat' dir='ltr'><strong>p.</strong></span> <span class='ocrx_word' id='word_1_473' title='bbox 1118 3837 1254 3905; x_wconf 69' lang='lat'><strong>106;</strong></span> <span class='ocrx_word' id='word_1_474' title='bbox 1287 3838 1546 3894; x_wconf 88' lang='lat' dir='ltr'><strong>Leontius</strong></span> <span class='ocrx_word' id='word_1_475' title='bbox 1572 3837 1797 3909; x_wconf 86' lang='lat' dir='ltr'><strong>Byzant.</strong></span> <span class='ocrx_word' id='word_1_476' title='bbox 1828 3841 1874 3907; x_wconf 89' lang='lat' dir='ltr'><strong><em>C</em></strong></span> <span class='ocrx_word' id='word_1_477' title='bbox 1905 3841 2052 3896; x_wconf 80' lang='lat' dir='ltr'><strong>nibus</strong></span> <span class='ocrx_word' id='word_1_478' title='bbox 2077 3843 2197 3909; x_wconf 90' lang='lat' dir='ltr'><strong>tuis,</strong></span> <span class='ocrx_word' id='word_1_479' title='bbox 2227 3842 2407 3913; x_wconf 68' lang='lat' dir='ltr'><strong>legere</strong></span> <span class='ocrx_word' id='word_1_480' title='bbox 2435 3851 2538 3909; x_wconf 79' lang='lat' dir='ltr'><strong>est,</strong></span> <span class='ocrx_word' id='word_1_481' title='bbox 2566 3843 2695 3913; x_wconf 72' lang='lat' dir='ltr'><strong>felix</strong></span> <span class='ocrx_word' id='word_1_482' title='bbox 2720 3844 3071 3900; x_wconf 84' lang='lat' dir='ltr'><strong>curationibus</strong></span> <span class='ocrx_word' id='word_1_483' title='bbox 3095 3850 3219 3903; x_wconf 85' lang='lat' dir='ltr'><strong>tuis.</strong></span> <span class='ocrx_word' id='word_1_484' title='bbox 3252 3847 3499 3905; x_wconf 86' lang='lat' dir='ltr'><strong>Nonnul-</strong></span> 
     </span>
    </p>
   </div>
   <div class='ocr_carea' id='block_1_63' title="bbox 168 3934 1801 4007">
    <p class='ocr_par' dir='ltr' id='par_1_63' title="bbox 168 3934 1801 4007">
     <span class='ocr_line' id='line_1_63' title="bbox 168 3934 1801 4007; baseline -0.006 -10"><span class='ocrx_word' id='word_1_485' title='bbox 168 3942 286 3997; x_wconf 82' lang='lat' dir='ltr'><strong>lib.</strong></span> <span class='ocrx_word' id='word_1_486' title='bbox 321 3955 344 3995; x_wconf 83' lang='grc' dir='ltr'><strong><em>ι</em></strong></span> <span class='ocrx_word' id='word_1_487' title='bbox 370 3948 567 3995; x_wconf 86' lang='lat' dir='ltr'><strong>contra</strong></span> <span class='ocrx_word' id='word_1_488' title='bbox 612 3935 921 3993; x_wconf 86' lang='lat' dir='ltr'><strong>Nestorium</strong></span> <span class='ocrx_word' id='word_1_489' title='bbox 957 3947 1011 3991; x_wconf 88' lang='lat' dir='ltr'><strong>et</strong></span> <span class='ocrx_word' id='word_1_490' title='bbox 1043 3935 1276 4007; x_wconf 80' lang='lat' dir='ltr'><strong>Eutych.</strong></span> <span class='ocrx_word' id='word_1_491' title='bbox 1321 3934 1410 3990; x_wconf 90' lang='lat' dir='ltr'><strong>ubi</strong></span> <span class='ocrx_word' id='word_1_492' title='bbox 1440 3934 1701 3989; x_wconf 81' lang='lat' dir='ltr'><strong>Hilarium</strong></span> <span class='ocrx_word' id='word_1_493' title='bbox 1744 3941 1801 3988; x_wconf 88' lang='lat' dir='ltr'><strong>ut</strong></span> 
     </span>
    </p>
   </div>
   <div class='ocr_carea' id='block_1_64' title="bbox 167 4026 1795 4101">
    <p class='ocr_par' dir='ltr' id='par_1_64' title="bbox 167 4026 1795 4101">
     <span class='ocr_line' id='line_1_64' title="bbox 167 4026 1795 4101; baseline -0.007 -10"><span class='ocrx_word' id='word_1_494' title='bbox 167 4050 255 4091; x_wconf 77' lang='lat' dir='ltr'><strong>ex</strong></span> <span class='ocrx_word' id='word_1_495' title='bbox 280 4032 528 4089; x_wconf 67' lang='lat' dir='ltr'><strong>Nicaeus:</strong></span> <span class='ocrx_word' id='word_1_496' title='bbox 557 4029 753 4101; x_wconf 83' lang='lat' dir='ltr'><strong>synodi</strong></span> <span class='ocrx_word' id='word_1_497' title='bbox 784 4029 1036 4085; x_wconf 86' lang='lat' dir='ltr'><strong>Patribns</strong></span> <span class='ocrx_word' id='word_1_498' title='bbox 1065 4044 1228 4084; x_wconf 91' lang='lat' dir='ltr'><strong>unum</strong></span> <span class='ocrx_word' id='word_1_499' title='bbox 1261 4027 1400 4084; x_wconf 82' lang='lat' dir='ltr'><strong>laISo</strong></span> <span class='ocrx_word' id='word_1_500' title='bbox 1430 4026 1795 4082; x_wconf 88' lang='lat' dir='ltr'><strong>commendat.</strong></span> 
     </span>
    </p>
   </div>
   <div class='ocr_carea' id='block_1_65' title="bbox 169 4119 1801 4198">
    <p class='ocr_par' dir='ltr' id='par_1_65' title="bbox 169 4119 1801 4198">
     <span class='ocr_line' id='line_1_65' title="bbox 169 4119 1801 4198; baseline -0.006 -14"><span class='ocrx_word' id='word_1_501' title='bbox 169 4127 381 4198; x_wconf 78' lang='lat' dir='ltr'><strong>Neque</strong></span> <span class='ocrx_word' id='word_1_502' title='bbox 413 4125 527 4181; x_wconf 86' lang='lat' dir='ltr'><strong>alio</strong></span> <span class='ocrx_word' id='word_1_503' title='bbox 565 4138 664 4181; x_wconf 89' lang='lat' dir='ltr'><strong>eos</strong></span> <span class='ocrx_word' id='word_1_504' title='bbox 696 4124 849 4179; x_wconf 91' lang='lat' dir='ltr'><strong>titulo</strong></span> <span class='ocrx_word' id='word_1_505' title='bbox 879 4122 1102 4180; x_wconf 87' lang='lat' dir='ltr'><strong>larrdant</strong></span> <span class='ocrx_word' id='word_1_506' title='bbox 1145 4122 1407 4178; x_wconf 84' lang='lat' dir='ltr'><strong>Alcuinus</strong></span> <span class='ocrx_word' id='word_1_507' title='bbox 1435 4130 1623 4176; x_wconf 88' lang='lat' dir='ltr'><strong>contra</strong></span> <span class='ocrx_word' id='word_1_508' title='bbox 1652 4119 1801 4174; x_wconf 87' lang='lat' dir='ltr'><strong>Feli-</strong></span> 
     </span>
    </p>
   </div>
   <div class='ocr_carea' id='block_1_66' title="bbox 164 4210 1797 4283">
    <p class='ocr_par' dir='ltr' id='par_1_66' title="bbox 164 4210 1797 4283">
     <span class='ocr_line' id='line_1_66' title="bbox 164 4210 1797 4283; baseline -0.007 -6"><span class='ocrx_word' id='word_1_509' title='bbox 164 4236 308 4278; x_wconf 83' lang='lat' dir='ltr'><strong>cem</strong></span> <span class='ocrx_word' id='word_1_510' title='bbox 338 4217 438 4273; x_wconf 85' lang='lat' dir='ltr'><strong>lib.</strong></span> <span class='ocrx_word' id='word_1_511' title='bbox 478 4232 571 4283; x_wconf 85' lang='lat' dir='ltr'><strong>tv;</strong></span> <span class='ocrx_word' id='word_1_512' title='bbox 623 4214 951 4271; x_wconf 81' lang='lat' dir='ltr'><strong>Batramnus</strong></span> <span class='ocrx_word' id='word_1_513' title='bbox 978 4212 1143 4270; x_wconf 88' lang='lat' dir='ltr'><strong>Corb.</strong></span> <span class='ocrx_word' id='word_1_514' title='bbox 1175 4212 1364 4283; x_wconf 83' lang='lat' dir='ltr'><strong>Spicil.</strong></span> <span class='ocrx_word' id='word_1_515' title='bbox 1392 4223 1431 4266; x_wconf 92' lang='grc' dir='ltr'><strong>ι.</strong></span> <span class='ocrx_word' id='word_1_516' title='bbox 1464 4228 1553 4277; x_wconf 89' lang='lat' dir='ltr'><strong>vn,</strong></span> <span class='ocrx_word' id='word_1_517' title='bbox 1586 4227 1639 4282; x_wconf 91' lang='lat' dir='ltr'><strong>p.</strong></span> <span class='ocrx_word' id='word_1_518' title='bbox 1669 4210 1797 4276; x_wconf 75' lang='lat'><strong>535,</strong></span> 
     </span>
    </p>
   </div>
   <div class='ocr_carea' id='block_1_67' title="bbox 164 4302 1797 4374">
    <p class='ocr_par' dir='ltr' id='par_1_67' title="bbox 164 4302 1797 4374">
     <span class='ocr_line' id='line_1_67' title="bbox 164 4302 1797 4374; baseline -0.009 -3"><span class='ocrx_word' id='word_1_519' title='bbox 164 4313 430 4371; x_wconf 71' lang='lat' dir='ltr'><strong>Joannes</strong></span> <span class='ocrx_word' id='word_1_520' title='bbox 483 4310 755 4365; x_wconf 85' lang='lat' dir='ltr'><strong>Diaconos</strong></span> <span class='ocrx_word' id='word_1_521' title='bbox 791 4307 1184 4365; x_wconf 86' lang='lat' dir='ltr'><strong>commentario</strong></span> <span class='ocrx_word' id='word_1_522' title='bbox 1229 4304 1468 4361; x_wconf 89' lang='lat' dir='ltr'><strong>nondum</strong></span> <span class='ocrx_word' id='word_1_523' title='bbox 1498 4305 1717 4374; x_wconf 86' lang='lat' dir='ltr'><strong>vulgato</strong></span> <span class='ocrx_word' id='word_1_524' title='bbox 1744 4302 1797 4357; x_wconf 93' lang='lat' dir='ltr'><strong>in</strong></span> 
     </span>
    </p>
   </div>
   <div class='ocr_carea' id='block_1_68' title="bbox 167 4396 1793 4468">
    <p class='ocr_par' dir='ltr' id='par_1_68' title="bbox 167 4396 1793 4468">
     <span class='ocr_line' id='line_1_68' title="bbox 167 4396 1793 4468; baseline -0.009 -3"><span class='ocrx_word' id='word_1_525' title='bbox 167 4402 651 4468; x_wconf 77' lang='lat' dir='ltr'><strong>Pentateuchum,</strong></span> <span class='ocrx_word' id='word_1_526' title='bbox 668 4411 724 4458; x_wconf 91' lang='lat' dir='ltr'><strong>et</strong></span> <span class='ocrx_word' id='word_1_527' title='bbox 754 4402 1075 4457; x_wconf 83' lang='lat' dir='ltr'><strong>Hincmarus</strong></span> <span class='ocrx_word' id='word_1_528' title='bbox 1103 4401 1170 4456; x_wconf 90' lang='lat' dir='ltr'><strong>de</strong></span> <span class='ocrx_word' id='word_1_529' title='bbox 1194 4399 1522 4456; x_wconf 73' lang='lat' dir='ltr'><strong>Prtedestin.</strong></span> <span class='ocrx_word' id='word_1_530' title='bbox 1547 4413 1669 4467; x_wconf 91' lang='lat' dir='ltr'><strong>cap.</strong></span> <span class='ocrx_word' id='word_1_531' title='bbox 1697 4396 1793 4453; x_wconf 74' lang='lat'><strong>25.</strong></span> 
     </span>
    </p>
   </div>
   <div class='ocr_carea' id='block_1_69' title="bbox 164 4490 1797 4569">
    <p class='ocr_par' dir='ltr' id='par_1_69' title="bbox 164 4490 1797 4569">
     <span class='ocr_line' id='line_1_69' title="bbox 164 4490 1797 4569; baseline -0.007 -16"><span class='ocrx_word' id='word_1_532' title='bbox 164 4499 403 4569; x_wconf 84' lang='lat' dir='ltr'><strong>Quibus</strong></span> <span class='ocrx_word' id='word_1_533' title='bbox 436 4502 628 4565; x_wconf 85' lang='lat' dir='ltr'><strong>aperte</strong></span> <span class='ocrx_word' id='word_1_534' title='bbox 654 4491 982 4564; x_wconf 82' lang='lat' dir='ltr'><strong>sull&#39;ragatur</strong></span> <span class='ocrx_word' id='word_1_535' title='bbox 1027 4490 1216 4548; x_wconf 88' lang='lat' dir='ltr'><strong>Oratio</strong></span> <span class='ocrx_word' id='word_1_536' title='bbox 1246 4491 1375 4547; x_wconf 89' lang='lat' dir='ltr'><strong>olirn</strong></span> <span class='ocrx_word' id='word_1_537' title='bbox 1426 4490 1571 4545; x_wconf 88' lang='lat' dir='ltr'><strong>inter</strong></span> <span class='ocrx_word' id='word_1_538' title='bbox 1610 4502 1797 4544; x_wconf 87' lang='lat' dir='ltr'><strong>sacro-</strong></span> 
     </span>
    </p>
   </div>
   <div class='ocr_carea' id='block_1_70' title="bbox 164 4582 1795 4653">
    <p class='ocr_par' dir='ltr' id='par_1_70' title="bbox 164 4582 1795 4653">
     <span class='ocr_line' id='line_1_70' title="bbox 164 4582 1795 4653; baseline -0.007 -5"><span class='ocrx_word' id='word_1_539' title='bbox 164 4599 377 4648; x_wconf 78' lang='lat' dir='ltr'><strong>sancta</strong></span> <span class='ocrx_word' id='word_1_540' title='bbox 422 4587 606 4642; x_wconf 62' lang='lat' dir='ltr'><strong>Missae</strong></span> <span class='ocrx_word' id='word_1_541' title='bbox 635 4584 897 4641; x_wconf 86' lang='lat' dir='ltr'><strong>sacriﬁcia</strong></span> <span class='ocrx_word' id='word_1_542' title='bbox 936 4585 990 4640; x_wconf 91' lang='lat' dir='ltr'><strong>in</strong></span> <span class='ocrx_word' id='word_1_543' title='bbox 1018 4584 1192 4640; x_wconf 85' lang='lat' dir='ltr'><strong>Natali</strong></span> <span class='ocrx_word' id='word_1_544' title='bbox 1218 4585 1275 4640; x_wconf 90' lang='lat' dir='ltr'><strong>S.</strong></span> <span class='ocrx_word' id='word_1_545' title='bbox 1308 4583 1496 4639; x_wconf 90' lang='lat' dir='ltr'><strong>llilarii</strong></span> <span class='ocrx_word' id='word_1_546' title='bbox 1528 4584 1629 4653; x_wconf 90' lang='lat' dir='ltr'><strong>legi</strong></span> <span class='ocrx_word' id='word_1_547' title='bbox 1663 4582 1795 4637; x_wconf 84' lang='lat' dir='ltr'><strong>soli-</strong></span> 
     </span>
    </p>
   </div>
   <div class='ocr_carea' id='block_1_71' title="bbox 166 4676 1801 4751">
    <p class='ocr_par' dir='ltr' id='par_1_71' title="bbox 166 4676 1801 4751">
     <span class='ocr_line' id='line_1_71' title="bbox 166 4676 1801 4751; baseline -0.006 -10"><span class='ocrx_word' id='word_1_548' title='bbox 166 4697 258 4748; x_wconf 75' lang='lat' dir='ltr'><strong>ta,</strong></span> <span class='ocrx_word' id='word_1_549' title='bbox 313 4684 370 4737; x_wconf 87' lang='lat' dir='ltr'><strong>in</strong></span> <span class='ocrx_word' id='word_1_550' title='bbox 401 4695 512 4751; x_wconf 86' lang='lat' dir='ltr'><strong>qua</strong></span> <span class='ocrx_word' id='word_1_551' title='bbox 562 4678 819 4735; x_wconf 85' lang='lat' dir='ltr'><strong>habetur:</strong></span> <span class='ocrx_word' id='word_1_552' title='bbox 872 4677 1036 4744; x_wconf 85' lang='lat' dir='ltr'><strong>Deus,</strong></span> <span class='ocrx_word' id='word_1_553' title='bbox 1087 4680 1176 4748; x_wconf 88' lang='lat' dir='ltr'><strong>qui</strong></span> <span class='ocrx_word' id='word_1_554' title='bbox 1214 4678 1417 4749; x_wconf 76' lang='lat' dir='ltr'><strong>infusus</strong></span> <span class='ocrx_word' id='word_1_555' title='bbox 1464 4677 1620 4731; x_wconf 89' lang='lat' dir='ltr'><strong>corde</strong></span> <span class='ocrx_word' id='word_1_556' title='bbox 1670 4676 1801 4731; x_wconf 82' lang='lat' dir='ltr'><strong>beati</strong></span> 
     </span>
    </p>
   </div>
   <div class='ocr_carea' id='block_1_72' title="bbox 166 4770 1801 4844">
    <p class='ocr_par' dir='ltr' id='par_1_72' title="bbox 166 4770 1801 4844">
     <span class='ocr_line' id='line_1_72' title="bbox 166 4770 1801 4844; baseline -0.006 -11"><span class='ocrx_word' id='word_1_557' title='bbox 166 4777 393 4833; x_wconf 82' lang='lat' dir='ltr'><strong>Hilarii</strong></span> <span class='ocrx_word' id='word_1_558' title='bbox 440 4773 708 4838; x_wconf 83' lang='lat' dir='ltr'><strong>antist&#39;tis,</strong></span> <span class='ocrx_word' id='word_1_559' title='bbox 735 4774 879 4843; x_wconf 88' lang='lat' dir='ltr'><strong>quasi</strong></span> <span class='ocrx_word' id='word_1_560' title='bbox 905 4773 970 4826; x_wconf 89' lang='lat' dir='ltr'><strong>de</strong></span> <span class='ocrx_word' id='word_1_561' title='bbox 1011 4784 1097 4827; x_wconf 90' lang='lat' dir='ltr'><strong>tuo</strong></span> <span class='ocrx_word' id='word_1_562' title='bbox 1143 4770 1355 4840; x_wconf 66' lang='lat' dir='ltr'><strong>temrrlo,</strong></span> <span class='ocrx_word' id='word_1_563' title='bbox 1384 4787 1528 4827; x_wconf 68' lang='lat' dir='ltr'><strong>non</strong></span> <span class='ocrx_word' id='word_1_564' title='bbox 1555 4787 1801 4844; x_wconf 85' lang='lat' dir='ltr'><strong>responsa</strong></span> 
     </span>
    </p>
   </div>
   <div class='ocr_carea' id='block_1_73' title="bbox 163 4862 1802 4934">
    <p class='ocr_par' dir='ltr' id='par_1_73' title="bbox 163 4862 1802 4934">
     <span class='ocr_line' id='line_1_73' title="bbox 163 4862 1802 4934; baseline -0.005 -9"><span class='ocrx_word' id='word_1_565' title='bbox 163 4869 412 4934; x_wconf 79' lang='lat' dir='ltr'><strong>dedisti,</strong></span> <span class='ocrx_word' id='word_1_566' title='bbox 442 4876 553 4922; x_wconf 89' lang='lat' dir='ltr'><strong>etc.</strong></span> <span class='ocrx_word' id='word_1_567' title='bbox 570 4865 691 4933; x_wconf 90' lang='lat' dir='ltr'><strong>Quo</strong></span> <span class='ocrx_word' id='word_1_568' title='bbox 712 4867 873 4920; x_wconf 89' lang='lat' dir='ltr'><strong>etiam</strong></span> <span class='ocrx_word' id='word_1_569' title='bbox 906 4864 1147 4919; x_wconf 75' lang='lat' dir='ltr'><strong>alludere</strong></span> <span class='ocrx_word' id='word_1_570' title='bbox 1176 4862 1389 4919; x_wconf 85' lang='lat' dir='ltr'><strong>videtur</strong></span> <span class='ocrx_word' id='word_1_571' title='bbox 1417 4873 1474 4918; x_wconf 91' lang='lat' dir='ltr'><strong>et</strong></span> <span class='ocrx_word' id='word_1_572' title='bbox 1499 4863 1802 4918; x_wconf 85' lang='lat' dir='ltr'><strong>benedictio</strong></span> 
     </span>
    </p>
   </div>
   <div class='ocr_carea' id='block_1_74' title="bbox 165 4953 1800 5032">
    <p class='ocr_par' dir='ltr' id='par_1_74' title="bbox 165 4953 1800 5032">
     <span class='ocr_line' id='line_1_74' title="bbox 165 4953 1800 5032; baseline -0.007 -13"><span class='ocrx_word' id='word_1_573' title='bbox 165 4963 230 5018; x_wconf 85' lang='lat' dir='ltr'><strong>iu</strong></span> <span class='ocrx_word' id='word_1_574' title='bbox 289 4960 634 5032; x_wconf 87' lang='lat' dir='ltr'><strong>pcrantiquo</strong></span> <span class='ocrx_word' id='word_1_575' title='bbox 688 4954 987 5010; x_wconf 86' lang='lat' dir='ltr'><strong>Pontiﬁcali</strong></span> <span class='ocrx_word' id='word_1_576' title='bbox 1037 4955 1294 5010; x_wconf 77' lang='lat' dir='ltr'><strong>Ecclesia:</strong></span> <span class='ocrx_word' id='word_1_577' title='bbox 1343 4953 1691 5009; x_wconf 86' lang='lat' dir='ltr'><strong>Ebroicensis</strong></span> <span class='ocrx_word' id='word_1_578' title='bbox 1733 4953 1800 5007; x_wconf 91' lang='lat' dir='ltr'><strong>ad</strong></span> 
     </span>
    </p>
   </div>
   <div class='ocr_carea' id='block_1_75' title="bbox 164 5045 1802 5119">
    <p class='ocr_par' dir='ltr' id='par_1_75' title="bbox 164 5045 1802 5119">
     <span class='ocr_line' id='line_1_75' title="bbox 164 5045 1802 5119; baseline -0.008 -6"><span class='ocrx_word' id='word_1_579' title='bbox 164 5058 287 5113; x_wconf 77' lang='lat' dir='ltr'><strong>kal.</strong></span> <span class='ocrx_word' id='word_1_580' title='bbox 352 5052 504 5111; x_wconf 82' lang='lat' dir='ltr'><strong>Nov.</strong></span> <span class='ocrx_word' id='word_1_581' title='bbox 559 5052 615 5106; x_wconf 90' lang='lat' dir='ltr'><strong>in</strong></span> <span class='ocrx_word' id='word_1_582' title='bbox 643 5048 812 5105; x_wconf 83' lang='lat' dir='ltr'><strong>Natali</strong></span> <span class='ocrx_word' id='word_1_583' title='bbox 853 5050 910 5105; x_wconf 90' lang='lat' dir='ltr'><strong>S.</strong></span> <span class='ocrx_word' id='word_1_584' title='bbox 965 5048 1149 5104; x_wconf 88' lang='lat' dir='ltr'><strong>Hilarii</strong></span> <span class='ocrx_word' id='word_1_585' title='bbox 1182 5053 1516 5118; x_wconf 59' lang='lat' dir='ltr'><strong>praenotata:</strong></span> <span class='ocrx_word' id='word_1_586' title='bbox 1551 5046 1635 5102; x_wconf 84' lang='lat' dir='ltr'><strong>Sit</strong></span> <span class='ocrx_word' id='word_1_587' title='bbox 1661 5045 1802 5119; x_wconf 83' lang='lat' dir='ltr'><strong>apud</strong></span> 
     </span>
    </p>
   </div>
   <div class='ocr_carea' id='block_1_76' title="bbox 168 5142 1800 5223">
    <p class='ocr_par' dir='ltr' id='par_1_76' title="bbox 168 5142 1800 5223">
     <span class='ocr_line' id='line_1_76' title="bbox 168 5142 1800 5223; baseline -0.007 -16"><span class='ocrx_word' id='word_1_588' title='bbox 168 5163 225 5207; x_wconf 81' lang='lat' dir='ltr'><strong>te</strong></span> <span class='ocrx_word' id='word_1_589' title='bbox 253 5166 356 5223; x_wconf 82' lang='lat' dir='ltr'><strong>pro</strong></span> <span class='ocrx_word' id='word_1_590' title='bbox 392 5145 550 5201; x_wconf 82' lang='lat' dir='ltr'><strong>nobis</strong></span> <span class='ocrx_word' id='word_1_591' title='bbox 570 5156 833 5208; x_wconf 76' lang='lat' dir='ltr'><strong>exorator,</strong></span> <span class='ocrx_word' id='word_1_592' title='bbox 860 5144 946 5214; x_wconf 86' lang='lat' dir='ltr'><strong>qni</strong></span> <span class='ocrx_word' id='word_1_593' title='bbox 976 5152 1099 5197; x_wconf 90' lang='lat' dir='ltr'><strong>tunc</strong></span> <span class='ocrx_word' id='word_1_594' title='bbox 1128 5152 1308 5196; x_wconf 88' lang='lat' dir='ltr'><strong>contra</strong></span> <span class='ocrx_word' id='word_1_595' title='bbox 1334 5142 1601 5196; x_wconf 73' lang='lat' dir='ltr'><strong>Irazrcticos</strong></span> <span class='ocrx_word' id='word_1_596' title='bbox 1628 5156 1722 5213; x_wconf 87' lang='lat' dir='ltr'><strong>pro</strong></span> <span class='ocrx_word' id='word_1_597' title='bbox 1750 5149 1800 5195; x_wconf 89' lang='lat' dir='ltr'><strong>te</strong></span> 
     </span>
    </p>
   </div>
   <div class='ocr_carea' id='block_1_77' title="bbox 1905 3934 3499 4008">
    <p class='ocr_par' dir='ltr' id='par_1_77' title="bbox 1905 3934 3499 4008">
     <span class='ocr_line' id='line_1_77' title="bbox 1905 3934 3499 4008; baseline 0.004 -19"><span class='ocrx_word' id='word_1_598' title='bbox 1905 3934 2008 3989; x_wconf 91' lang='lat' dir='ltr'><strong>lam</strong></span> <span class='ocrx_word' id='word_1_599' title='bbox 2061 3936 2114 3989; x_wconf 93' lang='lat' dir='ltr'><strong>in</strong></span> <span class='ocrx_word' id='word_1_600' title='bbox 2160 3934 2519 4006; x_wconf 72' lang='lat' dir='ltr'><strong>expendendo</strong></span> <span class='ocrx_word' id='word_1_601' title='bbox 2564 3935 2719 3991; x_wconf 88' lang='lat' dir='ltr'><strong>titulo</strong></span> <span class='ocrx_word' id='word_1_602' title='bbox 2757 3951 2978 4006; x_wconf 90' lang='lat' dir='ltr'><strong>operam</strong></span> <span class='ocrx_word' id='word_1_603' title='bbox 3004 3939 3275 4008; x_wconf 83' lang='lat' dir='ltr'><strong>ponimus,</strong></span> <span class='ocrx_word' id='word_1_604' title='bbox 3309 3940 3378 3996; x_wconf 89' lang='lat' dir='ltr'><strong>de</strong></span> <span class='ocrx_word' id='word_1_605' title='bbox 3418 3940 3499 3995; x_wconf 84' lang='lat' dir='ltr'><strong>in-</strong></span> 
     </span>
    </p>
   </div>
   <div class='ocr_carea' id='block_1_78' title="bbox 1904 4027 3505 4101">
    <p class='ocr_par' dir='ltr' id='par_1_78' title="bbox 1904 4027 3505 4101">
     <span class='ocr_line' id='line_1_78' title="bbox 1904 4027 3505 4101; baseline 0.003 -18"><span class='ocrx_word' id='word_1_606' title='bbox 1904 4027 2201 4098; x_wconf 88' lang='lat' dir='ltr'><strong>scriptione</strong></span> <span class='ocrx_word' id='word_1_607' title='bbox 2230 4028 2345 4097; x_wconf 89' lang='lat' dir='ltr'><strong>ipsa</strong></span> <span class='ocrx_word' id='word_1_608' title='bbox 2384 4044 2490 4083; x_wconf 92' lang='lat' dir='ltr'><strong>non</strong></span> <span class='ocrx_word' id='word_1_609' title='bbox 2521 4036 2631 4083; x_wconf 86' lang='lat' dir='ltr'><strong>tam</strong></span> <span class='ocrx_word' id='word_1_610' title='bbox 2662 4029 2903 4098; x_wconf 83' lang='lat' dir='ltr'><strong>solliciti,</strong></span> <span class='ocrx_word' id='word_1_611' title='bbox 2942 4046 3103 4101; x_wconf 88' lang='lat' dir='ltr'><strong>quam</strong></span> <span class='ocrx_word' id='word_1_612' title='bbox 3132 4040 3191 4086; x_wconf 91' lang='lat' dir='ltr'><strong>ut</strong></span> <span class='ocrx_word' id='word_1_613' title='bbox 3222 4032 3346 4088; x_wconf 85' lang='lat' dir='ltr'><strong>inde</strong></span> <span class='ocrx_word' id='word_1_614' title='bbox 3369 4049 3505 4088; x_wconf 89' lang='lat' dir='ltr'><strong>con-</strong></span> 
     </span>
    </p>
   </div>
   <div class='ocr_carea' id='block_1_79' title="bbox 1903 4121 3015 4193">
    <p class='ocr_par' dir='ltr' id='par_1_79' title="bbox 1903 4121 3015 4193">
     <span class='ocr_line' id='line_1_79' title="bbox 1903 4121 3015 4193; baseline 0.004 -18"><span class='ocrx_word' id='word_1_615' title='bbox 1903 4121 2083 4176; x_wconf 88' lang='lat' dir='ltr'><strong>silium</strong></span> <span class='ocrx_word' id='word_1_616' title='bbox 2107 4122 2342 4177; x_wconf 87' lang='lat' dir='ltr'><strong>auctoris</strong></span> <span class='ocrx_word' id='word_1_617' title='bbox 2367 4122 2703 4193; x_wconf 78' lang='lat' dir='ltr'><strong>exploratum</strong></span> <span class='ocrx_word' id='word_1_618' title='bbox 2734 4123 3015 4179; x_wconf 87' lang='lat' dir='ltr'><strong>habeatur.</strong></span> 
     </span>
    </p>
   </div>
   <div class='ocr_carea' id='block_1_80' title="bbox 1976 4213 3499 4289">
    <p class='ocr_par' dir='ltr' id='par_1_80' title="bbox 1976 4213 3499 4289">
     <span class='ocr_line' id='line_1_80' title="bbox 1976 4213 3499 4289; baseline 0.003 -20"><span class='ocrx_word' id='word_1_619' title='bbox 1976 4214 2066 4270; x_wconf 81' lang='lat' dir='ltr'><strong>IV.</strong></span> <span class='ocrx_word' id='word_1_620' title='bbox 2096 4213 2228 4270; x_wconf 86' lang='lat' dir='ltr'><strong>Illos</strong></span> <span class='ocrx_word' id='word_1_621' title='bbox 2255 4231 2324 4271; x_wconf 80' lang='lat' dir='ltr'><strong>ns</strong></span> <span class='ocrx_word' id='word_1_622' title='bbox 2350 4230 2473 4271; x_wconf 75' lang='lat' dir='ltr'><strong>nos</strong></span> <span class='ocrx_word' id='word_1_623' title='bbox 2498 4215 2769 4270; x_wconf 85' lang='lat' dir='ltr'><strong>inscribere</strong></span> <span class='ocrx_word' id='word_1_624' title='bbox 2795 4216 3007 4271; x_wconf 88' lang='lat' dir='ltr'><strong>licet.—</strong></span> <span class='ocrx_word' id='word_1_625' title='bbox 3037 4215 3149 4271; x_wconf 82' lang='lat' dir='ltr'><strong>Etsi</strong></span> <span class='ocrx_word' id='word_1_626' title='bbox 3181 4231 3287 4273; x_wconf 91' lang='lat' dir='ltr'><strong>non</strong></span> <span class='ocrx_word' id='word_1_627' title='bbox 3327 4232 3499 4289; x_wconf 77' lang='lat' dir='ltr'><strong>appa-</strong></span> 
     </span>
    </p>
   </div>
   <div class='ocr_carea' id='block_1_81' title="bbox 1904 4306 3496 4381">
    <p class='ocr_par' dir='ltr' id='par_1_81' title="bbox 1904 4306 3496 4381">
     <span class='ocr_line' id='line_1_81' title="bbox 1904 4306 3496 4381; baseline 0.004 -21"><span class='ocrx_word' id='word_1_628' title='bbox 1904 4316 1987 4361; x_wconf 87' lang='lat' dir='ltr'><strong>ret</strong></span> <span class='ocrx_word' id='word_1_629' title='bbox 2017 4306 2184 4376; x_wconf 87' lang='lat' dir='ltr'><strong>prima</strong></span> <span class='ocrx_word' id='word_1_630' title='bbox 2216 4307 2391 4362; x_wconf 90' lang='lat' dir='ltr'><strong>fronte</strong></span> <span class='ocrx_word' id='word_1_631' title='bbox 2406 4322 2505 4363; x_wconf 89' lang='lat' dir='ltr'><strong>cur</strong></span> <span class='ocrx_word' id='word_1_632' title='bbox 2526 4306 2629 4363; x_wconf 88' lang='lat' dir='ltr'><strong>hoc</strong></span> <span class='ocrx_word' id='word_1_633' title='bbox 2656 4322 2791 4378; x_wconf 90' lang='lat' dir='ltr'><strong>opus</strong></span> <span class='ocrx_word' id='word_1_634' title='bbox 2817 4310 2880 4362; x_wconf 91' lang='lat' dir='ltr'><strong>de</strong></span> <span class='ocrx_word' id='word_1_635' title='bbox 2900 4306 3032 4363; x_wconf 84' lang='lat' dir='ltr'><strong>Fide</strong></span> <span class='ocrx_word' id='word_1_636' title='bbox 3056 4308 3374 4381; x_wconf 86' lang='lat' dir='ltr'><strong>inscriptum</strong></span> <span class='ocrx_word' id='word_1_637' title='bbox 3406 4311 3496 4379; x_wconf 79' lang='lat' dir='ltr'><strong>sit;</strong></span> 
     </span>
    </p>
   </div>
   <div class='ocr_carea' id='block_1_82' title="bbox 1905 4399 3491 4472">
    <p class='ocr_par' dir='ltr' id='par_1_82' title="bbox 1905 4399 3491 4472">
     <span class='ocr_line' id='line_1_82' title="bbox 1905 4399 3491 4472; baseline 0.004 -19"><span class='ocrx_word' id='word_1_638' title='bbox 1905 4400 1948 4453; x_wconf 88' lang='lat' dir='ltr'><strong>si</strong></span> <span class='ocrx_word' id='word_1_639' title='bbox 1978 4406 2155 4453; x_wconf 85' lang='lat' dir='ltr'><strong>tamen</strong></span> <span class='ocrx_word' id='word_1_640' title='bbox 2188 4399 2410 4470; x_wconf 88' lang='lat' dir='ltr'><strong>propius</strong></span> <span class='ocrx_word' id='word_1_641' title='bbox 2439 4400 2758 4469; x_wconf 80' lang='lat' dir='ltr'><strong>inSpiciatur</strong></span> <span class='ocrx_word' id='word_1_642' title='bbox 2785 4403 2950 4456; x_wconf 87' lang='lat' dir='ltr'><strong>totius</strong></span> <span class='ocrx_word' id='word_1_643' title='bbox 2987 4402 3170 4472; x_wconf 89' lang='lat' dir='ltr'><strong>operis</strong></span> <span class='ocrx_word' id='word_1_644' title='bbox 3201 4404 3358 4470; x_wconf 81' lang='lat' dir='ltr'><strong>ratio,</strong></span> <span class='ocrx_word' id='word_1_645' title='bbox 3383 4421 3491 4459; x_wconf 92' lang='lat' dir='ltr'><strong>non</strong></span> 
     </span>
    </p>
   </div>
   <div class='ocr_carea' id='block_1_83' title="bbox 1905 4487 3498 4561">
    <p class='ocr_par' dir='ltr' id='par_1_83' title="bbox 1905 4487 3498 4561">
     <span class='ocr_line' id='line_1_83' title="bbox 1905 4487 3498 4561; baseline 0.004 -18"><span class='ocrx_word' id='word_1_646' title='bbox 1905 4487 2211 4558; x_wconf 88' lang='lat' dir='ltr'><strong>displicebit</strong></span> <span class='ocrx_word' id='word_1_647' title='bbox 2235 4492 2421 4546; x_wconf 88' lang='lat' dir='ltr'><strong>titulus</strong></span> <span class='ocrx_word' id='word_1_648' title='bbox 2448 4492 2581 4547; x_wconf 88' lang='lat' dir='ltr'><strong>satis</strong></span> <span class='ocrx_word' id='word_1_649' title='bbox 2629 4507 2930 4561; x_wconf 89' lang='lat' dir='ltr'><strong>congruens</strong></span> <span class='ocrx_word' id='word_1_650' title='bbox 2952 4509 3076 4548; x_wconf 88' lang='lat' dir='ltr'><strong>cum</strong></span> <span class='ocrx_word' id='word_1_651' title='bbox 3123 4494 3189 4549; x_wconf 91' lang='lat' dir='ltr'><strong>iis</strong></span> <span class='ocrx_word' id='word_1_652' title='bbox 3240 4495 3413 4558; x_wconf 88' lang='lat' dir='ltr'><strong>libris,</strong></span> <span class='ocrx_word' id='word_1_653' title='bbox 3442 4496 3498 4551; x_wconf 88' lang='lat' dir='ltr'><strong>in</strong></span> 
     </span>
    </p>
   </div>
   <div class='ocr_carea' id='block_1_84' title="bbox 1904 4581 3501 4667">
    <p class='ocr_par' dir='ltr' id='par_1_84' title="bbox 1904 4581 3501 4667">
     <span class='ocr_line' id='line_1_84' title="bbox 1904 4581 3501 4667; baseline 0.004 -31"><span class='ocrx_word' id='word_1_654' title='bbox 1904 4582 2102 4653; x_wconf 91' lang='lat' dir='ltr'><strong>quibus</strong></span> <span class='ocrx_word' id='word_1_655' title='bbox 2132 4581 2253 4639; x_wconf 85' lang='lat' dir='ltr'><strong>Filii</strong></span> <span class='ocrx_word' id='word_1_656' title='bbox 2280 4594 2335 4639; x_wconf 90' lang='lat' dir='ltr'><strong>ct</strong></span> <span class='ocrx_word' id='word_1_657' title='bbox 2362 4583 2540 4667; x_wconf 69' lang='lat' dir='ltr'><strong>Putris</strong></span> <span class='ocrx_word' id='word_1_658' title='bbox 2579 4585 3136 4651; x_wconf 77' lang='lat' dir='ltr'><strong>consubstantialitas,</strong></span> <span class='ocrx_word' id='word_1_659' title='bbox 3169 4588 3501 4656; x_wconf 66' lang='lat' dir='ltr'><strong>prmcipiium</strong></span> 
     </span>
    </p>
   </div>
   <div class='ocr_carea' id='block_1_85' title="bbox 1906 4673 3503 4750">
    <p class='ocr_par' dir='ltr' id='par_1_85' title="bbox 1906 4673 3503 4750">
     <span class='ocr_line' id='line_1_85' title="bbox 1906 4673 3503 4750; baseline 0.003 -22"><span class='ocrx_word' id='word_1_660' title='bbox 1906 4673 2030 4729; x_wconf 90' lang='lat' dir='ltr'><strong>ﬁdei</strong></span> <span class='ocrx_word' id='word_1_661' title='bbox 2065 4686 2265 4731; x_wconf 62' lang='lat' dir='ltr'><strong>nostra:</strong></span> <span class='ocrx_word' id='word_1_662' title='bbox 2294 4685 2456 4746; x_wconf 87' lang='lat' dir='ltr'><strong>caput</strong></span> <span class='ocrx_word' id='word_1_663' title='bbox 2489 4692 2554 4731; x_wconf 89' lang='lat' dir='ltr'><strong>ae</strong></span> <span class='ocrx_word' id='word_1_664' title='bbox 2584 4676 3030 4744; x_wconf 81' lang='lat' dir='ltr'><strong>fundamentum,</strong></span> <span class='ocrx_word' id='word_1_665' title='bbox 3064 4677 3264 4747; x_wconf 83' lang='lat' dir='ltr'><strong>ubique</strong></span> <span class='ocrx_word' id='word_1_666' title='bbox 3303 4695 3503 4750; x_wconf 89' lang='lat' dir='ltr'><strong>propu-</strong></span> 
     </span>
    </p>
   </div>
   <div class='ocr_carea' id='block_1_86' title="bbox 1905 4768 3502 4841">
    <p class='ocr_par' dir='ltr' id='par_1_86' title="bbox 1905 4768 3502 4841">
     <span class='ocr_line' id='line_1_86' title="bbox 1905 4768 3502 4841; baseline 0.006 -20"><span class='ocrx_word' id='word_1_667' title='bbox 1905 4777 2131 4838; x_wconf 87' lang='lat' dir='ltr'><strong>gnatur;</strong></span> <span class='ocrx_word' id='word_1_668' title='bbox 2164 4768 2362 4839; x_wconf 89' lang='lat' dir='ltr'><strong>quique</strong></span> <span class='ocrx_word' id='word_1_669' title='bbox 2410 4770 2476 4823; x_wconf 89' lang='lat' dir='ltr'><strong>ad</strong></span> <span class='ocrx_word' id='word_1_670' title='bbox 2513 4772 2611 4824; x_wconf 91' lang='lat' dir='ltr'><strong>hoc</strong></span> <span class='ocrx_word' id='word_1_671' title='bbox 2652 4771 2885 4825; x_wconf 67' lang='lat' dir='ltr'><strong>triaxinie</strong></span> <span class='ocrx_word' id='word_1_672' title='bbox 2914 4777 3041 4824; x_wconf 87' lang='lat' dir='ltr'><strong>srmt</strong></span> <span class='ocrx_word' id='word_1_673' title='bbox 3066 4775 3323 4841; x_wconf 75' lang='lat' dir='ltr'><strong>suSCepti,</strong></span> <span class='ocrx_word' id='word_1_674' title='bbox 3359 4782 3413 4825; x_wconf 90' lang='lat' dir='ltr'><strong>nt</strong></span> <span class='ocrx_word' id='word_1_675' title='bbox 3438 4788 3502 4829; x_wconf 82' lang='lat' dir='ltr'><strong>ea</strong></span> 
     </span>
    </p>
   </div>
   <div class='ocr_carea' id='block_1_87' title="bbox 1908 4860 3502 4931">
    <p class='ocr_par' dir='ltr' id='par_1_87' title="bbox 1908 4860 3502 4931">
     <span class='ocr_line' id='line_1_87' title="bbox 1908 4860 3502 4931; baseline 0.003 -16"><span class='ocrx_word' id='word_1_676' title='bbox 1908 4860 2062 4925; x_wconf 88' lang='lat' dir='ltr'><strong>ﬁdes,</strong></span> <span class='ocrx_word' id='word_1_677' title='bbox 2088 4860 2141 4915; x_wconf 89' lang='lat' dir='ltr'><strong>in</strong></span> <span class='ocrx_word' id='word_1_678' title='bbox 2165 4877 2266 4931; x_wconf 82' lang='lat' dir='ltr'><strong>qua</strong></span> <span class='ocrx_word' id='word_1_679' title='bbox 2292 4862 2462 4915; x_wconf 86' lang='lat' dir='ltr'><strong>renati</strong></span> <span class='ocrx_word' id='word_1_680' title='bbox 2492 4876 2698 4927; x_wconf 86' lang='lat' dir='ltr'><strong>sumus,</strong></span> <span class='ocrx_word' id='word_1_681' title='bbox 2725 4861 2891 4915; x_wconf 74' lang='lat' dir='ltr'><strong>illa-sn</strong></span> <span class='ocrx_word' id='word_1_682' title='bbox 2914 4872 2965 4916; x_wconf 92' lang='lat' dir='ltr'><strong>et</strong></span> <span class='ocrx_word' id='word_1_683' title='bbox 2989 4864 3189 4930; x_wconf 80' lang='lat' dir='ltr'><strong>integra</strong></span> <span class='ocrx_word' id='word_1_684' title='bbox 3208 4872 3502 4920; x_wconf 84' lang='lat' dir='ltr'><strong>teneretur.</strong></span> 
     </span>
    </p>
   </div>
   <div class='ocr_carea' id='block_1_88' title="bbox 1905 4951 3500 5023">
    <p class='ocr_par' dir='ltr' id='par_1_88' title="bbox 1905 4951 3500 5023">
     <span class='ocr_line' id='line_1_88' title="bbox 1905 4951 3500 5023; baseline 0.005 -17"><span class='ocrx_word' id='word_1_685' title='bbox 1905 4951 2090 5022; x_wconf 87' lang='lat' dir='ltr'><strong>Neque</strong></span> <span class='ocrx_word' id='word_1_686' title='bbox 2118 4968 2249 5007; x_wconf 90' lang='lat' dir='ltr'><strong>sane</strong></span> <span class='ocrx_word' id='word_1_687' title='bbox 2288 4954 2565 5023; x_wconf 89' lang='lat' dir='ltr'><strong>probabile</strong></span> <span class='ocrx_word' id='word_1_688' title='bbox 2610 4954 2842 5016; x_wconf 88' lang='lat' dir='ltr'><strong>videtur,</strong></span> <span class='ocrx_word' id='word_1_689' title='bbox 2890 4962 2965 5007; x_wconf 92' lang='lat' dir='ltr'><strong>tot</strong></span> <span class='ocrx_word' id='word_1_690' title='bbox 2998 4964 3214 5022; x_wconf 80' lang='lat' dir='ltr'><strong>tamque</strong></span> <span class='ocrx_word' id='word_1_691' title='bbox 3253 4955 3500 5015; x_wconf 75' lang='lat' dir='ltr'><strong>diversos</strong></span> 
     </span>
    </p>
   </div>
   <div class='ocr_carea' id='block_1_89' title="bbox 1905 5045 3503 5117">
    <p class='ocr_par' dir='ltr' id='par_1_89' title="bbox 1905 5045 3503 5117">
     <span class='ocr_line' id='line_1_89' title="bbox 1905 5045 3503 5117; baseline 0.003 -17"><span class='ocrx_word' id='word_1_692' title='bbox 1905 5045 2200 5115; x_wconf 85' lang='lat' dir='ltr'><strong>scriptorcs</strong></span> <span class='ocrx_word' id='word_1_693' title='bbox 2243 5059 2451 5115; x_wconf 64' lang='lat' dir='ltr'><strong>graecos</strong></span> <span class='ocrx_word' id='word_1_694' title='bbox 2476 5058 2538 5098; x_wconf 89' lang='lat' dir='ltr'><strong>ac</strong></span> <span class='ocrx_word' id='word_1_695' title='bbox 2581 5045 2773 5097; x_wconf 89' lang='lat' dir='ltr'><strong>latinos</strong></span> <span class='ocrx_word' id='word_1_696' title='bbox 2804 5046 2856 5097; x_wconf 91' lang='lat' dir='ltr'><strong>in</strong></span> <span class='ocrx_word' id='word_1_697' title='bbox 2905 5045 3150 5099; x_wconf 88' lang='lat' dir='ltr'><strong>eamdem</strong></span> <span class='ocrx_word' id='word_1_698' title='bbox 3200 5045 3503 5117; x_wconf 86' lang='lat' dir='ltr'><strong>inscriptio-</strong></span> 
     </span>
    </p>
   </div>
   <div class='ocr_carea' id='block_1_90' title="bbox 1906 5135 3502 5206">
    <p class='ocr_par' dir='ltr' id='par_1_90' title="bbox 1906 5135 3502 5206">
     <span class='ocr_line' id='line_1_90' title="bbox 1906 5135 3502 5206; baseline 0.005 -15"><span class='ocrx_word' id='word_1_699' title='bbox 1906 5152 2033 5192; x_wconf 89' lang='lat' dir='ltr'><strong>nem</strong></span> <span class='ocrx_word' id='word_1_700' title='bbox 2083 5138 2394 5205; x_wconf 72' lang='lat' dir='ltr'><strong>conspirare</strong></span> <span class='ocrx_word' id='word_1_701' title='bbox 2444 5136 2707 5206; x_wconf 81' lang='lat' dir='ltr'><strong>potuisse,</strong></span> <span class='ocrx_word' id='word_1_702' title='bbox 2754 5135 2858 5190; x_wconf 92' lang='lat' dir='ltr'><strong>nisi</strong></span> <span class='ocrx_word' id='word_1_703' title='bbox 2903 5136 2970 5191; x_wconf 89' lang='lat' dir='ltr'><strong>ab</strong></span> <span class='ocrx_word' id='word_1_704' title='bbox 3013 5136 3242 5206; x_wconf 81' lang='lat' dir='ltr'><strong>ipSomet</strong></span> <span class='ocrx_word' id='word_1_705' title='bbox 3281 5152 3502 5199; x_wconf 89' lang='lat' dir='ltr'><strong>auctore</strong></span> 
     </span>
    </p>
   </div>
   <div class='ocr_carea' id='block_1_91' title="bbox 168 5226 3502 5304">
    <p class='ocr_par' dir='ltr' id='par_1_91' title="bbox 168 5226 3502 5304">
     <span class='ocr_line' id='line_1_91' title="bbox 168 5226 3502 5304; baseline -0.001 -8"><span class='ocrx_word' id='word_1_706' title='bbox 168 5242 387 5296; x_wconf 81' lang='lat' dir='ltr'><strong>adstitit</strong></span> <span class='ocrx_word' id='word_1_707' title='bbox 433 5246 696 5292; x_wconf 83' lang='lat' dir='ltr'><strong>assertor:</strong></span> <span class='ocrx_word' id='word_1_708' title='bbox 735 5246 786 5289; x_wconf 80' lang='lat' dir='ltr'><strong>ut</strong></span> <span class='ocrx_word' id='word_1_709' title='bbox 815 5244 864 5290; x_wconf 87' lang='lat' dir='ltr'><strong>te</strong></span> <span class='ocrx_word' id='word_1_710' title='bbox 909 5236 1215 5289; x_wconf 82' lang='lat' dir='ltr'><strong>retribuente</strong></span> <span class='ocrx_word' id='word_1_711' title='bbox 1244 5234 1468 5304; x_wconf 84' lang='lat' dir='ltr'><strong>papulus</strong></span> <span class='ocrx_word' id='word_1_712' title='bbox 1496 5243 1692 5289; x_wconf 89' lang='lat' dir='ltr'><strong>crescat</strong></span> <span class='ocrx_word' id='word_1_713' title='bbox 1719 5234 1799 5287; x_wconf 89' lang='lat' dir='ltr'><strong>in-</strong></span> <span class='ocrx_word' id='word_1_714' title='bbox 1825 5234 1880 5296; x_wconf 87' lang='lat' dir='ltr'><strong>D</strong></span> <span class='ocrx_word' id='word_1_715' title='bbox 1906 5228 2155 5284; x_wconf 81' lang='lat' dir='ltr'><strong>instituta</strong></span> <span class='ocrx_word' id='word_1_716' title='bbox 2181 5236 2346 5283; x_wconf 88' lang='lat' dir='ltr'><strong>esset.</strong></span> <span class='ocrx_word' id='word_1_717' title='bbox 2368 5226 2705 5297; x_wconf 63' lang='lat' dir='ltr'><strong>Conjecturte</strong></span> <span class='ocrx_word' id='word_1_718' title='bbox 2728 5226 2853 5283; x_wconf 86' lang='lat' dir='ltr'><strong>huic</strong></span> <span class='ocrx_word' id='word_1_719' title='bbox 2883 5229 3169 5299; x_wconf 88' lang='lat' dir='ltr'><strong>plurimum</strong></span> <span class='ocrx_word' id='word_1_720' title='bbox 3199 5232 3340 5289; x_wconf 81' lang='lat' dir='ltr'><strong>favet</strong></span> <span class='ocrx_word' id='word_1_721' title='bbox 3360 5236 3502 5304; x_wconf 87' lang='lat' dir='ltr'><strong>quod</strong></span> 
     </span>
    </p>
   </div>
   <div class='ocr_carea' id='block_1_92' title="bbox 170 5326 1799 5401">
    <p class='ocr_par' dir='ltr' id='par_1_92' title="bbox 170 5326 1799 5401">
     <span class='ocr_line' id='line_1_92' title="bbox 170 5326 1799 5401; baseline -0.005 -11"><span class='ocrx_word' id='word_1_722' title='bbox 170 5349 459 5393; x_wconf 69' lang='lat' dir='ltr'><strong>numerus.</strong></span> <span class='ocrx_word' id='word_1_723' title='bbox 490 5330 631 5401; x_wconf 87' lang='lat' dir='ltr'><strong>quod</strong></span> <span class='ocrx_word' id='word_1_724' title='bbox 672 5329 875 5384; x_wconf 85' lang='lat' dir='ltr'><strong>sudavit</strong></span> <span class='ocrx_word' id='word_1_725' title='bbox 917 5344 967 5383; x_wconf 73' lang='lat' dir='ltr'><strong>us</strong></span> <span class='ocrx_word' id='word_1_726' title='bbox 996 5343 1117 5384; x_wconf 71' lang='lat' dir='ltr'><strong>nos</strong></span> <span class='ocrx_word' id='word_1_727' title='bbox 1148 5327 1404 5391; x_wconf 85' lang='lat' dir='ltr'><strong>sacerdos,</strong></span> <span class='ocrx_word' id='word_1_728' title='bbox 1433 5337 1538 5382; x_wconf 90' lang='lat' dir='ltr'><strong>etc.</strong></span> <span class='ocrx_word' id='word_1_729' title='bbox 1567 5326 1637 5382; x_wconf 84' lang='lat' dir='ltr'><strong>At</strong></span> <span class='ocrx_word' id='word_1_730' title='bbox 1657 5327 1799 5396; x_wconf 89' lang='lat' dir='ltr'><strong>apud</strong></span> 
     </span>
    </p>
   </div>
   <div class='ocr_carea' id='block_1_93' title="bbox 178 5418 1804 5485">
    <p class='ocr_par' dir='ltr' id='par_1_93' title="bbox 178 5418 1804 5485">
     <span class='ocr_line' id='line_1_93' title="bbox 178 5418 1804 5485; baseline -0.006 0"><span class='ocrx_word' id='word_1_731' title='bbox 178 5424 593 5484; x_wconf 81' lang='lat' dir='ltr'><strong>Cassiodorum</strong></span> <span class='ocrx_word' id='word_1_732' title='bbox 648 5422 743 5477; x_wconf 87' lang='lat' dir='ltr'><strong>lib.</strong></span> <span class='ocrx_word' id='word_1_733' title='bbox 790 5437 807 5476; x_wconf 87' lang='grc' dir='ltr'><strong><em>ι</em></strong></span> <span class='ocrx_word' id='word_1_734' title='bbox 861 5419 1038 5477; x_wconf 84' lang='lat' dir='ltr'><strong>Instit.</strong></span> <span class='ocrx_word' id='word_1_735' title='bbox 1089 5437 1138 5476; x_wconf 89' lang='lat' dir='ltr'><strong>c.</strong></span> <span class='ocrx_word' id='word_1_736' title='bbox 1200 5422 1291 5485; x_wconf 81' lang='lat' dir='ltr'><strong>l6,</strong></span> <span class='ocrx_word' id='word_1_737' title='bbox 1324 5421 1387 5474; x_wconf 87' lang='lat' dir='ltr'><strong>de</strong></span> <span class='ocrx_word' id='word_1_738' title='bbox 1443 5418 1694 5475; x_wconf 81' lang='lat' dir='ltr'><strong>Trinitate</strong></span> <span class='ocrx_word' id='word_1_739' title='bbox 1724 5422 1804 5476; x_wconf 88' lang='lat' dir='ltr'><strong>in-</strong></span> 
     </span>
    </p>
   </div>
   <div class='ocr_carea' id='block_1_94' title="bbox 175 5512 1801 5590">
    <p class='ocr_par' dir='ltr' id='par_1_94' title="bbox 175 5512 1801 5590">
     <span class='ocr_line' id='line_1_94' title="bbox 175 5512 1801 5590; baseline -0.007 -10"><span class='ocrx_word' id='word_1_740' title='bbox 175 5524 430 5590; x_wconf 79' lang='lat' dir='ltr'><strong>scriptos</strong></span> <span class='ocrx_word' id='word_1_741' title='bbox 460 5532 564 5574; x_wconf 88' lang='lat' dir='ltr'><strong>eos</strong></span> <span class='ocrx_word' id='word_1_742' title='bbox 588 5516 779 5572; x_wconf 81' lang='lat' dir='ltr'><strong>videre</strong></span> <span class='ocrx_word' id='word_1_743' title='bbox 803 5526 912 5582; x_wconf 89' lang='lat' dir='ltr'><strong>est,</strong></span> <span class='ocrx_word' id='word_1_744' title='bbox 934 5516 1307 5570; x_wconf 85' lang='lat' dir='ltr'><strong>consentiente</strong></span> <span class='ocrx_word' id='word_1_745' title='bbox 1338 5513 1635 5569; x_wconf 84' lang='lat' dir='ltr'><strong>Fortunato</strong></span> <span class='ocrx_word' id='word_1_746' title='bbox 1658 5512 1753 5568; x_wconf 87' lang='lat' dir='ltr'><strong>lib.</strong></span> <span class='ocrx_word' id='word_1_747' title='bbox 1784 5530 1801 5569; x_wconf 82' lang='grc' dir='ltr'>ι</span> 
     </span>
    </p>
   </div>
   <div class='ocr_carea' id='block_1_95' title="bbox 179 5607 1802 5678">
    <p class='ocr_par' dir='ltr' id='par_1_95' title="bbox 179 5607 1802 5678">
     <span class='ocr_line' id='line_1_95' title="bbox 179 5607 1802 5678; baseline -0.004 -10"><span class='ocrx_word' id='word_1_748' title='bbox 179 5615 326 5670; x_wconf 67' lang='lat' dir='ltr'><strong>Vita:</strong></span> <span class='ocrx_word' id='word_1_749' title='bbox 346 5614 407 5669; x_wconf 88' lang='lat' dir='ltr'><strong>S.</strong></span> <span class='ocrx_word' id='word_1_750' title='bbox 438 5608 661 5674; x_wconf 79' lang='lat' dir='ltr'><strong>Hilarii,</strong></span> <span class='ocrx_word' id='word_1_751' title='bbox 699 5608 852 5678; x_wconf 83' lang='lat' dir='ltr'><strong>juxta</strong></span> <span class='ocrx_word' id='word_1_752' title='bbox 882 5622 1021 5678; x_wconf 86' lang='lat' dir='ltr'><strong>quos</strong></span> <span class='ocrx_word' id='word_1_753' title='bbox 1047 5623 1077 5661; x_wconf 90' lang='lat' dir='ltr'><strong>a</strong></span> <span class='ocrx_word' id='word_1_754' title='bbox 1107 5607 1355 5678; x_wconf 86' lang='lat' dir='ltr'><strong>Philippo</strong></span> <span class='ocrx_word' id='word_1_755' title='bbox 1384 5607 1582 5663; x_wconf 82' lang='lat' dir='ltr'><strong>abbate</strong></span> <span class='ocrx_word' id='word_1_756' title='bbox 1610 5607 1673 5661; x_wconf 88' lang='lat' dir='ltr'><strong>dc</strong></span> <span class='ocrx_word' id='word_1_757' title='bbox 1698 5607 1802 5676; x_wconf 83' lang='lat' dir='ltr'><strong>ﬁde</strong></span> 
     </span>
    </p>
   </div>
   <div class='ocr_carea' id='block_1_96' title="bbox 178 5697 1799 5769">
    <p class='ocr_par' dir='ltr' id='par_1_96' title="bbox 178 5697 1799 5769">
     <span class='ocr_line' id='line_1_96' title="bbox 178 5697 1799 5769; baseline -0.004 -8"><span class='ocrx_word' id='word_1_758' title='bbox 178 5704 540 5761; x_wconf 71' lang='lat' dir='ltr'><strong>sanctissima:</strong></span> <span class='ocrx_word' id='word_1_759' title='bbox 592 5697 867 5755; x_wconf 86' lang='lat' dir='ltr'><strong>Trinitatis</strong></span> <span class='ocrx_word' id='word_1_760' title='bbox 912 5698 1274 5769; x_wconf 84' lang='lat' dir='ltr'><strong>appellantur.</strong></span> <span class='ocrx_word' id='word_1_761' title='bbox 1321 5698 1515 5754; x_wconf 86' lang='lat' dir='ltr'><strong>Libros</strong></span> <span class='ocrx_word' id='word_1_762' title='bbox 1581 5699 1799 5755; x_wconf 88' lang='lat' dir='ltr'><strong>eosdem</strong></span> 
     </span>
    </p>
   </div>
   <div class='ocr_carea' id='block_1_97' title="bbox 182 5789 1802 5866">
    <p class='ocr_par' dir='ltr' id='par_1_97' title="bbox 182 5789 1802 5866">
     <span class='ocr_line' id='line_1_97' title="bbox 182 5789 1802 5866; baseline -0.006 -11"><span class='ocrx_word' id='word_1_763' title='bbox 182 5798 377 5858; x_wconf 79' lang='lat' dir='ltr'><strong>laudat</strong></span> <span class='ocrx_word' id='word_1_764' title='bbox 405 5791 753 5866; x_wconf 79' lang='lat' dir='ltr'><strong>Augustinus</strong></span> <span class='ocrx_word' id='word_1_765' title='bbox 795 5790 957 5860; x_wconf 85' lang='lat' dir='ltr'><strong>epist.</strong></span> <span class='ocrx_word' id='word_1_766' title='bbox 1001 5805 1197 5857; x_wconf 76' lang='lat' dir='ltr'><strong>cmx,</strong></span> <span class='ocrx_word' id='word_1_767' title='bbox 1225 5806 1282 5846; x_wconf 93' lang='lat' dir='ltr'><strong>n.</strong></span> <span class='ocrx_word' id='word_1_768' title='bbox 1328 5791 1386 5861; x_wconf 77' lang='grc'><strong>5,</strong></span> <span class='ocrx_word' id='word_1_769' title='bbox 1434 5801 1489 5849; x_wconf 90' lang='lat' dir='ltr'><strong>et</strong></span> <span class='ocrx_word' id='word_1_770' title='bbox 1520 5789 1616 5846; x_wconf 90' lang='lat' dir='ltr'><strong>lib.</strong></span> <span class='ocrx_word' id='word_1_771' title='bbox 1651 5804 1706 5846; x_wconf 83' lang='lat' dir='ltr'><strong>vt</strong></span> <span class='ocrx_word' id='word_1_772' title='bbox 1732 5789 1802 5846; x_wconf 86' lang='lat' dir='ltr'><strong>de</strong></span> 
     </span>
    </p>
   </div>
   <div class='ocr_carea' id='block_1_98' title="bbox 778 5882 1230 5948">
    <p class='ocr_par' dir='ltr' id='par_1_98' title="bbox 778 5882 1230 5948">
     <span class='ocr_line' id='line_1_98' title="bbox 778 5882 1230 5948; baseline 0.002 -2"><span class='ocrx_word' id='word_1_773' title='bbox 778 5886 1051 5948; x_wconf 75' lang='grc' dir='ltr'><strong>ΡΑτιιοι.</strong></span> <span class='ocrx_word' id='word_1_774' title='bbox 1144 5882 1230 5947; x_wconf 83' lang='grc' dir='ltr'><strong>Χ.</strong></span> 
     </span>
    </p>
   </div>
   <div class='ocr_carea' id='block_1_99' title="bbox 1909 5319 3505 5391">
    <p class='ocr_par' dir='ltr' id='par_1_99' title="bbox 1909 5319 3505 5391">
     <span class='ocr_line' id='line_1_99' title="bbox 1909 5319 3505 5391; baseline 0.004 -13"><span class='ocrx_word' id='word_1_775' title='bbox 1909 5323 2006 5379; x_wconf 88' lang='lat' dir='ltr'><strong>lib.</strong></span> <span class='ocrx_word' id='word_1_776' title='bbox 2041 5338 2079 5387; x_wconf 91' lang='lat' dir='ltr'><strong>t,</strong></span> <span class='ocrx_word' id='word_1_777' title='bbox 2120 5337 2175 5376; x_wconf 85' lang='grc' dir='ltr'><strong>ιι.</strong></span> <span class='ocrx_word' id='word_1_778' title='bbox 2225 5320 2313 5386; x_wconf 74' lang='lat' dir='ltr'><strong>id,</strong></span> <span class='ocrx_word' id='word_1_779' title='bbox 2346 5319 2583 5375; x_wconf 78' lang='lat' dir='ltr'><strong>Hilarius</strong></span> <span class='ocrx_word' id='word_1_780' title='bbox 2619 5320 2735 5391; x_wconf 79' lang='lat' dir='ltr'><strong>ipse</strong></span> <span class='ocrx_word' id='word_1_781' title='bbox 2765 5329 2993 5377; x_wconf 88' lang='lat' dir='ltr'><strong>testatrrr</strong></span> <span class='ocrx_word' id='word_1_782' title='bbox 3022 5338 3081 5377; x_wconf 91' lang='lat' dir='ltr'><strong>se</strong></span> <span class='ocrx_word' id='word_1_783' title='bbox 3116 5324 3184 5378; x_wconf 93' lang='lat' dir='ltr'><strong>ad</strong></span> <span class='ocrx_word' id='word_1_784' title='bbox 3209 5326 3308 5381; x_wconf 92' lang='lat' dir='ltr'><strong>hos</strong></span> <span class='ocrx_word' id='word_1_785' title='bbox 3334 5328 3505 5384; x_wconf 84' lang='lat' dir='ltr'><strong>libros</strong></span> 
     </span>
    </p>
   </div>
   <div class='ocr_carea' id='block_1_100' title="bbox 1905 5413 3498 5488">
    <p class='ocr_par' dir='ltr' id='par_1_100' title="bbox 1905 5413 3498 5488">
     <span class='ocr_line' id='line_1_100' title="bbox 1905 5413 3498 5488; baseline 0.002 -16"><span class='ocrx_word' id='word_1_786' title='bbox 1905 5414 2223 5472; x_wconf 85' lang='lat' dir='ltr'><strong>scribendos</strong></span> <span class='ocrx_word' id='word_1_787' title='bbox 2264 5413 2505 5468; x_wconf 89' lang='lat' dir='ltr'><strong>animum</strong></span> <span class='ocrx_word' id='word_1_788' title='bbox 2543 5415 2838 5484; x_wconf 90' lang='lat' dir='ltr'><strong>appulisse,</strong></span> <span class='ocrx_word' id='word_1_789' title='bbox 2888 5424 2947 5471; x_wconf 90' lang='lat' dir='ltr'><strong>ut</strong></span> <span class='ocrx_word' id='word_1_790' title='bbox 2978 5431 3074 5471; x_wconf 88' lang='lat' dir='ltr'><strong>eos</strong></span> <span class='ocrx_word' id='word_1_791' title='bbox 3090 5429 3498 5488; x_wconf 89' lang='lat' dir='ltr'><strong>compesceret,</strong></span> 
     </span>
    </p>
   </div>
   <div class='ocr_carea' id='block_1_101' title="bbox 1905 5507 3503 5581">
    <p class='ocr_par' dir='ltr' id='par_1_101' title="bbox 1905 5507 3503 5581">
     <span class='ocr_line' id='line_1_101' title="bbox 1905 5507 3503 5581; baseline 0.002 -17"><span class='ocrx_word' id='word_1_792' title='bbox 1905 5511 1994 5581; x_wconf 89' lang='lat' dir='ltr'><strong>qui</strong></span> <span class='ocrx_word' id='word_1_793' title='bbox 2041 5507 2348 5578; x_wconf 69' lang='lat' dir='ltr'><strong>evangelica:</strong></span> <span class='ocrx_word' id='word_1_794' title='bbox 2387 5507 2507 5577; x_wconf 88' lang='lat' dir='ltr'><strong>ﬁdei</strong></span> <span class='ocrx_word' id='word_1_795' title='bbox 2554 5518 2891 5580; x_wconf 84' lang='lat' dir='ltr'><strong>corrumpunt</strong></span> <span class='ocrx_word' id='word_1_796' title='bbox 2938 5520 3332 5565; x_wconf 87' lang='lat' dir='ltr'><strong>sacramentum.</strong></span> <span class='ocrx_word' id='word_1_797' title='bbox 3391 5512 3503 5568; x_wconf 84' lang='lat' dir='ltr'><strong>Imo</strong></span> 
     </span>
    </p>
   </div>
   <div class='ocr_carea' id='block_1_102' title="bbox 1906 5600 3503 5671">
    <p class='ocr_par' dir='ltr' id='par_1_102' title="bbox 1906 5600 3503 5671">
     <span class='ocr_line' id='line_1_102' title="bbox 1906 5600 3503 5671; baseline 0.003 -14"><span class='ocrx_word' id='word_1_798' title='bbox 1906 5618 2055 5657; x_wconf 90' lang='lat' dir='ltr'><strong>num.</strong></span> <span class='ocrx_word' id='word_1_799' title='bbox 2085 5600 2178 5664; x_wconf 70' lang='grc'><strong>54,</strong></span> <span class='ocrx_word' id='word_1_800' title='bbox 2199 5606 2365 5656; x_wconf 80' lang='lat' dir='ltr'><strong>totius</strong></span> <span class='ocrx_word' id='word_1_801' title='bbox 2386 5602 2571 5671; x_wconf 90' lang='lat' dir='ltr'><strong>operis</strong></span> <span class='ocrx_word' id='word_1_802' title='bbox 2597 5602 2679 5655; x_wconf 91' lang='lat' dir='ltr'><strong>sui</strong></span> <span class='ocrx_word' id='word_1_803' title='bbox 2703 5601 2937 5657; x_wconf 83' lang='lat' dir='ltr'><strong>studium</strong></span> <span class='ocrx_word' id='word_1_804' title='bbox 2958 5604 3013 5657; x_wconf 90' lang='lat' dir='ltr'><strong>in</strong></span> <span class='ocrx_word' id='word_1_805' title='bbox 3042 5603 3366 5661; x_wconf 83' lang='lat' dir='ltr'><strong>insinuanda</strong></span> <span class='ocrx_word' id='word_1_806' title='bbox 3392 5623 3503 5661; x_wconf 89' lang='lat' dir='ltr'><strong>ma-</strong></span> 
     </span>
    </p>
   </div>
   <div class='ocr_carea' id='block_1_103' title="bbox 1899 5694 3496 5767">
    <p class='ocr_par' dir='ltr' id='par_1_103' title="bbox 1899 5694 3496 5767">
     <span class='ocr_line' id='line_1_103' title="bbox 1899 5694 3496 5767; baseline 0.002 -17"><span class='ocrx_word' id='word_1_807' title='bbox 1899 5696 2042 5750; x_wconf 75' lang='lat' dir='ltr'><strong>xima</strong></span> <span class='ocrx_word' id='word_1_808' title='bbox 2066 5705 2114 5749; x_wconf 90' lang='lat' dir='ltr'><strong>et</strong></span> <span class='ocrx_word' id='word_1_809' title='bbox 2138 5695 2440 5767; x_wconf 83' lang='lat' dir='ltr'><strong>grauissima</strong></span> <span class='ocrx_word' id='word_1_810' title='bbox 2472 5697 2630 5748; x_wconf 86' lang='lat' dir='ltr'><strong>totius</strong></span> <span class='ocrx_word' id='word_1_811' title='bbox 2661 5694 2783 5763; x_wconf 81' lang='lat' dir='ltr'><strong>ﬁdei</strong></span> <span class='ocrx_word' id='word_1_812' title='bbox 2819 5694 3159 5765; x_wconf 86' lang='lat' dir='ltr'><strong>intelligentia</strong></span> <span class='ocrx_word' id='word_1_813' title='bbox 3189 5698 3496 5766; x_wconf 88' lang='lat' dir='ltr'><strong>ponendum</strong></span> 
     </span>
    </p>
   </div>
   <div class='ocr_carea' id='block_1_104' title="bbox 1905 5786 3505 5861">
    <p class='ocr_par' dir='ltr' id='par_1_104' title="bbox 1905 5786 3505 5861">
     <span class='ocr_line' id='line_1_104' title="bbox 1905 5786 3505 5861; baseline 0.001 -15"><span class='ocrx_word' id='word_1_814' title='bbox 1905 5803 2030 5846; x_wconf 85' lang='lat' dir='ltr'><strong>esse</strong></span> <span class='ocrx_word' id='word_1_815' title='bbox 2052 5789 2308 5845; x_wconf 83' lang='lat' dir='ltr'><strong>declarat.</strong></span> <span class='ocrx_word' id='word_1_816' title='bbox 2333 5786 2489 5846; x_wconf 88' lang='lat' dir='ltr'><strong>Unde</strong></span> <span class='ocrx_word' id='word_1_817' title='bbox 2509 5789 2602 5845; x_wconf 88' lang='lat' dir='ltr'><strong>lib.</strong></span> <span class='ocrx_word' id='word_1_818' title='bbox 2635 5803 2692 5857; x_wconf 76' lang='grc' dir='ltr'><strong>ι,</strong></span> <span class='ocrx_word' id='word_1_819' title='bbox 2716 5788 2935 5855; x_wconf 84' lang='lat' dir='ltr'><strong>nuru.5,</strong></span> <span class='ocrx_word' id='word_1_820' title='bbox 2956 5791 3109 5846; x_wconf 88' lang='lat' dir='ltr'><strong>totius</strong></span> <span class='ocrx_word' id='word_1_821' title='bbox 3135 5791 3257 5861; x_wconf 89' lang='lat' dir='ltr'><strong>ﬁdei</strong></span> <span class='ocrx_word' id='word_1_822' title='bbox 3271 5791 3505 5848; x_wconf 83' lang='lat' dir='ltr'><strong>demons-</strong></span> 
     </span>
    </p>
   </div>
   <div class='ocr_carea' id='block_1_105' title="bbox 2906 5883 2939 5962">
    <p class='ocr_par' dir='ltr' id='par_1_105' title="bbox 2906 5883 2939 5962">
     <span class='ocr_line' id='line_1_105' title="bbox 2906 5883 2939 5962; baseline 0 0"><span class='ocrx_word' id='word_1_823' title='bbox 2906 5883 2939 5962; x_wconf 81' lang='lat'><strong>.1</strong></span> 
     </span>
    </p>
   </div>
  </div>
