3960 6202
495 270 561 337 il
1678 264 1749 332 ΙΝ
1786 267 2032 333 LIBROS
2070 268 2158 328 DE
2197 266 2572 329 TRINI’I‘A’I‘E
3726 264 3799 326 l2

494 395 767 451 irationem
807 400 983 463 vocat,
1013 391 1272 467 quidquid
1319 406 1387 450 eo
1426 406 1602 465 usque
1641 392 1919 448 disseruit.
1950 390 2091 458 Quid
2120 390 2171 451 A
2198 389 2290 444 bus
2313 405 2491 444 eorum
2515 386 2726 460 agnitis,
2750 384 2878 459 legis
2901 392 2949 441 et
2974 385 3343 458 prophetarum
3370 391 3525 459 atque
3541 388 3797 459 evangeli-

493 503 627 544 vero
657 488 760 543 sibi
782 487 915 544 velit
940 486 1245 561 evangelica:
1270 486 1390 560 ﬁdei
1417 495 1812 549 sacramentum,
1852 499 1973 555 cap.
2024 484 2091 539 15

495 581 551 636 in
591 580 806 648 Matth.,
838 596 892 636 n.
925 580 979 646 6,
1017 578 1256 650 explicat
1285 578 1368 633 his
1411 577 1623 633 verbis:
1654 576 1980 646 Quamquam
2023 575 2091 628 ad

492 674 616 744 ﬁdei
643 680 1042 735 sacramentum,
1075 670 1130 725 id
1161 681 1257 738 est,
1297 670 1366 725 ad
1394 669 1570 725 Patris
1597 679 1646 724 et
1689 667 1820 723 Filii
1849 677 1894 723 et
1917 666 2091 740 Spiri-

500 775 582 821 tus
620 766 783 821 sancti
820 765 1092 831 unitatem,
1122 771 1228 819 etc.
1261 762 1352 817 ubi
1383 761 1506 832 ﬁdei
1533 768 1909 819 sacramentum
1948 757 2089 817 idem

491 858 595 914 sibi
620 872 740 912 esse
764 855 1050 927 significet,
1097 853 1240 926 quod
1267 854 1533 909 Trinitatis
1570 853 1887 924 mysterium.
1926 850 2090 906 Mitti.

501 963 621 1004 mus
648 949 868 1003 interim
917 947 1192 1018 singulare
1244 946 1299 1000 in
1328 946 1394 1001 iis
1434 944 1584 1000 libris
1617 944 1798 1001 haberi
1831 942 2088 1014 pralroci-

492 1041 640 1097 nium
672 1039 818 1097 fidei.
850 1039 928 1097 Eo
960 1053 1195 1110 namque
1233 1038 1415 1097 Statim
1463 1036 1779 1111 perducitur
1819 1035 1954 1093 liber
1981 1034 2091 1104 pri-

490 1150 634 1203 mus,
667 1143 724 1190 ut
748 1134 800 1188 in
829 1133 919 1189 Dei
946 1133 1110 1201 rebus
1131 1147 1237 1189 non
1271 1131 1507 1187 humano
1531 1130 1735 1196 sensui,
1758 1127 1854 1185 sed
1886 1127 1980 1184 Dei
2009 1128 2092 1198 ip-

489 1231 604 1285 sius
634 1228 702 1285 de
731 1242 794 1284 se
817 1227 1141 1285 testimoniis
1185 1225 1516 1287 credendum
1543 1240 1664 1282 esse
1694 1224 1921 1296 quisque
1970 1238 2091 1294 per-

492 1323 805 1381 suadeatur.
856 1321 991 1379 Tum
1015 1322 1151 1379 liber
1177 1322 1368 1379 tertius
1398 1320 1524 1377 inid
1546 1335 1711 1379 unum
1736 1320 1833 1375 niti
1856 1318 2087 1384 videtur,

488 1428 548 1477 ut
584 1418 652 1475 ad
700 1417 991 1489 capiendas
1034 1431 1124 1472 res
1173 1414 1383 1472 divinas
1437 1414 1714 1471 hominem
1760 1410 2090 1469 inﬁrmitatis

486 1527 600 1569 sua:
639 1511 944 1572 convincat.
973 1508 1275 1579 doceatque
1304 1506 1515 1563 nullum
1539 1506 1588 1562 ei
1613 1520 1734 1562 esse
1763 1504 1865 1559 nisi
1898 1504 1954 1561 in
1985 1502 2093 1561 ﬁde

484 1604 818 1679 praesidium.
834 1602 988 1673 Quod
1011 1601 1227 1675 quidem
1256 1616 1467 1657 rursum
1490 1613 1708 1672 quarto,
1728 1597 1936 1671 quinto,
1952 1596 2090 1653 aliis-

482 1696 754 1768 quelibris
780 1707 1148 1767 saepenumero
1176 1692 1500 1751 inculcatur.

2194 498 2370 536 corum
2433 480 2835 539 testimoniorum
2886 479 3300 549 responsionibus
3345 495 3524 534 eorum
3557 494 3796 533 uesanam

2194 575 2485 630 doctrinam
2520 573 2826 640 destrueret,
2851 580 2899 626 et
2945 573 3100 642 ﬁdem
3146 572 3395 628 Ecclesia:
3418 573 3621 643 ﬁrmius
3646 572 3797 627 robo-

2256 685 2352 720 ret.

2256 685 2279 719 r
2339 707 2352 720 .

2192 683 2251 721 ra
2421 756 2491 815 Ut
2518 758 2769 829 efﬁcacius
2799 757 3159 827 confutentur,
3207 756 3365 811 simul
3406 755 3662 829 refellitur
3693 755 3796 811 Sa-

2193 851 2396 905 bellius.
2430 881 2501 891 —
2529 851 2643 906 Non
2676 850 2876 906 minori
2919 849 3137 922 quidem
3183 859 3380 906 conatu
3408 850 3669 906 adversus
3697 849 3798 906 Sa-

2191 941 2355 1004 bellli.
2391 958 2552 1013 quam
2596 942 2856 998 adversus
2904 942 3018 998 Arii
3059 950 3367 999 commenta
3412 942 3624 999 videtur
3663 958 3798 998 con-

2194 1035 2419 1097 tendere
2448 1053 2461 1090 :
2492 1035 2589 1097 sed
2616 1035 2722 1095 hoe
2748 1044 2953 1095 tantum
2981 1037 3114 1107 agit,
3164 1045 3223 1093 ut
3249 1035 3480 1092 Arianos
3521 1034 3798 1091 efﬁcacius

2191 1130 2446 1201 cenfigat,
2473 1146 2630 1202 quos,
2664 1137 2722 1187 ut
2748 1132 2864 1202 ipse
2889 1138 3042 1187 notat
3078 1131 3170 1187 lib.
3202 1148 3256 1199 χ,
3287 1146 3439 1187 num.
3479 1132 3534 1200 Β,
3566 1130 3799 1186 validis-

2191 1225 2345 1280 simis
2371 1224 2496 1281 licet
2541 1225 2811 1280 rationum
2840 1226 3131 1280 momentis
3158 1236 3444 1281 conterere
3473 1222 3672 1280 frustra
3700 1240 3798 1279 co-

2192 1327 2432 1385 naretur,
2486 1333 2645 1389 quam
2671 1318 2762 1374 diu
2791 1319 2845 1373 in
2894 1334 2954 1374 se
2978 1318 3061 1374 vel
3102 1318 3431 1375 levissimam
3459 1320 3798 1390 relinqueret

2190 1410 2514 1468 Sabellianm
2559 1413 2696 1470 labis
2720 1412 3107 1484 suspicionem.
3159 1413 3269 1469 Sub
3294 1415 3504 1484 specula
3526 1416 3684 1481 enim,
3715 1416 3801 1470 in-

2191 1505 2327 1578 quit,
2357 1508 2585 1561 omnium
2627 1504 2982 1563 hereticorum
3033 1506 3103 1561 ad
3145 1509 3440 1563 occasiones
3466 1509 3801 1580 singulorum

2190 1597 2455 1654 verborum
2478 1600 2532 1654 in
2561 1615 2619 1654 os
2641 1617 2810 1655 meum
2834 1600 3168 1672 pendentium
3189 1602 3389 1673 loquor.
3420 1603 3527 1660 Sed
3555 1601 3801 1673 penden-

2196 1693 2341 1750 tibus
2370 1694 2499 1750 licet
2524 1694 2596 1750 ita
2641 1709 2857 1752 omnem
2884 1696 2953 1751 de
3001 1710 3062 1752 se
3109 1696 3429 1753 detrahendi
3454 1698 3799 1754 occasionem

560 1787 624 1843 V.
654 1786 922 1854 Quomodo
943 1786 1045 1843 sint
1071 1797 1253 1843 contra
1277 1801 1449 1843 omnes
1477 1787 1713 1843 litarem.
1732 1813 1805 1827 -
1824 1783 1959 1841 Hinc
1984 1798 2092 1841 non
2119 1776 2168 1839 B
2196 1804 2256 1846 se
2281 1788 2566 1845 sustulisse
2592 1789 2837 1858 conlidit,
2890 1801 2946 1846 ut
2972 1791 3069 1846 lib.
3101 1807 3157 1858 ι,
3208 1807 3264 1847 n.
3294 1793 3350 1859 ὅ,
3381 1792 3563 1848 dicere
3588 1807 3695 1847 non
3724 1792 3802 1847 ti-

486 1880 758 1939 immerito
796 1889 976 1936 contra
1006 1896 1181 1935 omnes
1214 1879 1433 1937 haereses
1470 1877 1597 1933 dicti
1635 1876 1857 1944 fuerint,
1890 1877 1948 1932 in
1968 1877 2088 1948 qui-

434 1962 437 1965 ’
483 1972 588 2029 bus
635 1985 742 2027 non
775 1970 937 2029 modo
982 1972 1219 2031 omnium
1264 1970 1561 2042 generatim
1611 1968 1894 2027 hanreseou
1924 1978 2088 2039 caput

485 2081 551 2124 ac
599 2064 962 2143 principium,
1018 2078 1128 2137 quo
1156 2063 1351 2135 cuique
1395 2062 1558 2119 fidem
1604 2062 1744 2119 intra
1781 2077 1972 2118 sensus
2001 2060 2088 2117 sui

482 2161 619 2215 fines
643 2158 991 2225 concludere,
1023 2165 1079 2213 et
1103 2156 1171 2213 ad
1196 2158 1391 2228 placita
1409 2156 1623 2228 propria
1651 2155 1962 2226 Scripturas
1991 2153 2089 2213 de-

488 2260 742 2323 torquere
771 2251 1110 2322 permittunt,
1157 2249 1354 2320 passim
1383 2247 1695 2319 profligatur
1724 2258 1883 2318 atque
1905 2257 2089 2305 retun-

483 2346 662 2410 ditur;
690 2342 784 2399 sed
806 2352 860 2398 et
888 2341 1027 2409 Arii,
1058 2341 1296 2407 Photini,
1328 2350 1682 2413 veterumque
1705 2341 2086 2399 hazreticorum

487 2438 765 2505 chionis,
803 2436 1091 2505 Valentini,
1117 2435 1414 2503 Manichzei,
1440 2435 1706 2503 Hieracm,
1733 2434 1952 2491 Sabellii
1974 2433 2087 2504 jam

490 2541 604 2589 tum
644 2537 950 2603 prepagatre
977 2528 1327 2585 confutantur
1362 2529 1746 2600 blasphemiae;
1788 2528 1897 2584 imo
1925 2528 2089 2585 etiam

487 2633 891 2697 prmvertuntur
902 2610 1138 2680 nondum
1155 2624 1401 2681 excitatae
1413 2623 1752 2695 Apollinarii,
1767 2621 2085 2688 Macedonii.

482 2717 735 2782 Nestorii,
770 2716 1106 2790 Eutychetis,
1138 2716 1717 2782 Sacramentariorum,
1778 2727 1883 2775 etc.
1930 2714 2089 2771 Dein-

484 2813 552 2870 de
577 2828 699 2869 cum
727 2812 1055 2873 Athanasius
1082 2812 1241 2882 epist.
1259 2812 1327 2867 ad
1357 2810 1660 2879 Epictetum
1692 2809 1971 2880 Synodnm
1994 2806 2091 2865 Nic

479 2919 683 2963 ctenam
715 2913 873 2961 vocet
892 2912 1141 2981 τροπαῖον
1171 2897 1337 2959 οὖσαν
1356 2905 1532 2963 πάσης
1557 2901 1823 2978 αἱρέσεως,
1856 2914 2089 2971 cumque

492 2998 653 3069 hujus
694 2997 897 3070 Synodi
942 2996 1260 3069 Symbolum
1308 3005 1491 3051 contra
1528 3012 1703 3051 omnes
1738 2996 1956 3051 hereses
2004 2994 2088 3050 in-

488 3093 750 3162 scriptum
782 3093 835 3149 in
887 3090 1164 3146 veteribus
1205 3089 1607 3159 exemplaribus
1641 3090 1823 3161 legere
1866 3089 1969 3154 sit;
1993 3103 2087 3149 eoo

2190 1893 2375 1938 meat:
2424 1880 2565 1937 Nam
2608 1899 2808 1954 quoque
2852 1900 2990 1938 nunc
3035 1885 3315 1940 secundum
3363 1885 3528 1941 sancti
3568 1884 3805 1960 Spiritus

2190 1978 2381 2032 donum
2407 1977 2794 2045 temperavimus
2820 1978 2975 2033 totius
3019 1979 3142 2047 ﬁdei
3164 1978 3688 2045 demonstrationem,
3739 1984 3805 2033 ut

2190 2084 2253 2123 ue
2302 2068 2428 2140 quid
2452 2069 2684 2124 ementiri
2709 2069 2893 2125 saltem
2935 2070 3208 2126 adversum
3257 2087 3353 2127 nos
3384 2072 3619 2129 criminis
3672 2087 3803 2143 pos-

2189 2169 2321 2214 88m.

2263 2252 2400 2309 Vlll.
2441 2252 2587 2309 Libri
2608 2255 2789 2326 scripti
2835 2265 3013 2311 contra
3039 2255 3293 2324 Arianae,
3325 2272 3535 2315 comes.
3563 2260 3803 2317 ARIANOS

2190 2362 2294 2401 non
2318 2357 2436 2402 sunt
2457 2348 2710 2417 inscripti.
2740 2378 2813 2391 --
2836 2348 3098 2417 Quamvis
3123 2357 3301 2406 autem
3328 2360 3498 2406 totum
3527 2352 3630 2408 hoc
3660 2367 3804 2422 opus

2192 2448 2380 2495 contra
2405 2439 2638 2496 Arianos
2661 2440 2925 2510 scriptum
2956 2442 3103 2498 ultro
3130 2443 3517 2511 concedamus,
3546 2458 3692 2517 aegre
3716 2454 3805 2500 ta-

2191 2546 2318 2589 men
2342 2531 2594 2590 dabimus
2641 2534 2963 2605 inseriptum
2988 2544 3169 2592 contra
3195 2537 3437 2593 Arianos.
3466 2538 3599 2607 Quis
3645 2541 3802 2595 enim

2192 2623 2379 2680 credat
2407 2625 2687 2688 Hilarium.
2716 2627 2805 2696 qui
2833 2627 2903 2682 ab
2926 2627 3143 2683 Arianis
3167 2644 3235 2684 ex
3263 2629 3479 2686 neruine
3503 2630 3802 2702 designan-

2191 2717 2274 2772 dis
2289 2717 2359 2774 de
2384 2718 2644 2773 induttria
2671 2719 2924 2785 abstinet,
2953 2720 3083 2776 illud
3110 2723 3160 2775 in
3192 2721 3307 2792 ipsa
3334 2723 3594 2779 librorum
3619 2723 3807 2781 fronte

2190 2808 2566 2881 inscripsisse?
2596 2811 2698 2867 Vix
2716 2814 2859 2867 enim
2883 2812 2966 2869 bis
2986 2813 3124 2881 Arii,
3145 2816 3311 2870 semel
3341 2815 3804 2874 Ariomanitarum

2192 2904 2514 2959 vocabulum
2563 2904 2658 2959 lib.
2692 2921 2764 2968 \‘l,
2795 2921 2862 2961 ex
2912 2905 3082 2976 ipsius
3132 2907 3344 2963 calamo
3389 2908 3590 2964 excidit
3622 2926 3636 2964 :
3663 2908 3805 2966 alias

2194 3014 2327 3053 vero
2377 3014 2598 3070 prorsus
2625 2999 2798 3070 parcit
2820 3010 2983 3058 sectae
3032 3003 3255 3057 nomini.
3289 3003 3414 3059 flare
3461 3003 3623 3058 modo
3650 3001 3802 3076 (Lib.

2192 3106 2288 3157 vn,
2321 3108 2377 3148 n.
2425 3093 2488 3165 '5)
2531 3108 2663 3148 noua
2706 3094 2936 3161 Iswresis,
2989 3096 3150 3152 modo
3195 3094 3359 3167 (Ibid.
3390 3112 3447 3152 n.
3485 3095 3546 3166 6)
3595 3096 3807 3152 novella

487 3185 611 3243 dem
641 3199 809 3254 prope
836 3183 960 3253 jure
990 3182 1046 3238 hi
1087 3182 1208 3238 fidei
1240 3181 1485 3251 ejusdem
1536 3181 1781 3238 vindices
1808 3182 1930 3237 libri
1963 3181 2092 3236 titu-
2122 3171 2170 3237 C
2201 3200 2335 3239 nunc
2358 3183 2592 3255 Iliensis,
2643 3204 2785 3245 nunc
2817 3187 2954 3262 (Lib.
3009 3205 3107 3257 ιιι,
3145 3206 3199 3244 n.
3229 3189 3321 3262 i7)
3366 3190 3531 3245 nostri
3553 3192 3808 3261 temporis

481 3278 537 3335 lo
564 3275 755 3333 eodem
786 3273 1035 3345 insigniri
1062 3282 1405 3330 memorant.

554 3369 648 3429 Vl.
689 3365 759 3425 In
784 3368 1008 3425 Arianos
1047 3364 1373 3439 potissimum
1419 3368 1602 3423 intenti
1633 3375 1774 3424 sunt.
1795 3394 1867 3411 -η
1894 3365 2090 3421 Faten-

484 3464 613 3520 dum
666 3471 844 3519 tamen
890 3469 975 3516 est
1019 3477 1115 3519 eos
1170 3463 1512 3531 potissimum
1577 3472 1769 3517 contra
1828 3462 2087 3517 Arianam

483 3563 687 3612 sectam
738 3553 904 3615 fuisse
930 3553 1291 3623 conscriptos.
1313 3554 1616 3610 Consilium
1648 3569 1804 3609 suum
1851 3553 2090 3609 declarat

486 3645 722 3702 Hilarius
756 3648 873 3718 ipse
910 3648 1004 3703 lib.
1037 3663 1076 3711 t,
1122 3663 1271 3704 num.
1310 3647 1400 3715 i7,
1433 3647 1525 3703 ubi
1553 3648 1622 3705 de
1670 3647 1908 3713 Arianis,
1953 3661 2089 3717 quo-

487 3756 604 3796 rum
644 3741 848 3795 nomini
890 3754 1115 3810 parcere
1154 3740 1331 3805 solet,
1369 3755 1624 3797 sermone
1682 3741 1866 3795 habito
1902 3742 2085 3795 statim

485 3831 737 3903 subjicit:
762 3829 971 3885 Horum
990 3832 1148 3901 igitur
1169 3831 1337 3903 furori
1362 3833 1671 3904 respondere
1710 3834 1912 3889 artiums
1937 3848 2087 3886 exar-

488 3926 576 3982 sit.
610 3925 796 3995 Neque
816 3923 953 3981 illud
983 3924 1103 3982 libri
1125 3926 1343 3995 septimi
1367 3926 1671 3993 exordium,
1705 3926 1972 3996 Septimus
2000 3924 2087 3981 hic

494 4016 639 4071 nobis
666 4016 940 4071 adversum
985 4032 1129 4072 novre
1157 4016 1406 4075 luereseos
1454 4034 1694 4074 uesanam
1748 4018 2086 4073 temeritatem

485 4112 611 4166 liber
640 4110 901 4175 scribitur,
932 4110 1073 4165 aliud
1100 4110 1203 4167 sibi
1231 4111 1363 4178 vult,
1397 4113 1498 4168 nisi
1528 4121 1585 4169 ut
1612 4112 1812 4168 indicet
1841 4113 1893 4167 in
1920 4127 2084 4168 unam

486 4203 746 4261 Arianam
791 4201 1043 4261 hiBI‘GSllll
1071 4202 1333 4263 hactenus
1372 4203 1704 4274 disputatum
1732 4218 1883 4282 (esse.
1910 4205 1990 4260 Ac
2012 4218 2083 4259 ue

478 4294 768 4366 superfluis
818 4294 1228 4366 probationibus
1271 4296 1472 4353 diutius
1511 4297 1886 4363 immorentur,
1932 4295 2084 4351 suffi-

484 4390 594 4445 ciat
615 4388 747 4445 illud
767 4388 862 4444 lib.
887 4404 944 4455 χ,
975 4402 1123 4445 num.
1156 4388 1212 4454 8,
1253 4388 1344 4447 ubi
1370 4390 1601 4446 llilarius
1626 4391 1693 4447 ad
1721 4390 1885 4446 finem
1916 4389 2078 4459 hujus

483 4483 666 4554 operis
693 4481 812 4539 licet
835 4497 1089 4553 vergens,
1119 4498 1242 4538 cum
1270 4483 1390 4540 unis
1424 4495 1602 4541 tamen
1633 4486 1934 4556 iisdemque
1963 4487 2080 4543 hat-

2192 3277 2471 3348 inﬁdelitas
2494 3281 2821 3351 appellatur.
2873 3280 3045 3351 Hujus
3076 3296 3208 3337 vero
3254 3290 3505 3339 auctores
3543 3283 3809 3340 similiter

2192 3371 2353 3427 tectis
2378 3371 2560 3427 verbis
2589 3372 2811 3429 vocitari
2837 3374 3046 3439 audias,
3075 3384 3171 3429 aut
3196 3391 3299 3429 non
3325 3377 3429 3430 ueri
3482 3375 3582 3431 Dei
3605 3376 3809 3447 prwdi-

2193 3477 2411 3531 calores.
2435 3477 2529 3523 aut
2558 3467 2695 3542 (Lib.
2725 3486 2782 3536 ll,
2811 3487 2865 3524 η.
2890 3470 2948 3540 4)
2974 3471 3173 3539 aliquos
3198 3488 3334 3526 nunc
3354 3471 3510 3546 hujus
3556 3476 3811 3541 temporis

2192 3558 2575 3629 prtedicmores,
2609 3571 2702 3616 aut
2731 3560 2868 3630 (Lib.
2900 3577 2995 3630 vn,
3023 3580 3075 3616 η.
3105 3562 3166 3633 6)
3198 3575 3487 3633 prtesentes
3501 3563 3803 3635 hereticos,

2190 3663 2284 3708 aut
2307 3654 2559 3727 (Ibidem)
2576 3656 2878 3711 dissimilem
2900 3655 3050 3710 Patri
3074 3655 3270 3711 Filium
3310 3658 3666 3727 praedicantes,
3704 3669 3805 3717 aut

2191 3744 2328 3819 (Lib.
2361 3763 2437 3813 χι,
2465 3764 2519 3802 n.
2548 3748 2607 3821 4)
2652 3749 2769 3803 novi
2817 3746 3011 3803 Christi
3059 3750 3454 3820 praedicatores,
3492 3751 3576 3807 vel
3626 3751 3800 3808 etiam

2192 3836 2332 3911 (Lib.
2390 3856 2447 3904 ι,
2503 3857 2559 3895 n.
2611 3840 2711 3913 26)
2759 3849 3009 3897 creatura:
3069 3842 3469 3914 praedicatores;
3529 3858 3803 3915 nusquam

2188 3933 2429 3989 Arianae.

2260 4027 2351 4083 IX.
2398 4027 2636 4085 Hilarius
2660 4032 3062 4087 moderationem
3084 4047 3232 4087 suam
3257 4029 3339 4086 Itis
3363 4031 3508 4087 libris
3531 4031 3800 4104 patefecit.

2188 4153 2260 4165 —-
2285 4120 2438 4178 Sient
2481 4138 2604 4178 eum
2655 4124 2889 4182 solerter
2914 4126 3078 4191 cavit,
3130 4139 3198 4180 ne
3224 4124 3406 4183 favere
3433 4124 3676 4182 Sabellio
3707 4127 3798 4182 vi-

2186 4215 2429 4283 deretur,
2449 4218 2722 4289 egregium
2750 4218 2900 4274 dedit
2925 4217 3225 4289 prudentire
3246 4218 3557 4289 spectarem
3593 4219 3663 4273 ite
3694 4219 3802 4276 hac

2186 4310 2376 4381 agendi
2408 4310 2617 4368 ratione
2668 4310 2995 4382 singularem
3046 4310 3488 4382 patefecltaoimi
3537 4311 3798 4367 modera-

2188 4405 2409 4459 tionem.
2439 4403 2611 4472 Quam
2661 4405 2876 4475 quidem
2918 4406 3079 4476 longe
3120 4404 3320 4460 clarius
3368 4412 3615 4460 testatam
3642 4403 3796 4473 facit,

2184 4511 2309 4552 cum
2343 4497 2469 4552 totis
2517 4496 2623 4552 illis
2652 4497 2805 4551 libris
2843 4513 3061 4567 pravam
3111 4496 3434 4553 Arianorum
3485 4495 3799 4552 doctrinam

484 4575 685 4642 reticis,
712 4589 939 4644 quorum
966 4574 1284 4631 stnllissimis
1339 4576 1738 4646 ρνοΐεεδὶοηδθυε
1769 4578 1875 4633 huc
1904 4595 2077 4650 usque
2102 4563 2157 4627 θ
2185 4591 2499 4646 convellere
2522 4563 2905 4656 eontentus,in
2931 4591 3132 4645 nullmn
3160 4590 3476 4645 nominatim
3496 4588 3791 4646 invehitur.

478 4667 840 4738 responderit.
865 4682 987 4727 sese
1011 4681 1125 4723 rem
1148 4665 1399 4725 habuisse
1424 4668 1760 4725 testificatur.
1789 4671 1905 4726 Non
1928 4673 2075 4728 enim

481 4764 770 4819 obscurum
801 4770 886 4818 est
942 4776 1077 4830 quas
1106 4771 1262 4817 vocet
1305 4762 1654 4818 stultissintas
1684 4763 2071 4834 professiones,

477 4868 597 4911 cmn
618 4854 733 4910 Arii
760 4868 823 4911 ac
850 4852 1125 4907 sociorum
1145 4852 1262 4921 ejus
1285 4854 1571 4923 epistolam
1599 4855 1667 4911 ad
1698 4857 2071 4913 Alexandrum

475 4949 719 5013 missam,
749 4949 800 5003 in
830 4964 932 5018 qua
963 4947 1241 5019 perfidiam
1275 4963 1425 5003 suam
1466 4951 1869 5021 consignarant,
1921 4953 2072 5009 libris

473 5051 663 5108 quarto
688 5051 740 5096 et
771 5051 924 5096 sexto
953 5050 1116 5096 totam
1151 5040 1443 5109 describat,
1490 5053 1545 5097 et
1583 5043 1636 5097 in
1665 5060 1726 5099 ea
1768 5046 2064 5102 refellenda

472 5141 582 5187 tum
616 5133 669 5187 in
698 5132 884 5187 iisdem
916 5133 1065 5189 libris
1115 5140 1227 5188 tum
1255 5134 1310 5189 in
1343 5136 1695 5205 sequentibus
1719 5146 1863 5194 totus
1900 5154 2065 5195 occu-

470 5233 647 5291 petur.
691 5224 807 5288 Quo
847 5232 1053 5291 spectat
1084 5224 1171 5279 illa
1194 5224 1336 5281 tituli
1365 5242 1508 5297 pars,
1539 5245 1699 5298 quam
1730 5246 1840 5300 prae
1873 5247 1932 5287 se
1959 5232 2068 5288 fert

460 5318 737 5384 eretnplar
782 5315 1208 5374 Vindocinense:
1258 5317 1328 5373 In
1370 5320 1465 5374 hoc
1517 5324 1693 5378 codice
1741 5322 1807 5379 Β.
1856 5324 2063 5381 Hilarii

459 5418 666 5477 quartus
693 5406 746 5460 in
771 5405 949 5460 ordine
964 5406 1092 5460 liber
1115 5410 1528 5479 manifestissime
1543 5413 1902 5470 hereticorum
1924 5436 2060 5489 pan-

456 5499 528 5551 dit
551 5497 791 5567 fallacem
822 5496 1129 5551 doctrinam.
1161 5496 1312 5555 Idem
1337 5502 1505 5569 ipsam
1534 5505 1679 5559 illam
1706 5508 1938 5576 perﬁdiae
1965 5526 2056 5563 eo-

453 5606 568 5643 rum
629 5589 1014 5661 expositionem,
1051 5590 1232 5659 quibus
1281 5590 1529 5650 Ecclesia:
1560 5597 1714 5655 fidem
1762 5599 2059 5654 nitebantur

447 5681 724 5751 inﬁrmari,
749 5695 812 5735 ea:
833 5697 1010 5736 eorum
1041 5683 1184 5739 libris
1210 5682 1435 5741 delatam
1480 5688 1727 5757 praefatus
1766 5689 1964 5745 Doctor
1992 5694 2053 5747 in

2190 4682 2405 4738 Alicubi
2434 4684 2580 4737 enim
2611 4681 2799 4737 audies
2826 4682 2967 4736 mala
2995 4682 3310 4747 deﬂentem,
3335 4682 3531 4751 quibus
3555 4692 3664 4735 tum
3691 4681 3799 4736 mi-

2186 4791 2314 4832 sere
2343 4791 2439 4846 per
2463 4790 2559 4831 eos
2609 4774 2969 4831 afﬂictabatur
3000 4774 3241 4830 Ecclesia
3273 4794 3288 4830 :
3317 4785 3372 4829 at
3399 4775 3482 4830 vel
3512 4774 3668 4828 unius
3693 4787 3801 4829 eo-

2186 4886 2331 4934 rum,
2363 4885 2458 4940 per
2504 4884 2641 4939 quos
2690 4869 2777 4924 illa
2831 4879 2938 4924 tam
2987 4869 3190 4937 injuste
3214 4869 3537 4939 patiebatur,
3591 4882 3795 4923 nomen

2186 4962 2506 5032 prodentem
2550 4961 2746 5016 frustra
2788 4962 3138 5030 CXSPCCUI'lS.
3176 4961 3358 5017 Semel
3384 4961 3479 5017 lib.
3507 4976 3561 5022 x,
3600 4961 3797 5018 incidit

2184 5055 2395 5109 mentio
2420 5054 2594 5109 exsilii
2644 5054 2725 5108 sui
2762 5070 2777 5119 ;
2807 5052 2901 5109 sed
2935 5052 3143 5122 injuria
3172 5051 3273 5107 sibi
3305 5052 3464 5107 illane
3514 5052 3661 5106 velut
3688 5050 3798 5107 im-

2180 5163 2414 5214 memor,
2446 5146 2636 5217 quau-it
2666 5148 2840 5217 potius
2877 5146 3021 5201 unde
3063 5147 3130 5201 de
3170 5161 3236 5202 eo
3260 5147 3581 5217 gratuletur,
3624 5159 3796 5215 quam

2178 5239 2331 5293 unde
2354 5248 2625 5309 queratur.
2659 5238 2843 5308 Neque
2865 5239 3112 5309 cuiquam
3139 5238 3310 5294 videri
3336 5238 3498 5294 debet
3525 5238 3647 5293 huic
3674 5253 3800 5294 mo-

2177 5331 2485 5387 derationis
2528 5332 2809 5401 proposito
2830 5331 3127 5395 adversari,
3156 5332 3301 5402 quod
3329 5333 3583 5387 Arianam
3614 5331 3798 5388 hatre-

2170 5423 2284 5477 sim
2315 5440 2421 5477 non
2466 5423 2719 5477 novellam
2759 5423 2938 5489 modo,
2989 5423 3083 5479 sed
3111 5436 3160 5479 et
3192 5428 3447 5494 furentem
3472 5434 3528 5481 et
3572 5425 3796 5497 impiam

2176 5515 2432 5585 frequens
2479 5516 2850 5585 cognominet.
2903 5514 3083 5572 Certis
3106 5519 3249 5573 enim
3303 5518 3444 5575 notis
3495 5517 3793 5577 indicanda

2189 5616 2326 5673 erat,
2356 5607 2506 5678 enjus
2533 5623 2729 5663 nomen
2756 5611 3029 5681 proprium
3077 5611 3372 5667 tacebatur.
3403 5610 3572 5682 Vulgo
3600 5619 3790 5669 autem

2168 5698 2431 5767 furentem
2458 5698 2604 5753 illam
2631 5702 3106 5771 eognomluabant,
3136 5717 3258 5758 cum
3289 5701 3489 5758 nefaria
3521 5699 3666 5756 illius
3689 5702 3783 5757 in-

446 5790 537 5829 suo
565 5774 777 5833 inseruit
798 5774 1082 5833 uolumine:
1134 5776 1328 5835 scilicet
1358 5788 1412 5835 ut
1454 5781 1657 5837 callidis
1688 5785 2056 5856 propositioni-
2164 5790 2300 5848 dole
2329 5790 2687 5849 conveniente
2713 5792 2947 5850 nominis
2998 5793 3231 5851 ratione.
3262 5793 3330 5852 Ut
3367 5793 3523 5851 enim
3539 5793 3613 5849 ait
3638 5792 3795 5854 Gre-

2076 5979 2117 5992 ν
