3960 6202
150 317 211 372 r3
1574 311 1965 373 l‘RzEFATlO.
3368 334 3388 388 ι
3412 336 3435 390 ι

144 430 307 502 geritis
328 426 587 484 Nazianz.
608 424 703 485 0r.
735 443 845 496 xxi,
878 443 934 485 n.
981 428 1038 495 3,
1066 428 1256 509 Ἀρεῖος
1285 439 1377 492 τῆς
1397 434 1581 505 μανίας
1610 433 1740 488 ineb-
1765 438 1812 495 Δ
1844 433 1975 490 ritus
2021 435 2192 491 sancti
2245 434 2547 495 divinitate.
2598 436 2695 496 ilic
2741 455 2845 499 non
2892 438 3141 502 videntur
3190 450 3432 511 tacenda.

143 542 322 598 super:
350 536 412 575 ac
439 537 660 576 rursum
689 521 783 578 Or.
814 537 960 585 xxix,
995 539 1049 576 n.
1082 522 1145 589 4,
1178 521 1317 579 banc
1343 533 1543 579 sectam
1576 533 1731 579 vocat

144 626 228 679 τήν
255 615 439 694 ’Δρείου
465 615 634 678 καλῶς
668 616 1034 688 ὀνομασθεῖσαν
1084 619 1291 690 μανίαν,
1326 615 1430 672 hoc
1452 627 1558 683 88!,
1588 634 1620 670 a
1647 618 1733 685 fu-

146 725 251 763 rore
272 719 401 763 recte
425 707 861 779 cognominatam.
902 705 1097 776 Quidni
1141 709 1304 764 etiam
1334 709 1497 778 intpia
1521 724 1551 764 a
1593 719 1729 765 tem-

149 802 504 874 perantedicta
530 803 624 868 sit,
653 818 772 873 qua:
790 817 820 857 a
846 801 1047 859 dilecto
1075 803 1212 858 Filio
1232 804 1445 860 Patrem
1473 805 1735 874 optimum

147 894 447 965 separabat?
484 895 724 965 Denique
757 894 992 950 Hilarius
1019 896 1134 964 ipse
1160 896 1261 951 sibi
1290 897 1542 952 conscius
1567 910 1727 968 quam

150 987 409 1043 moderate
439 987 505 1042 iis
527 985 681 1042 libris
701 1000 766 1041 ac
792 996 907 1041 tcto
934 987 1114 1043 exsilii
1136 989 1216 1044 sui
1251 996 1497 1061 tempgre
1527 1003 1585 1044 se
1610 1002 1735 1060 ges-

152 1081 322 1143 sisset,
353 1078 444 1133 ubi
487 1077 749 1133 adversus
791 1075 1166 1134 Constantium
1211 1080 1482 1137 scribendi
1508 1077 1738 1150 quadam

152 1172 465 1227 necessitate
490 1185 550 1227 se
581 1171 939 1226 constrictum
985 1170 1137 1235 vidit,
1192 1171 1361 1227 libere
1399 1177 1739 1226 contestatus

154 1272 228 1320 est
252 1263 387 1317 nihil
416 1277 445 1317 a
469 1278 531 1319 se
577 1262 836 1321 hactenus
890 1263 943 1317 in
972 1270 1198 1335 tempora
1222 1262 1567 1326 maledictum,
1611 1260 1746 1316 nihil

156 1358 357 1424 iuream,
387 1371 505 1428 qua
529 1365 632 1411 tum
677 1373 731 1410 se
779 1354 971 1412 Christi
1022 1354 1307 1410 Ecclesium
1343 1354 1742 1410 mentiebatur...

157 1452 405 1521 famosum
448 1466 513 1504 ac
540 1450 750 1521 dignum
774 1449 1037 1519 impietate
1079 1449 1313 1520 ipsorum
1360 1447 1627 1519 scripsisse
1652 1454 1744 1501 aut

158 1544 379 1599 locutum
423 1558 531 1597 esse
556 1540 692 1614 (Lib.
719 1545 774 1596 in
798 1539 977 1596 Const.
1010 1556 1154 1596 num.
1184 1537 1265 1612 Ξ).
1300 1539 1414 1596 Non
1442 1541 1601 1610 igitur
1628 1537 1747 1594 sine

148 1651 293 1693 causa
320 1634 716 1691 crediderimus
740 1649 886 1698 eum,
921 1633 1010 1705 qui
1052 1633 1123 1687 ita
1152 1630 1378 1688 alectns
1419 1642 1558 1698 erat,
1593 1630 1745 1687 lucu-

150 1729 414 1786 brationes
443 1741 575 1782 snas
595 1735 776 1781 contra
806 1727 1024 1781 Arianos
1044 1725 1265 1781 minime
1286 1723 1649 1795 inscripsisse.

1839 543 1959 599 qua:
1985 531 2051 585 ad
2078 529 2206 586 dicti
2233 531 2353 587 libri
2382 548 2453 588 ιιι
2500 542 2875 605 argumentum
2918 537 2969 592 in
2999 538 3175 610 primo
3224 541 3434 606 scribit,

1840 637 1901 678 se
1924 622 2174 678 nimirum
2209 624 2428 681 vitiosas
2474 635 2530 681 et
2554 624 2886 699 irreligiosos
2914 629 2982 686 de
3026 630 3229 703 Spiritu
3253 645 3440 691 sancto

1840 711 2254 783 praedicationes
2297 716 2365 771 ad
2394 716 2496 773 hoc
2521 720 2812 789 amovisse,
2844 732 2900 775 ut
2925 722 3145 778 itlresum
3174 735 3325 797 atque
3352 728 3437 781 in-

1842 808 2243 863 contaminatum
2265 814 2617 883 regenerantis
2641 829 2947 873 rntNt't'Arts
2966 832 3338 876 sacramentum
3361 824 3439 878 in-

1842 909 1924 955 tra
1946 901 2298 972 deﬁnitionem
2347 905 2623 962 salutarem
2653 910 2937 979 apostolica
2974 920 3123 983 atque
3150 914 3441 984 evangelica

1844 994 2120 1049 auctoritas
2163 997 2470 1059 contineret:
2516 1015 2677 1066 neque
2710 1001 2824 1071 jam
2876 1019 2966 1072 per
3012 1020 3191 1060 sensus
3232 1005 3446 1062 humani

1844 1085 2145 1142 sententiam
2192 1088 2450 1159 Spiritum
2482 1088 2575 1144 Dei
2601 1091 2734 1146 inter
2781 1103 3039 1150 creaturas
3062 1096 3329 1168 quisquam
3353 1116 3446 1153 au-

1847 1178 1986 1235 deret
2011 1184 2224 1252 referre,
2262 1198 2411 1251 quem
2435 1183 2505 1238 ad
2547 1184 2950 1241 immortalitatis
2978 1189 3162 1262 pignus
3188 1201 3235 1245 et
3275 1192 3343 1246 ad
3368 1193 3447 1245 di-

1847 1271 1980 1325 uina:
2004 1280 2203 1328 natum
2226 1267 2549 1329 consortium'
2572 1291 2889 1334 sumeremus
2911 1277 3048 1351 (Lib.
3079 1295 3115 1345 ι,
3148 1297 3202 1337 η.
3226 1281 3339 1353 56).
3373 1283 3449 1339 lix

1851 1360 1934 1417 Itis
1959 1362 2104 1419 enim
2134 1366 2305 1435 palam
2338 1365 2416 1435 Iit,
2447 1381 2570 1422 eum
2594 1366 2743 1425 hisce
2766 1369 2922 1425 libris
2951 1374 3300 1443 regenerantis
3325 1373 3448 1430 Tri-

1849 1454 2025 1509 nitatis
2055 1466 2430 1513 sacramentum
2472 1458 2767 1516 defendere
2806 1461 3064 1530 voluisse,
3115 1473 3172 1519 ut
3214 1464 3346 1520 nihil
3386 1467 3452 1521 de

1853 1547 2006 1603 totius
2030 1548 2154 1619 ﬁdei
2183 1549 2259 1622 (in
2286 1549 2549 1621 baptismo
2576 1551 2862 1625 susceptzr)
2884 1553 3207 1611 absolutione
3235 1558 3446 1614 deesset.

1925 1636 2040 1694 XII.
2084 1637 2341 1711 Spiritum
2369 1652 2606 1698 sanctum
2650 1641 2819 1699 Deum
2863 1662 2968 1701 non
2993 1647 3251 1703 nominari
3272 1666 3456 1723 perpe-

1854 1749 1965 1788 ram
1992 1742 2133 1789 notat
2148 1732 2413 1791 Erasmus.
2441 1766 2512 1778 ——
2534 1737 2762 1793 Erasmo
2781 1736 2869 1794 hic
2891 1754 2997 1794 non
3024 1754 3342 1797 succensere
3362 1744 3455 1799 vix

210 1821 273 1878 Χ.
314 1819 599 1890 Inscriptio
618 1833 687 1875 oe
710 1819 1006 1875 'l'rumrm
1036 1817 1399 1875 retinenda.—
1418 1819 1590 1872 Minus
1613 1829 1744 1872 αοηο
1781 1834 1830 1895 Β
1857 1824 2208 1890 sustinemus,
2254 1830 2322 1884 de
2365 1828 2527 1885 docto
2573 1828 2804 1899 prtesule
2860 1839 3071 1898 nostro,
3120 1841 3175 1888 et
3220 1832 3455 1905 antiquis

150 1923 244 1971 stat
264 1928 327 1969 sn
362 1929 469 1970 non
499 1912 563 1967 de
603 1913 708 1983 ﬁde
748 1927 841 1968 eas
889 1911 1238 1981 nuncuparit.
1291 1912 1361 1967 At
1410 1907 1748 1978 inscriptionl

150 2007 261 2063 huic
282 2005 555 2079 quamvis,
590 2011 650 2060 ut
689 2005 951 2076 superius
979 2012 1259 2061 ostensum
1293 2012 1408 2069 est,
1461 2002 1631 2058 multa
1666 2000 1749 2056 fa-

154 2108 322 2167 veant,
350 2100 524 2172 iisque
555 2098 781 2155 accedat
805 2098 1110 2168 exeniplum
1140 2095 1438 2160 Ambrosii,
1465 2098 1555 2167 qui
1582 2093 1749 2149 libros

148 2208 177 2248 s
196 2207 254 2248 se
275 2201 462 2247 contra
499 2192 756 2247 Arianam
802 2198 1006 2246 sectam
1033 2190 1269 2260 scriptos
1295 2188 1358 2242 de
1383 2187 1487 2258 fide
1509 2184 1751 2257 compel-

150 2285 295 2350 Issit;
324 2300 453 2342 eum
504 2294 685 2339 tamen
732 2299 839 2339 non
867 2297 996 2338 vera
1038 2283 1131 2349 sit,
1183 2282 1285 2343 nisi
1333 2290 1598 2351 quatenus
1624 2278 1746 2333 lldei

150 2379 357 2434 nomine
434 2376 719 2433 Trinitatis
779 2374 1094 2448 mysterium
1158 2372 1527 2443 signiﬁcatur,
1600 2370 1749 2427 nulla

149 2470 410 2526 succurrit
434 2471 573 2525 ratio
616 2470 747 2524 satis
772 2470 973 2539 gravis,
1027 2476 1086 2522 ut
1111 2468 1391 2537 antiquum
1417 2474 1473 2521 et
1500 2479 1531 2519 a
1564 2464 1748 2518 multis

144 2566 246 2637 jam
259 2566 476 2621 seculis
489 2576 764 2635 receptum
786 2563 852 2618 de
873 2561 1125 2617 Trinitate
1145 2561 1355 2617 titulum
1378 2561 1747 2616 immutemus:

150 2658 265 2714 huic
288 2658 600 2729 praesrtim
649 2655 979 2727 suii’ragante
1008 2654 1329 2721 Fortunato,
1357 2654 1511 2722 cujus
1560 2660 1751 2709 aucto-

148 2750 271 2806 ritas
292 2766 359 2806 eo
388 2749 562 2821 pluris
610 2749 862 2805 omnibus
886 2746 1130 2803 facienda
1156 2790 1169 2810 ,
1203 2761 1312 2817 quo
1342 2747 1633 2817 ipsummet
1659 2744 1750 2799 Hi-

149 2841 257 2897 Issii
278 2841 680 2914 autngrspbnm
704 2841 909 2907 uidisse
939 2840 1135 2912 pOtttit.
1163 2838 1220 2896 Si
1248 2838 1391 2895 enim
1419 2836 1565 2894 illius
1589 2844 1751 2892 actate

152 2935 217 3005 pii
243 2935 496 3007 pnesulis
522 2935 587 2989 ad
612 2934 810 2991 Abram
838 2935 1067 3004 epistola
1094 2932 1322 2987 Pirtavis
1344 2934 1604 2986 tenebatur
1647 2945 1743 3004 pro

151 3043 347 3083 unane
393 3036 717 3093 conseruata,
762 3036 967 3098 quanto
998 3026 1170 3094 magis
1198 3023 1437 3096 iu~ignes
1482 3024 1556 3078 illi
1588 3023 1750 3078 libri?

151 3119 376 3177 Tndunt
409 3120 661 3176 eumdem
699 3119 1027 3174 conﬁrmant
1055 3119 1315 3188 Iiturgicte
1342 3131 1535 3189 preces
1561 3115 1616 3171 in
1645 3131 1747 3170 an-

1856 1918 2103 1975 Patribus
2129 1920 2180 1975 in
2210 1920 2526 1992 praeliutlone
2552 1938 2647 1978 sua
2700 1923 2928 1996 perinde
2954 1928 3295 1996 scriptitantl,
3328 1944 3390 1984 ac
3414 1928 3461 1983 si

1853 2012 2087 2086 Spiritus
2137 2017 2306 2072 sancti
2369 2014 2706 2073 divinitatem
2757 2033 3003 2076 asserere
3050 2018 3451 2079 lormidasscut.

1853 2104 1964 2163 Hos
2016 2107 2230 2179 quidem
2277 2107 2511 2179 Spiritus
2536 2111 2706 2168 sancti
2733 2110 2969 2168 cultores
2997 2109 3145 2178 facit,
3174 2113 3268 2169 sed
3299 2114 3367 2169 ita
3402 2124 3461 2170 ut

1853 2199 2014 2255 simul
2045 2200 2098 2256 in
2127 2201 2366 2257 animum
2400 2202 2613 2258 inducat
2644 2210 2738 2258 aut
2759 2217 2856 2261 eos
2898 2204 3127 2262 coluisse
3152 2221 3312 2278 quem
3343 2222 3456 2262 non

1852 2303 2005 2349 certo
2025 2304 2416 2366 cognoscerent
2445 2298 2632 2366 Deum,
2665 2308 2757 2354 aut
2786 2312 2892 2355 non
2922 2313 3085 2354 ausos
3105 2315 3226 2357 esse
3248 2316 3344 2358 ore
3367 2302 3449 2358 vel

1852 2385 2067 2455 scriptis
2113 2385 2361 2442 conﬁteri
2391 2387 2532 2458 quod
2571 2390 2753 2446 animo
2782 2390 3086 2448 crederent.
3120 2392 3307 2464 Neque
3358 2411 3455 2449 uo-

1856 2491 1939 2532 ναξ
1969 2485 2095 2532 sunt
2123 2477 2331 2534 Erasmi
2379 2480 2621 2550 argutiae.
2656 2480 2840 2554 Longe
2865 2491 2991 2539 ante
3018 2482 3167 2539 illum
3198 2484 3459 2557 Gregorio

1854 2566 2190 2625 Nazianzeno
2236 2580 2370 2625 teste
2415 2572 2509 2627 0r.
2556 2587 2761 2639 xxxvu,
2803 2589 2952 2629 num.
2997 2574 3091 2642 52,
3142 2576 3459 2648 obiecerant

1852 2659 2354 2729 Pneumatomachi,
2389 2675 2649 2733 nusquam
2687 2677 2747 2719 se
2794 2664 2843 2718 in
2889 2666 3183 2737 Scripturis
3213 2668 3455 2737 reperire

1854 2749 1949 2806 Dei
1978 2765 2171 2806 nomen
2217 2751 2441 2822 Spiritui
2488 2763 2678 2809 sancto
2707 2753 3064 2825 adscriptum.
3098 2756 3164 2812 Et
3194 2757 3451 2815 Basiliam

1853 2842 2069 2915 quidem
2094 2843 2277 2898 laudat
2303 2844 2444 2900 idem
2478 2847 2671 2915 praesul
2697 2845 2793 2901 Or.
2824 2863 2921 2912 xx,
2954 2865 3006 2902 η.
3036 2847 3160 2913 100,
3192 2853 3335 2920 quod
3364 2868 3457 2906 eo-

1855 2949 1973 2989 rum
2000 2935 2353 3006 disputatioui
2377 2952 2480 2992 non
2509 2937 2643 2993 nihil
2690 2937 2910 3002 cedens,
2940 2954 3078 3011 quos
3124 2940 3353 3012 benigne
3379 2942 3447 2998 ad

1854 3030 2137 3085 veritatem
2166 3029 2431 3086 reducere
2481 3029 2828 3100 peroptabat,
2860 3029 2913 3085 in
2948 3031 3099 3088 libris
3128 3030 3197 3088 de
3246 3033 3452 3104 Spiritu

1854 3132 2042 3176 sancto
2068 3123 2136 3176 ab
2164 3135 2224 3177 ea
2257 3136 2388 3177 voce
2406 3162 2423 3189 ,
2479 3139 2506 3174 a
2535 3137 2638 3193 qua
2667 3123 3052 3191 abhorrebant,
3081 3139 3181 3195 pro
3209 3134 3457 3198 tempore

152 3215 327 3270 ηυδε.
354 3212 555 3270 llilarii
595 3214 937 3269 solemnitate
965 3212 1391 3284 legiconsuctze,
1415 3225 1538 3282 quae
1556 3211 1751 3266 etiam-
1778 3221 1824 3284 ο
1856 3213 2352 3269 consideratissime
2398 3214 2741 3280 abstinuerit,
2794 3214 2921 3270 dum
2980 3216 3195 3272 interim
3244 3217 3302 3271 in
3340 3219 3459 3274 aliis

153 3322 269 3362 unus
294 3308 350 3363 in
382 3307 604 3362 duobus
626 3305 890 3363 Ecclesiae
917 3306 974 3363 S.
1006 3306 1220 3361 Gatiani
1245 3306 1580 3362 Turanensis
1600 3307 1750 3361 codi—
1854 3305 2055 3360 vocibus
2076 3321 2105 3361 e
2127 3305 2404 3373 Scriptura
2424 3306 2612 3376 petitis,
2638 3307 3038 3379 testimoniisque
3063 3310 3271 3364 minime
3289 3310 3461 3368 dubiis

153 3399 293 3456 ribus
327 3400 402 3455 ab
455 3401 613 3455 annis
641 3398 831 3455 saltem
858 3399 964 3457 800
988 3399 1222 3456 exnratis
1272 3409 1618 3456 asservautur
1646 3417 1661 3454 :
1696 3402 1749 3455 in
1853 3397 2082 3451 eamdem
2106 3398 2207 3451 vim
2231 3396 2554 3465 habentibus,
2588 3399 2984 3470 necessariisque
3023 3403 3338 3472 argumentis
3364 3404 3461 3458 ad-

152 3507 253 3549 usto
275 3492 506 3565 quidem
532 3495 600 3549 ad
632 3492 861 3565 primam
910 3493 1217 3548 novembris
1263 3492 1429 3559 diem,
1480 3492 1534 3547 in
1577 3492 1750 3548 altero
1852 3488 2103 3543 versarios
2130 3487 2204 3541 ita
2229 3486 2618 3557 comprimebat,
2646 3496 2701 3542 ut
2727 3486 2871 3542 nullo
2897 3488 3051 3543 modo
3076 3506 3363 3562 repugnare
3388 3509 3452 3547 ac

151 3593 319 3641 autem
346 3587 419 3641 ιιι
448 3584 714 3641 decimam
765 3583 978 3640 tertiam
1017 3585 1270 3655 januarii.
1322 3583 1414 3641 Sic
1466 3600 1625 3655 porro
1653 3588 1751 3640 ha.
1855 3587 2035 3634 contra
2084 3580 2179 3633 niti
2234 3588 2457 3651 possent.
2540 3578 2688 3634 Alias
2736 3594 2865 3635 vero
2893 3589 3004 3633 tum
3035 3581 3279 3651 privatis,
3332 3597 3454 3639 cum

151 3680 273 3735 bent
298 3698 314 3735 τ
344 3679 515 3744 Dens,
543 3679 631 3747 qui
658 3679 995 3734 venerabilem
1026 3676 1090 3733 B.
1127 3676 1321 3732 Hilarii
1348 3677 1658 3748 confessoris
1680 3678 1754 3732 tul

149 3782 295 3841 atque
317 3773 585 3846 pontiﬁcis
607 3776 932 3844 festiuitatem
979 3773 1271 3828 solemniter
1291 3782 1636 3828 recurrentem
1663 3790 1756 3842 po-

153 3866 273 3934 pulo
300 3877 395 3921 tuo
426 3864 702 3928 dedicaui,
735 3866 884 3936 cujus
913 3863 1088 3937 lingua
1114 3865 1168 3920 in
1195 3865 1382 3921 seculo
1416 3881 1508 3934 pro
1532 3879 1752 3921 sane”:

153 3972 461 4015 rutamﬂs
483 3959 777 4029 aqualitate
803 3958 877 4012 sic
920 3959 1107 4025 tonuit,
1136 3966 1190 4012 ut
1219 3958 1395 4012 mundi
1422 3956 1581 4027 hujus
1608 3959 1756 4028 prin-

154 4052 306 4121 cipem
330 4052 487 4106 miles
512 4059 635 4106 tuus
658 4058 1014 4119 prosterneret,
1049 4059 1155 4106 etc.
1190 4049 1383 4105 Exstat
1407 4050 1597 4106 eadem
1625 4065 1750 4105 ora-

154 4143 224 4199 tio
266 4143 376 4199 kal.
406 4144 668 4199 nos-emit.
720 4144 992 4214 assignato
1020 4144 1072 4198 in
1099 4138 1537 4199 Sacramentario
1584 4143 1746 4215 regia:

158 4235 503 4293 bibliotheca
525 4244 645 4290 not.
675 4235 841 4301 5885,
873 4252 1044 4289 annos
1073 4235 1292 4290 circiter
1317 4234 1425 4290 900
1453 4250 1561 4304 pra:
1599 4250 1659 4290 se
1681 4233 1758 4290 l‘e—

152 4340 317 4398 rente,
338 4331 401 4386 in
420 4345 538 4402 quo
557 4324 874 4402 Symbolum
904 4328 1181 4384 Nicmttutn
1208 4329 1435 4385 iubetur
1460 4330 1579 4385 sine
1604 4329 1758 4385 ntidi-

155 4421 292 4479 tiotte
320 4421 586 4493 Filioque.

216 4513 311 4572 XI.
352 4513 538 4569 Titulo
563 4514 681 4568 huic
702 4514 790 4584 qui
815 4514 942 4569 satis
967 4514 1079 4584 ﬁat.
1108 4544 1177 4555 -—
1198 4513 1362 4571 Certe
1382 4514 1623 4570 Hilarius
1646 4514 1760 4585 ipse

1859 3672 2088 3743 publicis
2142 3672 2485 3727 sermonibus
2512 3671 2769 3741 Spiritum
2799 3681 3043 3726 sanctum
3074 3672 3241 3728 Deum
3277 3672 3462 3732 dicere

1859 3780 2152 3836 nutuquam
2180 3782 2302 3820 eutn
2333 3763 2611 3821 dubitasse
2636 3765 2980 3821 testiﬁcatur.

1932 3861 2070 3917 XIII.
2104 3860 2245 3917 Deus
2272 3862 2335 3916 ab
2359 3862 2583 3926 antiquis
2604 3871 2651 3917 et
2679 3862 2733 3916 in
2759 3860 3046 3932 Scripturis
3074 3861 3467 3935 appellatum“

1860 3955 2099 4027 Longius
2127 3971 2155 4010 a
2188 3972 2354 4026 scopo
2381 3956 2662 4012 aberraret
2688 3956 2887 4022 oratio,
2910 3956 2955 4011 si
2983 3964 3246 4029 quotquot
3273 3973 3340 4015 ex
3369 3975 3472 4015 an»

1862 4049 2024 4119 tiquis
2052 4048 2104 4103 id
2129 4048 2301 4116 ipsum
2325 4058 2694 4114 asseruerunt,
2718 4047 2806 4103 bic
2833 4063 3120 4106 recensere
3141 4049 3463 4121 aggredere-

1864 4157 2005 4197 mur.
2038 4139 2213 4201 linum
2246 4141 2427 4213 itaque
2472 4143 2542 4195 sit
2582 4140 2825 4196 omnium
2869 4142 3041 4197 instar
3083 4142 3215 4198 iilud
3245 4143 3464 4201 Tertul-

1862 4233 1991 4288 liani
2038 4235 2401 4290 testimonimn
2446 4234 2540 4289 lib.
2583 4233 2842 4289 adversos
2871 4234 3130 4290 Praxcam
3171 4253 3318 4292 num.
3352 4238 3458 4294 I5:

1866 4324 2011 4381 Duos
2039 4325 2244 4394 quidem
2264 4324 2538 4394 deﬁnimus
2572 4322 2782 4380 Patrem
2807 4334 2857 4380 et
2889 4324 3081 4381 Filium
3104 4367 3119 4394 ,
3155 4337 3201 4383 et
3220 4331 3336 4403 jam
3362 4339 3464 4386 tres

1865 4435 1982 4473 cum
2011 4419 2215 4486 Spiritu
2235 4426 2432 4486 sancto,
2457 4418 2735 4473 secundum
2762 4420 3015 4475 rationem
3038 4423 3334 4478 mouentia:
3350 4440 3463 4495 quae

1867 4511 1990 4583 facit
2020 4526 2325 4576 numerum;
2355 4526 2437 4576 ne,
2470 4520 2524 4565 ut
2552 4524 2718 4565 uestra
2746 4513 3052 4584 perversitas
3079 4513 3234 4583 infert
3253 4556 3267 4580 ,
3303 4512 3463 4569 Pater

152 4610 382 4677 quoiam
406 4609 580 4663 mdo
601 4607 816 4664 videtur
841 4607 1099 4664 festinare
1126 4618 1182 4662 ut
1222 4610 1435 4664 titulum
1478 4608 1619 4664 hunc
1645 4608 1754 4663 im-
1782 4609 1836 4671 1)
1861 4605 1972 4677 ipse
1998 4603 2237 4658 credatur
2277 4614 2427 4659 natus
2479 4613 2529 4658 et
2567 4620 2771 4675 passus,
2803 4606 2942 4675 quod
2980 4623 3084 4661 non
3135 4608 3253 4662 licet
3298 4608 3462 4677 credi,

153 4699 314 4770 μω,
344 4715 482 4757 eum
514 4700 567 4755 in
597 4700 886 4756 asserenda
913 4715 1039 4756 vera
1068 4699 1343 4755 Trinitatis
1368 4700 1474 4756 lide
1495 4710 1548 4757 et
1571 4702 1621 4754 in
1652 4700 1765 4755 dis—

151 4799 385 4853 serendo
411 4796 724 4869 singillatim
767 4797 837 4854 de
880 4797 1060 4862 Patre,
1090 4797 1232 4853 Filio
1261 4808 1318 4853 et
1344 4797 1547 4869 Spiritu
1575 4808 1763 4852 sancto

154 4887 351 4944 librum
395 4890 700 4943 secundum
748 4898 919 4943 totum
945 4888 1240 4952 consumit,
1288 4904 1447 4959 quem
1478 4898 1761 4958 prOpterca

154 4979 246 5035 lib.
272 4996 317 5044 ι,
353 5001 412 5036 u.
439 4980 537 5045 Si,
565 4981 763 5036 brevem
788 4980 1150 5035 demonstratae
1174 4978 1447 5035 Trinitatis
1481 4996 1765 5036 sermonem

152 5074 533 5148 cog-casinam
581 5082 637 5127 ut
689 5088 793 5127 non
842 5074 1110 5127 immerito
1137 5071 1260 5128 libri
1330 5087 1384 5127 tv
1423 5073 1575 5127 initio
1606 5074 1765 5143 proli-

154 5175 354 5233 teatnr,
402 5178 531 5221 sese
561 5164 715 5234 ﬁdem
736 5175 785 5218 et
809 5165 1184 5235 confessionem
1243 5163 1416 5219 Patris
1463 5174 1512 5219 et
1555 5163 1679 5219 Filii
1719 5175 1766 5219 et

156 5256 395 5325 Spiritus
423 5256 588 5311 uncti
628 5255 1000 5327 superioribus
1051 5255 1203 5311 libris
1231 5255 1567 5313 sufficienter
1593 5258 1765 5311 tradi-

157 5349 327 5408 Μ.
364 5351 439 5405 Et
461 5349 722 5419 deinceps
747 5347 965 5419 quidem
995 5346 1062 5403 ad
1090 5348 1484 5404 defendendam
1511 5348 1690 5404 Patris
1713 5359 1771 5405 et

160 5445 281 5502 sua
331 5445 975 5512 eonmibstantialitatem,
1028 5443 1097 5499 de
1121 5460 1224 5513 qua
1253 5457 1392 5515 pene
1444 5446 1623 5499 omnis
1652 5453 1771 5499 erat

162 5538 563 5604 Momm,
612 5535 922 5607 diiigentius
952 5535 1214 5591 incumbit
1244 5553 1258 5590 :
1293 5537 1552 5606 propositi
1585 5546 1767 5592 tamen

166 5633 251 5684 sui
266 5646 381 5685 non
400 5628 712 5691 immemor,
733 5628 800 5682 ad
818 5642 1042 5699 scopum
1068 5628 1225 5684 titulo
1246 5628 1620 5699 prmscriptum
1646 5640 1774 5684 ante

170 5725 347 5791 operis
393 5723 557 5777 tinem
603 5726 846 5787 revertit,
895 5732 949 5776 et
997 5721 1190 5775 librum
1221 5736 1299 5775 xtt
1332 5735 1437 5776 non
1469 5719 1769 5785 concludit,

170 5815 273 5869 Ital
292 5823 640 5887 musta
667 5810 830 5867 totius
850 5810 1158 5879 Trinitatis,
1201 5826 1267 5868 ac
1306 5811 1626 5869 nominatim
1650 5810 1772 5884 Spi-

1866 4693 2110 4771 quoniam
2149 4715 2250 4753 non
2278 4699 2350 4753 ita
2397 4699 2642 4753 traditum
2693 4707 2785 4753 est.
2811 4697 2959 4754 Duos
3012 4709 3179 4755 tamen
3234 4699 3369 4755 Deos
3419 4712 3470 4756 et

1870 4795 1999 4847 duos
2030 4789 2278 4845 Dominus
2306 4807 2582 4858 numquam
2602 4806 2665 4845 ea:
2685 4807 2773 4846 ore
2791 4804 2964 4845 nostra
2984 4791 3292 4863 proferimus
3323 4809 3342 4846 :
3362 4810 3468 4849 non

1871 4888 2016 4954 quasi
2044 4902 2145 4939 non
2174 4894 2220 4939 et
2252 4884 2407 4939 Pater
2431 4882 2574 4939 Deus
2598 4925 2611 4949 ,
2643 4893 2691 4938 et
2727 4880 2896 4936 Filius
2932 4881 3072 4938 Deus
3097 4923 3114 4951 ,
3145 4894 3189 4938 et
3215 4885 3464 4944 Srtttt'rus

1872 4992 2108 5033 ssucrus
2134 4977 2294 5040 Deus,
2325 4984 2374 5030 et
2395 4973 2535 5030 Deus
2564 4973 2927 5043 unusquisque,
2960 4983 3063 5028 etc.
3088 4973 3275 5044 Neque
3303 4976 3465 5033 etiam

1873 5068 2278 5124 concedmdum
2301 5065 2412 5138 Spit
2427 5065 2559 5121 itum
2587 5076 2831 5119 sanctum
2859 5065 2912 5118 in
2934 5066 3230 5138 Scripturis
3245 5069 3469 5127 minime

1876 5164 2042 5216 Deum
2106 5161 2422 5228 nuncupari.
2486 5157 2803 5212 Ambrosius
2866 5157 2958 5214 lib.
3029 5174 3087 5215 ιιι
3164 5162 3227 5218 de
3268 5163 3470 5235 Spiritu

1872 5263 2068 5322 sancto,
2084 5270 2130 5308 c.
2150 5262 2204 5319 tv,
2222 5252 2368 5306 aliud
2392 5251 2570 5323 probat
2589 5250 2870 5320 praesertim
2891 5267 2956 5307 ea:
2975 5253 3136 5309 verbis
3160 5253 3325 5325 Petri,
3347 5259 3463 5314 Act.

1875 5363 1958 5414 ut,
1982 5347 2035 5415 3,
2066 5355 2199 5413 etc.,
2222 5344 2414 5417 quibus
2440 5344 2516 5399 ait
2544 5343 2738 5415 primo.
2766 5345 2990 5412 Anania,
3022 5363 3114 5401 cur
3133 5348 3361 5419 implevit
3380 5367 3469 5406 sa-

1880 5451 2027 5497 tanas
2065 5456 2155 5497 cor
2198 5450 2342 5495 tuum
2390 5438 2459 5493 ad
2487 5438 2831 5493 mentiendum
2885 5440 3109 5507 Spiritui
3158 5452 3369 5510 sancto;
3408 5461 3473 5503 ac
3544 5442 3558 5465 '

1880 5534 2076 5590 deinde
2106 5532 2348 5604 subjicit,
2382 5523 2507 5587 Non
2537 5548 2588 5587 es
2616 5533 2857 5588 mentitus
2883 5533 3193 5605 hominibus,
3228 5539 3317 5593 sed
3341 5536 3472 5595 Deo.

1950 5626 2094 5684 XIV.
2121 5624 2359 5699 Nugatur
2378 5624 2484 5696 qui,
2500 5641 2613 5679 cum
2638 5640 2743 5679 rem
2757 5626 2958 5692 habeat,
2971 5630 3154 5699 qurerit
3175 5631 3249 5685 rei
3268 5646 3471 5686 nomen.

1882 5721 1987 5777 Cur
2018 5719 2238 5792 Spiritui
2261 5730 2436 5775 sancto
2463 5719 2555 5774 Dei
2583 5735 2764 5774 nomen
2794 5718 3030 5776 Hilarius
3070 5740 3171 5778 non
3211 5727 3475 5778 attribuat.

1884 5843 1955 5856 -—
2001 5812 2107 5870 Sed
2160 5811 2418 5885 quidquid
2478 5812 2548 5869 sit
2596 5811 2667 5869 de
2725 5811 2826 5870 hac
2876 5812 3241 5886 disputatione
3270 5859 3283 5883 ,
3344 5818 3488 5888 quod
