3960 6202
478 295 546 351 ιδ
1578 268 1583 269 ⁷
1662 281 1727 338 IN
1764 277 2018 338 LIBROS
2046 277 2075 333 ιι

2184 272 2530 333 ΓΒΙΝΙΤΑΤΕ
3699 268 3723 321 1
3739 265 3778 321 6

478 406 753 478 prmdictis
778 402 1046 459 haereticis
1070 401 1325 462 litteram,
1346 411 1455 452 non
1481 396 1722 469 spiritum
1741 395 2075 467 sapientibus
2101 392 2154 453 Α
2180 391 2581 458 utincorrnpta:
2633 399 2695 441 ac
2742 383 2936 439 divinae
2990 389 3195 437 naturae
3224 396 3330 438 non
3386 389 3567 448 esset,
3607 397 3774 453 quem

481 497 762 569 respondit
790 494 1083 565 Gregorius
1131 490 1222 546 Or.
1266 506 1483 551 xxxv".
1517 505 1666 543 num.
1702 487 1804 552 56,
1839 502 1980 542 nunc
2022 487 2074 541 in

483 606 739 669 promptu
782 603 867 650 est
907 594 957 647 in
1001 591 1285 646 Erasmum
1319 598 1668 654 retorquere,
1702 601 1861 656 quem
1895 596 2073 638 tamen

480 686 987 749 Pneumatomachis
1013 686 1082 738 ita
1111 685 1163 737 in
1186 683 1286 738 hac
1311 680 1591 752 argutandi
1624 679 1832 734 ratione
1859 691 2078 743 compa-

478 801 684 850 ramus,
719 790 776 837 ut
804 781 951 836 nullo
982 789 1139 848 pacto
1187 786 1556 846 comparatum
1603 774 1831 828 velimus
1870 769 2072 825 inﬁde.

475 878 607 933 Illos
637 886 798 946 porro
819 873 1114 943 Gregorius
1146 869 1333 940 nugari
1363 868 1520 922 docet
1540 867 1654 937 qui,
1685 866 1890 921 relictis
1918 864 2077 918 rebus

477 970 713 1042 syllabas
742 973 1149 1030 consectantur,
1180 962 1382 1031 quique
1408 961 1689 1017 audientes
1717 975 1779 1015 ea
1810 959 1861 1012 in
1894 957 2077 1024 Scrip-

477 1061 613 1117 turis
642 1059 866 1130 Spiritui
906 1066 1095 1111 sancto
1122 1055 1376 1120 attribui,
1408 1068 1529 1124 qum
1575 1067 1681 1108 non
1709 1059 2078 1118 consentanea

476 1154 587 1209 sint
608 1151 710 1207 nisi
741 1152 850 1206 Deo
874 1193 889 1216 ,
923 1149 1099 1203 adhuc
1128 1155 1375 1218 quaerant
1402 1146 1491 1201 ubi
1522 1144 1650 1199 illud
1684 1143 1781 1198 Dei
1802 1159 1997 1199 nomen
2024 1141 2077 1197 ei

476 1245 838 1302 adscribatur.
872 1241 1012 1311 Quid
1035 1235 1179 1296 enim
1204 1241 1453 1304 interest,
1484 1248 1664 1293 utrum
1688 1236 1883 1301 decem,
1907 1251 1974 1289 an
2003 1234 2077 1288 bis

476 1339 721 1410 quinque,
751 1349 934 1391 utrum
961 1334 1134 1397 homo,
1166 1348 1232 1386 an
1263 1333 1461 1386 ratione
1488 1330 1762 1402 praeditum
1791 1337 1838 1381 et
1864 1327 2078 1381 mortale

478 1430 676 1485 animal
705 1426 950 1483 dicatur?
977 1423 1122 1482 Sane
1165 1423 1362 1493 quibus
1409 1421 1643 1494 placebit
1689 1422 1803 1475 hinc
1830 1419 2076 1490 Gregorii

471 1524 633 1589 ratio,
670 1522 703 1576 ii
737 1537 843 1575 non
893 1517 1036 1573 inani
1088 1516 1346 1585 scrupulo
1405 1512 1749 1569 tribuendum
1800 1512 2078 1567 exisnma-

477 1614 631 1680 bunt,
664 1611 807 1682 quod
839 1609 1073 1663 Ililarius
1099 1605 1332 1677 Spiritus
1358 1606 1529 1660 sancti
1560 1603 1823 1659 vocabulo
1856 1600 1948 1657 Dei
1974 1616 2075 1656 no-

475 1721 601 1761 men
633 1719 737 1757 non
769 1702 1006 1772 adjiciat.
1040 1699 1151 1753 Iloc
1180 1697 1359 1768 potius
1388 1696 1459 1751 ita
1491 1695 1691 1750 factum
1721 1691 2070 1761 crediderint,

476 1798 601 1868 quia
628 1798 916 1866 ipsammet
946 1793 1039 1849 Dei
1071 1801 1314 1847 naturam
1342 1792 1426 1846 vel
1453 1792 1571 1844 solo
1598 1788 1829 1859 Spiritus
1859 1789 2078 1843 nomine
2106 1787 2154 1847 B
2182 1789 2287 1836 Iule
2348 1784 2624 1838 scrutantis
2695 1785 2853 1850 ίηεει,
2902 1786 3056 1856 (Ιιιτιεῖ
3104 1786 3312 1843 diceret
3357 1805 3372 1842 ε

473 1888 780 1957 intelligere
807 1884 1001 1940 soleat.
1034 1883 1216 1953 Neque
1258 1898 1390 1937 vero
1434 1882 1655 1936 dubium
1688 1889 1770 1936 est
1811 1896 1933 1936 eum
1978 1896 2077 1935 ex-

472 1990 630 2037 terno
667 1980 760 2035 illo
790 1979 1089 2034 litterarum
1119 1992 1253 2030 sono
1291 1976 1603 2056 expressius
1630 1973 1830 2044 aliquid
1861 1971 2077 2042 scriptis

477 2074 592 2129 suis
637 2072 1011 2141 etinsignasse,
1063 2082 1169 2138 quo
1224 2067 1457 2138 Spiritus
1511 2067 1681 2122 sancti
1742 2065 2072 2121 divinitatem

474 2165 905 2221 commendaret.

550 2256 668 2313 XV.
703 2255 802 2310 Dei
832 2256 884 2309 in
913 2271 972 2309 eo
1000 2263 1239 2309 naturam
1281 2260 1570 2307 constanter
1600 2248 1868 2323 prwdicat.
1894 2280 1967 2291 -
1995 2251 2074 2306 Ac

470 2353 646 2424 primo
678 2351 895 2421 quidem
942 2348 1154 2420 qn0ties
1185 2347 1454 2410 inculcat,
1486 2346 1629 2416 quod
1677 2346 1874 2415 saepius
1923 2344 2072 2411 facit,

471 2446 651 2500 verbis
700 2441 951 2513 baptismi
981 2440 1175 2495 Filium
1216 2438 1443 2493 indicari
1471 2447 1522 2492 et
1568 2437 1715 2492 credi
1760 2437 1904 2491 Patri
1938 2452 2070 2491 con-

470 2536 907 2600 substantialem,
936 2534 1098 2589 toties
1133 2531 1393 2600 Spiritum
1417 2539 1659 2586 sanctum
1694 2527 1798 2583 utri
1820 2543 1906 2597 tuo
1929 2527 2073 2598 pari-

474 2643 556 2688 ter
584 2628 1095 2686 consubstantialem
1139 2641 1259 2682 esse
1284 2624 1587 2697 profitetur.
1627 2622 1741 2678 Non
1772 2623 2074 2691 eninrbap-

469 2725 616 2781 tismi
643 2724 804 2780 verba
846 2723 1037 2778 Filium
1088 2720 1256 2791 magis
1304 2734 1463 2789 quam
1509 2716 1767 2788 Spiritum
1819 2726 2070 2772 sanctum

468 2833 627 2872 unius
653 2831 775 2871 cum
815 2814 976 2870 Patre
1017 2822 1222 2867 natura:
1251 2825 1315 2865 ac
1360 2810 1675 2864 substantia:
1717 2822 1839 2862 esse
1869 2807 2074 2876 signiti-

466 2917 618 2967 cant.
670 2909 775 2966 Sed
805 2917 860 2963 et
889 2923 1011 2976 cap.
1044 2908 1108 2961 l5
1145 2905 1198 2958 in
1229 2902 1414 2957 Matth.
1446 2918 1593 2958 num.
1628 2900 1662 2954 6
1683 2943 1696 2963 ,
1740 2899 1945 2955 diserte
1979 2899 2075 2955 dc-

465 3004 660 3066 clarat,
684 2999 825 3071 quod
848 2999 902 3052 in
934 2996 1091 3051 Patre
1120 3005 1165 3050 et
1197 2994 1337 3048 Filio
1367 3003 1411 3047 et
1439 2992 1644 3060 Spiritu
1666 3000 1844 3046 sancto
1870 2990 2073 3060 absque

469 3096 579 3151 ullo
606 3110 785 3151 causa:
811 3104 1048 3148 externae
1077 3088 1341 3154 subsidio,
1370 3104 1488 3157 qua:
1518 3085 1767 3140 fermeuti
1788 3085 1838 3138 in
1863 3100 2068 3139 morem

2180 484 2248 538 ad
2284 482 2683 537 immortalitatis
2710 479 2896 551 pignus
2934 487 2981 531 et
3018 477 3086 531 ad
3125 477 3311 531 divina:
3337 484 3537 531 natura:
3563 493 3779 531 consor-

2179 578 2306 632 tium
2336 591 2664 630 sumeremus.
2702 572 2801 638 Qui
2837 571 2986 640 plora
3031 570 3209 636 volet,
3239 569 3396 624 adeat
3444 569 3638 623 librum
3666 583 3774 631 stt.

2181 685 2239 724 ιι.
2273 670 2343 725 54
2365 710 2379 733 ,
2409 677 2516 723 etc.
2538 709 2552 734 ,
2595 666 2684 722 ubi
2732 664 2965 733 Spiritus
3003 675 3220 719 sanctus
3262 663 3503 735 ejusdem
3529 679 3649 718 cum
3677 664 3780 717 l’a-

2186 768 2269 816 tre
2322 768 2527 817 natura:
2553 802 2567 826 ,
2595 758 2813 815 virtutis
2850 772 2915 814 ac
2957 758 3271 814 substantia:
3310 771 3432 814 esse
3478 756 3779 813 luculenter

2181 854 2496 909 adstruitur.

2251 943 2392 999 XVI.
2420 943 2763 998 Luculentum
2802 943 2864 998 de
2895 944 3123 1013 Spiritus
3145 944 3309 998 sancti
3337 944 3598 999 divinitate
3620 961 3783 1015 argu-

2180 1042 2422 1091 mentum.
2465 1068 2537 1076 —
2572 1035 2749 1093 Untnn
2777 1036 3058 1092 dumtaxat
3094 1051 3156 1091 ex
3187 1052 3253 1093 eo
3284 1037 3403 1092 loco
3455 1036 3783 1106 proferimus

2180 1141 2554 1202 argumentum
2582 1171 2598 1197 ,
2645 1130 2868 1201 petitum
2910 1146 2974 1187 es
3028 1131 3206 1186 verbis
3247 1131 3515 1199 apostoli,
3550 1130 3784 1202 Spiritus

2179 1227 2314 1277 enim
2332 1227 2503 1278 omnia
2537 1234 2819 1291 scrutatur,
2852 1224 3002 1279 etiam
3034 1225 3294 1296 profunda
3319 1222 3438 1279 Dei.
3474 1224 3550 1280 Ex
3581 1227 3785 1296 quibus

2181 1315 2246 1370 ad
2274 1315 2488 1371 Patrem
2519 1331 2845 1383 conversus,
2873 1316 2953 1372 sic
2978 1332 3100 1371 eum
3148 1332 3270 1372 cum
3312 1332 3504 1388 magna
3546 1317 3787 1386 Spiritus

2179 1409 2352 1465 sancti
2382 1411 2679 1466 reverentia
2707 1408 2997 1480 alloquitur
3023 1426 3037 1465 :
3071 1409 3123 1463 Ν
3128 1410 3239 1465 ulla
3254 1419 3303 1464 te
3321 1410 3420 1465 nisi
3440 1425 3538 1465 ass
3554 1426 3663 1466 'rutt
3690 1428 3789 1482 pe-

2179 1511 2344 1557 netrat
2371 1519 2389 1557 :
2420 1520 2511 1557 nec
2536 1503 2855 1576 profundum
2883 1503 3144 1558 innnenstz
3175 1504 3454 1575 majestatis
3473 1515 3603 1570 tute,
3637 1520 3791 1574 pere-

2178 1597 2342 1667 grina:
2370 1606 2522 1667 atque
2554 1597 2740 1652 aliena:
2777 1616 2807 1651 a
2839 1608 2886 1653 te
2919 1599 3121 1653 virtutis
3149 1615 3305 1653 causa
3332 1614 3592 1657 us'rrrua.
3622 1600 3789 1657 Tuuu

2181 1703 2298 1752 ssr,
2329 1689 2581 1759 quidquid
2609 1701 2656 1743 te
2683 1691 2779 1745 init
2810 1709 2829 1745 :
2854 1707 3015 1760 neque
3039 1691 3264 1745 alienum
3283 1700 3380 1754 est,
3405 1693 3653 1764 quidquid
3680 1694 3793 1748 uir—

3428 1787 3530 1855 Qui
3595 1789 3788 1846 omnia

2177 1873 2338 1928 etiam
2372 1876 2633 1944 profunda
2659 1877 2750 1933 Dei
2779 1887 3069 1944 scrutatur,
3097 1880 3414 1937 immensam
3443 1882 3791 1953 majestatem

2180 1967 2397 2020 metitur
2430 1984 2444 2022 :
2471 1984 2574 2023 non
2599 1972 2823 2026 metitur
2843 1979 3020 2026 autem
3054 1972 3156 2027 nisi
3187 1972 3486 2029 immensus
3511 1986 3566 2029 et
3591 1990 3791 2045 taqua-

2179 2057 2242 2112 lis
2285 2059 2460 2116 eidem
2510 2062 2799 2133 majestati.
2831 2064 2958 2119 Item
3007 2065 3152 2134 :Qni
3195 2074 3468 2121 scrutatur
3508 2067 3789 2137 profunda

2180 2152 2297 2220 Dei,
2332 2155 2579 2212 internus
2607 2158 2678 2212 sit
2709 2173 2932 2215 necesse
2960 2168 3043 2214 est
3070 2161 3167 2229 ipsi
3202 2161 3312 2216 Deo
3338 2178 3351 2215 :
3386 2160 3656 2218 internum
3684 2180 3791 2219 au-

2177 2253 2282 2300 tem
2311 2249 2360 2302 ei
2392 2265 2497 2303 non
2530 2260 2633 2317 est,
2656 2252 2912 2322 quidquid
2945 2252 3182 2308 alienum
3211 2252 3279 2307 ah
3304 2270 3372 2310 eo
3409 2264 3510 2321 est,
3545 2270 3637 2311 ant
3670 2274 3785 2314 non

2175 2337 2417 2407 ejusdem
2449 2357 2570 2396 cum
2611 2360 2675 2397 eo
2721 2344 3059 2400 substantim.
3092 2344 3444 2402 Conlitendus
3488 2359 3570 2403 est
3617 2351 3788 2420 igitur

2175 2430 2408 2502 Spiritus
2433 2446 2652 2491 sanctus
2676 2435 2995 2503 immensus,
3021 2448 3074 2492 et
3099 2439 3321 2508 aequalis
3349 2441 3477 2503 Deo,
3506 2443 3788 2512 ejusdem-

2175 2541 2279 2594 que
2307 2540 2427 2581 cnm
2452 2542 2517 2581 eo
2545 2527 2760 2584 virtutis
2795 2544 2858 2583 ac
2883 2530 3220 2586 substantim.
3254 2531 3505 2591 Brevins.
3536 2534 3633 2589 sed
3667 2552 3785 2592 non

2175 2618 2352 2674 minus
2398 2622 2543 2677 clare
2574 2621 2804 2693 idipsum
2832 2623 2994 2679 docet
3030 2625 3121 2679 lib.
3152 2641 3210 2689 ιι,
3240 2643 3295 2681 ιι.
3324 2627 3413 2692 51,
3437 2642 3559 2683 cum
3585 2630 3786 2687 scribit

2178 2711 2343 2767 Deum
2384 2714 2434 2767 in
2481 2713 2684 2783 Spiritu
2712 2725 2899 2770 sancto
2929 2713 3179 2785 adorari,
3210 2718 3298 2773 ubi
3327 2719 3380 2774 in
3413 2720 3615 2791 Spiritu
3643 2722 3784 2779 ado-

2173 2814 2354 2871 rator;
2383 2817 2438 2860 et
2461 2807 2546 2860 ubi
2574 2807 2624 2861 in
2654 2807 2857 2878 Spiritu
2895 2808 3172 2878 adoratur,
3198 2811 3310 2882 jam
3341 2828 3446 2869 non
3485 2816 3586 2871 nisi
3610 2818 3665 2870 in
3695 2836 3784 2875 se-

2176 2898 2292 2949 meti
2298 2915 2388 2964 pso
2410 2898 2645 2953 adorari.

2248 2986 2407 3044 XVII.
2441 2989 2524 3044 Ea:
2552 2990 2699 3046 dictis
2734 2992 2797 3046 de
2838 2992 3039 3063 Spiritu
3066 3007 3244 3051 saneto
3275 3015 3377 3054 non
3409 3001 3641 3070 sequitur
3682 3004 3783 3062 Iros

2173 3079 2328 3135 libros
2354 3090 2467 3152 post
2495 3092 2723 3136 exortam
2757 3083 3051 3141 Macedonii
3080 3072 3316 3143 Ittrresim
3357 3095 3613 3162 confectos
3638 3111 3779 3152 esse.

477 3205 574 3245 eos
603 3188 822 3256 copulet
852 3196 1014 3256 atque
1054 3183 1341 3252 coniungat
1366 3224 1380 3246 ,
1414 3180 1587 3234 omnia
1628 3196 1788 3233 unum
1829 3180 1950 3233 sint.
1984 3178 2074 3233 Sic
2100 3168 2144 3230 C
2178 3173 2485 3245 --Propter
2509 3175 2623 3230 haec
2651 3178 2863 3247 aliaque
2891 3187 2998 3233 tam
3025 3181 3166 3236 clara
3196 3182 3260 3236 ad
3296 3184 3623 3252 probandam
3652 3187 3788 3255 Spi-

468 3284 567 3338 lib.
598 3298 636 3335 ιι
663 3280 732 3335 de
754 3279 947 3334 Trinit.
998 3291 1148 3332 num.
1179 3274 1251 3329 28
1274 3316 1287 3339 ,
1319 3273 1532 3328 Patrem
1565 3281 1619 3326 et
1646 3270 1839 3327 Filium
1869 3277 1923 3326 ct
1950 3269 2073 3339 Spi-

469 3376 632 3431 ritum
689 3381 934 3428 sanetum
987 3377 1195 3438 spectat
1235 3369 1379 3422 velut
1422 3363 1637 3435 aliquod
1690 3375 1892 3429 totum,
1925 3362 2068 3433 quod

470 3469 784 3524 nullatenus
814 3460 1056 3531 separari
1080 3470 1262 3532 queat.
1294 3459 1393 3525 Qui
1419 3458 1596 3523 enim,
1629 3455 1797 3523 inquit
1826 3459 2073 3510 nomina-

476 3561 571 3617 tim
599 3562 666 3615 de
696 3559 897 3629 Spiritu
930 3567 1118 3610 sancto
1137 3595 1152 3621 ,
1179 3552 1489 3622 confessioni
1524 3549 1696 3603 Patris
1721 3558 1767 3603 et
1793 3545 1918 3600 Filii
1944 3562 2071 3601 con-

478 3670 639 3710 nest
679 3662 753 3708 est
772 3694 788 3717 ,
819 3667 920 3705 non
952 3657 1114 3719 potest
1150 3663 1183 3700 α
1212 3645 1527 3716 confessione
1555 3642 1731 3696 Patris
1756 3650 1806 3695 et
1834 3639 1960 3695 Filii
1987 3657 2069 3695 se-

470 3746 666 3819 parari.
694 3742 1065 3813 Imperfectum
1096 3740 1230 3793 enim
1277 3747 1351 3793 est
1397 3736 1539 3790 nobis
1579 3744 1738 3789 totunt
1761 3776 1777 3800 ,
1802 3734 1847 3787 si
1876 3733 2074 3804 aliquid

475 3838 604 3893 desit
634 3853 667 3890 a
694 3843 820 3889 toto.
853 3832 990 3887 Ilinc
1021 3832 1074 3885 in
1103 3829 1296 3885 eodem
1324 3829 1419 3882 lib.
1451 3843 1491 3882 ιι
1519 3869 1532 3889 ,
1563 3845 1617 3881 ιι.
1649 3825 1684 3880 4
1706 3866 1723 3893 ,
1746 3825 2072 3880 Arianorum

473 3929 749 3988 doctrinas
777 3937 837 3983 ut
865 3939 1034 3980 novas
1060 3933 1113 3979 et
1141 3923 1376 3977 humano
1414 3920 1628 3992 ingenio
1673 3920 1934 3974 conlictas
1978 3934 2075 3972 no-

473 4035 572 4087 tat,
606 4021 750 4092 quod
781 4019 1064 4075 dissoluant
1096 4015 1307 4088 perfecti
1345 4015 1500 4085 hujus
1539 4011 1845 4067 sacramenti
1883 4011 2075 4065 verita-

472 4127 593 4182 tem,
621 4117 749 4170 dum
768 4112 1077 4168 substantias
1098 4109 1447 4164 diversitatum
1470 4123 1521 4161 IN
1545 4120 1711 4162 nauus
1738 4120 1845 4161 nu
1867 4119 2078 4160 conuu-

472 4226 626 4269 tttaus
676 4209 979 4263 moliuntur.
1013 4204 1128 4260 Hoc
1164 4202 1324 4272 igitur
1362 4216 1390 4253 a
1437 4201 1547 4255 Deo
1607 4198 1898 4263 traditum,
1929 4206 1983 4251 et
2023 4197 2077 4252 in

472 4301 719 4360 Ecclesia
749 4314 965 4369 semper
994 4294 1259 4352 creditum
1289 4290 1638 4356 existimavit,
1667 4290 1877 4345 Patrem
1906 4298 1960 4343 et
1985 4288 2079 4343 Fi-

476 4398 607 4453 lium
641 4404 695 4450 et
721 4392 984 4465 Spiritum
1018 4400 1266 4444 sanctum
1310 4401 1401 4442 res
1438 4400 1757 4440 communes
1795 4397 1950 4448 esse,
1984 4396 2083 4437 ne-

478 4504 584 4560 que
605 4488 661 4542 in
693 4486 773 4540 eis
797 4482 983 4537 haberi
1004 4479 1427 4535 substantiarum
1454 4476 1820 4531 diversitates.
1851 4473 1924 4529 lta
1954 4488 2081 4529 vero

2175 3266 2310 3320 ritus
2326 3268 2493 3321 sancti
2509 3268 2844 3325 divinitatem
2870 3285 3206 3342 argumenta,
3231 3274 3328 3329 hos
3347 3275 3510 3331 libros
3529 3281 3785 3337 nonnulli

2176 3361 2516 3431 conscriptos
2547 3361 2735 3419 Volunt
2756 3374 2875 3434 post
2896 3375 3139 3421 exortam
3168 3366 3459 3423 Macedonii
3487 3368 3748 3428 haeresim
3764 3417 3782 3443 ,

2176 3454 2506 3525 proindeque
2550 3464 2670 3524 post
2708 3473 2909 3513 annuat
2941 3460 3076 3526 560,
3107 3477 3213 3529 quo
3241 3462 3606 3530 Macedonius,
3628 3463 3785 3523 Con—

2175 3546 2647 3617 stantinopolitana
2677 3550 2897 3620 Synodo
2918 3550 3503 3625 episcopatndejectus,
3526 3573 3783 3616 errorem

2175 3652 2331 3693 suum
2360 3638 2717 3696 disseminare
2750 3644 2931 3713 eoa-pit.
2959 3642 3098 3700 Nihil
3140 3656 3320 3702 tamen
3352 3646 3477 3702 inde
3519 3664 3784 3709 necessa-

2175 3729 2256 3785 rio
2293 3731 2593 3789 conﬁcitur.
2626 3736 2758 3803 Quis
2805 3739 2947 3792 enim
2994 3743 3216 3809 neseiat,
3274 3751 3329 3795 ut
3386 3742 3542 3808 Filii,
3597 3745 3670 3799 ita
3728 3757 3789 3804 et

2178 3823 2412 3893 Spiritus
2438 3828 2608 3883 sancti
2635 3829 2969 3887 divinita'em
2991 3833 3058 3886 ab
3079 3832 3208 3889 Ario
3228 3834 3636 3891 labefactatam?
3656 3838 3788 3909 Ipse

2180 3916 2234 3973 in
2266 3918 2454 3973 Thalia
2495 3938 2592 3978 sua
2634 3924 2775 3994 apud
2814 3926 3165 3982 Athanasium
3191 3926 3283 3983 Or.
3337 3928 3373 3982 2
3401 3938 3589 3986 contra
3622 3934 3791 3990 Aria-

2182 4026 2301 4077 nos,
2328 4028 2381 4081 p.
2415 4013 2520 4068 ’512
2570 4015 2781 4075 divisas.
2802 4027 2851 4072 et
2877 4017 3143 4085 abunitas,
3165 4029 3213 4075 et
3235 4020 3540 4091 disjunctas,
3568 4031 3616 4077 et
3643 4024 3757 4081 alie
3774 4057 3789 4068 -

2180 4121 2293 4173 nas,
2323 4115 2369 4160 et
2396 4106 2897 4164 incantmnnicabiles
2916 4126 3024 4164 esse
3052 4109 3223 4165 Patris
3243 4121 3291 4167 et
3316 4112 3443 4167 Filii
3470 4121 3518 4166 et
3545 4112 3790 4184 Spiritus

2178 4199 2340 4252 sancti
2377 4197 2687 4254 substantias
2731 4199 3006 4269 praedicat.
3050 4202 3220 4267 Quem
3272 4202 3470 4260 deinde
3515 4207 3793 4273 perstrin-

2181 4304 2314 4359 gens
2367 4289 2698 4347 Athanasins
2746 4306 2863 4363 pag.
2912 4283 3023 4350 3I5
3073 4311 3086 4347 :
3131 4296 3429 4362 Quomodo,
3479 4297 3673 4368 inquit,
3719 4303 3793 4357 de

2185 4380 2387 4453 Spiritu
2430 4390 2608 4436 sancto
2639 4393 2775 4438 recte
2801 4385 3096 4456 opinaretur
3116 4427 3129 4449 ,
3154 4388 3241 4455 qui
3270 4386 3595 4456 blasphemus
3619 4400 3696 4446 est
3727 4393 3791 4449 in

2198 4472 2417 4530 Verbum
2445 4476 2581 4546 quod
2604 4476 2855 4548 Spiritum
2877 4480 3203 4551 suppeditat?
3227 4481 3399 4539 Simili
3430 4483 3654 4539 omnino
3695 4502 3795 4543 ra-

476 4557 793 4653 persuasum
825 4575 873 4629 ei
901 4582 1019 4628 erat
1040 4569 1187 4626 Patri
1212 4566 1725 4624 consubstantialem
1752 4582 1873 4621 esse
1900 4565 2076 4637 Spiri-
2105 4557 2160 4619 D
2186 4568 2332 4623 tione
2360 4569 2595 4624 llilarius
2619 4580 2819 4634 neater.
2850 4573 2944 4629 lib.
2974 4589 3032 4641 ιι,
3068 4591 3123 4629 ιι.
3153 4575 3223 4630 ιε
3252 4575 3394 4644 Quid
3414 4580 3599 4633 mirum
3635 4591 3693 4635 ut
3720 4584 3794 4640 de

487 4685 596 4728 tum
628 4680 899 4733 sanctum,
929 4674 987 4719 ut
1019 4678 1178 4718 unam
1205 4659 1379 4715 Patris
1416 4670 1469 4713 et
1502 4658 1622 4712 Filii
1664 4672 1785 4712 esse
1826 4658 2080 4713 substan»

478 4770 605 4823 tiam
636 4764 729 4820 lib.
763 4778 841 4827 ιιι,
876 4775 1023 4814 ιιιιιιι.
1058 4755 1150 4815 72.
1185 4754 1311 4807 hinc
1339 4751 1709 4817 demonstret,
1735 4749 1878 4819 quod
1906 4749 2078 4818 Spiri-

478 4872 566 4915 tus
597 4866 817 4913 sanctus
838 4895 852 4918 ,
883 4864 941 4907 ut
970 4866 1036 4906 ex
1070 4849 1135 4902 iis
1161 4862 1281 4917 quae
1320 4843 1497 4898 Patris
1537 4850 1701 4906 sunt,
1732 4843 1805 4897 ita
1839 4850 1893 4897 et
1917 4857 1980 4894 ex
2015 4840 2081 4896 iis

477 4968 599 5023 qua:
620 4962 741 5003 sunt
775 4945 935 5009 Filii,
961 4957 1110 4996 snam
1135 4937 1384 5006 accipiat.
1422 4933 1547 4989 Non
1577 4935 1739 4999 enim,
1773 4934 1945 5003 inquit
1973 4932 2080 4998 ibi,

481 5047 544 5099 de
566 5040 811 5098 creaturis
840 5035 1072 5093 sumebat
1104 5032 1332 5104 Spiritus
1363 5040 1593 5083 sumtus.
1626 5028 1883 5083 Sutnebat
1919 5026 2082 5098 igitur

480 5137 552 5193 de
574 5138 851 5189 Creatore.
867 5129 939 5185 Ut
954 5130 1099 5184 enim
1125 5126 1286 5178 habet
1307 5121 1616 5178 Ferrandus
1641 5121 2077 5188 Diaconusepist.

484 5229 549 5285 ad
593 5225 922 5286 Anatolium,
957 5221 1140 5276 Omnis
1168 5236 1245 5273 res
1273 5228 1361 5271 aut
1391 5215 1530 5271 Deus
1561 5228 1652 5284 est,
1686 5226 1775 5270 aut
1803 5226 2034 5271 creatura
2062 5232 2081 5271 :

479 5325 525 5379 si
555 5320 699 5376 Deus
726 5327 822 5375 cst.
847 5325 1084 5370 creatura
1114 5328 1215 5365 non
1240 5319 1312 5365 est
1333 5326 1351 5376 ;
1372 5311 1416 5363 si
1437 5320 1671 5364 creatura
1697 5318 1792 5373 est,
1824 5308 1961 5362 Deus
1982 5324 2081 5361 non

384 5438 399 5461 ι
481 5423 572 5469 αι,
605 5414 739 5482 Quia
774 5422 935 5477 porro
964 5416 1148 5458 noster
1180 5403 1413 5457 Ililarins
1442 5401 1701 5468 Spiritum
1738 5409 1985 5455 sanctum
2015 5400 2081 5455 de

489 5513 599 5565 Deo
628 5507 887 5563 Creatore
925 5498 1281 5554 substantiam
1309 5511 1459 5550 suam
1499 5510 1715 5551 sumere
1757 5504 1907 5549 certo
1944 5495 2081 5549 scie-

482 5602 615 5666 bat;
666 5610 861 5666 magno
906 5592 1068 5647 etiam
1121 5588 1301 5644 studio
1341 5588 1644 5654 laboravit,
1671 5587 1743 5642 uti
1772 5602 1836 5641 ex
1870 5586 2008 5641 libro
2036 5602 2075 5650 ι.

484 5708 634 5750 num.
656 5690 759 5755 56,
790 5685 1128 5749 audivimus,
1157 5698 1227 5738 ne
1251 5681 1531 5750 quisquam
1563 5694 1686 5734 eum
1715 5680 1845 5733 inter
1870 5688 2077 5732 creatu-

480 5802 569 5840 rar
596 5781 819 5840 auderet
856 5775 1084 5834 referre.
1111 5773 1174 5830 Ei
1218 5772 1419 5845 quippe
1449 5768 1732 5827 videbatur
1758 5767 2071 5839 absurdum,

2185 4661 2385 4729 Spiritu
2431 4672 2605 4717 sancto
2649 4666 2849 4720 diversa
2886 4669 3141 4736 sentiant,
3174 4671 3260 4741 qui
3302 4672 3355 4724 in
3397 4673 3637 4747 largitore
3663 4678 3791 4748 ejus

2186 4754 2388 4826 (Verbo
2417 4757 2654 4832 scilicet)
2684 4760 2905 4814 creando
2929 4801 2943 4823 ,
2972 4771 3021 4816 et
3064 4761 3377 4818 demutando
3395 4807 3409 4830 ,
3439 4776 3490 4821 et
3526 4766 3791 4828 abolendo

2184 4857 2289 4902 tam
2335 4851 2593 4904 temerarii
2646 4852 2747 4905 sint
2794 4853 3071 4908 auctores?
3096 4854 3301 4922 Quibus
3343 4872 3465 4912 mox
3502 4859 3788 4933 adjungit,

2184 4940 2441 5009 Spiritum
2472 4953 2713 4998 sanctum
2731 4946 2799 4999 ab
2825 4946 2933 5001 illis
2955 4947 3171 5010 nesciri,
3199 4951 3321 5019 quia
3348 4949 3563 5019 Filium,
3595 4967 3791 5013 aucto-

2184 5051 2288 5088 rem
2317 5038 2453 5104 ejus,
2481 5037 2746 5107 ignorant.
2770 5038 2852 5093 An
2876 5039 3008 5095 hate.
3027 5056 3234 5111 quaeso,
3262 5043 3794 5107 adversusMacedo—

2184 5125 2256 5181 nii
2289 5127 2525 5182 fautores
2552 5128 2790 5195 dixerit,
2821 5132 2911 5201 qui
2934 5132 3001 5187 de
3033 5131 3208 5187 Verbo
3235 5149 3394 5204 prava
3438 5137 3644 5194 sentire
3668 5155 3789 5200 non

2182 5218 2496 5288 audiebant,
2526 5235 2664 5291 quos
2694 5221 2810 5291 ipse
2833 5223 2970 5277 libro
2996 5222 3064 5278 de
3086 5223 3317 5297 Synodis
3347 5227 3586 5285 laudavit
3608 5236 3789 5306 utqui

2187 5324 2331 5364 verat.
2364 5310 2485 5365 lidci
2517 5311 2837 5367 revocanda:
2867 5328 3017 5384 spem
3041 5316 3371 5383 attulissent,
3401 5322 3597 5390 quibus
3626 5322 3791 5382 deni-

2182 5416 2288 5470 que
2314 5402 2683 5468 Constantino;
2705 5403 2775 5458 oli
2801 5416 2920 5473 post
2941 5408 3229 5463 concilium
3254 5409 3600 5468 Seleuciense
3624 5430 3791 5472 com-

2189 5493 2497 5548 ntttnioncm
2526 5509 2630 5547 non
2659 5499 2875 5564 negavit
2893 5511 3068 5564 suam,
3100 5499 3208 5554 imo
3244 5502 3407 5556 etiam
3456 5513 3788 5566 cmterorum

2186 5596 2251 5637 cx
2281 5582 2467 5638 Galliis
2497 5584 2872 5654 episcoporum
2900 5598 3088 5644 coacto
3112 5589 3333 5647 Parisiis
3359 5594 3593 5650 concilio
3632 5596 3790 5657 litte-

2183 5689 2273 5731 ras
2299 5677 2566 5732 obtinuit?

2258 5766 2443 5824 XVIII.
2473 5766 2797 5826 Probabilius
2830 5780 2904 5827 est
2936 5782 3116 5829 contra
3153 5774 3390 5843 Arianae,
3421 5794 3578 5849 quam
3602 5793 3793 5842 contra
