3960 6202
187 286 241 341 I7
1571 300 1960 361 PREFATIO.
3353 324 3420 379 l8

188 401 560 468 Macedonicum,
591 414 841 460 assertum
878 423 986 462 esse
1015 406 1245 479 Spiritus
1276 414 1443 468 sancti
1479 414 1719 473 divinita—
1743 417 1798 479 Α
1823 416 2082 491 illumque
2119 419 2188 477 de
2218 421 2322 479 hoc
2369 424 2625 484 hzeretico
2676 445 2743 485 ne
2790 431 3004 500 quidem
3034 435 3318 507 cogitasse.
3354 438 3423 493 Et

187 506 282 550 tem.
307 526 367 537 -—
392 496 551 566 Longe
582 496 743 568 igitur
763 500 1092 568 probabilius
1119 512 1223 571 est,
1252 504 1523 564 Hilarium
1548 511 1598 563 in
1628 511 1715 578 iis,

183 606 283 658 qum
322 590 380 645 de
415 590 601 658 Spiritu
660 602 848 647 sancto
899 592 1153 662 disserit,
1186 612 1321 653 unos
1357 599 1587 657 Arianos
1632 619 1719 659 re-

183 685 412 753 spexisse;
442 698 564 753 quos
623 700 729 740 non
773 686 929 755 plane
977 670 1244 746 dev‘icisse
1285 692 1578 758 videretur,
1613 698 1716 753 nisi

182 776 317 830 etiam
356 776 559 844 Spiritus
601 776 775 832 sancti
828 778 1162 835 divinitatem
1218 785 1569 843 asseruisset.
1608 788 1714 844 Sed

108 884 115 891 ί
181 867 280 939 quia
304 869 408 924 Filii
429 868 692 924 divinitate
716 910 732 935 ,
758 885 824 925 ex
849 886 917 927 eo
941 872 1082 941 quod
1113 888 1141 927 a
1171 873 1330 931 Patre
1356 878 1711 934 substantiam

178 975 302 1015 suam
327 962 515 1031 accipit,
542 961 910 1018 demonstrata
927 1006 941 1027 ,
967 968 1359 1022 consectarium
1400 979 1517 1025 erat
1539 971 1712 1042 Spiri-

180 1062 270 1108 tum
294 1062 527 1120 sanctum,
542 1055 632 1124 qui
657 1069 812 1109 suam
834 1056 904 1111 ab
922 1066 1151 1126 utroque
1171 1061 1353 1115 sumit.
1390 1064 1564 1117 neutri
1592 1077 1712 1121 esse

179 1146 473 1208 inferiorem;
501 1148 843 1218 paucioribus
882 1151 985 1207 hoc
1025 1155 1384 1221 praestandum
1424 1155 1555 1223 fuit,
1588 1174 1709 1214 cum

176 1238 283 1292 illud
304 1239 517 1305 pluribus
537 1239 839 1296 confectum
864 1243 974 1313 jam
1006 1246 1213 1302 fuisset.
1240 1245 1424 1319 Itaque
1452 1251 1712 1319 quemad-

178 1329 355 1385 modum
403 1330 673 1401 Gregorius
725 1334 978 1392 Nazianz.
1025 1338 1117 1393 0r.
1152 1340 1254 1406 27,
1288 1358 1342 1396 ιι.
1376 1343 1438 1408 i,
1469 1343 1709 1400 Alexan-

174 1421 300 1477 drum
334 1422 767 1493 Alexandrinum,
803 1431 887 1484 cui
922 1431 1125 1487 nullum
1157 1445 1346 1490 contra
1373 1435 1712 1495 Macedonia-

174 1525 254 1566 nos
277 1525 517 1572 certamen
555 1516 765 1586 fuerat,
810 1524 983 1594 magni
1015 1521 1280 1580 Trinitatis
1316 1533 1710 1601 propugnatoris

172 1612 211 1654 et
234 1608 453 1671 priscouis
469 1608 636 1679 elogio
664 1611 857 1677 donat,
891 1624 944 1668 et
969 1625 1126 1669 antea
1155 1616 1250 1672 0r.
1283 1634 1404 1682 χχι,
1433 1637 1581 1675 ιιιιιη.
1613 1621 1704 1690 56,

172 1695 403 1755 Athanasii
445 1703 507 1757 ab
546 1703 787 1766 Ariauis,
821 1723 927 1762 non
972 1724 1001 1763 a
1048 1709 1447 1767 Macedonianis
1497 1716 1707 1784 expulsi

1821 524 1953 566 vero
1979 526 2101 567 cum
2130 514 2413 573 Sirmiensi
2445 520 2675 577 concilio
2701 524 2826 578 anni
2858 525 2956 581 551
2980 566 2996 590 ,
3033 530 3318 584 damnatos
3343 530 3421 585 le-

1817 617 2008 672 gamus
2035 620 2157 660 can.
2192 606 2246 673 8,
2279 610 2370 676 qui
2396 612 2712 677 prolativum
2740 616 2961 671 verbum
2991 617 3183 674 Filium
3214 620 3308 675 Dei
3339 620 3422 676 di-

1818 704 1965 762 cant;
2007 710 2056 753 et
2089 714 2211 755 can.
2248 703 2305 757 il
2333 711 2387 758 et
2415 704 2502 771 l2,
2532 708 2619 775 qui
2646 706 2882 763 Verbum
2904 709 2956 764 in
2986 725 3207 768 carnem
3241 724 3418 769 trans-

1819 785 2009 853 latum,
2042 801 2134 844 aut
2177 792 2621 863 demutationem,
2662 799 3086 869 corruptionem,
3118 813 3174 859 et
3209 805 3417 874 passio-

1819 893 1961 946 nem,
1998 898 2116 936 (um
2150 885 2438 941 cruciﬁxus
2466 900 2549 944 εει
2582 891 2670 944 1ιεί
2699 890 2887 956 Filius,
2921 895 2973 947 in
3004 910 3099 950 sua
3128 896 3414 954 divinitate

1815 974 2138 1032 sustinuisse
2177 978 2490 1046 pratdicent;
2533 997 2655 1037 cum
2687 983 2847 1037 etiam
2873 986 2922 1040 in
2952 989 3187 1056 generali
3220 992 3413 1058 prtcl'a-

1820 1064 2015 1137 tione§
2045 1068 2099 1133 ὅ,
2129 1083 2193 1121 ex
2224 1068 2587 1139 'l‘heodoreto,
2616 1071 2915 1143 Augustino
2940 1118 2955 1140 ,
3004 1075 3269 1148 Gregorio
3303 1079 3413 1135 Na-

1815 1157 2074 1213 zianzeno
2131 1168 2184 1216 et
2233 1160 2532 1218 Athanasio
2572 1164 3130 1225 demonstraverimus
3185 1170 3416 1227 Arianos

1814 1249 2048 1304 animam
2091 1253 2311 1308 Christo
2341 1270 2599 1326 negasse,
2643 1272 2752 1327 quo
2781 1258 2831 1312 in
2865 1260 3151 1328 ipsummet
3178 1262 3411 1319 Verbum

1815 1343 2075 1398 caderent
2097 1345 2337 1411 tristitia,
2369 1347 2544 1410 dolor,
2573 1349 2820 1419 aliaeque,
2851 1368 2971 1421 quae
3001 1355 3096 1424 ipsi
3122 1364 3178 1409 ut
3211 1355 3414 1412 homini

1812 1434 2216 1501 adscribuntur,
2242 1439 2581 1496 inﬁrmitates
2609 1459 2622 1494 :
2652 1458 2774 1497 cum
2808 1444 2942 1508 Iure,
2979 1447 3216 1517 inquam,
3247 1453 3316 1503 ita
3348 1464 3408 1505 se
3456 1447 3464 1455 ’

1813 1527 2084 1595 habeant,
2130 1532 2473 1601 perspicuum
2525 1544 2611 1590 est
2649 1536 3061 1606 Apollinaristas
3091 1543 3412 1597 commentis

1813 1622 1953 1688 illis,
1993 1639 2113 1694 qua:
2149 1626 2216 1678 ab
2241 1625 2447 1681 Hilario
2473 1627 2566 1684 lib.
2600 1645 2631 1683 x
2663 1634 3029 1696 confutantur,
3059 1649 3180 1691 esse
3217 1651 3410 1692 recen-

1809 1715 1977 1771 tiores
2009 1733 2022 1769 :
2056 1731 2120 1774 ac
2147 1718 2286 1772 sicut
2319 1720 2589 1791 Eutyches
2616 1763 2630 1785 ,
2664 1721 2845 1777 Leone
2895 1733 3032 1779 teSIe
3081 1728 3238 1793 epist.
3269 1744 3411 1784 nunc

172 1785 312 1859 [πάθω
343 1809 427 1863 pro
459 1794 706 1852 Trinitute
754 1810 803 1853 et
842 1817 956 1855 eum
996 1802 1252 1860 Trinitate
1290 1817 1579 1877 susceptam
1612 1824 1706 1864 νο-
1734 1804 1783 1865 Β
1810 1824 1982 1875 xcvn,
2014 1810 2080 1864 ad
2111 1810 2402 1867 Monachos
2422 1785 2749 1881 l’alzeSIinm,
2777 1832 2826 1872 c.
2857 1816 2913 1882 2,
2944 1826 2999 1872 et
3023 1818 3173 1884 alibi,
3211 1822 3415 1888 Apolli-

171 1891 271 1935 cat:
300 1884 361 1938 ita
385 1887 629 1944 credibile
652 1900 736 1945 est
761 1891 938 1948 Patris
967 1906 1020 1947 et
1044 1894 1163 1950 Filii
1193 1906 1249 1950 et
1272 1897 1505 1966 Spiritus
1532 1904 1700 1958 sancti

170 1977 473 2046 aequalitatem
500 1982 565 2038 ab
589 1983 794 2039 Hilario
817 1986 1080 2044 adversus
1099 1989 1332 2048 Arianos
1379 2008 1484 2048 non
1511 1994 1699 2052 adver-

165 2080 242 2121 sus
265 2069 642 2152 Macedonianos
670 2076 837 2134 fuisse
860 2094 1269 2152 prOpugnatam.

224 2144 341 2219 XIX.
360 2164 498 2222 Liber
539 2171 769 2227 decimus
795 2144 873 2229 esi
904 2144 1083 2230 contra
1127 2195 1327 2235 errores
1367 2180 1698 2253 Apollinarii.

166 2253 620 2324 —Expendendum
655 2264 746 2321 hic
774 2268 957 2333 venit,
989 2285 1056 2325 an
1100 2287 1205 2326 non
1250 2273 1385 2329 libro
1413 2291 1480 2341 ι,
1511 2286 1698 2333 contra

166 2346 521 2415 Apollinaristas
545 2356 854 2429 disputetur
881 2380 894 2415 :
929 2378 1036 2418 non
1056 2365 1200 2420 enim
1237 2378 1499 2437 repugnat
1531 2371 1701 2441 magis

165 2438 275 2496 libro
305 2443 602 2504 duodecimo
652 2453 841 2509 aliisve
890 2457 1022 2513 locis
1066 2468 1253 2515 contra
1287 2438 1699 2522 Macedonianos

164 2531 420 2604 disceptari,
448 2557 603 2608 quam
637 2556 823 2601 contra
855 2547 1276 2617 Apollinarislas
1302 2553 1545 2622 decimo;
1575 2572 1697 2613 cum

163 2623 336 2681 illorum
372 2632 610 2704 princeps
650 2650 793 2693 anno
814 2638 940 2704 560,
969 2640 1161 2697 horum
1208 2656 1385 2701 autem
1418 2662 1524 2703 non
1574 2658 1699 2705 ante

160 2731 324 2776 annum
347 2724 431 2780 3M
460 2742 620 2797 prava
649 2732 856 2789 sentire
881 2734 1256 2805 deprehensus
1276 2740 1365 2795 sit.
1385 2740 1696 2810 Negaudum

162 2822 369 2870 saneuon
389 2830 486 2886 est,
503 2829 672 2877 totum
697 2824 890 2880 librum
913 2826 1181 2885 decimum
1198 2832 1457 2901 scriptum
1474 2848 1595 2889 esse
1606 2834 1700 2889 ad-

161 2920 313 2965 versus
353 2928 587 2980 errores,
634 2934 863 2987 quorum
905 2930 1096 2977 auctor
1137 2922 1503 2994 Apollinarius
1541 2928 1699 2999 vulgo

162 3002 463 3062 existimatur.
488 3009 735 3083 Namque
761 3028 790 3066 a
820 3030 969 3070 num.
993 3018 1060 3074 15
1087 3034 1256 3090 usque
1283 3020 1349 3076 ad
1379 3021 1472 3089 25,
1505 3038 1700 3094 magno

161 3097 632 3169 studiodel‘enditur,
662 3105 932 3164 Christum
978 3127 1165 3167 verum
1214 3128 1274 3169 ac
1318 3124 1487 3171 totum
1526 3116 1701 3173 homi-

1807 1904 1945 1960 narii
1986 1904 2262 1961 suscitavit
2297 1920 2549 1973 errores;
2581 1909 2649 1962 ita
2676 1908 3068 1979 Apollinarium
3098 1912 3166 1967 ab
3190 1912 3408 1969 Arianis

1806 2012 2099 2067 pravarum
2146 1999 2459 2067 opinionum
2509 1999 2715 2055 semina
2745 2001 3034 2071 collegisse
3070 2013 3124 2058 et
3169 2003 3413 2059 dissemi-

1807 2104 2004 2156 nasse;
2059 2105 2157 2145 nec
2184 2091 2409 2161 proinde
2436 2103 2761 2148 earum'tam
2793 2106 3069 2150 auctorem
3101 2096 3407 2153 habendum

1805 2197 1948 2249 esse,
1972 2198 2132 2254 quam
2166 2183 2450 2240 fautorem.
2483 2184 2538 2239 Si
2568 2186 2652 2240 cui
2684 2185 2860 2242 adhuc
2885 2187 3033 2244 dubii
3077 2189 3276 2260 aliquid
3319 2206 3412 2245 su-

1805 2277 2008 2346 parsit,
2052 2292 2119 2331 an
2169 2277 2306 2332 liber
2335 2277 2580 2333 decimus
2621 2278 2880 2335 adversus
2909 2279 3140 2336 Arianos
3177 2282 3410 2353 scriptus

1804 2370 1893 2435 sit,
1928 2384 2135 2437 necne;
2180 2371 2468 2441 ipsummet
2491 2374 2685 2427 librum
2712 2374 2983 2441 consulat,
3009 2389 3212 2446 eosque
3234 2377 3402 2446 ipsos,

1803 2461 2000 2532 quibus
2045 2464 2098 2517 in
2142 2465 2513 2534 superioribus
2553 2465 2749 2520 libellis
2777 2481 3097 2535 re~pousum
3137 2468 3227 2535 sit,
3258 2469 3310 2523 in
3341 2485 3408 2526 eo

1803 2556 2023 2611 refutari
2054 2557 2258 2622 audiet,
2289 2574 2411 2613 cum
2461 2559 2562 2613 boc
2607 2568 2785 2614 tanien
2835 2571 3302 2630 temperamento,
3350 2574 3411 2619 ut

1802 2663 1910 2702 non
1952 2648 2059 2718 jam
2105 2649 2249 2719 quod
2296 2664 2486 2706 onmes
2533 2652 2776 2706 unanimi
2814 2667 3103 2721 consensu,
3137 2654 3232 2710 sed
3260 2656 3405 2727 quod

1804 2742 2034 2812 plerique
2059 2759 2235 2796 eorum
2267 2744 2461 2808 volunt,
2494 2745 2818 2800 excutiatur.

1874 2835 2017 2891 XXI.
2052 2835 2197 2903 Opus
2223 2835 2398 2891 hocin
2421 2838 2601 2892 exsilio
2633 2837 2821 2893 Hilarii
2839 2841 3395 2908 conscriptum—Sed

1801 2930 1928 2998 quid
1962 2929 2272 2984 moramur?
2304 2929 2416 2985 Hoc
2443 2929 2629 2985 Hilarii
2666 2946 2802 2999 opus
2843 2933 2895 2986 in
2926 2933 3126 2987 exsilio
3146 2933 3290 2989 illius
3319 2936 3403 2988 lu-

1801 3023 2325 3088 cubratum,antiqui
2351 3037 2479 3077 mss.
2502 3023 2659 3079 fidem
2683 3023 2905 3091 faciunt,
2931 3026 3044 3095 ipse
3072 3026 3164 3081 lib.
3192 3043 3315 3093 x,n.
3345 3029 3402 3094 4,

1801 3114 2079 3185 conceptis
2129 3116 2307 3172 verbis
2363 3125 2628 3172 testatur:
2658 3118 2903 3189 adeoque
2951 3121 3254 3177 conlectum
3278 3120 3395 3177 luc-

163 3204 256 3243 nern
280 3208 336 3247 ex
363 3195 532 3252 anima
580 3207 637 3253 et
681 3214 913 3272 corpore
965 3204 1258 3273 perlectum
1307 3210 1696 3279 assumpsisse;
1728 3200 1773 3264 C
1807 3209 1878 3264 rit
1929 3223 2151 3265 necesse
2183 3220 2269 3265 est
2304 3218 2428 3265 ante
2462 3225 2659 3265 annum
2690 3211 2816 3275 360.
2846 3229 2952 3284 quo
2977 3215 3249 3285 patriteac
3268 3231 3401 3288 pro-

162 3278 378 3356 simulque
403 3304 589 3347 eorum
620 3293 888 3351 refellitur
924 3297 1110 3369 opinio
1131 3341 1146 3365 ,
1189 3301 1280 3370 qui
1311 3278 1562 3359 eumdem
1598 3305 1703 3359 Do-

163 3378 324 3433 minam
348 3396 577 3443 nostrum
622 3404 728 3444 non
761 3391 922 3446 modo
949 3407 1183 3458 Carnem,
1220 3394 1313 3450 sed
1366 3404 1422 3451 et
1467 3397 1698 3452 animam

161 3468 213 3521 ab
234 3473 375 3529 Adam
402 3491 745 3551 propagatam
784 3484 1091 3552 suscepisse
1124 3486 1470 3542 arbitrantur.
1496 3488 1701 3559 Imper-

162 3560 317 3621 fectum
344 3580 512 3627 autem
540 3572 854 3641 hominem,
889 3586 941 3630 ιιι
972 3578 1181 3647 ignorat
1207 3595 1395 3645 nemo,
1424 3596 1452 3635 a
1483 3580 1701 3638 Christo

162 3668 418 3730 susceptum
448 3667 777 3735 praedicabat
813 3667 1219 3740 Apollinarius:
1254 3673 1344 3742 qui
1393 3674 1554 3729 etiam
1580 3716 1595 3741 ,
1645 3684 1701 3731 ut

161 3746 393 3811 Nemesius
426 3774 542 3828 cap.
570 3759 635 3827 2,
672 3762 825 3816 testis
868 3773 943 3817 (ει
968 3803 982 3829 ,
1022 3765 1363 3820 existimabat
1402 3768 1601 3823 animos
1635 3768 1697 3824 ab

160 3838 399 3903 hominibus
443 3852 605 3924 gigni,
640 3864 697 3906 ut
747 3871 780 3908 a
816 3855 1114 3927 corporibus
1163 3874 1421 3927 corpora;
1460 3862 1700 3932 progredi

162 3935 266 3989 enim
288 3949 334 3992 ut
359 3946 772 4016 propagrrtiouem
800 3948 954 4015 primi
980 3947 1201 4027 Irominis
1228 3952 1279 4005 in
1318 3968 1489 4006 omnes
1512 3954 1598 4022 qui
1635 3970 1701 4009 ea:

159 4028 230 4082 illo
264 4049 569 4103 generantur.
620 4038 777 4095 Unde
830 4028 1083 4097 Monacbi
1128 4043 1196 4096 ab
1247 4043 1583 4114 Apollinario
1631 4046 1696 4100 ad

159 4122 528 4185 andrinum
560 4132 849 4188 concilium
905 4135 1090 4201 missi,
1124 4146 1179 4191 ut
1219 4152 1248 4190 a
1300 4139 1699 4205 SuSpicionibus

159 4217 308 4283 quibus
334 4223 612 4291 adspersus
651 4234 772 4281 erat
811 4241 871 4281 se
901 4238 1190 4298 purgaret,
1224 4229 1540 4296 profitentes
1577 4229 1702 4285 Ver-

159 4304 249 4360 ltum
273 4328 326 4366 ex
345 4313 510 4371 diaria
539 4318 797 4372 hominem
822 4336 931 4374 esse
957 4322 1184 4392 genitum
1221 4322 1408 4391 (Apud
1460 4325 1699 4381 Athana-

161 4400 267 4458 siiun
291 4409 435 4476 epist.
467 4411 532 4465 ad
560 4412 859 4479 Antioch),
894 4429 996 4468 non
1014 4412 1147 4469 sine
1175 4428 1336 4470 causa
1357 4415 1592 4486 adjicere
1621 4418 1700 4473 vi-

160 4490 333 4563 denlur,
360 4512 601 4569 quantum
621 4503 692 4556 ad
719 4520 923 4559 carnem
954 4506 1131 4561 attinet
1151 4549 1166 4572 ,
1194 4522 1262 4563 ne
1296 4508 1544 4564 videlicet
1576 4524 1699 4564 sus-

1808 3299 1938 3369 prite
1964 3299 2208 3355 ecclesiae
2255 3299 2496 3356 redditus
2530 3311 2644 3369 est,
2696 3313 2749 3358 et
2781 3303 3002 3371 perinde
3029 3315 3158 3361 ante
3185 3317 3403 3362 exortus

1806 3390 2102 3446 Macedonii
2124 3401 2215 3445 aut
2239 3392 2555 3461 Apollinarii
2594 3392 2848 3449 harreses.
2872 3393 3033 3451 Certe
3062 3398 3114 3450 in
3143 3398 3314 3467 patria
3341 3413 3404 3452 ac

1807 3484 2022 3556 propria
2050 3484 2276 3541 ecclesia
2296 3526 2310 3553 ,
2339 3486 2586 3556 quamvis
2613 3486 2816 3553 abstine
2842 3488 3015 3544 exsilii
3049 3489 3400 3560 indulgentia,

1801 3576 1911 3646 jam
1942 3578 2175 3632 manenti
2209 3592 2312 3632 non
2336 3588 2639 3647 congruunt
2687 3576 2802 3632 haec
2834 3578 2954 3635 libri
3002 3596 3031 3634 x
3068 3581 3227 3636 verba
3256 3581 3401 3637 τιο-

1803 3685 2016 3738 queritur
2038 3667 2240 3724 exsules
2261 3686 2349 3738 per
2370 3668 2462 3725 hos
2485 3669 2639 3724 libros
2664 3687 2682 3724 :
2704 3679 2751 3725 et
2776 3687 2940 3725 sermo
2971 3671 3084 3736 Dei,
3108 3675 3196 3742 qui
3216 3674 3404 3730 uinciri

1804 3775 1906 3813 non
1935 3769 2119 3831 potest,
2153 3759 2281 3814 liber
2309 3770 2561 3816 excurrat.
2594 3759 2666 3817 Ut
2691 3764 2836 3816 enim
2867 3764 3002 3829 bare.
3048 3764 3403 3835 quemadmo-

1802 3849 1931 3905 dum
1973 3852 2083 3905 vult
2115 3866 2221 3906 non
2270 3867 2450 3917 nemo,
2484 3868 2606 3907 eum
2638 3854 2875 3909 nondum
2904 3855 3178 3920 exsulem,
3213 3856 3306 3911 sed
3335 3858 3401 3913 ad

1803 3942 2053 3998 exsilium
2111 3944 2296 4000 animo
2349 3945 2625 4000 dumtaxat
2682 3957 2923 4015 paratum
2973 3962 3039 4004 ac
3092 3961 3398 4019 promptum

1804 4034 2005 4091 dixisse
2051 4036 2134 4090 vel
2183 4037 2467 4105 scripsisse
2526 4038 2925 4109 intelligamus,
2974 4041 3078 4095 alia
3122 4056 3244 4112 quae
3293 4043 3401 4099 illis

1805 4130 2048 4197 proxime
2072 4128 2347 4183 cohaerent
2380 4143 2485 4184 non
2516 4131 2848 4199 permittunt.
2879 4132 2998 4199 Quo
3020 4142 3198 4187 autem
3224 4134 3404 4190 exsilii

1804 4234 1947 4274 anno
1987 4221 2223 4274 animmn
2273 4221 2337 4274 ad
2381 4220 2482 4275 hoc
2527 4236 2663 4289 opus
2708 4222 2996 4292 appulerit,
3031 4238 3138 4277 non
3168 4234 3400 4280 constat.

1807 4309 1929 4366 Veri
1964 4319 2147 4368 tamen
2175 4306 2510 4367 simillimum
2540 4321 2765 4369 estequ
2794 4329 2901 4369 non
2930 4314 3231 4384 distulisse,
3271 4318 3400 4388 quin

1804 4402 1934 4458 illud
1957 4407 2280 4475 susciperet.

1878 4498 2044 4554 XXII.
2076 4498 2203 4554 Tres
2230 4500 2384 4571 primi
2411 4501 2527 4555 libri
2553 4501 2749 4571 pridem
2775 4509 2894 4558 ante
2932 4513 3140 4559 crrteros
3160 4504 3404 4559 absoluti.

161 4582 270 4650 picio
295 4590 613 4658 relinquatur
633 4637 648 4659 ,
683 4610 780 4649 eos
818 4594 1091 4651 Chri~turn
1118 4612 1182 4653 ex
1211 4598 1372 4652 Maria
1404 4601 1699 4657 secundum
1725 4587 1780 4648 D
1805 4622 1875 4634 -—
1904 4594 1981 4648 Ex
2007 4594 2162 4648 initio
2189 4596 2370 4664 quarti
2401 4594 2520 4650 libri
2548 4596 2891 4664 perspicuum
2922 4607 3026 4660 est.
3059 4608 3170 4653 tres
3200 4599 3404 4666 primos

160 4678 347 4735 animam
368 4686 599 4755 genitum
624 4689 851 4743 sentire.
882 4689 957 4742 Ex
983 4690 1174 4744 eodem
1209 4691 1438 4746 concilio
1465 4692 1702 4748 Alexan-

158 4769 282 4826 drino
306 4789 533 4847 apparet,
558 4780 947 4850 Apollinarium
981 4782 1348 4838 insimulatum
1376 4800 1524 4852 esse,
1558 4787 1701 4857 quod

164 4861 350 4922 Verbum
382 4871 586 4927 Domini
611 4884 662 4926 ut
692 4874 745 4928 iu
769 4873 1046 4944 prepbetis
1071 4916 1086 4943 ,
1116 4878 1187 4930 ita
1218 4886 1272 4931 et
1304 4877 1354 4931 in
1379 4876 1505 4931 Jesu
1537 4877 1701 4935 fuisse

159 4958 378 5016 crederet.
409 4963 531 5018 [huc
558 4979 722 5035 porro
750 4966 932 5035 Opinio
958 4969 1120 5022 etiam
1155 4976 1371 5023 notatur
1412 4977 1467 5024 et
1502 4970 1696 5041 explo-

159 5045 273 5104 ditur
309 5054 552 5120 pru-dicto
583 5073 636 5110 n.
667 5056 732 5111 2|
768 5057 889 5112 libri
918 5074 950 5111 x
976 5100 991 5123 ,
1029 5074 1136 5128 quo
1183 5059 1441 5127 deinceps
1487 5076 1583 5130 per
1610 5069 1696 5117 to-

161 5145 244 5193 tum
267 5146 590 5202 confutantur
620 5156 730 5201 tum
763 5147 922 5203 iidem
953 5148 1028 5203 illi
1057 5163 1292 5213 errores,
1319 5158 1429 5205 tum
1460 5154 1699 5209 maxime

160 5226 359 5300 impietas
384 5254 589 5307 eorum,
617 5240 708 5311 qui
736 5240 1002 5296 Christum
1048 5243 1098 5296 in
1129 5256 1224 5297 sua
1265 5242 1545 5301 divinitate
1577 5260 1701 5315 pas-

161 5338 250 5379 sum
285 5345 394 5385 esse
431 5333 763 5388 asserebant.
795 5333 939 5390 Nihil
985 5346 1164 5391 autem
1204 5336 1344 5404 apud
1379 5335 1612 5392 Leonem
1639 5346 1697 5394 et

160 5414 263 5472 alios
286 5417 455 5478 Patres
481 5425 805 5491 solemnius,
834 5440 992 5496 quam
1042 5436 1100 5481 ut
1133 5425 1535 5497 Apollinaristis
1580 5427 1697 5485 hac

163 5502 359 5573 impietas
380 5516 720 5575 attribuatur.

214 5598 309 5661 XX.
336 5605 572 5665 Errorum
599 5610 891 5666 earumdem
919 5621 1149 5667 auctores
1179 5612 1353 5666 Ariani
1374 5612 1427 5665 in
1458 5628 1516 5667 eo
1537 5613 1683 5684 refel-

165 5691 301 5773 qusr
326 5698 432 5755 --Δ
474 5717 562 5768 |ue
584 5712 762 5757 tamen
792 5701 1062 5782 al‘lirmare
1094 5702 1285 5770 liceat,
1320 5703 1523 5773 nullum
1556 5703 1699 5782 Hila-

168 5780 362 5846 rioinbi
412 5791 561 5849 libris
590 5779 713 5850 eum
759 5778 1095 5865 Apollinario
1137 5795 1443 5852 conﬂictum
1494 5778 1698 5862 fuisse,

1808 4689 2003 4758 pridem
2047 4696 2173 4744 ante
2216 4690 2607 4759 subsequentes
2655 4691 2820 4746 luisse
2848 4692 3145 4747 absolutos.
3187 4691 3403 4745 Photini

1806 4791 1985 4834 autem
2011 4780 2263 4836 lueresim
2296 4792 2420 4836 tunc
2448 4782 2709 4844 temporis
2734 4783 2940 4839 Hilario
2961 4784 3196 4838 nondum
3220 4790 3403 4837 notam

1806 4872 1973 4929 fuisse
2000 4873 2126 4930 hinc
2149 4874 2509 4944 suspicamur,
2538 4874 2683 4944 quod
2714 4882 3078 4929 commentum
3111 4890 3140 4926 a
3171 4874 3403 4930 Pbotino

1807 4966 2121 5021 SllaCilzttlIIll
2170 4966 2307 5021 libro
2351 4983 2389 5032 ι,
2440 4967 2504 5020 ad
2536 4974 2910 5036 argumentum
2941 4966 3161 5021 librivn
3209 4980 3407 5036 propo-

1808 5075 1962 5123 nens,
2007 5074 2071 5113 ac
2100 5059 2193 5113 lib.
2237 5074 2296 5125 ιι,
2330 5076 2382 5114 n.
2409 5059 2498 5121 25,
2533 5059 2818 5121 refellens,
2876 5060 2943 5112 de
2985 5058 3402 5130 boc'utrobique

1806 5146 1914 5214 agit
1946 5144 2104 5198 unius
2130 5143 2390 5200 Hebionis
2417 5144 2655 5207 nomine,
2688 5159 2794 5199 non
2816 5142 3040 5201 Photini
3066 5162 3081 5201 :
3109 5146 3289 5217 cujus,
3320 5156 3407 5203 ut-

1805 5244 1932 5307 pote
1960 5236 2298 5301 receutioris,
2329 5246 2383 5291 et
2412 5235 2631 5305 perinde
2663 5237 2996 5293 nocentior-is
3021 5280 3035 5303 ,
3081 5254 3274 5295 nomen
3307 5254 3406 5310 po-

1807 5331 1911 5385 tius
1938 5330 2348 5399 exprimendum
2375 5339 2511 5397 erat,
2547 5346 2706 5402 quam
2739 5331 3015 5387 Hebionis.
3045 5331 3245 5388 Contra
3273 5348 3406 5388 vero

1806 5424 1945 5479 libro
1994 5439 2089 5488 vn,
2132 5425 2244 5495 jam
2298 5424 2508 5481 doctior
2558 5424 2748 5492 factus,
2789 5436 3198 5497 argumentum,
3255 5427 3403 5497 quod

1708 5538 1716 5547 τ
1806 5516 1942 5572 libro
1958 5516 2243 5572 radversus
2263 5518 2559 5575 Hebiunem
2577 5518 2677 5575 sibi
2693 5526 3068 5587 preposuerat,
3085 5519 3159 5573 ita
3173 5519 3406 5588 prudens

1806 5609 1861 5665 in
1893 5609 2173 5664 Photinum
2202 5618 2500 5682 retorquet,
2532 5619 2593 5665 ut
2621 5626 2689 5666 ne
2721 5610 2981 5681 prepositi
3011 5611 3296 5665 immemor
3327 5611 3403 5699 vi.-

1807 5702 2031 5777 deatur,
2079 5719 2134 5758 n.
2168 5703 2204 5760 '5
2231 5714 2286 5760 et
2327 5700 2382 5770 7,
2415 5703 2665 5760 consulto
2708 5708 2917 5774 repetat
2962 5698 3258 5760 Hebionern
3284 5712 3408 5759 esse

1809 5794 2118 5852 Photlnmn.
