3960 6202
502 290 571 346 19
1687 293 1750 347 ΙΝ
1793 292 2035 349 LIBROS
2078 292 2164 349 "1‘1
2207 294 2582 351 TIIINI'I‘A'I'E
3730 304 3801 362 ‘30

580 403 768 461 XXIII.
803 404 925 461 Non
949 404 1088 461 deest
1108 405 1244 461 unde
1275 407 1472 479 primus
1512 417 1717 475 putetur
1742 410 1985 476 scriptus,
2016 410 2105 479 qui
2131 413 2183 472 Α
2210 411 2367 473 dicis,
2413 414 2572 482 quem
2605 412 2658 467 iu
2706 415 3127 486 Aquisgraneusl
3163 414 3486 474 bibliotheca
3537 414 3604 474 ait
3628 414 3807 491 Illuc-

508 499 707 568 primus
733 508 830 553 est.
856 527 932 540 ——
954 498 1063 553 liae
1084 498 1293 553 ratione
1321 499 1563 555 nonnihil
1594 500 1965 570 prohibemur,
1994 517 2104 570 quo
2206 519 2360 559 muro
2387 514 2443 560 et
2470 504 2701 561 Alettino
2745 509 3049 565 consultum
3082 508 3250 566 fuisse
3278 510 3343 566 ad
3377 511 3470 568 lib.
3514 528 3551 569 tl
3571 554 3585 579 ,
3623 522 3678 569 n.
3708 502 3800 582 21,

509 589 690 644 minus
710 588 1109 644 subscribamus
1130 588 1374 650 Erusmo.
1399 589 1726 660 quilibrum,
1749 607 1892 648 nunc
1912 593 2106 650 ordine
2207 597 2558 653 ostendemus
2577 639 2591 662 ,
2629 599 2843 668 planum
2896 610 2979 657 est
3036 601 3415 658 Barburiouem
3449 604 3601 660 illum
3629 604 3805 664 Caroli

508 686 764 755 primum,
809 682 1014 737 auctori
1055 692 1383 751 postremum
1416 687 1631 741 nemine
1661 685 1921 745 hactenus
1947 702 2106 758 repu-

2206 690 2380 761 Magni
2410 692 2745 760 temporibus
2792 708 2897 751 non
2938 709 3059 751 esse
3102 695 3436 753 inferiorem.
3468 696 3602 754 Cum
3633 711 3808 756 autem

508 785 705 847 gnaute
726 774 977 830 asseruit.
1024 774 1204 831 Movet
1242 790 1342 830 nos
1367 786 1659 847 praeterea,
1702 780 1844 846 quod
1875 780 2107 838 llilarius
2210 782 2371 853 hujus
2416 799 2612 840 nomen
2659 785 2802 841 absit
2848 802 2877 841 a
2926 796 3056 844 mss.
3104 788 3244 854 aliis,
3276 790 3395 860 quis
3423 789 3569 847 illum
3610 789 3809 850 Hilario

508 869 625 938 ipse
656 868 827 938 quurti
856 866 979 923 libri
1010 867 1160 922 initio
1191 876 1437 934 testatur,
1465 885 1526 926 se
1550 872 1853 929 anteriores
1874 873 2103 939 libellos,

506 959 625 1017 sine
665 958 984 1030 exceptione
1011 1000 1028 1027 ,
1086 960 1292 1029 pridem
1340 963 1774 1032 conscripsisse:
1807 979 1871 1019 ac
1913 966 2111 1023 deinde

504 1070 658 1110 num.
708 1054 763 1118 2,
810 1065 999 1124 aperte
1044 1053 1260 1120 indicet,
1293 1056 1552 1126 scriptum
1580 1058 1691 1128 jam
1722 1058 1886 1115 fuisse
1916 1060 2109 1117 librum

510 1147 763 1216 primum,
790 1160 912 1201 cum
960 1144 1026 1199 atl
1062 1155 1309 1216 quartum
1344 1163 1533 1203 manus
1568 1148 1836 1217 admovit;
1865 1152 1945 1208 sic
1967 1153 2110 1208 enim

512 1237 674 1293 habet
707 1255 720 1291 τ
754 1237 914 1306 Atque
943 1237 1051 1292 luet:
1080 1237 1210 1292 sicut
1241 1254 1406 1295 PRIIO
1446 1255 1670 1296 ωηιιο
1700 1244 1869 1296 testati
1896 1260 2070 1299 sumus
2093 1286 2110 1313 ,

507 1346 646 1383 nunc
667 1345 867 1400 quoque
892 1329 1086 1384 idcirco
1121 1346 1156 1384 a
1202 1330 1349 1384 nobis
1399 1341 1797 1387 commemorata
1835 1345 1978 1402 sunt,
2004 1344 2111 1391 etc.

510 1420 696 1491 Neque
725 1420 897 1475 solum
927 1420 1068 1475 libro
1105 1429 1318 1490 quarto,
1351 1421 1448 1477 sed
1478 1422 1642 1478 etiam
1674 1439 1817 1479 nono
1840 1441 1991 1480 nttm.
2022 1426 2112 1496 ‘10,

515 1515 566 1569 in
599 1513 913 1568 memoriam
961 1523 1178 1568 revocat
1230 1530 1350 1584 que
1378 1514 1471 1570 lib.
1505 1530 1534 1577 ι,
1564 1531 1594 1569 a
1629 1531 1690 1572 se
1733 1527 1961 1574 tractata
1985 1519 2113 1575 sint.

582 1604 773 1659 XXIV.
805 1605 1056 1671 Quaedam
1075 1604 1197 1660 inde
1222 1605 1539 1661 consectaria
1577 1608 1646 1662 ad
1667 1610 1871 1665 laudent
1891 1612 2119 1668 auctoris

508 1708 554 1751 et
580 1707 778 1767 tempus
800 1697 989 1768 operis.
1005 1695 1147 1753 -—-Si
1175 1697 1302 1768 quid
1327 1708 1507 1754 autem
1537 1700 1663 1756 inde
1691 1702 1995 1770 coniicitur,
2019 1719 2118 1759 an-

510 1792 666 1846 tistes
690 1789 1037 1847 doctissimus
1063 1791 1279 1848 laudem
1325 1807 1432 1848 non
1478 1804 1718 1850 meretur
1750 1797 2010 1853 minorem
2039 1799 2110 1854 ob
2140 1793 2187 1855 B

509 1881 921 1953 amplitudinem
946 1883 1165 1955 ingenii,
1196 1899 1305 1955 quo
1331 1894 1409 1940 tot
1436 1899 1502 1941 ac
1529 1894 1674 1942 tanta
1696 1886 1765 1943 ab
1787 1889 1905 1960 ipso
1930 1890 2114 1959 operis

510 1976 592 2031 sui
625 1976 849 2034 exordio
873 1977 1190 2048 complexus
1219 1978 1311 2045 sit,
1344 1993 1503 2048 quam
1533 1983 1604 2035 ob
1642 1994 1892 2047 acumen,
1921 1997 2028 2054 quo
2058 1984 2113 2045 in

510 2079 619 2123 tam
645 2068 892 2126 abstrusa
935 2071 1251 2140 penetrarit.
1283 2070 1360 2127 Es
1391 2071 1473 2127 his
1500 2073 1663 2129 etiam
1694 2076 1956 2146 sequitur,
2002 2086 2114 2133 tres

509 2162 705 2218 saltem
732 2163 941 2232 priorrs
969 2162 1137 2219 libros
1163 2171 1290 2219 ante
1319 2162 1517 2220 librum
1555 2165 1624 2222 de
1644 2167 1886 2239 synodis,
1930 2169 1982 2223 in
2007 2185 2113 2239 quo

511 2254 582 2311 de
626 2257 794 2327 gestis
824 2257 876 2311 in
907 2256 1122 2312 Pltotini
1165 2256 1674 2315 condemnationem
1708 2262 1829 2318 i‘use
1871 2261 2112 2331 disserit,

512 2344 679 2403 fuisse
726 2349 1078 2417 compositos.
1106 2348 1241 2405 Cum
1292 2357 1472 2407 autem
1504 2351 1621 2409 haec
1644 2352 1907 2411 adversus
1928 2354 2116 2433 Photi—

515 2456 642 2496 num
690 2450 838 2513 gesta
876 2444 969 2499 diu
1026 2444 1196 2502 latere
1236 2460 1346 2502 non
1377 2448 1656 2517 potuerint
1699 2451 1753 2505 in
1784 2452 1994 2509 oriente
2018 2453 2113 2509 de-

510 2536 697 2604 genti,
747 2535 874 2592 hinc
902 2538 1209 2607 conjectare
1234 2550 1318 2596 est
1368 2541 1628 2598 Hilarium
1673 2544 1727 2599 in
1769 2544 2114 2604 lucubrandis

516 2626 689 2685 tribus
715 2629 989 2701 praedictis
1018 2630 1171 2687 libris
1214 2633 1386 2703 prima
1413 2635 1587 2691 exsilii
1626 2635 1710 2691 sui
1738 2638 1849 2693 otia
1876 2638 2109 2695 dedisse.

513 2720 628 2777 Nisi
655 2722 794 2779 forte
818 2724 939 2795 quis
965 2725 1137 2793 malit,
1171 2739 1268 2781 eos
1297 2726 1482 2783 abillo
1503 2730 1665 2784 etiam
1696 2741 1821 2785 ante
1846 2729 1950 2786 hoe
1980 2740 2117 2787 tem-

515 2832 613 2888 pus
638 2858 655 2885 ,
708 2817 810 2875 hoc
853 2826 937 2873 est
965 2859 980 2884 ,
1037 2828 1165 2875 ante
1205 2819 1441 2875 medium
1489 2836 1690 2876 annum
1732 2821 1839 2877 356
1880 2825 2114 2890 scriptos

512 2911 701 2978 fuisse,
732 2912 804 2967 ita
846 2923 904 2967 ut
936 2912 1131 2968 exsilio
1158 2921 1268 2967 tum
1308 2912 1703 2972 interveniente
1733 2917 1978 2972 nonnihil
2024 2936 2114 2974 re-

516 3000 757 3058 tardatus
779 3004 869 3069 sit,
902 3019 972 3059 ne
1000 3004 1137 3060 alios
1169 3016 1606 3074 prosequeretur.
1632 3007 1714 3063 Au
1745 3011 1960 3066 caeteris
1982 3018 2117 3080 qtto-

517 3108 622 3163 que
649 3092 740 3147 libt
756 3092 803 3149 is
826 3093 1091 3163 posterior
1111 3095 1384 3150 censenda
1398 3095 1469 3151 sit
1494 3097 1749 3167 praedicta
1779 3100 1846 3155 de
1878 3100 2114 3174 Synodis

517 3185 841 3252 lucubratio,
875 3203 980 3242 nou
1027 3187 1199 3242 ausim
1244 3187 1537 3257 affirmare,
1585 3192 1727 3261 qttod
1778 3203 1954 3250 tamen
1992 3177 2187 3250 licetc

517 3277 749 3348 cpiuari.
809 3278 921 3334 Hoc
962 3293 1089 3335 vero
1129 3289 1386 3346 maneat,
1441 3282 1512 3337 ita
1559 3297 1694 3354 opus
1746 3285 2114 3341 intermissum

519 3369 685 3425 fuisse
710 3410 725 3435 ,
784 3380 839 3425 ut
890 3371 1009 3439 pius
1037 3370 1318 3429 confessor
1345 3372 1524 3430 adhuc
1554 3374 1604 3429 iu
1630 3378 1822 3432 exsilio
1865 3377 2117 3435 detentus

517 3463 786 3519 decimum
817 3465 1010 3520 librum
1035 3467 1323 3537 peregerit.

592 3553 760 3610 XXV.
814 3557 894 3610 Att
934 3557 1012 3611 illi
1038 3555 1157 3611 libri
1186 3556 1255 3610 ad
1285 3556 1638 3613 Constantium
1679 3560 1741 3612 ab
1776 3558 1981 3616 Hilario
2015 3564 2117 3617 sint

520 3647 818 3702 missi.—Si
849 3647 1110 3718 Gregorio
1137 3647 1438 3705 'I‘uroneusi
1470 3650 1631 3706 tidem
1653 3650 1856 3708 ltabere
1881 3653 2001 3724 quis
2024 3669 2119 3709 ro-

519 3740 617 3804 let,
642 3752 749 3795 non
777 3738 940 3795 modo
977 3748 1145 3795 totum
1176 3738 1281 3796 hoc
1306 3755 1448 3811 opus
1475 3742 1527 3796 in
1553 3743 1748 3799 exsilio
1770 3744 2072 3800 absolutum
2099 3786 2116 3812 ,

520 3830 618 3886 sed
640 3830 805 3887 etiam
862 3830 987 3887 inde
1026 3832 1093 3888 ad
1124 3832 1497 3890 Constantium
1535 3836 1603 3891 ab
1647 3836 1854 3892 Hilario
1891 3841 2119 3895 missum

518 3922 709 3979 credat
743 3938 969 3981 necesse
993 3934 1099 3982 est.
1126 3924 1243 3982 Non
1273 3928 1416 3982 enim
1455 3928 1600 3985 aliud
1643 3931 1880 3988 indicare
1908 3932 2121 3991 videtur

523 4016 617 4073 lib.
646 4032 662 4071 ι
690 4016 830 4073 illst.
864 4016 1057 4075 Franc.
1090 4033 1137 4075 c.
1168 4020 1256 4087 58,
1292 4020 1382 4076 ubi
1409 4021 1486 4076 ait
1525 4039 1538 4076 :
1576 4020 1912 4081 Beatissimae
1956 4024 2119 4082 Hila-

519 4112 632 4166 rius
669 4110 989 4169 Pistorensis
1024 4119 1294 4185 episcopus
1333 4131 1490 4171 suasa
1534 4110 1892 4173 haereticorum
1937 4121 2120 4177 exsilio

522 4203 800 4275 deputatur
832 4220 855 4261 δ
886 4205 1055 4276 ibique
1095 4205 1254 4262 libros
1303 4222 1398 4277 pro
1442 4208 1546 4277 ﬁde
1596 4209 1855 4264 catholica
1898 4212 2122 4269 scribens

523 4294 822 4354 Constantio
870 4299 1028 4355 misit.
1076 4298 1191 4356 Hoc
1217 4300 1417 4371 quippe
1447 4300 1515 4355 de
1544 4300 1743 4357 libellis
1764 4301 1831 4358 ad
1860 4303 2122 4360 Constan-

525 4390 664 4448 tium
708 4391 855 4463 loqui
883 4407 991 4448 non
1019 4392 1399 4464 intelligendus
1415 4404 1520 4461 est,
1546 4411 1775 4465 quorum
1801 4411 1967 4453 unum
1995 4400 2122 4456 ante

524 4484 774 4540 exsilium
798 4485 949 4541 misit
969 4485 1224 4551 Hilarius,
1249 4486 1484 4543 alterum
1506 4504 1612 4544 nou
1644 4490 1830 4558 misit,
1872 4491 1968 4548 sed
2005 4493 2122 4564 ipse

2209 876 2626 932 existimantium
2655 888 2805 947 putet
2828 880 3128 951 aequalem?

2283 970 2501 1029 XXVII.
2534 972 2729 1039 Quibus
2765 976 2933 1032 causis
2983 977 3051 1031 ad
3098 977 3421 1034 scribendum
3469 979 3719 1036 adductus
3746 981 3811 1037 sit

2223 1063 2473 1120 Hilarius.
2499 1099 2572 1111 --
2595 1068 2765 1123 Porro
2794 1069 2907 1137 ipse
2936 1074 3041 1124 non
3087 1070 3417 1125 Barbarioue
3439 1114 3454 1138 ,
3493 1086 3599 1127 non
3631 1074 3810 1142 aliquo

2216 1158 2325 1215 alio
2352 1174 2599 1229 suasore,
2628 1161 2724 1217 sed
2757 1161 3019 1219 charitate
3056 1163 3172 1220 sola
3203 1166 3259 1222 et
3289 1166 3607 1238 episcopalis
3649 1164 3811 1225 ofﬁcii

2216 1254 2538 1310 necessitate
2583 1265 2805 1327 urgente
2871 1269 2931 1312 se
2983 1255 3049 1312 ad
3109 1256 3451 1315 scribendum
3511 1264 3812 1331 permotum

2217 1342 2385 1400 fuisse
2410 1342 2653 1401 declarat
2684 1344 2781 1402 lib.
2806 1362 2882 1414 VI,
2915 1366 2969 1404 ll.
3001 1349 3314 1421 ιιΑεῃιΙΙιὶ
3339 1350 3542 1423 quidem
3563 1395 3578 1419 ,
3619 1353 3814 1425 inquit,

2214 1447 2403 1509 prtem
2431 1439 2592 1510 ofﬁcii
2613 1441 2714 1495 mei
2744 1443 3092 1496 necessitatem
3110 1486 3123 1509 ,
3153 1456 3256 1515 qua
3301 1443 3396 1499 hoc
3423 1436 3675 1503 Ecclesia:
3711 1448 3819 1520 epi-

2216 1543 2404 1601 scopus
2423 1530 2802 1598 prwdt'calt'onis
2819 1534 3122 1605 euangelica!
3141 1536 3295 1591 debet)
3321 1538 3658 1594 ihiuisterium
3684 1556 3700 1598 :
3737 1548 3816 1596 ta-

2217 1637 2333 1677 men
2362 1636 2421 1677 eo
2453 1624 2757 1695 propensior
2785 1640 2911 1681 cura
2938 1627 3007 1681 ad
3035 1627 3358 1683 scribendum
3383 1631 3500 1701 fuit,
3529 1647 3629 1703 quo
3656 1634 3817 1705 magis

2219 1716 2395 1787 plures
2424 1718 2654 1788 periculo
2672 1718 2899 1788 infidelis
2921 1720 3271 1793 intelligentia
3290 1720 3667 1791 detinebantur,
3695 1726 3818 1781 ube-

2213 1811 2324 1866 rius
2344 1813 2588 1885 gaudium
2615 1818 2917 1869 cdnsectans
2952 1826 3017 1870 ex
3036 1814 3146 1871 salu
3156 1828 3201 1871 te
3222 1817 3507 1874 multorum
3527 1862 3542 1887 ,
3572 1818 3615 1875 si
3643 1821 3818 1892 cogni-

2215 1907 2281 1960 tis
2309 1908 2647 1962 sacramentis
2668 1911 2910 1982 perfectae
2936 1911 2990 1965 in
3023 1908 3185 1966 Deum
3211 1911 3355 1982 fidei,
3393 1913 3556 1984 impia
3584 1914 3821 1971 bumame

2214 2001 2441 2056 stultitim
2462 2002 2698 2057 instituta
2726 2002 3037 2071 desererent,
3069 2015 3116 2061 et
3139 2022 3193 2061 se
3214 2004 3323 2063 Deo
3346 2000 3636 2064 redderent.
3669 2007 3820 2065 Hunc

2216 2093 2393 2149 locum
2448 2095 2695 2166 aliosque
2742 2110 2849 2151 non
2903 2097 3197 2154 attendisse
3244 2100 3673 2167 convincuntur,
3730 2100 3821 2172 qui

2215 2196 2339 2242 cum
2355 2188 2519 2243 velint
2541 2189 2800 2258 plurimos
2827 2205 2934 2246 non
2962 2191 3099 2246 mala
3130 2191 3234 2249 fide
3256 2188 3508 2250 bmresim
3537 2182 3814 2268 ampletta-

2216 2284 2320 2348 tos,
2353 2280 2694 2337 clementiam
2735 2296 2862 2351 erga
2894 2282 3014 2340 illos
3040 2284 3092 2340 iu
3118 2278 3322 2341 Hilario
3352 2286 3690 2345 desiderant.
3719 2288 3820 2344 Eos

2213 2381 2383 2441 certe,
2430 2375 2520 2445 qui
2562 2374 2681 2431 Arii
2725 2376 2967 2445 partibus
3006 2390 3193 2435 errore
3241 2384 3297 2435 et
3345 2379 3641 2450 ignorantia
3679 2379 3822 2438 fare-

2216 2469 2365 2534 bant,
2381 2467 2965 2539 apprimedistinguerc
2987 2478 3209 2529 noi’erat
3232 2475 3299 2529 ab
3330 2474 3437 2530 illis
3460 2475 3549 2545 qui
3565 2476 3618 2533 in
3632 2470 3819 2533 eadem

2216 2558 2409 2616 haeresi
2434 2572 2601 2627 pravo
2628 2560 2859 2633 quodam
2888 2564 3180 2620 rolutttatis
3200 2564 3395 2621 aiiectu
3416 2560 3817 2625 detinebantur.

2217 2650 2285 2707 Et
2306 2651 2497 2707 horum
2526 2653 2745 2724 quidem
2774 2652 3033 2711 malitiam
3058 2671 3121 2713 ac
3147 2672 3342 2715 sensus
3366 2659 3685 2729 pravitatem
3718 2679 3820 2719 nou

2216 2745 2335 2801 sine
2378 2745 2604 2802 horrore
2640 2755 2698 2803 et
2732 2748 3097 2819 indignatione
3123 2746 3429 2822 cogitabat:
3462 2762 3512 2808 at
3554 2753 3820 2825 singulari

2218 2835 2273 2890 in
2305 2835 2424 2892 illus
2451 2837 2825 2894 misericordia
2860 2841 3322 2899 commovebatur.
3353 2842 3460 2901 Sed
3507 2846 3629 2918 quia
3665 2848 3825 2904 utris-

2218 2945 2324 3003 que
2348 2930 2636 2988 subvenire
2669 2932 2939 3001 cupiebat,
2968 2938 3212 3007 utrisque
3235 2934 3471 3004 scripsit.

2291 3022 2527 3081 XXVIII.
2564 3026 2704 3094 Quid
2724 3028 2788 3082 de
2810 3029 3120 3084 Arianorum
3149 3028 3422 3099 affectione
3449 3033 3718 3090 sentiebat.
3748 3065 3818 3076 —

2221 3118 2446 3191 Scripsit
2476 3122 2618 3178 enim
2649 3131 2706 3177 et
2734 3132 2956 3194 propter
2985 3127 3272 3197 magistros
3301 3129 3554 3201 nequitia:
3584 3132 3673 3189 vel
3701 3148 3823 3188 cor-

2219 3213 2495 3283 rigendos,
2519 3214 2605 3271 vel
2636 3215 2829 3271 saltem
2860 3217 3185 3274 refelleudtts
3217 3224 3229 3274 ἑ
3261 3220 3479 3292 scripsit
3513 3233 3566 3278 et
3596 3237 3822 3295 propter

2221 3316 2317 3358 eos
2339 3345 2355 3369 ,
2388 3318 2523 3375 quos
2554 3306 2630 3361 illi
2663 3307 2992 3375 deceperant
3014 3350 3030 3378 ,
3062 3310 3410 3369 erudiendos.
3447 3312 3665 3370 Illorum
3699 3320 3819 3373 cum

2221 3397 2653 3453 emendatitmem
2693 3400 3065 3470 perdifficilem
3122 3402 3489 3475 praevideret,
3538 3410 3661 3479 tittia
3690 3453 3705 3477 ,
3737 3412 3817 3467 in-

2220 3490 2338 3559 quit
2368 3489 2461 3546 lib.
2497 3502 2550 3545 νι
2579 3533 2593 3557 ,
2640 3504 2787 3547 num.
2821 3494 2882 3549 ii
2912 3536 2929 3561 ,
2963 3494 3032 3552 ab
3062 3496 3192 3567 ipsis
3223 3496 3272 3553 et
3309 3502 3442 3555 ratio
3469 3496 3821 3576 intelligentia:

2222 3598 2323 3637 non
2361 3584 2609 3654 quwt'itur
2630 3627 2644 3650 ,
2673 3596 2719 3641 et
2761 3587 3000 3656 deinceps
3028 3591 3091 3645 ab
3117 3591 3426 3665 intelligente
3448 3593 3691 3652 intimata
3723 3615 3820 3653 non

2221 3676 2457 3746 capitur,
2487 3675 2863 3734 refutationem
2893 3688 2947 3735 et
2972 3678 3183 3737 facilem
3210 3694 3429 3754 propter
3455 3686 3701 3755 ipsorum
3726 3690 3823 3742 itu-

2222 3765 2599 3836 prudentiam,
2635 3780 2690 3825 et
2724 3782 2947 3841 propter
2975 3772 3248 3844 simplices
3280 3778 3643 3834 necessariam
3677 3785 3823 3838 ειῑν

2224 3857 2468 3916 timebat.
2505 3859 2581 3915 De
2615 3862 2827 3919 caeteris
2858 3876 2988 3919 vero
3017 3879 3142 3934 spes
3171 3867 3219 3922 ei
3249 3866 3406 3940 longe
3434 3869 3535 3924 alia
3564 3870 3686 3928 erat
3710 3916 3724 3940 ,
3758 3873 3824 3929 de

2222 3952 2423 4022 quibus
2471 3954 2662 4012 codem
2707 3957 2760 4012 in
2806 3957 2927 4014 loco
2958 3959 3175 4032 subjicit
3215 3980 3228 4016 :
3272 3960 3381 4021 Sed
3422 3965 3468 4021 si
3494 3968 3625 4037 quos
3671 3982 3817 4024 amor

2226 4044 2322 4100 Dei
2350 4055 2396 4099 et
2424 4045 2779 4118 intelligentia
2802 4050 3060 4124 ignoratio
3084 4096 3099 4120 ,
3132 4064 3235 4111 non
3274 4058 3584 4116 llPlETA‘I‘lS
3614 4072 3823 4118 vuum-

2224 4152 2326 4194 ns
2356 4155 2445 4209 per
2467 4140 2699 4195 stultitia
2727 4154 2933 4197 sensum
2970 4145 3243 4201 detinuerit
3268 4149 3321 4203 in
3351 4166 3561 4218 errore;
3591 4160 3746 4224 spero
3772 4162 3826 4208 ut

2224 4232 2292 4285 ad
2321 4232 2728 4288 emendationem
2767 4237 3014 4303 proclives
3053 4238 3156 4293 sint
3179 4282 3194 4305 ,
3240 4248 3355 4295 eum
3401 4242 3681 4313 impietatis
3718 4256 3827 4299 stn-

2225 4324 2370 4379 dittm
2397 4324 2643 4381 absoluta:
2663 4328 2888 4382 ueritatis
2913 4332 2981 4384 sit
3003 4331 3369 4388 demonstratio
3398 4335 3686 4402 prodituro.
3716 4334 3826 4395 llac

2224 4429 2322 4485 spe
2351 4416 2591 4472 nonnihil
2616 4430 2895 4475 recreatus
2920 4422 3167 4491 superius
3191 4425 3367 4480 aiebat
3398 4469 3411 4492 ,
3448 4426 3670 4484 Uberius
3694 4448 3825 4503 gua-

2225 4508 2371 4563 dium
2399 4519 2693 4565 consectans
2725 4527 2791 4566 ea:
2817 4513 2983 4568 salute
3010 4515 3380 4587 plurimorum.
3414 4519 3460 4573 si
3486 4521 3711 4591 cognitis
3737 4539 3823 4577 sa-

523 4576 840 4634 Coustantio
859 4577 1029 4634 dedit.
1050 4576 1436 4634 Verumtamen
1465 4579 1770 4651 conjectare
1804 4583 1953 4649 licet,
1975 4563 2114 4641 Gre-

2231 4604 2508 4658 crematis
2549 4596 2789 4676 perfectis
2831 4606 2967 4676 ﬁdei,
3004 4563 3165 4681 impia
3203 4610 3442 4668 humana:
3469 4563 3704 4670 stultitim
3745 4617 3827 4671 itt-

522 4672 733 4743 gorium
771 4670 1080 4728 eoufudisse
1111 4671 1255 4741 quod
1284 4687 1383 4742 pro
1412 4671 1517 4728 iide
1546 4674 1813 4730 catholica
1840 4676 2120 4735 confessor

519 4774 775 4825 strenuus
796 4774 850 4819 et
872 4765 996 4820 iecit
1022 4764 1191 4820 libros
1212 4765 1334 4821 illos
1356 4765 1772 4835 conscribendo,
1807 4777 1864 4824 et
1892 4772 2121 4827 tentavit

517 4857 715 4915 libellis
740 4855 1058 4914 Constantio
1100 4867 1193 4913 aut
1243 4858 1426 4914 missis
1475 4868 1567 4914 aut
1613 4859 1753 4916 datis
1791 4860 2119 4920 audientiam

519 4951 884 5025 deprecando.
1239 5043 1250 5046 _
1527 5044 1538 5046 _
1930 5039 1937 5046 ν

594 5043 786 5101 XXVI.
817 5042 1067 5100 Barbario
1110 5043 1393 5116 presbyter.
1424 5073 1496 5088 -—
1525 5044 1808 5102 Rationem
1856 5042 1995 5105 tituli
2025 5065 2122 5107 es-

523 5140 862 5211 peudeittes,
904 5137 1135 5194 needlim
1183 5138 1421 5195 diximus
1445 5139 1569 5211 quis
1606 5141 1680 5196 sit
1721 5137 1811 5197 ille
1857 5144 2121 5214 presbyter

521 5229 798 5295 Barbarie,
824 5230 977 5301 cujus
1005 5232 1201 5286 nomen
1233 5231 1286 5287 in
1312 5230 1627 5288 Gorbeieusi
1654 5234 1882 5307 aliisque
1907 5236 2120 5294 duobus

520 5324 798 5381 codicibus
849 5324 1177 5394 adscriptum
1227 5327 1571 5395 reperimus;
1630 5328 1748 5385 isne
1803 5328 2000 5395 fuerit,
2048 5332 2115 5387 uti

520 5430 682 5487 quem
733 5415 966 5472 Hilarius
1015 5415 1130 5486 ipse
1177 5417 1565 5487 autograplium
1593 5418 1906 5487 destinarit;
1948 5436 2016 5477 an
2045 5421 2114 5479 nd

518 5516 679 5578 quem
729 5506 1099 5578 apograpltum
1158 5508 1317 5580 longe
1355 5520 1477 5581 post
1528 5511 1790 5569 Hilarium
1846 5516 1989 5572 alter
2029 5516 2112 5573 vel

518 5612 712 5672 sponte
740 5616 836 5658 sua
857 5642 873 5669 ,
911 5602 993 5659 vel
1019 5611 1238 5674 rogatus
1264 5603 1491 5660 miserit.
1535 5606 1648 5662 iloe
1672 5612 2003 5678 pos-tremuit!
2042 5610 2115 5665 sl-

516 5695 802 5767 guiiieatur
838 5694 924 5753 bis
952 5706 1055 5754 ms;
1088 5696 1437 5753 Prateilensls
1466 5696 1667 5767 verbis,
1697 5700 1837 5754 iitere
1864 5701 1993 5773 felle
2021 5716 2114 5757 cn-

513 5792 795 5853 rationibus
828 5798 951 5857 tuis.
981 5794 1058 5855 Ex
1086 5790 1404 5869 antiquitate
1430 5802 1613 5854 autem
1635 5791 1978 5856 Corbeieusls
2013 5812 2109 5860 co-

2221 4695 2397 4750 stitata
2419 4695 2723 4761 desererent,
2749 4707 2796 4752 et
2814 4712 2870 4753 se
2896 4697 3007 4755 Deo
3026 4703 3313 4760 redderent.

2296 4787 2490 4843 XXIX.
2527 4786 2716 4856 Effecit
2740 4791 2821 4845 ftis
2849 4791 2994 4848 libris
3022 4810 3086 4849 ne
3112 4813 3238 4852 sana
3268 4800 3502 4855 doctrina
3527 4818 3645 4857 cum
3671 4818 3826 4860 sanc-

2225 4883 2290 4937 tis
2306 4882 2583 4939 etssularet.
2601 4912 2674 4926 -
2692 4884 2874 4957 Neque
2892 4902 3020 4943 vero
3045 4902 3266 4960 prepter
3291 4894 3521 4950 Arianos
3535 4894 3714 4955 solum
3735 4906 3826 4956 aut

2226 4974 2550 5031 remlleudos
2586 4982 2678 5032 aut
2706 4979 3077 5035 emendandos
3100 5020 3115 5047 .
3148 4982 3241 5041 sed
3283 4995 3338 5042 et
3369 4998 3586 5060 propter
3628 4989 3821 5050 iidelcs

2226 5069 2596 5139 instruendus,
2631 5071 2725 5128 ltas
2753 5073 3155 5133 lucubrationes
3177 5092 3462 5149 aggressus
3491 5074 3608 5150 est:
3640 5086 3703 5141 dt
3740 5088 3825 5143 ni-

2223 5162 2419 5217 tnirlttn
2441 5162 2802 5219 essitlantium
2833 5164 3122 5225 Doctorum
3149 5170 3382 5239 quodam
3411 5172 3571 5231 modo
3601 5174 3825 5235 vicarite

2222 5261 2438 5322 essent,
2472 5260 2527 5310 et
2554 5270 2692 5327 quos
2733 5256 2850 5326 ipse
2878 5264 3118 5329 prfeseus
3166 5260 3420 5335 nequibat
3445 5307 3460 5331 ,
3493 5267 3695 5325 absens
3723 5268 3825 5327 do-

2220 5350 2371 5401 ceret
2417 5352 2518 5416 per
2557 5344 2680 5402 illas
2723 5347 3090 5422 ilrlharetllbe.
3144 5350 3322 5420 Licet,
3370 5354 3547 5429 inquit
3596 5355 3694 5415 lib.
3744 5364 3776 5419 ἡ(
3805 5406 3821 5432 ,

2224 5442 2372 5492 nitm.
2417 5438 2482 5501 tl,
2512 5440 2649 5493 nunc
2680 5455 2712 5493 α
2750 5440 2922 5497 multis
2953 5446 3369 5504 codeeritantibus
3397 5446 3497 5505 sibi
3534 5446 3823 5509 secundum

2221 5531 2475 5586 desideria
2504 5547 2597 5585 sua
2624 5534 2895 5603 magistros
2915 5553 3044 5591 sana
3079 5537 3315 5595 doctr‘iii'a
3344 5540 3577 5608 etsulet,‘
3606 5560 3713 5600 non
3746 5556 3825 5602 ta-

2220 5620 2333 5677 me»
2364 5628 2397 5676 α
2433 5623 2624 5678 sanctis
2662 5624 2946 5697 quibusque
2983 5629 3365 5696 phtdiétitioitls
3392 5626 3576 5691 rerum
3609 5632 3824 5692 virtutu-

2220 5713 2289 5768 bit
2327 5711 2639 5785 Eloquium
2676 5716 2809 5772 enini
2836 5717 3034 5776 exsules
3075 5736 3164 5795 per
3189 5721 3282 5781 nos
3322 5722 3479 5782 libros
3503 5770 3518 5795 ,
3550 5730 3658 5786 etc.
3696 5718 3822 5788 'I‘ri-

2219 5806 2411 5880 p'll'cml
2434 5806 2583 5875 illiilli
2612 5806 2883 5875 scribendi
2907 5814 3125 5877 causam
3154 5812 3250 5881 lib.
3279 5828 3337 5893 tt.
3365 5816 3495 5881 hittit
3519 5820 3576 5895 ὅ,
3628 5824 3823 5896 paucis
