3960 6202
167 309 224 366 ii

1613 295 2006 362 PRtEFATIO.

3377 315 3449 372 22

169 429 232 484 ita
268 423 568 497 perstringit
610 439 624 477 :
659 421 1009 494 Extorguetur
1035 421 1183 477 nobis
1231 423 1326 475 hoc
1355 421 1486 476 velle
1502 464 1516 486 ,
1545 422 1666 475 dum
1691 427 1740 476 et
1764 415 1816 482 Α
1844 432 1971 488 tror,
1995 422 2228 477 doctores
2255 431 2382 479 tetas
2406 423 2562 494 hujus
2588 437 2723 478 nunc
2743 426 2920 481 stecttli
2939 428 3194 500 protulit:
3221 441 3335 486 sero
3357 435 3448 487 nos

169 517 378 574 audacia
410 517 660 573 resistitur
681 558 696 582 ,
727 526 775 571 et
805 516 969 572 errori
1001 514 1322 582 consulitur,
1361 521 1411 570 et
1435 515 1742 587 ignorantiae

170 607 458 683 providet".

236 705 389 761 XXX.
422 702 501 758 De
530 701 790 759 Trinitate
817 703 965 759 verba
994 704 1162 773 facere
1195 702 1436 759 illicitum
1475 710 1639 776 putat.
1669 727 1743 744 —-

174 799 275 856 Non
301 799 448 868 igitur
478 807 670 866 sponte
695 840 712 865 ,
741 808 832 851 aut
857 798 1038 867 aliquo
1063 796 1324 852 suadente
1348 839 1363 864 ,
1393 796 1461 851 ad
1490 798 1650 851 verba
1673 796 1741 852 de

171 902 336 946 sancto
352 889 623 945 Trinitatis
646 891 905 961 mysterio
929 889 1167 946 facienda
1197 889 1490 960 prosilivit:
1515 887 1608 944 sed
1631 898 1738 944 tam

172 981 464 1038 neceSsariis
495 981 560 1034 ad
590 981 873 1035 utilitatem
919 979 1173 1036 Ecclesia:
1206 981 1387 1036 causis
1419 981 1532 1036 htrc
1561 981 1611 1036 ei
1643 995 1738 1034 vo-

169 1074 330 1128 luntas
356 1082 556 1129 extorta
581 1074 698 1128 fuit.
735 1074 793 1128 Ei
824 1074 1077 1128 nimirum
1106 1088 1417 1144 persuasum
1450 1084 1566 1127 erat
1608 1073 1738 1127 illud

169 1167 271 1222 sola
312 1161 411 1221 lide
436 1209 449 1231 ,
481 1165 592 1220 sola
625 1167 887 1220 mentium
934 1167 1196 1237 religione
1227 1163 1535 1235 oportuisse
1564 1164 1738 1219 conti-

172 1261 271 1316 neri
301 1261 398 1331 (lib.
434 1273 490 1326 ιι,
525 1277 578 1315 n.
607 1260 674 1324 2;
704 1259 830 1314 ibid.
880 1279 933 1315 rt.
984 1258 1060 1332 5),
1095 1259 1236 1330 quod
1266 1268 1409 1314 extra
1437 1261 1738 1331 signiﬁcan-

168 1357 274 1411 tiant
294 1357 531 1410 sermonis
557 1367 648 1417 est.
678 1365 820 1410 extra
837 1369 1015 1409 sensus
1042 1356 1392 1418 intentionem,
1417 1363 1560 1408 extra
1581 1355 1736 1408 intel-

168 1445 368 1518 ligentia
393 1449 787 1516 conceptionem.
812 1447 1077 1516 Quocirca
1106 1462 1228 1501 cum
1257 1446 1324 1501 de
1358 1455 1506 1500 tanto
1536 1453 1739 1517 myste-

168 1541 238 1596 rio
258 1553 545 1595 sermonem
579 1540 719 1595 inire
746 1540 992 1596 illicitum
1025 1554 1087 1594 ac
1120 1539 1370 1595 vitiosum
1400 1547 1634 1609 putaret,
1669 1536 1736 1592 ad

171 1633 286 1688 hanc
312 1649 369 1690 se
399 1635 772 1689 necessitatem
804 1635 1050 1688 adactum
1087 1634 1180 1689 lib.
1233 1647 1270 1688 ιι
1302 1631 1546 1704 pluribus
1587 1628 1737 1702 inge-

173 1727 343 1783 miseit.
367 1727 751 1798 Compellimur,
770 1726 944 1798 inquit
967 1741 1020 1782 ιι.
1042 1727 1099 1792 2,
1120 1728 1473 1781 haereticorum
1497 1727 1736 1799 blasphe-

1847 516 2023 572 habuit
2058 518 2188 587 ﬁdes
2217 535 2330 573 mea
2353 561 2366 584 ,
2396 535 2552 590 quam
2582 528 2635 573 tu
2666 521 2885 576 erudisti
2909 564 2922 587 ,
2957 523 3248 592 magistros.
3283 522 3449 580 Inan-

1847 611 1968 666 ditis
1989 627 2086 682 ego
2118 611 2407 666 nominibus
2435 613 2515 666 his
2536 613 2589 667 in
2619 622 2665 666 te
2687 613 2760 667 ita
2781 614 2994 681 credidi,
3019 631 3110 688 per
3140 623 3189 672 te
3210 617 3282 672 ita
3301 631 3454 673 renao

1846 715 1928 762 tus
1955 723 2103 772 sum;
2132 717 2179 762 et
2206 708 2392 762 exinde
2423 717 2539 762 tuas
2566 707 2638 762 ita
2658 725 2788 764 sum.

1919 799 2169 857 XXXIV.
2207 801 2392 856 Fidem
2426 799 2710 872 Scripturis
2731 801 3179 861 assertamiisdem
3211 807 3334 861 locis
3360 803 3451 862 de-

1845 896 2029 965 fendit,
2059 895 2239 965 quibus
2261 897 2617 966 impugnatur.
2640 925 2711 937 ——
2736 897 2906 962 Quam
2931 908 3109 952 autem
3137 915 3169 954 e
3197 898 3445 969 Scriptu-

1844 990 1920 1044 ris
1951 988 2201 1043 hauserat
2235 987 2416 1051 iidem,
2445 987 2739 1057 Scripturis
2771 990 3033 1059 explicat,
3064 992 3293 1060 primum
3326 991 3447 1063 Qui-

1844 1081 1964 1135 dem
2005 1081 2354 1151 prOpheticis,
2407 1089 2516 1136 tum
2547 1081 2893 1149 evangelicis,
2937 1097 3000 1136 ac
3045 1083 3260 1138 demum
3312 1101 3445 1154 apo-

1845 1175 2070 1230 stolieis.
2117 1175 2195 1230 Ad
2227 1190 2358 1245 quas
2398 1173 2770 1244 intelligendas
2801 1176 3047 1245 aptisque
3076 1175 3257 1232 verbis
3285 1192 3442 1232 enar-

1843 1268 2037 1322 randas
2061 1283 2126 1323 eo
2153 1281 2210 1322 se
2233 1266 2425 1336 spiritu
2448 1266 2637 1321 donari
2664 1265 2822 1322 enixe
2847 1275 2999 1338 rogat
3025 1265 3136 1340 (lib.
3162 1286 3202 1333 ι,
3235 1286 3289 1322 n.
3321 1267 3437 1341 38),

1843 1377 1949 1431 quo
1978 1367 2206 1431 primum
2237 1362 2404 1416 amati
2433 1369 2559 1416 sunt
2592 1364 2867 1432 propheta:
2897 1371 2950 1417 et
2997 1361 3225 1430 apostoli
3259 1364 3326 1418 ad
3348 1379 3442 1419 eas

1842 1454 2100 1509 edendas.
2139 1453 2273 1508 llinc
2317 1453 2494 1507 varios
2523 1453 2664 1508 inter
2693 1453 2918 1508 timores
2962 1469 3031 1509 ne
3059 1455 3223 1510 verbo
3264 1455 3437 1511 oii‘en-

1843 1545 2035 1614 deret,
2076 1543 2170 1600 lib.
2214 1561 2307 1608 vn.
2353 1561 2408 1599 n.
2437 1545 2494 1613 ’5,
2529 1551 2764 1600 mentem
2815 1547 3098 1603 conﬁrmat
3130 1563 3193 1602 ac
3229 1558 3446 1604 serenat

1842 1637 1926 1692 his
1950 1635 2127 1692 verbis
2151 1657 2163 1692 :
2195 1634 2318 1692 Non
2348 1638 2494 1702 meis,
2527 1637 2618 1692 sed
2637 1639 2932 1707 apostolicis
2955 1639 3150 1693 scando
3179 1639 3440 1710 gradibus.

1842 1729 1949 1786 Sed
1980 1741 2033 1785 et
2063 1743 2223 1800 quam
2267 1743 2458 1786 secure
2501 1731 2796 1800 Scripturis
2826 1729 3053 1787 ducibus
3081 1737 3303 1788 seandat
3329 1777 3344 1800 ,
3377 1733 3440 1788 li-

169 1827 386 1880 mantium
433 1825 568 1880 uitiis
598 1825 782 1880 illicita
825 1841 1008 1896 agere,
1043 1825 1210 1878 ardua
1239 1825 1514 1887 scandere,
1547 1823 1731 1891 ine/Tuo
1766 1821 1813 1881 B
1843 1824 1941 1879 bro
1976 1824 2256 1895 superiore
2287 1839 2435 1880 num.
2469 1825 2539 1879 20
2588 1824 2914 1881 lttCulentius
2949 1827 3204 1893 ostendit,
3233 1825 3324 1883 ubi
3354 1845 3443 1883 re-

170 1919 270 1974 bilia
295 1919 490 1990 eloqui,
523 1919 822 1974 inconcessa
848 1935 1154 1988 prwsumere
1177 1933 1200 1979 .'
1229 1926 1282 1973 et
1311 1933 1456 1982 mox,
1492 1914 1735 1988 Cogimur

166 2011 380 2067 sermonis
419 2011 586 2066 nostri
626 2012 963 2066 humilitatem
1006 2012 1075 2065 ad
1122 2027 1180 2065 ea
1223 2025 1341 2082 quae
1369 2009 1736 2064 inenarrabilia

165 2114 266 2159 sunt
293 2106 553 2162 extendere
582 2122 601 2159 :
623 2113 671 2158 et
691 2106 742 2158 in
767 2103 944 2158 vitium
965 2103 1087 2158 vitio
1113 2113 1406 2157 coartamur
1432 2103 1623 2158 alieno.

225 2195 398 2254 XXXI.
424 2198 542 2265 Quo
569 2199 744 2252 animo
772 2197 869 2252 hoc
897 2195 1038 2270 Opus
1059 2195 1377 2269 aggreditur.
1399 2227 1469 2236 -——
1490 2191 1645 2251 Unde
1666 2194 1732 2251 ad

165 2285 276 2347 illud
305 2291 704 2362 petraetandum
733 2305 798 2344 eo
823 2293 1004 2344 animo
1027 2289 1259 2355 accedit,
1295 2297 1351 2344 ut
1380 2299 1432 2344 et
1460 2290 1607 2359 prius
1635 2303 1730 2344 ve-

163 2384 282 2437 niam
305 2399 395 2455 pro
413 2381 614 2439 delicto
635 2382 972 2450 deprecetur,
1003 2396 1101 2436 nec
1124 2382 1188 2435 de
1207 2395 1265 2434 se
1289 2379 1554 2448 Spondeat
1574 2377 1730 2450 quid-

162 2491 329 2548 quam,
362 2478 456 2531 nisi
490 2474 855 2547 supplendum
885 2489 1003 2530 esse
1037 2488 1131 2544 per
1161 2471 1319 2528 iidem
1359 2485 1511 2527 suam
1539 2517 1553 2540 ,
1589 2471 1731 2541 quod

162 2570 366 2623 sermoni
413 2567 730 2624 defuturum
782 2581 888 2620 non
947 2566 1201 2636 ambigat.
1249 2563 1338 2620 Sic
1391 2564 1536 2618 enim
1597 2561 1724 2619 ibid.

162 2675 288 2715 num.
318 2659 375 2728 5,
411 2662 578 2715 habet
609 2676 627 2714 :
661 2659 768 2714 Sed
796 2673 890 2714 nos
923 2658 1234 2713 necessitatis
1262 2657 1416 2726 hujus
1451 2657 1515 2710 ab
1554 2673 1611 2710 eo
1641 2655 1732 2726 qui

161 2751 250 2806 hac
276 2755 434 2807 omnia
482 2762 560 2807 est
611 2753 808 2806 ueniant
836 2758 1184 2819 deprecantes,
1239 2749 1560 2816 audebimus,
1591 2765 1730 2816 qua:-

161 2860 318 2909 rernus,
349 2846 615 2911 loquemur
639 2861 658 2899 :
686 2853 732 2898 et
755 2845 891 2915 quod
916 2843 1082 2898 solum
1108 2845 1159 2897 in
1190 2851 1332 2896 tanta
1358 2858 1533 2896 rerum
1562 2855 1731 2910 quazs-

163 2940 274 2990 tione
295 2938 656 3006 promittimus,
681 2952 740 2991 ea
763 2947 877 3006 quae
892 2945 1036 2990 erunt
1059 2931 1349 3006 signiﬁcata
1371 2935 1653 2989 credemus.

220 3027 414 3084 XXXII.
446 3030 655 3096 Quanta
677 3031 817 3084 illius
846 3033 908 3084 de
922 3027 1018 3084 hoc
1044 3030 1286 3100 mysterio
1311 3027 1726 3098 fides—Neque

162 3121 280 3175 enim
311 3127 510 3177 incerta
538 3163 552 3187 ,
584 3133 674 3175 aut
700 3121 903 3191 trepida
931 3162 945 3186 ,
977 3129 1071 3175 aut
1098 3121 1333 3191 vulgaris
1363 3121 1460 3174 iuit
1488 3120 1630 3175 illius
1658 3120 1725 3174 de

167 3216 499 3270 occultissimo
519 3215 798 3270 Trinitatis
821 3218 1078 3288 mysterio
1098 3214 1256 3270 ﬁdes.
1280 3215 1426 3270 lianc
1450 3217 1732 3285 perspicue
1759 3213 1805 3274 C

162 3307 273 3362 adeo
298 3309 348 3364 in
371 3311 670 3380 Scripturis
695 3319 955 3364 assertam
993 3310 1226 3370 videbat.
1260 3324 1316 3365 ut
1347 3311 1727 3366 haereticorum

163 3399 300 3456 duces
324 3445 336 3468 ,
363 3403 564 3472 quibus
605 3403 710 3456 illa:
760 3403 956 3472 ignota!
1002 3420 1108 3456 non
1139 3413 1298 3458 erant
1318 3445 1332 3468 ,
1357 3405 1435 3458 sic
1463 3403 1685 3458 haberet
1711 3445 1725 3469 ,

162 3493 286 3560 quasi
313 3495 397 3565 qui
445 3509 516 3550 ex
569 3492 865 3564 pertinacia
912 3499 966 3550 et
1010 3505 1174 3565 pravo
1219 3495 1507 3566 impietatis
1547 3496 1727 3551 studio

160 3589 332 3652 aperite
376 3585 698 3642 resisterent
728 3588 934 3642 veritati
969 3605 982 3641 :
1018 3587 1153 3643 Hinc
1182 3597 1265 3643 est
1308 3587 1433 3643 illud
1482 3589 1576 3643 lib.
1607 3605 1724 3657 xu,

161 3692 284 3731 nuta.
309 3677 407 3734 b8:
445 3679 575 3734 Non
597 3677 745 3733 habet
773 3679 951 3734 saltent
978 3681 1215 3750 impietas
1244 3681 1442 3736 veniant
1465 3723 1477 3744 ,
1508 3691 1564 3735 ut
1595 3697 1731 3751 prcc-

160 3770 304 3823 tendat
340 3767 616 3837 iMpietatis
637 3788 860 3827 errorem
891 3790 911 3828 :
939 3769 1082 3843 quod
1115 3773 1292 3828 verbis
1318 3773 1436 3827 aliis
1475 3773 1728 3844 frequens

161 3861 397 3920 inculcare
412 3866 719 3921 consuevit.
743 3865 866 3935 Ipse
891 3882 1018 3922 vero
1042 3877 1146 3920 tam
1169 3866 1277 3922 alte
1299 3866 1543 3922 eamdem
1567 3867 1728 3922 tidem

160 3953 312 4008 animo
339 3956 646 4022 imbiberat,
677 3963 790 4011 uta
824 3959 930 4010 vita
963 3957 1171 4012 facilius
1202 3975 1360 4029 quam
1392 3958 1462 4014 ab
1488 3960 1575 4013 illa
1603 3975 1726 4015 sese

160 4044 487 4105 divellendum
520 4051 822 4106 eortiideret
851 4068 864 4104 :
903 4049 1026 4106 Hcce
1053 4053 1191 4106 enint
1219 4069 1312 4124 ego
1351 4054 1422 4106 ita
1446 4053 1625 4118 didici,
1656 4055 1727 4107 ita

159 4143 356 4210 credidi,
393 4155 440 4200 et
479 4146 553 4200 ita
592 4145 913 4214 conﬁrmatae
950 4148 1132 4201 mentis
1172 4147 1276 4214 [ide
1311 4160 1458 4202 teneo
1488 4189 1503 4216 ,
1549 4165 1610 4201 ne
1638 4156 1730 4202 aut

159 4236 322 4301 possint
342 4235 548 4293 credere
571 4236 743 4301 aliter,
773 4247 861 4290 aut
885 4237 1051 4292 relim.
1081 4237 1287 4307 Quibus
1315 4239 1408 4293 lib.
1438 4255 1512 4306 vr,
1548 4257 1600 4293 ιι.
1632 4239 1722 4306 20,

160 4325 311 4383 verbis
345 4329 538 4386 similia
561 4345 686 4385 sunt
716 4329 830 4385 haec
862 4341 1006 4385 nutu.
1036 4329 1100 4385 21
1140 4325 1248 4385 :Ab
1279 4328 1359 4385 his
1380 4348 1472 4402 ego
1503 4349 1616 4401 quia
1647 4342 1722 4387 te-

161 4433 236 4473 neo
259 4422 455 4478 edoctus
483 4441 596 4477 sum
623 4465 638 4488 ,
672 4423 750 4478 his
779 4423 1217 4478 intutedicabiliter
1241 4422 1460 4478 imbutus
1489 4442 1601 4479 sum
1633 4441 1651 4479 :
1677 4435 1724 4480 et

158 4510 334 4578 ignosce
374 4516 696 4584 omnipotens
739 4511 879 4569 Deus
902 4556 919 4582 ,
965 4515 1085 4583 quia
1131 4511 1182 4567 itt
1214 4511 1292 4568 his
1332 4531 1426 4568 nec
1465 4517 1724 4571 emendari

159 4620 340 4672 possum
365 4652 378 4675 ,
441 4621 486 4664 et
531 4609 778 4664 commori
816 4625 1044 4681 possunt.
1077 4607 1337 4675 Quocirca
1370 4607 1550 4664 libello
1593 4609 1628 4663 2
1657 4609 1722 4664 ad
1749 4593 1802 4652 D

158 4696 499 4755 Constantium
531 4699 691 4756 enixe
739 4711 933 4771 rogans
966 4709 1022 4756 ut
1067 4699 1135 4757 de
1182 4695 1285 4757 lide
1330 4717 1510 4757 coram
1541 4702 1726 4772 dispu-

160 4798 259 4844 tans
301 4792 592 4861 audiretur,
647 4791 769 4847 Non
801 4802 906 4848 tam
941 4793 1086 4860 mihi,
1123 4794 1292 4864 inquit
1335 4812 1482 4849 num.
1515 4795 1568 4861 8,
1601 4811 1725 4865 rogo

158 4886 477 4954 audientiam,
515 4899 666 4958 quam
704 4887 793 4941 tibi
821 4895 971 4957 atque
1002 4887 1248 4944 Ecclesia:
1287 4887 1402 4943 Dei.
1439 4885 1550 4962 Ego
1589 4891 1723 4944 enim

160 4989 289 5043 penes
308 4989 383 5033 me
405 4982 562 5036 habeo
588 4981 765 5048 fidem,
798 4983 1046 5035 exteriore
1076 4999 1175 5035 non
1201 4998 1322 5052 egeo
1353 4999 1368 5037 :
1395 4983 1531 5052 quod
1552 4983 1726 5055 accepi

161 5077 301 5138 teneo,
332 5089 420 5129 nec
448 5077 649 5132 demuto
675 5075 811 5146 quod
838 5067 934 5129 Dei
958 5085 1052 5130 est.

216 5155 439 5220 XXXIII.
513 5161 660 5222 Unde
703 5165 844 5221 illius
888 5176 989 5221 tam
1038 5177 1275 5222 constans
1307 5209 1321 5234 ,
1375 5163 1728 5222 htcrcticorum

161 5269 256 5308 vero
299 5269 396 5313 tam
443 5261 594 5316 dubia
625 5262 771 5331 ﬁdes.
803 5292 874 5301 —
914 5262 968 5316 In
1017 5257 1098 5316 his
1146 5261 1405 5317 habemus
1435 5269 1540 5316 tam
1596 5281 1728 5319 cnn-

162 5349 324 5403 siantis
367 5349 490 5408 lidel
535 5353 832 5419 rationem,
889 5357 1011 5424 quia
1063 5347 1312 5409 nimirum
1363 5354 1589 5411 adhaesit
1635 5373 1729 5410 an-

165 5439 300 5508 tiqua:
325 5444 594 5502 traditioni
619 5488 635 5512 ,
677 5462 852 5517 neque
884 5463 948 5502 ex
981 5447 1044 5502 iis
1072 5464 1192 5518 qua:
1246 5453 1531 5518 acceperat
1575 5449 1731 5520 quid-

168 5544 298 5597 quam
338 5533 652 5595 demutavit.
699 5537 897 5595 Coutra
937 5543 1066 5596 vero
1111 5539 1485 5596 hmreticorum
1527 5543 1731 5598 doctri-

170 5637 290 5692 nam,
314 5629 390 5684 vel
419 5642 633 5702 propter
663 5632 954 5689 novitatem
1014 5633 1370 5704 reslntendam
1402 5651 1463 5689 ae
1489 5635 1731 5690 veritatis

172 5723 415 5789 expertem
456 5724 545 5782 lib.
584 5735 659 5791 νι,
695 5745 747 5782 ιι.
783 5721 844 5781 ΞΙ
880 5770 894 5793 ,
928 5727 1102 5797 lepide
1136 5729 1328 5798 probat
1358 5727 1410 5783 in
1445 5727 1586 5783 hunc
1619 5744 1735 5783 mo-

179 5807 287 5872 dum
315 5833 328 5872 :
357 5811 519 5878 Tarde
543 5818 672 5882 inihi
698 5817 792 5880 hos
827 5817 1179 5894 intpiissimos,
1207 5831 1454 5895 quantum
1481 5837 1574 5897 ego
1602 5820 1740 5878 arbi.

1841 1931 2072 1975 censens
2099 1919 2292 1989 quibus
2323 1919 2635 1975 auctoribus
2661 1919 2980 1977 credidisset
3005 1964 3019 1988 ,
3053 1931 3106 1976 et
3134 1937 3260 1977 num
3302 1923 3443 1980 bene

1841 2013 1925 2069 his
1947 2013 2178 2070 Arianos
2200 2014 2452 2069 doctores
2481 2014 2776 2070 anteferret
2799 2031 3127 2086 proponens,
3152 2015 3439 2087 quamdam

1840 2121 1906 2160 ex
1953 2103 2154 2160 divinis
2205 2103 2612 2175 Scriptoribus,
2646 2121 2785 2176 quos
2833 2105 3120 2176 sequitur,
3167 2113 3443 2178 perpetuac

1841 2197 2146 2253 traditiOnis
2183 2206 2426 2251 catenam
2476 2200 2735 2252 contexit.
2786 2195 2984 2253 Verum
3032 2198 3156 2269 quia
3200 2198 3440 2254 haeretici

1839 2289 1999 2345 etiam
2025 2306 2082 2346 se
2112 2287 2404 2360 Scripturis
2434 2291 2526 2345 niti
2551 2285 2871 2361 gloriantur,
2899 2306 3016 2346 eam
3049 2291 3155 2346 illis
3185 2286 3434 2346 {idneiam

1841 2382 2049 2451 eripere
2079 2385 2232 2436 curat
2260 2423 2273 2445 ,
2306 2391 2426 2434 cum
2459 2395 2554 2436 eos
2596 2381 2741 2451 ipsos
2774 2381 3066 2450 Scripturae
3100 2383 3248 2436 locos
3273 2423 3286 2445 ,
3320 2383 3439 2452 qui-

1838 2473 1938 2528 bus
1983 2473 2129 2527 abuti
2183 2469 2359 2528 Solent
2389 2473 2454 2526 ad
2493 2473 2873 2528 destruendam
2916 2471 3108 2538 iidem,
3141 2475 3437 2546 prudenter

1836 2565 2056 2620 adhibet
2091 2559 2157 2620 ad
2187 2581 2305 2620 eam
2335 2563 2752 2631 adstruendam;
2783 2575 2837 2618 ut
2868 2565 2974 2619 illic
2999 2565 3186 2620 veritas
3211 2568 3440 2636 reperia-

1837 2669 1939 2723 tur,
1975 2658 2058 2711 ubi
2089 2666 2326 2729 negatur,
2359 2655 2529 2727 inquit
2551 2657 2644 2711 lib.
2673 2673 2734 2724 ιι,
2769 2669 2918 2711 num.
2976 2655 3006 2710 7
3027 2699 3042 2725 ,
3069 2657 3156 2712 ubi
3182 2653 3436 2727 deinceps

1838 2751 1938 2806 sibi
1962 2749 2327 2822 prazstandum
2352 2759 2557 2815 monet,
2587 2749 2730 2819 quod
2756 2749 3016 2805 hactenus
3041 2764 3100 2805 se
3120 2751 3436 2820 praestitisse

1836 2844 2084 2899 conlidit.
2117 2843 2318 2898 Eodem
2360 2839 2412 2898 in
2445 2843 2566 2897 loco
2610 2859 2758 2897 num.
2795 2844 2848 2906 6,
2878 2840 3031 2899 libris
3061 2837 3436 2912 sutterioribtts

1835 2953 1896 2993 se
1933 2937 2181 2992 docuisse
2227 2937 2502 3004 declarat,
2554 2951 2743 2991 omnes
2768 2931 3089 2991 Arianorum
3123 2937 3337 2991 frandes
3381 2944 3436 2992 et

1834 3043 2046 3086 errores
2098 3031 2220 3084 hinc
2277 3033 2445 3097 oriri,
2496 3030 2636 3100 quod
2702 3029 3136 3102 dispensationem
3177 3031 3432 3102 aSsuntptl

1837 3125 2068 3196 corporis
2099 3125 2308 3196 rapiunt
2338 3125 2406 3178 ad
2443 3125 2802 3179 contumeliam
2843 3125 3150 3192 divinitatis,
3183 3132 3237 3178 et
3260 3125 3435 3193 dupli-

1838 3229 1959 3274 cem
2003 3216 2202 3272 Christi
2252 3225 2496 3272 naturam
2530 3219 2858 3288 distinguere
2901 3228 2993 3272 ttttt
3021 3219 3269 3273 nesciunt
3296 3260 3311 3285 ,
3342 3227 3435 3274 aut

1838 3314 2043 3367 nolunt.
2081 3313 2344 3380 Quocirca
2377 3323 2431 3366 ut
2453 3322 2508 3366 et
2535 3328 2750 3368 errores
2776 3312 3034 3367 radit-itus
3061 3321 3429 3383 amputentur;

1835 3417 1888 3461 et
1922 3407 2108 3460 inanes
2142 3405 2337 3460 cadant
2377 3405 2755 3459 haereticorum
2804 3405 3011 3459 teehnm
3060 3415 3116 3458 et
3164 3404 3426 3470 fallaciae;

1835 3513 2030 3568 magno
2055 3497 2106 3551 in
2132 3496 2184 3552 id
2213 3493 2392 3552 studio
2420 3493 2697 3562 incumbit,
2723 3496 3132 3551 utdetnonstret
3153 3493 3426 3550 ChriStum

1834 3597 1890 3644 et
1918 3591 2084 3645 Deum
2114 3606 2296 3644 verum
2328 3603 2467 3656 esse,
2501 3589 2628 3643 (Ιιιιιι
2662 3595 2818 3644 natus
2845 3603 2910 3642 ex
2940 3589 3052 3643 Deo
3082 3593 3188 3653 est,
3223 3595 3278 3644 et
3305 3597 3430 3658 per-

1835 3681 2032 3737 leetum
2077 3675 2350 3735 hominem
2379 3722 2393 3746 ,
2424 3680 2550 3735 dum
2580 3679 2628 3735 ei
2674 3687 2756 3736 est
2782 3691 2968 3750 partus
2989 3691 3056 3735 ex
3082 3679 3338 3751 Virgine;
3373 3691 3432 3735 ut

1833 3789 1954 3829 cum
1984 3773 2208 3829 veritate
2234 3771 2477 3844 corporis
2507 3772 2764 3829 subsistat
2788 3769 2837 3826 in
2863 3781 3051 3827 natura
3081 3772 3198 3838 Dei,
3227 3775 3281 3826 et
3307 3781 3428 3826 ctmt

1833 3866 1928 3920 Dei
1957 3875 2146 3920 natura
2169 3873 2382 3920 maneat
2408 3865 2460 3919 in
2483 3865 2728 3935 corporis
2753 3865 2979 3920 veritate
3020 3862 3134 3936 (lib.
3159 3880 3235 3931 χι,
3266 3877 3321 3919 n.
3348 3862 3427 3935 6).

1904 3958 2121 4014 XXXV.
2159 3959 2306 4014 Unde
2329 3959 2661 4014 Cassiodorus
2683 3957 2924 4012 tredecim
2950 3957 3104 4012 libros
3127 3955 3332 4012 dixerit.
3358 3983 3432 4002 ~—

1835 4051 2103 4106 Veremur
2134 4065 2221 4116 ne,
2253 4051 2380 4106 duttt
2410 4046 2652 4121 prteclari
2681 4051 2863 4121 operis
2894 4049 3235 4105 occasionem
3255 4093 3267 4114 ,
3297 4063 3429 4104 (λιιι-

1831 4159 1942 4211 sas,
1975 4154 2204 4214 tempus,
2237 4144 2523 4210 rationem,
2565 4155 2897 4214 scopumque
2941 4139 3275 4213 indagamus,
3305 4155 3428 4196 mo-

1831 4239 1966 4295 leste
1996 4237 2133 4294 ferat
2174 4237 2346 4294 lector
2383 4237 2434 4293 in
2467 4238 2584 4306 ipso
2631 4237 2816 4292 limine
2856 4251 2915 4290 se
2945 4231 3146 4291 diutius
3173 4231 3428 4292 detineri.

1830 4329 2068 4403 Tempus
2096 4339 2180 4388 est
2227 4341 2285 4386 ut
2318 4345 2424 4386 non
2452 4331 2563 4402 jam
2610 4329 2782 4386 stillas
2830 4329 3088 4401 quasdam
3131 4325 3432 4384 Hilarianas

1828 4428 2091 4494 delibare,
2124 4426 2218 4482 sed
2268 4427 2426 4497 pleno
2462 4441 2557 4480 ore
2598 4425 2666 4480 de
2711 4425 2974 4480 immenso
3008 4417 3270 4479 doctrinae
3300 4435 3430 4494 pro-

1833 4519 1998 4574 fundo
2046 4527 2232 4589 potare
2283 4519 2648 4590 permittatur.
2698 4515 2972 4573 Nonnulla
3030 4525 3208 4572 tamen
3253 4507 3430 4569 adhuc

1831 4620 2035 4668 restant
2092 4612 2279 4682 paucis
2334 4609 2672 4681 explicanda.
2739 4612 2815 4665 Ac
2873 4611 3049 4682 primo
3109 4603 3428 4664 eximendus

1828 4698 2150 4772 scrupulus,
2191 4717 2348 4774 quem
2397 4703 2754 4758 Cassiodorus
2782 4701 2848 4756 de
2885 4701 3003 4756 Div.
3035 4699 3206 4754 instit.
3241 4711 3289 4750 c.
3325 4693 3426 4759 l8,

1830 4798 2020 4868 injicit,
2057 4797 2145 4852 ubi
2197 4787 2457 4852 tredecim
2491 4795 2676 4850 llilarii
2724 4795 2791 4849 de
2838 4791 3101 4848 Trinitate
3142 4789 3309 4845 libros
3340 4801 3427 4844 re-

1832 4899 2042 4946 censet.
2087 4888 2197 4944 Nec
2250 4905 2349 4944 nos
2391 4890 2591 4943 diutius
2627 4889 2886 4942 distinere
2925 4885 3086 4940 debet
3129 4883 3248 4938 libri
3282 4882 3426 4936 illius

1831 4982 2023 5036 decimi
2065 4981 2205 5036 tertii
2254 4979 2546 5051 inquisitio.
2596 4973 2746 5032 ilaud
2788 4975 2950 5029 dubie
2992 4971 3134 5028 enim
3180 4973 3331 5028 libris
3361 4975 3432 5029 de

1840 5075 2100 5128 'l‘rinitate
2127 5072 2370 5142 adjnngit
2394 5069 2587 5124 labrum
2616 5070 2683 5122 de
2705 5066 2959 5138 Synodis,
2987 5065 3078 5136 qui
3098 5067 3149 5120 in
3173 5078 3276 5120 tus.
3307 5063 3435 5120 Col-

1839 5167 2050 5222 bet-tino
2081 5164 2148 5220 ab
2170 5165 2324 5218 annis
2357 5171 2413 5216 ut
2438 5159 2717 5215 minimum
2751 5157 2900 5214 mille
2929 5169 3151 5214 exaran
3175 5201 3189 5225 ,
3223 5169 3434 5214 necnon

1839 5259 1892 5314 in
1925 5251 2278 5315 Germanensi
2322 5263 2374 5310 et
2416 5256 2586 5308 altero
2627 5247 2945 5309 Cnlbcrtino
2984 5249 3257 5324 prmdictis
3284 5247 3440 5308 libris

1841 5349 2120 5412 cobazrens
2147 5347 2299 5404 Liber
2331 5365 2424 5404 xm
2455 5347 2786 5404 inscribitur.

1909 5443 2156 5501 XXXVI.
2203 5441 2425 5498 Illorum
2452 5437 2617 5514 stylus
2642 5485 2655 5509 ,
2684 5441 2769 5512 qui
2801 5451 2919 5496 cum
2949 5437 3093 5494 libris
3127 5430 3442 5504 Quintiliani

1839 5537 2141 5595 consentiat.
2182 5568 2252 5577 —
2297 5537 2563 5592 (laterum
2602 5535 2832 5591 llilarius
2885 5535 2999 5603 ipse
3049 5533 3100 5587 in
3155 5530 3441 5587 duodecim

1841 5639 2041 5690 tantum
2069 5631 2235 5687 libros
2259 5643 2426 5686 totum
2472 5647 2606 5702 opus
2638 5647 2791 5685 suum
2820 5627 3114 5693 distribuit,
3139 5637 3192 5680 et
3220 5625 3287 5680 ab
3319 5622 3444 5677 Hie-

1842 5737 2068 5796 ronymo
2090 5729 2248 5796 epist.
2281 5743 2486 5782 Lxxxtv
2515 5725 2579 5780 ad
2605 5725 2850 5797 Magnum
2877 5731 3095 5795 propter
3131 5720 3272 5774 hunc
3305 5731 3443 5788 pra:-

1848 5823 2038 5879 sertim
2070 5815 2463 5879 duodenarium
2497 5834 2782 5877 numerum
2819 5823 3148 5876 memoratur
3177 5809 3450 5868 duodecim
