3960 6202
491 293 565 352 23
1710 285 1955 345 SANCTI
1981 284 2237 342 HILARII
2259 284 2568 343 EPISCOPI
3722 284 3793 340 24

496 404 806 472 Quintiliani
845 403 1005 460 libros
1043 404 1178 476 style
1227 403 1455 458 imitatus
1478 416 1586 457 esse
1624 409 1673 457 et
1709 416 1943 456 numero.
1987 398 2100 455 Ex-
2129 401 2180 462 A
2206 413 2366 470 posse
2390 440 2406 466 ,
2436 397 2580 470 quod
2606 397 2674 455 ab
2713 397 2916 454 Hilario
2946 397 3167 453 minime
3193 397 3493 468 prmstitum
3519 405 3624 452 ut.
3671 395 3794 452 Alia

498 509 658 569 cepta
700 496 844 553 enim
888 494 1120 568 quadam
1169 492 1483 550 subtilitatis
1538 490 1918 559 allocutione,
1974 507 2097 561 quae

495 589 827 661 Quintiliano
859 588 1092 659 quodam
1139 586 1301 641 modo
1332 584 1624 657 peculiaris
1647 595 1768 651 est,
1799 584 1992 639 borum
2028 584 2096 638 li-

503 682 723 739 brorum
755 682 950 753 stylum
983 678 1185 735 eruditi
1213 678 1455 748 judicant
1490 694 1597 732 non
1640 676 1943 732 absimilem
1974 690 2098 731 esse

501 776 837 847 Quintiliani.
867 774 1202 844 Quamquam
1235 780 1291 827 ut
1317 771 1650 840 Quintiliano
1672 770 1975 826 alfeclatam
2000 769 2099 825 de-

497 887 618 926 mus
640 871 782 926 illam
810 868 1185 933 subtilitatem,
1214 866 1420 922 Hilario
1452 874 1629 920 tamen
1653 880 1719 919 ex
1752 863 1983 918 naturali
2015 863 2094 917 in-

496 962 636 1035 genii
658 962 926 1025 acumine,
951 976 1057 1015 non
1083 975 1151 1015 ex
1180 957 1521 1014 aﬂeclatione
1540 957 1830 1027 profectam
1861 955 2091 1011 arbitra-

498 1071 640 1111 mur.
681 1053 868 1125 Neque
897 1052 1058 1108 debet
1084 1050 1285 1107 olfendi
1318 1052 1626 1121 quisquam,
1655 1050 1701 1105 si
1729 1051 1796 1105 de
1823 1048 2094 1120 mysteriis

495 1148 696 1202 nostris
745 1145 1022 1201 nobiscum
1073 1144 1333 1210 sentiens,
1375 1142 1553 1198 verbis
1597 1143 1739 1209 aliis,
1779 1157 1937 1212 quam
1978 1142 2095 1212 qui:

494 1236 595 1292 bus
609 1237 770 1292 modo
784 1238 1004 1296 utimur.
1019 1236 1375 1308 cogitationes
1388 1234 1814 1306 suasaliquaudo
1828 1234 2091 1290 enuntiet.

498 1329 619 1399 Ipse
651 1332 795 1386 enim
828 1331 1032 1398 primus
1056 1344 1086 1384 e
1112 1327 1322 1383 Latinis
1346 1336 1536 1382 contra
1570 1329 1800 1381 Arianos
1832 1328 2096 1391 scribens,

496 1438 661 1478 voces
710 1422 867 1477 nobis
909 1420 1261 1485 praescribere
1292 1419 1481 1489 potuit,
1515 1434 1620 1473 non
1659 1419 1836 1490 potuit
1876 1435 1904 1472 a
1942 1419 2100 1474 nobis

498 1518 763 1585 recipere.
812 1512 882 1570 Ut
907 1523 1085 1569 tamen
1138 1514 1190 1568 in
1236 1510 1576 1579 asse-luenda
1627 1511 1797 1581 ipsius
1828 1512 2096 1567 sententia

494 1607 675 1663 minus
718 1607 1131 1672 laboraremus,
1181 1605 1476 1674 prudenter
1512 1604 1657 1659 cavit
1701 1619 1768 1659 ne
1798 1604 1947 1658 illam
1995 1619 2100 1658 una

2205 504 2384 549 tamen
2408 492 2490 548 via
2524 492 2795 562 provisum
2823 500 2907 548 est
2926 491 3067 562 quod
3096 490 3372 546 volebant.
3393 488 3603 561 Quippe
3626 489 3792 547 libros

2203 585 2256 640 in
2306 583 2488 655 plures
2518 598 2774 639 numeros
2817 583 3017 652 partiti,
3063 582 3246 652 paucis
3278 580 3489 647 verbis,
3536 592 3794 651 quantum

2205 693 2299 748 per
2336 678 2633 748 marginem
2666 677 2854 743 licuit,
2888 675 3066 731 conati
3111 689 3297 731 sumus
3333 675 3795 746 comprehendere

2201 769 2342 840 quod
2369 770 2423 824 in
2452 768 2517 823 iis
2546 768 2847 824 disseritur.

2277 859 2539 916 XXXVII.
2574 863 2653 915 An
2695 860 2872 915 simile
2901 860 3191 930 quidquam
3230 859 3283 914 in
3328 857 3507 914 fronte
3537 859 3797 931 cujusque

2204 954 2325 1010 libri
2375 967 2838 1025 prteponeremus,
2866 952 2958 1007 diu
2992 951 3268 1007 haesimus.
3301 951 3435 1008 Cum
3473 952 3615 1008 enim
3649 952 3793 1007 llila-

2204 1047 2317 1101 rius
2344 1048 2459 1116 ipse
2490 1047 2542 1100 in
2588 1044 2762 1116 primo
2803 1045 2941 1099 libro
2976 1047 3142 1100 totius
3178 1045 3361 1116 operis
3404 1045 3485 1100 sui
3516 1044 3789 1117 synopsim

2202 1137 2438 1196 ediderit
2462 1178 2475 1205 ,
2502 1152 2704 1207 auceps
2750 1146 2869 1192 erat
2896 1152 2961 1191 ac
2986 1136 3182 1191 dubius
3207 1137 3441 1203 animus,
3472 1152 3538 1191 an
3562 1136 3629 1192 de
3666 1151 3793 1192 nos-

2202 1239 2285 1285 tro
2312 1244 2504 1285 novam
2533 1229 2764 1300 aliquam
2782 1229 2979 1299 cuique
3005 1226 3421 1298 pra-ponendam
3448 1225 3790 1294 cuderemus,

2203 1339 2270 1379 an
2295 1325 2474 1395 potius
2497 1339 2562 1379 ex
2592 1323 2765 1392 primo
2790 1332 3179 1392 repeteremus,
3200 1320 3344 1392 quod
3363 1320 3430 1375 ad
3452 1336 3798 1392 unumquem-

2203 1433 2307 1489 que
2336 1416 2590 1488 pertinet,
2618 1424 2711 1471 ant
2735 1417 2895 1470 etiam
2923 1430 2989 1470 eo
3015 1417 3356 1471 mitteremus
3380 1414 3660 1479 lectorem,
3695 1429 3799 1485 quo

2203 1512 2513 1565 summatim
2535 1508 2896 1580 conspiceret,
2923 1506 3066 1577 quod
3096 1508 3148 1563 in
3178 1523 3504 1578 unoquoque
3528 1507 3800 1579 copiosius

2204 1602 2532 1672 disputatur,
2565 1615 2633 1655 an
2675 1599 2911 1670 denique
2951 1600 3083 1656 satis
3126 1600 3449 1656 haberemus
3494 1599 3801 1655 describere

494 1702 709 1753 ratione
756 1695 1080 1767 explicaret.
1132 1695 1268 1750 Hine
1317 1709 1450 1751 sane
1496 1709 1604 1751 non
1658 1695 1724 1750 ad
1757 1710 1946 1750 vanam
1986 1696 2096 1752 elo-
2125 1717 2177 1776 ι)
2207 1696 2388 1752 brevia
2427 1697 2674 1768 quredam
2719 1705 3059 1766 argumenta,
3109 1710 3231 1766 qua:
3283 1695 3349 1750 ad
3392 1695 3615 1750 Iimbum
3658 1710 3791 1749 mss.

492 1791 729 1862 quentiae
760 1790 1182 1845 ostentationem
1216 1796 1338 1843 nata
1367 1776 1450 1843 est
1478 1801 1541 1843 ea
1569 1803 1672 1858 qua
1704 1788 1871 1843 utitur
1901 1787 2093 1844 verbo-

496 1897 618 1937 rum
657 1880 812 1953 copia
841 1898 853 1933 :
888 1880 1143 1935 nimirum
1171 1894 1294 1935 cum
1333 1878 1403 1935 de
1430 1878 1542 1933 Deo
1571 1878 2101 1950 magniﬁcentissime

499 1972 773 2039 sentiret,
825 1971 986 2026 nullis
1049 1987 1302 2042 umquam
1360 1969 1541 2027 verbis
1593 1969 1725 2025 satis
1767 1968 2103 2041 expressisse

502 2065 850 2124 existimabat
872 2064 1014 2137 quod
1044 2065 1292 2122 sentiret.
1321 2063 1401 2120 Ita
1425 2073 1602 2120 tamen
1635 2078 1816 2118 sermo
1845 2061 1994 2117 fusus
2020 2070 2104 2117 est

499 2162 556 2217 in
588 2160 792 2227 verbis,
823 2168 883 2215 ut
909 2159 1115 2215 densus
1142 2158 1213 2213 sit
1242 2158 1296 2214 in
1325 2155 1630 2213 sententiis.
1669 2153 1743 2211 Ut
1767 2154 1910 2211 enim
1942 2163 2101 2209 nota-

504 2256 583 2313 vit
630 2254 998 2325 Augustinus,
1044 2251 1294 2308 brevitati
1346 2248 1553 2306 studuit
1598 2246 1756 2321 (Aug.
1803 2246 1891 2302 lib.
1929 2262 1981 2302 Vl
2041 2247 2105 2302 de

503 2346 679 2415 Trin.,
708 2362 826 2416 cap.
880 2342 989 2417 10).
1016 2342 1199 2414 Longe
1228 2350 1411 2397 autem
1455 2338 1625 2411 magis
1667 2338 1867 2395 studuit
1900 2337 2100 2393 ordini.

500 2439 620 2508 Quo
648 2440 892 2508 inspecto
927 2435 1170 2491 nonnulli
1196 2433 1390 2490 eruditi
1413 2431 1572 2488 facile
1602 2430 1745 2486 factu
1770 2430 2101 2501 judicarunt,

499 2542 561 2590 ut
586 2532 781 2603 singuli
806 2530 929 2587 libri
969 2531 1021 2585 in
1053 2528 1267 2585 diversa
1295 2527 1471 2598 capita
1496 2524 1956 2582 distribuerentur
1974 2566 1990 2591 ,
2020 2522 2103 2579 id-

499 2639 604 2696 que
631 2623 821 2679 lectori
848 2619 1196 2676 commodum
1245 2618 1401 2685 fore,
1441 2618 1487 2673 si
1531 2615 1727 2688 cuique
1757 2615 1920 2685 capiti
1949 2629 2104 2671 sum-

503 2717 690 2774 matim
740 2725 1101 2786 prrenotatum
1148 2712 1376 2768 haberet
1420 2710 1562 2781 quod
1609 2711 1663 2765 in
1705 2725 1772 2765 eo
1816 2715 2098 2765 tractatur.

2203 1786 2547 1845 Corbeiensis
2571 1796 2626 1845 et
2650 1787 3002 1845 Pratellensis
3030 1791 3097 1843 ab
3116 1788 3333 1858 antiqua
3359 1802 3519 1842 manu
3548 1788 3599 1843 in
3624 1785 3799 1843 fronte

2204 1880 2467 1951 cujusque
2492 1879 2615 1935 libri
2641 1880 2912 1949 proposita
2939 1886 3085 1934 sunt.
3118 1878 3223 1936 Sed
3257 1878 3373 1934 lure
3401 1879 3648 1934 breviora
3679 1886 3803 1932 sunt

2204 1972 2340 2037 visa,
2389 1986 2553 2042 quam
2612 1981 2671 2027 ut
2715 1969 3081 2027 sufﬁcientem
3146 1970 3499 2026 dicendorum
3559 1969 3799 2026 notitiam

2205 2080 2396 2136 parere
2423 2065 2684 2120 Valerent.
2733 2064 3008 2121 Hilarisna
3038 2074 3218 2120 autem
3267 2066 3518 2137 synOpsis
3551 2065 3793 2136 plerum-

2205 2172 2310 2229 que
2329 2166 2415 2213 est
2445 2157 2742 2226 prolixior:
2779 2167 2837 2213 et
2860 2157 2955 2228 qui
2982 2156 3127 2213 illius
3163 2157 3415 2229 loquendi
3454 2158 3627 2223 modis
3660 2175 3797 2215 non-

2207 2249 2334 2304 dum
2385 2250 2517 2306 satis
2553 2249 2839 2306 assuefacti
2882 2260 3031 2317 sunt,
3060 2249 3437 2306 desiderarent
3467 2250 3701 2308 fortasse
3741 2260 3799 2307 ut

2206 2341 2625 2413 simplicioribus
2673 2341 3037 2398 locutionibus
3075 2343 3317 2412 exposita
3370 2342 3632 2413 cujusque
3685 2343 3803 2399 libri

2205 2450 2415 2492 summa
2442 2436 2507 2490 ad
2534 2435 2792 2491 llilariani
2822 2437 3090 2493 sermonis
3117 2435 3533 2508 intelligentiam
3562 2438 3644 2493 via
3675 2439 3804 2509 ipsis

2205 2537 2561 2584 sterneretur.
2593 2527 2777 2599 Neque
2816 2527 2958 2584 hunc
2984 2529 3036 2583 in
3066 2528 3222 2586 nobis
3261 2529 3501 2586 laborem
3533 2531 3808 2601 suscipere

2205 2621 2420 2694 gravati
2457 2635 2664 2676 sumus.
2698 2618 2772 2677 At
2820 2636 2888 2677 ne
2911 2621 3202 2693 quidquam
3242 2638 3308 2679 ex
3336 2632 3582 2678 veterum
3614 2623 3809 2681 studiis

2209 2725 2414 2786 pereat,
2442 2723 2760 2786 argumenta
2781 2729 2902 2785 quae
2923 2713 2977 2768 in
3001 2729 3132 2770 mss.
3157 2712 3508 2771 Corbeieusis
3529 2725 3582 2772 et
3600 2714 3810 2772 Pratel-

507 2808 655 2865 Nihil
703 2805 1079 2881 negligendum
1111 2805 1214 2861 rati
1253 2803 1400 2859 unde
1428 2800 1650 2856 lectoris
1676 2799 1831 2855 labor
1857 2799 2108 2854 subleva-
2209 2807 2379 2865 leusis
2408 2807 2635 2878 singulis
2664 2807 2837 2872 libris,
2873 2806 3050 2877 primo
3078 2816 3286 2862 tantum
3310 2816 3560 2879 excepto,
3586 2808 3807 2881 praefixa

498 2909 672 2968 retur,
718 2901 823 2956 hoc
850 2914 957 2955 non
999 2897 1319 2967 reliquimus
1346 2896 1666 2949 intentatum
1698 2909 1712 2946 :
1754 2891 1850 2948 sed
1894 2894 2105 2963 experti
2136 2957 2174 2970 Α
2206 2912 2350 2970 sum,
2377 2901 2462 2958 hic
2486 2902 2541 2957 in
2567 2916 2733 2958 unum
2760 2900 2953 2958 conata
2982 2901 3321 2958 exhibemus,

498 2957 687 3054 sumus
717 3009 824 3051 non
869 2994 987 3049 sine
1015 2957 1196 3062 aliqua
1234 2988 1557 3045 confusione
1581 2985 1830 3059 praestari
1873 3000 1905 3042 a
1948 2957 2105 3044 nobis
2130 2957 2176 3022 Ο

513 3116 2214 3145 W

840 3218 1231 3293 SUMMA
1271 3213 1844 3289 LIBBORUM
1892 3212 2594 3301 SEQUENTIUM
2637 3215 2704 3285 E
2743 3213 3171 3288 DUOBUS
3220 3214 3470 3289 MSS.

575 3463 618 3520 Ι.
645 3461 824 3539 Liber,
846 3461 935 3527 qui
957 3460 1115 3516 totius
1143 3460 1314 3531 operis
1334 3466 1408 3513 est
1436 3456 1594 3513 veluti
1614 3456 1918 3530 proremium
1962 3456 2105 3513 solus

505 3559 564 3614 in
585 3556 847 3631 prtedictis
875 3571 999 3609 mss.
1032 3554 1255 3625 epitome
1278 3562 1436 3607 caret.
1694 3610 1701 3613 _

576 3648 641 3704 Il.
678 3647 843 3702 Omne
891 3653 1274 3702 sacramentum
1307 3644 1496 3700 divina:
1524 3644 1871 3715 generationis
1912 3644 2107 3711 edocet,

503 3739 884 3796 absolutissima
909 3739 1267 3791 demonstrans
1292 3746 1341 3790 et
1370 3734 1639 3791 Trinitatis
1666 3747 1711 3790 et
1734 3736 2001 3790 nominum
2026 3753 2108 3792 ve-

503 3833 750 3896 ritatem;
796 3830 868 3884 ita
915 3838 970 3883 ut
1012 3845 1173 3901 neque
1224 3843 1332 3883 non
1371 3829 1486 3900 ipsa
1521 3828 1587 3883 sit
1627 3831 1812 3884 veritas
1862 3831 2105 3896 nominis,

504 3941 667 3997 neque
688 3939 792 3979 non
817 3938 1002 3977 nomen
1031 3922 1098 3976 sit
1121 3921 1370 3985 veritatis.

576 4018 664 4074 Ill.
710 4016 925 4072 Omnent
966 4015 1328 4088 difﬁcultatem
1378 4015 1526 4083 dicti,
1572 4032 1671 4087 quo
1721 4015 1973 4072 Dominus
2013 4019 2106 4087 ait,

506 4113 622 4185 Ego
661 4113 714 4167 in
748 4113 928 4174 Patre,
956 4118 1012 4167 et
1046 4110 1207 4166 Pater
1235 4110 1288 4165 in
1320 4125 1429 4175 me,
1453 4109 1630 4164 multis
1655 4111 1905 4179 exemplis
1934 4112 2003 4164 ad
2028 4112 2111 4166 in-

508 4206 805 4277 telligentiae
838 4205 995 4276 ﬁdem
1031 4212 1271 4270 coaptat:
1299 4204 1372 4258 ita
1398 4213 1452 4257 ut
1484 4219 1648 4274 neque
1675 4220 1777 4258 non
1798 4203 2109 4260 credendum

507 4299 571 4354 de
608 4315 664 4353 se
694 4297 802 4353 Deo
828 4298 932 4364 sit;
958 4312 1119 4368 neque
1157 4295 1494 4365 opinandum,
1520 4304 1665 4351 extra
1706 4296 1959 4352 rationem
1986 4297 2109 4367 ﬁdei

504 4408 616 4448 esse
639 4390 1032 4461 intelligentiam
1068 4390 1352 4460 potestatis.

2189 3500 2192 3504 Α
2217 3470 2332 3509 cum
2354 3454 2610 3509 damnatis
2640 3455 2895 3510 lucreticis
2921 3455 3199 3526 quidquam
3228 3455 3477 3525 patiatur,
3490 3472 3584 3510 nec
3616 3454 3811 3514 Filium

2216 3544 2317 3602 Dei
2344 3547 2624 3602 secundum
2657 3555 2703 3601 et
2727 3544 2903 3600 Patris
2944 3547 3307 3614 testimonium,
3340 3557 3386 3602 et
3429 3564 3576 3602 suam
3604 3553 3809 3622 profes-

2215 3642 2408 3695 sionem
2433 3639 2773 3711 ignorandum
2801 3655 2909 3694 esse
2935 3639 3174 3709 cuiquam
3200 3640 3473 3712 permittat.

2286 3730 2399 3787 VII.
2434 3730 2625 3786 Contra
2656 3729 2938 3787 Sabellium
2978 3740 3023 3786 et
3055 3730 3335 3786 Hebionem
3363 3732 3530 3787 ethos
3569 3750 3674 3790 non
3710 3735 3812 3792 veri

2217 3823 2314 3877 Dei
2334 3822 2699 3893 pra'dicatores
2725 3823 3076 3894 congreditur,
3102 3840 3323 3895 quorum
3358 3824 3492 3879 inter
3513 3842 3565 3880 se
3585 3827 3811 3883 diversas

2211 3913 2444 3986 perfidia:
2470 3915 2774 3983 quaestiones
2805 3916 3134 3986 conferendo,
3167 3927 3412 3988 quantum
3444 3919 3642 3975 intersit
3680 3922 3811 3976 inter

2212 4024 2389 4062 sanam
2426 4016 2471 4062 et
2499 4006 2845 4063 inviolabilem
2873 4008 2995 4078 fidri
3022 4017 3208 4064 nostra:
3228 4010 3516 4066 doctrinam
3542 4013 3812 4069 absolutis-

2211 4099 2337 4156 sime
2371 4101 2704 4156 demonstrat.
2741 4100 2830 4156 Sic
2855 4117 3070 4171 namque
3100 4118 3282 4156 causas
3310 4103 3631 4175 singulorum
3653 4122 3807 4179 gene-

2212 4211 2328 4249 rum
2371 4210 2437 4250 ea:
2466 4193 2760 4269 Euangeliis
2800 4205 3064 4269 excerptas
3107 4198 3451 4268 prosequitur,
3477 4206 3533 4252 ut
3562 4215 3654 4254 nec
3684 4216 3808 4269 pro-

2218 4290 2372 4359 fessio
2392 4300 2568 4344 nostra
2610 4291 2825 4345 tacuerit
2845 4289 2938 4345 Dei
2970 4289 3096 4345 Filii
3120 4301 3440 4363 potestatem,
3471 4309 3561 4347 nec
3590 4305 3808 4364 potestas

2217 4396 2319 4433 non
2346 4381 2626 4434 exseruerit
2653 4391 2912 4444 naturam,
2942 4398 3032 4435 nec
3056 4393 3244 4436 natura
3266 4399 3370 4438 non
3396 4400 3503 4440 sum
3529 4385 3811 4441 nativitatis

577 4482 668 4539 IV.
697 4481 1070 4538 [hereticorum
1091 4482 1378 4536 doctrinam
1390 4482 1619 4552 exponit.
1636 4480 1857 4550 Deinde,
1877 4485 2101 4541 omnibus

2215 4471 2302 4536 sit,
2327 4487 2416 4525 nec
2446 4472 2685 4525 nativitas
2715 4488 2817 4526 non
2845 4473 2924 4526 sui
2949 4476 3012 4526 sit
3042 4474 3284 4527 nominis.

507 4576 635 4648 legis
673 4591 737 4628 ac
780 4574 1152 4647 prapltetarum
1192 4574 1492 4628 testimoniis
1537 4574 1918 4642 demonstratis,
1948 4579 2104 4645 per/i-

506 4668 646 4724 diam
673 4683 850 4723 eorum
889 4667 963 4721 ita
1000 4665 1234 4731 revincit,
1262 4674 1318 4719 ut
1363 4680 1523 4719 unum
1548 4663 1714 4720 Deum
1753 4667 1863 4721 sine
1900 4666 2105 4724 Christo

504 4760 619 4818 Deo
659 4771 709 4818 et
750 4760 1013 4831 confiteri,
1064 4769 1111 4815 et
1148 4774 1252 4814 non
1289 4774 1404 4813 cum
1450 4774 1509 4813 eo
1542 4758 1829 4830 praedicare
1873 4761 2109 4831 perfidia:

500 4854 591 4910 sit.

580 4945 648 5002 V.
692 4944 885 5002 Contra
913 4960 1089 5001 omnes
1125 4943 1484 4999 hereticorum
1512 4944 1855 5015 professiones
1892 4960 2105 5018 congre-

505 5040 668 5107 ditur,
684 5039 874 5112 quibus
899 5055 1059 5093 unum
1089 5037 1252 5093 Deum
1271 5037 1555 5094 secundum
1574 5038 1755 5111 legem,
1779 5038 1847 5093 ad
1871 5039 2105 5092 adimen-

507 5132 629 5187 dam
678 5130 899 5186 Domino
940 5129 1146 5186 Christo
1176 5131 1515 5193 natiuitatem,
1548 5139 1596 5183 et
1637 5130 2013 5202 proferentibus
2056 5140 2103 5185 et

505 5222 904 5296 prwdicantibus
957 5222 1031 5275 ita
1073 5222 1364 5291 respondet,
1421 5230 1477 5276 ut
1524 5237 1628 5275 uno
1666 5236 1784 5276 vero
1817 5220 1915 5277 Dei
1958 5233 2104 5293 patre

509 5330 574 5370 ea:
602 5316 711 5388 lege
750 5324 797 5368 et
823 5311 1084 5386 prophetis
1119 5312 1404 5381 prtedicato
1441 5323 1487 5367 et
1517 5314 1645 5383 fides
1678 5315 1833 5370 unius
1854 5312 1953 5371 Dei
1991 5333 2103 5371 nta-

505 5415 626 5461 neat
655 5406 975 5476 incorrupta,
1009 5412 1056 5457 et
1084 5420 1186 5458 non
1212 5413 1421 5474 negetur
1448 5405 1708 5459 nativitas.

583 5496 669 5552 VI.
702 5495 890 5550 Omnes
926 5496 1114 5564 impias
1135 5506 1183 5551 et
1205 5497 1561 5564 fraudulentas
1574 5497 2107 5552 htereticorumasser-

508 5589 693 5655 tiones,
735 5586 989 5642 Valentini
1029 5587 1243 5654 scilicet,
1271 5598 1317 5643 et
1346 5586 1582 5655 Sabellii,
1627 5598 1676 5643 et
1726 5587 2005 5644 Manichaai
2058 5597 2106 5644 et

513 5678 816 5735 Hierarrlue
847 5681 1162 5751 apertissime
1215 5680 1414 5751 pandit.
1463 5682 1556 5737 Sic
1603 5683 1739 5735 enim
1790 5680 2107 5751 singulorum

506 5774 752 5845 correptis
777 5772 833 5829 in
848 5773 1029 5830 melius
1051 5774 1212 5830 uerbis
1238 5775 1484 5842 occurrit,
1510 5768 1568 5829 ut
1591 5767 1681 5829 nec
1708 5766 1975 5829 commune
1998 5765 2106 5830 esse

2284 4563 2422 4620 VIII.
2460 4563 2625 4620 Totus
2647 4566 2699 4619 in
2726 4566 2880 4619 unius
2906 4565 3000 4620 Dei
3041 4566 3520 4625 demonstrationem
3574 4573 3808 4628 detentus

2213 4666 2309 4721 est,
2338 4672 2442 4710 non
2481 4660 2716 4724 auferens
2740 4654 2883 4712 Filio
2911 4657 3002 4712 Dei
3027 4660 3359 4729 nativitatem,
3387 4663 3477 4718 sed
3518 4681 3676 4735 neque
3722 4683 3809 4737 per

2214 4765 2324 4804 eam
2352 4749 2513 4803 duum
2535 4751 2742 4805 deorum
2766 4751 3080 4807 divinitatem
3098 4753 3447 4811 introducens.
3475 4756 3674 4814 Deinde
3694 4760 3802 4829 qui-

2216 4845 2309 4899 bus
2337 4843 2499 4898 modis
2550 4844 2776 4899 lueretici
2825 4846 3084 4900 veritatem
3108 4846 3206 4901 Dei
3230 4846 3410 4904 Patris
3456 4860 3503 4905 et
3536 4849 3636 4907 Dei
3654 4849 3805 4919 Filii,

2216 4938 2338 5008 quia
2359 4954 2546 5009 negare
2569 4954 2670 4992 non
2702 4946 2938 5008 possunt,
2970 4938 3173 4993 eludere
3202 4940 3455 5003 nituntur,
3487 4944 3682 4999 edocet.
3718 4945 3808 5003 Sic

2212 5031 2368 5084 etiam
2391 5040 2575 5084 cretera
2596 5032 2938 5100 prosequitur,
2968 5040 3024 5084 ut
3051 5040 3098 5086 et
3134 5032 3185 5085 iu
3207 5029 3365 5087 Patre
3383 5033 3552 5091 Filius
3576 5037 3808 5094 intellec-

2212 5133 2315 5190 tus,
2347 5132 2392 5179 et
2436 5122 2592 5178 Pater
2639 5125 2692 5178 in
2734 5122 2872 5179 Filio
2904 5125 3160 5197 cognitus,
3203 5127 3451 5199 unigeniti
3481 5128 3573 5184 Dei
3620 5134 3807 5188 nativi-

2212 5225 2290 5270 tas
2330 5224 2378 5269 et
2410 5218 2635 5288 perfecta
2663 5215 2788 5289 (Ms.
2819 5214 2983 5271 Corb.
3042 5219 3274 5284 perfecti.
3307 5216 3526 5276 Confer.
3572 5223 3796 5281 Brevia-

2210 5310 2350 5363 rium
2386 5307 2572 5363 llilarii
2604 5308 2696 5362 lib.
2731 5306 2771 5376 ι)
2822 5307 2876 5361 in
2899 5324 2957 5362 eo
2986 5308 3149 5364 deitas
3189 5311 3242 5365 in
3284 5313 3424 5368 omni
3451 5317 3804 5385 manifestetur

2207 5402 2435 5457 veritate.

2280 5493 2375 5550 IX.
2429 5494 2492 5549 In
2540 5494 2847 5565 repellendis
2912 5496 3268 5553 haereticorum
3328 5501 3598 5569 fraudibus
3668 5513 3803 5559 totus

2207 5589 2435 5658 digestus
2466 5597 2576 5642 est:
2615 5589 2797 5658 quibus
2839 5600 3083 5660 corrupto
3126 5591 3499 5665 depravatoque
3539 5612 3691 5651 sensu
3738 5614 3803 5652 ea:

2210 5682 2464 5734 dictorum
2506 5680 2876 5734 dominicorum
2906 5683 3307 5753 professionibus
3341 5684 3410 5739 ad
3438 5686 3800 5756 inﬁrmandam

2209 5757 2459 5843 unigeniti
2486 5765 2588 5828 Dei
2613 5768 2925 5829 diuinitutem
2945 5767 3293 5832 resistentibus
3321 5776 3395 5832 ita
3422 5781 3715 5851 respondet,
3745 5765 3802 5836 ul
