  <div class='ocr_page' id='page_1' title='image "/cluster/home/n/w/nwhite01/storage/ocr_20150623/10/uva.x000826522/020.png"; bbox 0 0 3960 6202; ppageno 0'>
   <div class='ocr_carea' id='block_1_1' title="bbox 149 285 3441 380">
    <p class='ocr_par' dir='ltr' id='par_1_1' title="bbox 149 285 3441 380">
     <span class='ocr_line' id='line_1_1' title="bbox 149 285 3441 380; baseline 0.012 -40"><span class='ocrx_word' id='word_1_1' title='bbox 149 285 216 341; x_wconf 70' lang='lat'><strong>25</strong></span> <span class='ocrx_word' id='word_1_2' title='bbox 1284 296 1372 354; x_wconf 86' lang='lat' dir='ltr'><strong><em>DE</em></strong></span> <span class='ocrx_word' id='word_1_3' title='bbox 1411 297 1808 371; x_wconf 81' lang='lat' dir='ltr'><strong><em>TRINITATE,</em></strong></span> <span class='ocrx_word' id='word_1_4' title='bbox 1850 303 2051 363; x_wconf 79' lang='lat' dir='ltr'><strong><em>LIBER</em></strong></span> <span class='ocrx_word' id='word_1_5' title='bbox 2086 306 2357 367; x_wconf 81' lang='lat' dir='ltr'><strong><em>PRIMUS.</em></strong></span> <span class='ocrx_word' id='word_1_6' title='bbox 3369 321 3441 380; x_wconf 73' lang='lat'><strong><em>36</em></strong></span> 
     </span>
    </p>
   </div>
   <div class='ocr_carea' id='block_1_2' title="bbox 153 400 3442 509">
    <p class='ocr_par' dir='ltr' id='par_1_2' title="bbox 153 400 3442 509">
     <span class='ocr_line' id='line_1_2' title="bbox 153 400 3442 509; baseline 0.012 -54"><span class='ocrx_word' id='word_1_7' title='bbox 153 400 367 455; x_wconf 74' lang='lat' dir='ltr'><strong><em>oinmbns</em></strong></span> <span class='ocrx_word' id='word_1_8' title='bbox 384 401 676 458; x_wconf 72' lang='lat' dir='ltr'><strong><em>edictorum</em></strong></span> <span class='ocrx_word' id='word_1_9' title='bbox 700 406 869 462; x_wconf 89' lang='lat' dir='ltr'><strong><em>causis</em></strong></span> <span class='ocrx_word' id='word_1_10' title='bbox 903 422 966 463; x_wconf 81' lang='lat' dir='ltr'><strong><em>ea:</em></strong></span> <span class='ocrx_word' id='word_1_11' title='bbox 992 407 1073 463; x_wconf 88' lang='lat' dir='ltr'><strong><em>his</em></strong></span> <span class='ocrx_word' id='word_1_12' title='bbox 1124 410 1251 482; x_wconf 88' lang='lat' dir='ltr'><strong><em>ipsis</em></strong></span> <span class='ocrx_word' id='word_1_13' title='bbox 1272 413 1351 467; x_wconf 88' lang='lat' dir='ltr'><strong><em>vel</em></strong></span> <span class='ocrx_word' id='word_1_14' title='bbox 1374 414 1733 487; x_wconf 88' lang='lat' dir='ltr'><strong><em>interrogatio-</em></strong></span> <span class='ocrx_word' id='word_1_15' title='bbox 1762 425 1814 484; x_wconf 76' lang='grc' dir='ltr'><strong>Α</strong></span> <span class='ocrx_word' id='word_1_16' title='bbox 1841 422 2140 489; x_wconf 77' lang='lat' dir='ltr'><strong><em>apostolicis</em></strong></span> <span class='ocrx_word' id='word_1_17' title='bbox 2169 427 2472 482; x_wconf 74' lang='lat' dir='ltr'><strong><em>testimoniis</em></strong></span> <span class='ocrx_word' id='word_1_18' title='bbox 2494 429 2669 485; x_wconf 87' lang='lat' dir='ltr'><strong><em>edocet</em></strong></span> <span class='ocrx_word' id='word_1_19' title='bbox 2697 446 2897 504; x_wconf 77' lang='lat' dir='ltr'><strong><em>semper</em></strong></span> <span class='ocrx_word' id='word_1_20' title='bbox 2926 432 3137 492; x_wconf 79' lang='lat' dir='ltr'><strong><em>Patrem</em></strong></span> <span class='ocrx_word' id='word_1_21' title='bbox 3165 447 3214 493; x_wconf 89' lang='lat' dir='ltr'><strong><em>et</em></strong></span> <span class='ocrx_word' id='word_1_22' title='bbox 3242 454 3442 509; x_wconf 79' lang='lat' dir='ltr'><strong><em>semper</em></strong></span> 
     </span>
    </p>
   </div>
   <div class='ocr_carea' id='block_1_3' title="bbox 152 495 1731 577">
    <p class='ocr_par' dir='ltr' id='par_1_3' title="bbox 152 495 1731 577">
     <span class='ocr_line' id='line_1_3' title="bbox 152 495 1731 577; baseline 0.01 -28"><span class='ocrx_word' id='word_1_23' title='bbox 152 511 261 549; x_wconf 84' lang='lat' dir='ltr'><strong><em>num</em></strong></span> <span class='ocrx_word' id='word_1_24' title='bbox 305 495 380 549; x_wconf 83' lang='lat' dir='ltr'><strong><em>vel</em></strong></span> <span class='ocrx_word' id='word_1_25' title='bbox 410 504 706 567; x_wconf 73' lang='lat' dir='ltr'><strong><em>temporum</em></strong></span> <span class='ocrx_word' id='word_1_26' title='bbox 743 500 820 555; x_wconf 89' lang='lat' dir='ltr'><strong><em>vel</em></strong></span> <span class='ocrx_word' id='word_1_27' title='bbox 858 500 1298 577; x_wconf 84' lang='lat' dir='ltr'><strong><em>dispensationum</em></strong></span> <span class='ocrx_word' id='word_1_28' title='bbox 1341 509 1612 577; x_wconf 74' lang='lat' dir='ltr'><strong><em>generibus</em></strong></span> <span class='ocrx_word' id='word_1_29' title='bbox 1641 511 1731 566; x_wconf 90' lang='lat' dir='ltr'><strong><em>de-</em></strong></span> 
     </span>
    </p>
   </div>
   <div class='ocr_carea' id='block_1_4' title="bbox 153 588 1734 661">
    <p class='ocr_par' dir='ltr' id='par_1_4' title="bbox 153 588 1734 661">
     <span class='ocr_line' id='line_1_4' title="bbox 153 588 1734 661; baseline 0.01 -20"><span class='ocrx_word' id='word_1_30' title='bbox 153 588 459 655; x_wconf 70' lang='lat' dir='ltr'><strong><em>monstratis,</em></strong></span> <span class='ocrx_word' id='word_1_31' title='bbox 503 605 603 643; x_wconf 89' lang='lat' dir='ltr'><strong><em>non</em></strong></span> <span class='ocrx_word' id='word_1_32' title='bbox 634 592 881 661; x_wconf 89' lang='lat' dir='ltr'><strong><em>pertineat</em></strong></span> <span class='ocrx_word' id='word_1_33' title='bbox 907 594 976 648; x_wconf 87' lang='lat' dir='ltr'><strong><em>ad</em></strong></span> <span class='ocrx_word' id='word_1_34' title='bbox 1012 597 1374 654; x_wconf 74' lang='lat' dir='ltr'><strong><em>contumeliam</em></strong></span> <span class='ocrx_word' id='word_1_35' title='bbox 1393 616 1522 654; x_wconf 80' lang='lat' dir='ltr'><strong><em>verte</em></strong></span> <span class='ocrx_word' id='word_1_36' title='bbox 1550 602 1734 657; x_wconf 88' lang='lat' dir='ltr'><strong><em>divini-</em></strong></span> 
     </span>
    </p>
   </div>
   <div class='ocr_carea' id='block_1_5' title="bbox 152 682 1737 763">
    <p class='ocr_par' dir='ltr' id='par_1_5' title="bbox 152 682 1737 763">
     <span class='ocr_line' id='line_1_5' title="bbox 152 682 1737 763; baseline 0.01 -28"><span class='ocrx_word' id='word_1_37' title='bbox 152 682 282 749; x_wconf 88' lang='lat' dir='ltr'><strong><em>tatis,</em></strong></span> <span class='ocrx_word' id='word_1_38' title='bbox 310 682 446 751; x_wconf 79' lang='lat' dir='ltr'><strong><em>quod</em></strong></span> <span class='ocrx_word' id='word_1_39' title='bbox 475 696 854 740; x_wconf 79' lang='lat' dir='ltr'><strong><em>sacramentum</em></strong></span> <span class='ocrx_word' id='word_1_40' title='bbox 877 687 999 758; x_wconf 77' lang='lat' dir='ltr'><strong><em>ﬁdei</em></strong></span> <span class='ocrx_word' id='word_1_41' title='bbox 1029 691 1332 763; x_wconf 76' lang='lat' dir='ltr'><strong><em>evangelica:</em></strong></span> <span class='ocrx_word' id='word_1_42' title='bbox 1356 694 1447 747; x_wconf 93' lang='lat' dir='ltr'><strong><em>sub</em></strong></span> <span class='ocrx_word' id='word_1_43' title='bbox 1469 694 1737 763; x_wconf 76' lang='lat' dir='ltr'><strong><em>dispensa-</em></strong></span> 
     </span>
    </p>
   </div>
   <div class='ocr_carea' id='block_1_6' title="bbox 154 776 1675 856">
    <p class='ocr_par' dir='ltr' id='par_1_6' title="bbox 154 776 1675 856">
     <span class='ocr_line' id='line_1_6' title="bbox 154 776 1675 856; baseline 0.009 -29"><span class='ocrx_word' id='word_1_44' title='bbox 154 776 277 828; x_wconf 91' lang='lat' dir='ltr'><strong><em>tione</em></strong></span> <span class='ocrx_word' id='word_1_45' title='bbox 298 783 347 828; x_wconf 88' lang='lat' dir='ltr'><strong><em>et</em></strong></span> <span class='ocrx_word' id='word_1_46' title='bbox 374 776 620 847; x_wconf 85' lang='lat' dir='ltr'><strong><em>ternporis</em></strong></span> <span class='ocrx_word' id='word_1_47' title='bbox 649 787 696 832; x_wconf 91' lang='lat' dir='ltr'><strong><em>et</em></strong></span> <span class='ocrx_word' id='word_1_48' title='bbox 726 779 1008 834; x_wconf 89' lang='lat' dir='ltr'><strong><em>nativitatis</em></strong></span> <span class='ocrx_word' id='word_1_49' title='bbox 1026 792 1071 835; x_wconf 91' lang='lat' dir='ltr'><strong><em>et</em></strong></span> <span class='ocrx_word' id='word_1_50' title='bbox 1102 784 1320 838; x_wconf 85' lang='lat' dir='ltr'><strong><em>nominis</em></strong></span> <span class='ocrx_word' id='word_1_51' title='bbox 1346 785 1675 856; x_wconf 80' lang='lat' dir='ltr'><strong><em>prtedicatur.</em></strong></span> 
     </span>
    </p>
   </div>
   <div class='ocr_carea' id='block_1_7' title="bbox 217 865 1734 949">
    <p class='ocr_par' dir='ltr' id='par_1_7' title="bbox 217 865 1734 949">
     <span class='ocr_line' id='line_1_7' title="bbox 217 865 1734 949; baseline 0.011 -28"><span class='ocrx_word' id='word_1_52' title='bbox 217 865 279 921; x_wconf 74' lang='grc' dir='ltr'><strong><em>Χ.</em></strong></span> <span class='ocrx_word' id='word_1_53' title='bbox 317 865 569 922; x_wconf 85' lang='lat' dir='ltr'><strong><em>Universa</em></strong></span> <span class='ocrx_word' id='word_1_54' title='bbox 590 887 705 940; x_wconf 77' lang='lat' dir='ltr'><strong><em>gnte</em></strong></span> <span class='ocrx_word' id='word_1_55' title='bbox 727 887 818 944; x_wconf 88' lang='lat' dir='ltr'><strong><em>per</em></strong></span> <span class='ocrx_word' id='word_1_56' title='bbox 843 873 1016 929; x_wconf 68' lang='lat' dir='ltr'><strong><em>stulta?</em></strong></span> <span class='ocrx_word' id='word_1_57' title='bbox 1054 874 1408 949; x_wconf 64' lang='lat' dir='ltr'><strong><em>intelligentia!</em></strong></span> <span class='ocrx_word' id='word_1_58' title='bbox 1431 898 1635 936; x_wconf 78' lang='lat' dir='ltr'><strong><em>sensum</em></strong></span> <span class='ocrx_word' id='word_1_59' title='bbox 1666 884 1734 938; x_wconf 89' lang='lat' dir='ltr'><strong><em>ad</em></strong></span> 
     </span>
    </p>
   </div>
   <div class='ocr_carea' id='block_1_8' title="bbox 154 962 1736 1034">
    <p class='ocr_par' dir='ltr' id='par_1_8' title="bbox 154 962 1736 1034">
     <span class='ocr_line' id='line_1_8' title="bbox 154 962 1736 1034; baseline 0.013 -20"><span class='ocrx_word' id='word_1_60' title='bbox 154 962 502 1017; x_wconf 78' lang='lat' dir='ltr'><strong><em>contumeliam</em></strong></span> <span class='ocrx_word' id='word_1_61' title='bbox 540 963 727 1019; x_wconf 70' lang='lat' dir='ltr'><strong><em>divinis</em></strong></span> <span class='ocrx_word' id='word_1_62' title='bbox 763 966 819 1019; x_wconf 88' lang='lat' dir='ltr'><strong><em>in</em></strong></span> <span class='ocrx_word' id='word_1_63' title='bbox 861 964 1084 1023; x_wconf 90' lang='lat' dir='ltr'><strong><em>Domino</em></strong></span> <span class='ocrx_word' id='word_1_64' title='bbox 1122 968 1252 1024; x_wconf 82' lang='lat' dir='ltr'><strong><em>Jesu</em></strong></span> <span class='ocrx_word' id='word_1_65' title='bbox 1296 970 1501 1029; x_wconf 80' lang='lat' dir='ltr'><strong><em>Christo</em></strong></span> <span class='ocrx_word' id='word_1_66' title='bbox 1538 985 1736 1034; x_wconf 72' lang='lat' dir='ltr'><strong><em>natura:</em></strong></span> 
     </span>
    </p>
   </div>
   <div class='ocr_carea' id='block_1_9' title="bbox 151 1056 1737 1134">
    <p class='ocr_par' dir='ltr' id='par_1_9' title="bbox 151 1056 1737 1134">
     <span class='ocr_line' id='line_1_9' title="bbox 151 1056 1737 1134; baseline 0.013 -27"><span class='ocrx_word' id='word_1_67' title='bbox 151 1056 438 1125; x_wconf 79' lang='lat' dir='ltr'><strong><em>virtutisque</em></strong></span> <span class='ocrx_word' id='word_1_68' title='bbox 482 1057 710 1113; x_wconf 66' lang='lat' dir='ltr'><strong><em>haretici</em></strong></span> <span class='ocrx_word' id='word_1_69' title='bbox 753 1072 1059 1132; x_wconf 88' lang='lat' dir='ltr'><strong><em>rapuerunt,</em></strong></span> <span class='ocrx_word' id='word_1_70' title='bbox 1087 1063 1389 1134; x_wconf 88' lang='lat' dir='ltr'><strong><em>impiissime</em></strong></span> <span class='ocrx_word' id='word_1_71' title='bbox 1416 1067 1478 1121; x_wconf 91' lang='lat' dir='ltr'><strong><em>ab</em></strong></span> <span class='ocrx_word' id='word_1_72' title='bbox 1499 1069 1563 1124; x_wconf 79' lang='lat' dir='ltr'><strong><em>iis</em></strong></span> <span class='ocrx_word' id='word_1_73' title='bbox 1583 1071 1737 1128; x_wconf 87' lang='lat' dir='ltr'><strong><em>intel—</em></strong></span> 
     </span>
    </p>
   </div>
   <div class='ocr_carea' id='block_1_10' title="bbox 152 1144 1738 1230">
    <p class='ocr_par' dir='ltr' id='par_1_10' title="bbox 152 1144 1738 1230">
     <span class='ocr_line' id='line_1_10' title="bbox 152 1144 1738 1230; baseline 0.014 -33"><span class='ocrx_word' id='word_1_74' title='bbox 152 1144 274 1199; x_wconf 84' lang='lat' dir='ltr'><strong><em>lecta</em></strong></span> <span class='ocrx_word' id='word_1_75' title='bbox 291 1162 400 1201; x_wconf 86' lang='lat' dir='ltr'><strong><em>esse</em></strong></span> <span class='ocrx_word' id='word_1_76' title='bbox 427 1148 760 1216; x_wconf 83' lang='lat' dir='ltr'><strong><em>demonstrat,</em></strong></span> <span class='ocrx_word' id='word_1_77' title='bbox 786 1153 1050 1225; x_wconf 83' lang='lat' dir='ltr'><strong><em>magisque</em></strong></span> <span class='ocrx_word' id='word_1_78' title='bbox 1077 1172 1112 1210; x_wconf 91' lang='lat' dir='ltr'><strong><em>a</em></strong></span> <span class='ocrx_word' id='word_1_79' title='bbox 1139 1155 1364 1212; x_wconf 88' lang='lat' dir='ltr'><strong><em>Domino</em></strong></span> <span class='ocrx_word' id='word_1_80' title='bbox 1391 1160 1458 1212; x_wconf 91' lang='lat' dir='ltr'><strong><em>ad</em></strong></span> <span class='ocrx_word' id='word_1_81' title='bbox 1486 1173 1738 1230; x_wconf 86' lang='lat' dir='ltr'><strong><em>protesta-</em></strong></span> 
     </span>
    </p>
   </div>
   <div class='ocr_carea' id='block_1_11' title="bbox 151 1236 1730 1325">
    <p class='ocr_par' dir='ltr' id='par_1_11' title="bbox 151 1236 1730 1325">
     <span class='ocr_line' id='line_1_11' title="bbox 151 1236 1730 1325; baseline 0.015 -36"><span class='ocrx_word' id='word_1_82' title='bbox 151 1236 326 1291; x_wconf 82' lang='lat' dir='ltr'><strong><em>tionem</em></strong></span> <span class='ocrx_word' id='word_1_83' title='bbox 351 1254 483 1294; x_wconf 79' lang='lat' dir='ltr'><strong><em>vera:</em></strong></span> <span class='ocrx_word' id='word_1_84' title='bbox 504 1251 552 1294; x_wconf 93' lang='lat' dir='ltr'><strong><em>et</em></strong></span> <span class='ocrx_word' id='word_1_85' title='bbox 571 1247 810 1313; x_wconf 73' lang='lat' dir='ltr'><strong><em>perfecta:</em></strong></span> <span class='ocrx_word' id='word_1_86' title='bbox 834 1244 889 1299; x_wconf 90' lang='lat' dir='ltr'><strong><em>in</em></strong></span> <span class='ocrx_word' id='word_1_87' title='bbox 918 1263 972 1300; x_wconf 88' lang='lat' dir='ltr'><strong><em>se</em></strong></span> <span class='ocrx_word' id='word_1_88' title='bbox 997 1249 1279 1321; x_wconf 85' lang='lat' dir='ltr'><strong><em>majestatis</em></strong></span> <span class='ocrx_word' id='word_1_89' title='bbox 1306 1269 1411 1307; x_wconf 88' lang='lat' dir='ltr'><strong><em>esse</em></strong></span> <span class='ocrx_word' id='word_1_90' title='bbox 1428 1267 1730 1325; x_wconf 85' lang='lat' dir='ltr'><strong><em>memorata,</em></strong></span> 
     </span>
    </p>
   </div>
   <div class='ocr_carea' id='block_1_12' title="bbox 151 1329 1736 1413">
    <p class='ocr_par' dir='ltr' id='par_1_12' title="bbox 151 1329 1736 1413">
     <span class='ocr_line' id='line_1_12' title="bbox 151 1329 1736 1413; baseline 0.015 -31"><span class='ocrx_word' id='word_1_91' title='bbox 151 1329 269 1383; x_wconf 84' lang='lat' dir='ltr'><strong><em>nihil</em></strong></span> <span class='ocrx_word' id='word_1_92' title='bbox 305 1333 462 1386; x_wconf 88' lang='lat' dir='ltr'><strong><em>etiam</em></strong></span> <span class='ocrx_word' id='word_1_93' title='bbox 510 1335 887 1408; x_wconf 76' lang='lat' dir='ltr'><strong><em>inexploratum</em></strong></span> <span class='ocrx_word' id='word_1_94' title='bbox 915 1350 1006 1395; x_wconf 88' lang='lat' dir='ltr'><strong><em>aut</em></strong></span> <span class='ocrx_word' id='word_1_95' title='bbox 1036 1345 1269 1407; x_wconf 87' lang='lat' dir='ltr'><strong><em>tacitum,</em></strong></span> <span class='ocrx_word' id='word_1_96' title='bbox 1301 1347 1438 1413; x_wconf 84' lang='lat' dir='ltr'><strong><em>quod</em></strong></span> <span class='ocrx_word' id='word_1_97' title='bbox 1464 1350 1532 1402; x_wconf 87' lang='lat' dir='ltr'><strong><em>ad</em></strong></span> <span class='ocrx_word' id='word_1_98' title='bbox 1560 1367 1736 1406; x_wconf 86' lang='lat' dir='ltr'><strong><em>sacra-</em></strong></span> 
     </span>
    </p>
   </div>
   <div class='ocr_carea' id='block_1_13' title="bbox 149 1428 1736 1513">
    <p class='ocr_par' dir='ltr' id='par_1_13' title="bbox 149 1428 1736 1513">
     <span class='ocr_line' id='line_1_13' title="bbox 149 1428 1736 1513; baseline 0.014 -37"><span class='ocrx_word' id='word_1_99' title='bbox 149 1434 361 1478; x_wconf 83' lang='lat' dir='ltr'><strong><em>mentum</em></strong></span> <span class='ocrx_word' id='word_1_100' title='bbox 399 1428 588 1482; x_wconf 70' lang='lat' dir='ltr'><strong><em>animas</em></strong></span> <span class='ocrx_word' id='word_1_101' title='bbox 605 1432 937 1504; x_wconf 84' lang='lat' dir='ltr'><strong><em>corporisque</em></strong></span> <span class='ocrx_word' id='word_1_102' title='bbox 961 1431 1175 1491; x_wconf 87' lang='lat' dir='ltr'><strong><em>Domini</em></strong></span> <span class='ocrx_word' id='word_1_103' title='bbox 1205 1436 1331 1494; x_wconf 68' lang='lat' dir='ltr'><strong><em>Iesu</em></strong></span> <span class='ocrx_word' id='word_1_104' title='bbox 1361 1438 1554 1497; x_wconf 82' lang='lat' dir='ltr'><strong><em>Christi</em></strong></span> <span class='ocrx_word' id='word_1_105' title='bbox 1579 1446 1736 1513; x_wconf 85' lang='lat' dir='ltr'><strong><em>perti—</em></strong></span> 
     </span>
    </p>
   </div>
   <div class='ocr_carea' id='block_1_14' title="bbox 150 1518 1733 1595">
    <p class='ocr_par' dir='ltr' id='par_1_14' title="bbox 150 1518 1733 1595">
     <span class='ocr_line' id='line_1_14' title="bbox 150 1518 1733 1595; baseline 0.015 -25"><span class='ocrx_word' id='word_1_106' title='bbox 150 1527 223 1571; x_wconf 84' lang='lat' dir='ltr'><strong><em>net</em></strong></span> <span class='ocrx_word' id='word_1_107' title='bbox 270 1518 649 1591; x_wconf 77' lang='lat' dir='ltr'><strong><em>derelinquens,</em></strong></span> <span class='ocrx_word' id='word_1_108' title='bbox 693 1525 783 1579; x_wconf 89' lang='lat' dir='ltr'><strong><em>sed</em></strong></span> <span class='ocrx_word' id='word_1_109' title='bbox 839 1527 991 1595; x_wconf 77' lang='lat' dir='ltr'><strong><em>ﬁdem</em></strong></span> <span class='ocrx_word' id='word_1_110' title='bbox 1053 1530 1311 1587; x_wconf 84' lang='lat' dir='ltr'><strong><em>dictorum</em></strong></span> <span class='ocrx_word' id='word_1_111' title='bbox 1382 1536 1733 1594; x_wconf 75' lang='lat' dir='ltr'><strong><em>universorum</em></strong></span> 
     </span>
    </p>
   </div>
   <div class='ocr_carea' id='block_1_15' title="bbox 149 1613 1655 1701">
    <p class='ocr_par' dir='ltr' id='par_1_15' title="bbox 149 1613 1655 1701">
     <span class='ocr_line' id='line_1_15' title="bbox 149 1613 1655 1701; baseline 0.013 -34"><span class='ocrx_word' id='word_1_112' title='bbox 149 1613 371 1668; x_wconf 85' lang='lat' dir='ltr'><strong><em>absoluta</em></strong></span> <span class='ocrx_word' id='word_1_113' title='bbox 400 1617 680 1688; x_wconf 80' lang='lat' dir='ltr'><strong><em>evangelici</em></strong></span> <span class='ocrx_word' id='word_1_114' title='bbox 714 1622 945 1691; x_wconf 76' lang='lat' dir='ltr'><strong><em>mysterii</em></strong></span> <span class='ocrx_word' id='word_1_115' title='bbox 974 1624 1338 1696; x_wconf 78' lang='lat' dir='ltr'><strong><em>prtedicatione</em></strong></span> <span class='ocrx_word' id='word_1_116' title='bbox 1363 1630 1655 1701; x_wconf 83' lang='lat' dir='ltr'><strong><em>confirmat.</em></strong></span> 
     </span>
    </p>
   </div>
   <div class='ocr_carea' id='block_1_16' title="bbox 210 1701 1731 1788">
    <p class='ocr_par' dir='ltr' id='par_1_16' title="bbox 210 1701 1731 1788">
     <span class='ocr_line' id='line_1_16' title="bbox 210 1701 1731 1788; baseline 0.016 -33"><span class='ocrx_word' id='word_1_117' title='bbox 210 1701 292 1756; x_wconf 81' lang='lat' dir='ltr'><strong><em>XI.</em></strong></span> <span class='ocrx_word' id='word_1_118' title='bbox 322 1702 564 1760; x_wconf 78' lang='lat' dir='ltr'><strong><em>Primum</em></strong></span> <span class='ocrx_word' id='word_1_119' title='bbox 608 1725 677 1764; x_wconf 72' lang='lat' dir='ltr'><strong><em>es:</em></strong></span> <span class='ocrx_word' id='word_1_120' title='bbox 713 1710 865 1767; x_wconf 88' lang='lat' dir='ltr'><strong><em>dictis</em></strong></span> <span class='ocrx_word' id='word_1_121' title='bbox 908 1716 1207 1787; x_wconf 82' lang='lat' dir='ltr'><strong><em>apostolicis</em></strong></span> <span class='ocrx_word' id='word_1_122' title='bbox 1249 1720 1581 1788; x_wconf 83' lang='lat' dir='ltr'><strong><em>demonstrat,</em></strong></span> <span class='ocrx_word' id='word_1_123' title='bbox 1628 1741 1731 1780; x_wconf 89' lang='lat' dir='ltr'><strong><em>non</em></strong></span> 
     </span>
    </p>
   </div>
   <div class='ocr_carea' id='block_1_17' title="bbox 1841 512 3444 597">
    <p class='ocr_par' dir='ltr' id='par_1_17' title="bbox 1841 512 3444 597">
     <span class='ocr_line' id='line_1_17' title="bbox 1841 512 3444 597; baseline 0.012 -29"><span class='ocrx_word' id='word_1_124' title='bbox 1841 512 2055 582; x_wconf 84' lang='lat' dir='ltr'><strong><em>Filium,</em></strong></span> <span class='ocrx_word' id='word_1_125' title='bbox 2090 528 2137 572; x_wconf 89' lang='lat' dir='ltr'><strong><em>et</em></strong></span> <span class='ocrx_word' id='word_1_126' title='bbox 2182 534 2283 573; x_wconf 88' lang='lat' dir='ltr'><strong><em>non</em></strong></span> <span class='ocrx_word' id='word_1_127' title='bbox 2327 530 2440 590; x_wconf 88' lang='lat' dir='ltr'><strong><em>post</em></strong></span> <span class='ocrx_word' id='word_1_128' title='bbox 2482 522 2658 593; x_wconf 90' lang='lat' dir='ltr'><strong><em>aliqua</em></strong></span> <span class='ocrx_word' id='word_1_129' title='bbox 2705 523 2872 580; x_wconf 86' lang='lat' dir='ltr'><strong><em>Deum</em></strong></span> <span class='ocrx_word' id='word_1_130' title='bbox 2913 528 3162 597; x_wconf 90' lang='lat' dir='ltr'><strong><em>omnium,</em></strong></span> <span class='ocrx_word' id='word_1_131' title='bbox 3207 532 3298 586; x_wconf 89' lang='lat' dir='ltr'><strong><em>sed</em></strong></span> <span class='ocrx_word' id='word_1_132' title='bbox 3336 547 3444 588; x_wconf 88' lang='lat' dir='ltr'><strong><em>esse</em></strong></span> 
     </span>
    </p>
   </div>
   <div class='ocr_carea' id='block_1_18' title="bbox 1836 611 3444 697">
    <p class='ocr_par' dir='ltr' id='par_1_18' title="bbox 1836 611 3444 697">
     <span class='ocr_line' id='line_1_18' title="bbox 1836 611 3444 697; baseline 0.012 -37"><span class='ocrx_word' id='word_1_133' title='bbox 1836 616 1955 662; x_wconf 89' lang='lat' dir='ltr'><strong><em>ante</em></strong></span> <span class='ocrx_word' id='word_1_134' title='bbox 1980 611 2152 665; x_wconf 88' lang='lat' dir='ltr'><strong><em>omnia</em></strong></span> <span class='ocrx_word' id='word_1_135' title='bbox 2175 628 2189 663; x_wconf 88' lang='lat'><strong>:</strong></span> <span class='ocrx_word' id='word_1_136' title='bbox 2235 612 2307 667; x_wconf 90' lang='lat' dir='ltr'><strong><em>sic</em></strong></span> <span class='ocrx_word' id='word_1_137' title='bbox 2335 629 2451 669; x_wconf 89' lang='lat' dir='ltr'><strong><em>vero</em></strong></span> <span class='ocrx_word' id='word_1_138' title='bbox 2499 627 2676 670; x_wconf 89' lang='lat' dir='ltr'><strong><em>natum</em></strong></span> <span class='ocrx_word' id='word_1_139' title='bbox 2702 634 2815 673; x_wconf 91' lang='lat' dir='ltr'><strong><em>esse</em></strong></span> <span class='ocrx_word' id='word_1_140' title='bbox 2840 615 3058 685; x_wconf 84' lang='lat' dir='ltr'><strong><em>Filium,</em></strong></span> <span class='ocrx_word' id='word_1_141' title='bbox 3094 632 3149 676; x_wconf 91' lang='lat' dir='ltr'><strong><em>ut</em></strong></span> <span class='ocrx_word' id='word_1_142' title='bbox 3171 633 3217 678; x_wconf 88' lang='lat' dir='ltr'><strong><em>et</em></strong></span> <span class='ocrx_word' id='word_1_143' title='bbox 3243 638 3444 697; x_wconf 77' lang='lat' dir='ltr'><strong><em>sernper</em></strong></span> 
     </span>
    </p>
   </div>
   <div class='ocr_carea' id='block_1_19' title="bbox 1837 704 3441 777">
    <p class='ocr_par' dir='ltr' id='par_1_19' title="bbox 1837 704 3441 777">
     <span class='ocr_line' id='line_1_19' title="bbox 1837 704 3441 777; baseline 0.012 -22"><span class='ocrx_word' id='word_1_144' title='bbox 1837 704 2002 773; x_wconf 88' lang='lat' dir='ltr'><strong><em>fuisse</em></strong></span> <span class='ocrx_word' id='word_1_145' title='bbox 2062 705 2374 777; x_wconf 71' lang='lat' dir='ltr'><strong><em>manifestat,</em></strong></span> <span class='ocrx_word' id='word_1_146' title='bbox 2424 718 2472 763; x_wconf 91' lang='lat' dir='ltr'><strong><em>et</em></strong></span> <span class='ocrx_word' id='word_1_147' title='bbox 2535 711 2600 765; x_wconf 86' lang='lat' dir='ltr'><strong><em>sit</em></strong></span> <span class='ocrx_word' id='word_1_148' title='bbox 2653 711 2707 766; x_wconf 88' lang='lat' dir='ltr'><strong><em>in</em></strong></span> <span class='ocrx_word' id='word_1_149' title='bbox 2754 728 2815 769; x_wconf 90' lang='lat' dir='ltr'><strong><em>eo</em></strong></span> <span class='ocrx_word' id='word_1_150' title='bbox 2873 731 2976 770; x_wconf 86' lang='lat' dir='ltr'><strong><em>non</em></strong></span> <span class='ocrx_word' id='word_1_151' title='bbox 3024 716 3441 774; x_wconf 88' lang='lat' dir='ltr'><strong><em>innascibilitatis</em></strong></span> 
     </span>
    </p>
   </div>
   <div class='ocr_carea' id='block_1_20' title="bbox 1837 797 3442 874">
    <p class='ocr_par' dir='ltr' id='par_1_20' title="bbox 1837 797 3442 874">
     <span class='ocr_line' id='line_1_20' title="bbox 1837 797 3442 874; baseline 0.011 -25"><span class='ocrx_word' id='word_1_152' title='bbox 1837 797 2088 866; x_wconf 76' lang='lat' dir='ltr'><strong><em>exceptio,</em></strong></span> <span class='ocrx_word' id='word_1_153' title='bbox 2140 799 2231 853; x_wconf 86' lang='lat' dir='ltr'><strong><em>sed</em></strong></span> <span class='ocrx_word' id='word_1_154' title='bbox 2282 801 2559 857; x_wconf 90' lang='lat' dir='ltr'><strong><em>nativitatis</em></strong></span> <span class='ocrx_word' id='word_1_155' title='bbox 2609 805 2915 874; x_wconf 67' lang='lat' dir='ltr'><strong><em>aeternitas;</em></strong></span> <span class='ocrx_word' id='word_1_156' title='bbox 2968 807 3040 864; x_wconf 86' lang='lat' dir='ltr'><strong><em>ita</em></strong></span> <span class='ocrx_word' id='word_1_157' title='bbox 3088 817 3144 863; x_wconf 90' lang='lat' dir='ltr'><strong><em>ut</em></strong></span> <span class='ocrx_word' id='word_1_158' title='bbox 3200 811 3442 867; x_wconf 87' lang='lat' dir='ltr'><strong><em>nativitas</em></strong></span> 
     </span>
    </p>
   </div>
   <div class='ocr_carea' id='block_1_21' title="bbox 1838 885 3309 957">
    <p class='ocr_par' dir='ltr' id='par_1_21' title="bbox 1838 885 3309 957">
     <span class='ocr_line' id='line_1_21' title="bbox 1838 885 3309 957; baseline 0.012 -19"><span class='ocrx_word' id='word_1_159' title='bbox 1838 885 2019 943; x_wconf 82' lang='lat' dir='ltr'><strong><em>habeat</em></strong></span> <span class='ocrx_word' id='word_1_160' title='bbox 2040 898 2323 957; x_wconf 88' lang='lat' dir='ltr'><strong><em>auctorem,</em></strong></span> <span class='ocrx_word' id='word_1_161' title='bbox 2346 902 2394 946; x_wconf 92' lang='lat' dir='ltr'><strong><em>et</em></strong></span> <span class='ocrx_word' id='word_1_162' title='bbox 2417 909 2521 948; x_wconf 91' lang='lat' dir='ltr'><strong><em>non</em></strong></span> <span class='ocrx_word' id='word_1_163' title='bbox 2547 905 2714 951; x_wconf 88' lang='lat' dir='ltr'><strong><em>careat</em></strong></span> <span class='ocrx_word' id='word_1_164' title='bbox 2733 899 3018 954; x_wconf 80' lang='lat' dir='ltr'><strong><em>aeternitate</em></strong></span> <span class='ocrx_word' id='word_1_165' title='bbox 3046 900 3309 957; x_wconf 89' lang='lat' dir='ltr'><strong><em>divinitas.</em></strong></span> 
     </span>
    </p>
   </div>
   <div class='ocr_carea' id='block_1_22' title="bbox 1908 974 3441 1058">
    <p class='ocr_par' dir='ltr' id='par_1_22' title="bbox 1908 974 3441 1058">
     <span class='ocr_line' id='line_1_22' title="bbox 1908 974 3441 1058; baseline 0.012 -23"><span class='ocrx_word' id='word_1_166' title='bbox 1908 980 2025 1036; x_wconf 83' lang='lat' dir='ltr'><strong><em>XII.</em></strong></span> <span class='ocrx_word' id='word_1_167' title='bbox 2074 974 2231 1038; x_wconf 85' lang='lat' dir='ltr'><strong><em>Totus</em></strong></span> <span class='ocrx_word' id='word_1_168' title='bbox 2273 986 2342 1040; x_wconf 89' lang='lat' dir='ltr'><strong><em>ad</em></strong></span> <span class='ocrx_word' id='word_1_169' title='bbox 2389 987 2715 1058; x_wconf 88' lang='lat' dir='ltr'><strong><em>repellendas</em></strong></span> <span class='ocrx_word' id='word_1_170' title='bbox 2744 991 3099 1048; x_wconf 76' lang='lat' dir='ltr'><strong><em>hwreticorum</em></strong></span> <span class='ocrx_word' id='word_1_171' title='bbox 3147 997 3441 1054; x_wconf 87' lang='lat' dir='ltr'><strong><em>occasiones</em></strong></span> 
     </span>
    </p>
   </div>
   <div class='ocr_carea' id='block_1_23' title="bbox 1839 1073 3441 1155">
    <p class='ocr_par' dir='ltr' id='par_1_23' title="bbox 1839 1073 3441 1155">
     <span class='ocr_line' id='line_1_23' title="bbox 1839 1073 3441 1155; baseline 0.012 -28"><span class='ocrx_word' id='word_1_172' title='bbox 1839 1073 2057 1129; x_wconf 88' lang='lat' dir='ltr'><strong><em>intentus</em></strong></span> <span class='ocrx_word' id='word_1_173' title='bbox 2084 1086 2176 1138; x_wconf 90' lang='lat' dir='ltr'><strong><em>est,</em></strong></span> <span class='ocrx_word' id='word_1_174' title='bbox 2203 1077 2409 1148; x_wconf 87' lang='lat' dir='ltr'><strong><em>quibus,</em></strong></span> <span class='ocrx_word' id='word_1_175' title='bbox 2436 1095 2524 1149; x_wconf 91' lang='lat' dir='ltr'><strong><em>per</em></strong></span> <span class='ocrx_word' id='word_1_176' title='bbox 2547 1080 2602 1135; x_wconf 90' lang='lat' dir='ltr'><strong><em>id</em></strong></span> <span class='ocrx_word' id='word_1_177' title='bbox 2624 1083 2763 1153; x_wconf 86' lang='lat' dir='ltr'><strong><em>quod</em></strong></span> <span class='ocrx_word' id='word_1_178' title='bbox 2783 1085 3031 1155; x_wconf 88' lang='lat' dir='ltr'><strong><em>scriptum</em></strong></span> <span class='ocrx_word' id='word_1_179' title='bbox 3057 1095 3155 1150; x_wconf 92' lang='lat' dir='ltr'><strong><em>est,</em></strong></span> <span class='ocrx_word' id='word_1_180' title='bbox 3178 1087 3441 1146; x_wconf 83' lang='lat' dir='ltr'><strong><em>Dominus</em></strong></span> 
     </span>
    </p>
   </div>
   <div class='ocr_carea' id='block_1_24' title="bbox 1838 1166 3426 1246">
    <p class='ocr_par' dir='ltr' id='par_1_24' title="bbox 1838 1166 3426 1246">
     <span class='ocr_line' id='line_1_24' title="bbox 1838 1166 3426 1246; baseline 0.008 -25"><span class='ocrx_word' id='word_1_181' title='bbox 1838 1166 2037 1222; x_wconf 84' lang='lat' dir='ltr'><strong><em>creavit</em></strong></span> <span class='ocrx_word' id='word_1_182' title='bbox 2058 1184 2145 1223; x_wconf 87' lang='lat' dir='ltr'><strong><em>me</em></strong></span> <span class='ocrx_word' id='word_1_183' title='bbox 2168 1169 2378 1225; x_wconf 91' lang='lat' dir='ltr'><strong><em>initium</em></strong></span> <span class='ocrx_word' id='word_1_184' title='bbox 2409 1172 2612 1228; x_wconf 81' lang='lat' dir='ltr'><strong><em>viarum</em></strong></span> <span class='ocrx_word' id='word_1_185' title='bbox 2642 1190 2883 1238; x_wconf 86' lang='lat' dir='ltr'><strong><em>suarum.</em></strong></span> <span class='ocrx_word' id='word_1_186' title='bbox 2914 1186 3094 1231; x_wconf 84' lang='lat' dir='ltr'><strong><em>contra</em></strong></span> <span class='ocrx_word' id='word_1_187' title='bbox 3123 1178 3426 1246; x_wconf 85' lang='lat' dir='ltr'><strong><em>dicentibus,</em></strong></span> 
     </span>
    </p>
   </div>
   <div class='ocr_carea' id='block_1_25' title="bbox 1840 1258 3442 1340">
    <p class='ocr_par' dir='ltr' id='par_1_25' title="bbox 1840 1258 3442 1340">
     <span class='ocr_line' id='line_1_25' title="bbox 1840 1258 3442 1340; baseline 0.009 -27"><span class='ocrx_word' id='word_1_188' title='bbox 1840 1258 1969 1315; x_wconf 82' lang='lat' dir='ltr'><strong><em>Erat</em></strong></span> <span class='ocrx_word' id='word_1_189' title='bbox 1994 1262 2211 1331; x_wconf 78' lang='lat' dir='ltr'><strong><em>quando</em></strong></span> <span class='ocrx_word' id='word_1_190' title='bbox 2239 1278 2344 1318; x_wconf 89' lang='lat' dir='ltr'><strong><em>non</em></strong></span> <span class='ocrx_word' id='word_1_191' title='bbox 2377 1274 2514 1330; x_wconf 88' lang='lat' dir='ltr'><strong><em>erat,</em></strong></span> <span class='ocrx_word' id='word_1_192' title='bbox 2538 1276 2606 1332; x_wconf 88' lang='lat' dir='ltr'><strong><em>et,</em></strong></span> <span class='ocrx_word' id='word_1_193' title='bbox 2636 1266 2751 1322; x_wconf 83' lang='lat' dir='ltr'><strong><em>Non</em></strong></span> <span class='ocrx_word' id='word_1_194' title='bbox 2786 1268 2884 1322; x_wconf 89' lang='lat' dir='ltr'><strong><em>fuit</em></strong></span> <span class='ocrx_word' id='word_1_195' title='bbox 2908 1275 3035 1323; x_wconf 87' lang='lat' dir='ltr'><strong><em>ante</em></strong></span> <span class='ocrx_word' id='word_1_196' title='bbox 3054 1285 3216 1340; x_wconf 87' lang='lat' dir='ltr'><strong><em>quam</em></strong></span> <span class='ocrx_word' id='word_1_197' title='bbox 3249 1285 3442 1326; x_wconf 88' lang='lat' dir='ltr'><strong><em>nasce-</em></strong></span> 
     </span>
    </p>
   </div>
   <div class='ocr_carea' id='block_1_26' title="bbox 1836 1354 3442 1436">
    <p class='ocr_par' dir='ltr' id='par_1_26' title="bbox 1836 1354 3442 1436">
     <span class='ocr_line' id='line_1_26' title="bbox 1836 1354 3442 1436; baseline 0.007 -28"><span class='ocrx_word' id='word_1_198' title='bbox 1836 1364 2010 1419; x_wconf 87' lang='lat' dir='ltr'><strong><em>retur,</em></strong></span> <span class='ocrx_word' id='word_1_199' title='bbox 2034 1364 2105 1418; x_wconf 86' lang='lat' dir='ltr'><strong><em>et,</em></strong></span> <span class='ocrx_word' id='word_1_200' title='bbox 2139 1354 2213 1409; x_wconf 86' lang='lat' dir='ltr'><strong><em>De</em></strong></span> <span class='ocrx_word' id='word_1_201' title='bbox 2260 1372 2367 1410; x_wconf 91' lang='lat' dir='ltr'><strong><em>non</em></strong></span> <span class='ocrx_word' id='word_1_202' title='bbox 2398 1358 2737 1414; x_wconf 71' lang='lat' dir='ltr'><strong><em>exstantibus</em></strong></span> <span class='ocrx_word' id='word_1_203' title='bbox 2769 1360 2946 1416; x_wconf 88' lang='lat' dir='ltr'><strong><em>factus</em></strong></span> <span class='ocrx_word' id='word_1_204' title='bbox 2974 1372 3077 1430; x_wconf 88' lang='lat' dir='ltr'><strong><em>est,</em></strong></span> <span class='ocrx_word' id='word_1_205' title='bbox 3110 1362 3183 1417; x_wconf 90' lang='lat' dir='ltr'><strong><em>ita</em></strong></span> <span class='ocrx_word' id='word_1_206' title='bbox 3226 1380 3442 1436; x_wconf 87' lang='lat' dir='ltr'><strong><em>respon-</em></strong></span> 
     </span>
    </p>
   </div>
   <div class='ocr_carea' id='block_1_27' title="bbox 1834 1444 3439 1529">
    <p class='ocr_par' dir='ltr' id='par_1_27' title="bbox 1834 1444 3439 1529">
     <span class='ocr_line' id='line_1_27' title="bbox 1834 1444 3439 1529; baseline 0.009 -32"><span class='ocrx_word' id='word_1_207' title='bbox 1834 1444 1939 1510; x_wconf 86' lang='lat' dir='ltr'><strong><em>det,</em></strong></span> <span class='ocrx_word' id='word_1_208' title='bbox 1981 1454 2037 1499; x_wconf 89' lang='lat' dir='ltr'><strong><em>ut</em></strong></span> <span class='ocrx_word' id='word_1_209' title='bbox 2065 1462 2266 1511; x_wconf 81' lang='lat' dir='ltr'><strong><em>semper</em></strong></span> <span class='ocrx_word' id='word_1_210' title='bbox 2313 1446 2548 1517; x_wconf 89' lang='lat' dir='ltr'><strong><em>Patrem,</em></strong></span> <span class='ocrx_word' id='word_1_211' title='bbox 2588 1467 2788 1519; x_wconf 87' lang='lat' dir='ltr'><strong><em>semper</em></strong></span> <span class='ocrx_word' id='word_1_212' title='bbox 2842 1451 3060 1522; x_wconf 86' lang='lat' dir='ltr'><strong><em>Filium,</em></strong></span> <span class='ocrx_word' id='word_1_213' title='bbox 3086 1463 3136 1510; x_wconf 89' lang='lat' dir='ltr'><strong><em>et</em></strong></span> <span class='ocrx_word' id='word_1_214' title='bbox 3179 1473 3282 1511; x_wconf 89' lang='lat' dir='ltr'><strong><em>non</em></strong></span> <span class='ocrx_word' id='word_1_215' title='bbox 3319 1467 3439 1529; x_wconf 91' lang='lat' dir='ltr'><strong><em>post</em></strong></span> 
     </span>
    </p>
   </div>
   <div class='ocr_carea' id='block_1_28' title="bbox 1833 1538 3438 1608">
    <p class='ocr_par' dir='ltr' id='par_1_28' title="bbox 1833 1538 3438 1608">
     <span class='ocr_line' id='line_1_28' title="bbox 1833 1538 3438 1608; baseline 0.011 -18"><span class='ocrx_word' id='word_1_216' title='bbox 1833 1538 2008 1608; x_wconf 87' lang='lat' dir='ltr'><strong><em>aliqua</em></strong></span> <span class='ocrx_word' id='word_1_217' title='bbox 2061 1538 2221 1593; x_wconf 85' lang='lat' dir='ltr'><strong><em>Deum</em></strong></span> <span class='ocrx_word' id='word_1_218' title='bbox 2249 1541 2497 1605; x_wconf 90' lang='lat' dir='ltr'><strong><em>omnium,</em></strong></span> <span class='ocrx_word' id='word_1_219' title='bbox 2526 1544 2618 1598; x_wconf 89' lang='lat' dir='ltr'><strong><em>sed</em></strong></span> <span class='ocrx_word' id='word_1_220' title='bbox 2656 1556 2777 1600; x_wconf 87' lang='lat' dir='ltr'><strong><em>ante</em></strong></span> <span class='ocrx_word' id='word_1_221' title='bbox 2801 1547 2973 1601; x_wconf 87' lang='lat' dir='ltr'><strong><em>omnia</em></strong></span> <span class='ocrx_word' id='word_1_222' title='bbox 2997 1563 3105 1603; x_wconf 89' lang='lat' dir='ltr'><strong><em>esse</em></strong></span> <span class='ocrx_word' id='word_1_223' title='bbox 3131 1549 3311 1604; x_wconf 86' lang='lat' dir='ltr'><strong><em>doceat</em></strong></span> <span class='ocrx_word' id='word_1_224' title='bbox 3341 1567 3361 1606; x_wconf 88' lang='lat'><strong><em>:</em></strong></span> <span class='ocrx_word' id='word_1_225' title='bbox 3391 1563 3438 1607; x_wconf 89' lang='lat' dir='ltr'><strong><em>et</em></strong></span> 
     </span>
    </p>
   </div>
   <div class='ocr_carea' id='block_1_29' title="bbox 1835 1631 3435 1712">
    <p class='ocr_par' dir='ltr' id='par_1_29' title="bbox 1835 1631 3435 1712">
     <span class='ocr_line' id='line_1_29' title="bbox 1835 1631 3435 1712; baseline 0.009 -28"><span class='ocrx_word' id='word_1_226' title='bbox 1835 1631 1909 1684; x_wconf 90' lang='lat' dir='ltr'><strong><em>ita</em></strong></span> <span class='ocrx_word' id='word_1_227' title='bbox 1955 1648 2155 1703; x_wconf 85' lang='lat' dir='ltr'><strong><em>semper</em></strong></span> <span class='ocrx_word' id='word_1_228' title='bbox 2183 1633 2341 1704; x_wconf 85' lang='lat' dir='ltr'><strong><em>fuisse</em></strong></span> <span class='ocrx_word' id='word_1_229' title='bbox 2368 1632 2591 1703; x_wconf 86' lang='lat' dir='ltr'><strong><em>Filium,</em></strong></span> <span class='ocrx_word' id='word_1_230' title='bbox 2636 1646 2693 1692; x_wconf 90' lang='lat' dir='ltr'><strong><em>ut</em></strong></span> <span class='ocrx_word' id='word_1_231' title='bbox 2736 1648 2783 1692; x_wconf 91' lang='lat' dir='ltr'><strong><em>et</em></strong></span> <span class='ocrx_word' id='word_1_232' title='bbox 2813 1648 2991 1694; x_wconf 88' lang='lat' dir='ltr'><strong><em>natant</em></strong></span> <span class='ocrx_word' id='word_1_233' title='bbox 3033 1656 3141 1696; x_wconf 88' lang='lat' dir='ltr'><strong><em>esse</em></strong></span> <span class='ocrx_word' id='word_1_234' title='bbox 3167 1644 3435 1712; x_wconf 64' lang='lat' dir='ltr'><strong><em>pradicet,</em></strong></span> 
     </span>
    </p>
   </div>
   <div class='ocr_carea' id='block_1_30' title="bbox 1834 1728 3439 1799">
    <p class='ocr_par' dir='ltr' id='par_1_30' title="bbox 1834 1728 3439 1799">
     <span class='ocr_line' id='line_1_30' title="bbox 1834 1728 3439 1799; baseline 0.007 -20"><span class='ocrx_word' id='word_1_235' title='bbox 1834 1734 1879 1779; x_wconf 90' lang='lat' dir='ltr'><strong><em>et</em></strong></span> <span class='ocrx_word' id='word_1_236' title='bbox 1903 1740 2103 1797; x_wconf 85' lang='lat' dir='ltr'><strong><em>semper</em></strong></span> <span class='ocrx_word' id='word_1_237' title='bbox 2123 1728 2282 1799; x_wconf 78' lang='lat' dir='ltr'><strong><em>fuisse</em></strong></span> <span class='ocrx_word' id='word_1_238' title='bbox 2310 1728 2621 1799; x_wconf 88' lang='lat' dir='ltr'><strong><em>manifestet,</em></strong></span> <span class='ocrx_word' id='word_1_239' title='bbox 2654 1740 2707 1785; x_wconf 92' lang='lat' dir='ltr'><strong><em>ut</em></strong></span> <span class='ocrx_word' id='word_1_240' title='bbox 2733 1730 2785 1785; x_wconf 86' lang='lat' dir='ltr'><strong><em>in</em></strong></span> <span class='ocrx_word' id='word_1_241' title='bbox 2814 1747 2873 1786; x_wconf 90' lang='lat' dir='ltr'><strong><em>eo</em></strong></span> <span class='ocrx_word' id='word_1_242' title='bbox 2896 1748 2998 1787; x_wconf 89' lang='lat' dir='ltr'><strong><em>non</em></strong></span> <span class='ocrx_word' id='word_1_243' title='bbox 3025 1733 3439 1792; x_wconf 86' lang='lat' dir='ltr'><strong><em>innascibilitatis</em></strong></span> 
     </span>
    </p>
   </div>
   <div class='ocr_carea' id='block_1_31' title="bbox 148 1798 3434 1897">
    <p class='ocr_par' dir='ltr' id='par_1_31' title="bbox 148 1798 3434 1897">
     <span class='ocr_line' id='line_1_31' title="bbox 148 1798 3434 1897; baseline 0.009 -45"><span class='ocrx_word' id='word_1_244' title='bbox 148 1798 282 1853; x_wconf 82' lang='lat' dir='ltr'><strong><em>modo</em></strong></span> <span class='ocrx_word' id='word_1_245' title='bbox 331 1816 436 1855; x_wconf 89' lang='lat' dir='ltr'><strong><em>non</em></strong></span> <span class='ocrx_word' id='word_1_246' title='bbox 479 1801 550 1855; x_wconf 88' lang='lat' dir='ltr'><strong><em>ad</em></strong></span> <span class='ocrx_word' id='word_1_247' title='bbox 614 1802 901 1863; x_wconf 86' lang='lat' dir='ltr'><strong><em>divinitatis</em></strong></span> <span class='ocrx_word' id='word_1_248' title='bbox 950 1809 1299 1880; x_wconf 76' lang='lat' dir='ltr'><strong><em>infirmitatem</em></strong></span> <span class='ocrx_word' id='word_1_249' title='bbox 1365 1816 1727 1889; x_wconf 83' lang='lat' dir='ltr'><strong><em>subjectionem</em></strong></span> <span class='ocrx_word' id='word_1_250' title='bbox 1759 1823 1806 1884; x_wconf 86' lang='grc' dir='ltr'><strong>Β</strong></span> <span class='ocrx_word' id='word_1_251' title='bbox 1833 1818 1985 1889; x_wconf 88' lang='lat' dir='ltr'><strong><em>(mss.</em></strong></span> <span class='ocrx_word' id='word_1_252' title='bbox 2012 1798 2390 1888; x_wconf 88' lang='lat' dir='ltr'><strong><em>nascibilitatis,</em></strong></span> <span class='ocrx_word' id='word_1_253' title='bbox 2421 1798 2583 1887; x_wconf 86' lang='lat' dir='ltr'><strong><em>male,</em></strong></span> <span class='ocrx_word' id='word_1_254' title='bbox 2622 1826 2698 1878; x_wconf 86' lang='lat' dir='ltr'><strong><em>uti</em></strong></span> <span class='ocrx_word' id='word_1_255' title='bbox 2734 1826 2949 1893; x_wconf 89' lang='lat' dir='ltr'><strong><em>planum</em></strong></span> <span class='ocrx_word' id='word_1_256' title='bbox 2978 1835 3155 1881; x_wconf 79' lang='lat' dir='ltr'><strong><em>estex</em></strong></span> <span class='ocrx_word' id='word_1_257' title='bbox 3188 1827 3282 1882; x_wconf 88' lang='lat' dir='ltr'><strong><em>lib.</em></strong></span> <span class='ocrx_word' id='word_1_258' title='bbox 3314 1843 3353 1897; x_wconf 86' lang='grc' dir='ltr'><strong><em>ι,</em></strong></span> <span class='ocrx_word' id='word_1_259' title='bbox 3380 1846 3434 1883; x_wconf 93' lang='lat' dir='ltr'><strong><em>n.</em></strong></span> 
     </span>
    </p>
   </div>
   <div class='ocr_carea' id='block_1_32' title="bbox 147 1890 1729 1978">
    <p class='ocr_par' dir='ltr' id='par_1_32' title="bbox 147 1890 1729 1978">
     <span class='ocr_line' id='line_1_32' title="bbox 147 1890 1729 1978; baseline 0.015 -36"><span class='ocrx_word' id='word_1_260' title='bbox 147 1890 391 1960; x_wconf 68' lang='lat' dir='ltr'><strong><em>proﬁcere,</em></strong></span> <span class='ocrx_word' id='word_1_261' title='bbox 416 1895 510 1948; x_wconf 85' lang='lat' dir='ltr'><strong><em>sed</em></strong></span> <span class='ocrx_word' id='word_1_262' title='bbox 538 1912 631 1965; x_wconf 85' lang='lat' dir='ltr'><strong><em>per</em></strong></span> <span class='ocrx_word' id='word_1_263' title='bbox 655 1913 767 1952; x_wconf 89' lang='lat' dir='ltr'><strong><em>eam</em></strong></span> <span class='ocrx_word' id='word_1_264' title='bbox 792 1900 980 1969; x_wconf 88' lang='lat' dir='ltr'><strong><em>ipsam,</em></strong></span> <span class='ocrx_word' id='word_1_265' title='bbox 1008 1904 1270 1960; x_wconf 85' lang='lat' dir='ltr'><strong><em>veritatem</em></strong></span> <span class='ocrx_word' id='word_1_266' title='bbox 1301 1905 1396 1962; x_wconf 87' lang='lat' dir='ltr'><strong><em>Dei</em></strong></span> <span class='ocrx_word' id='word_1_267' title='bbox 1422 1910 1509 1978; x_wconf 90' lang='lat' dir='ltr'><strong><em>qui</em></strong></span> <span class='ocrx_word' id='word_1_268' title='bbox 1530 1926 1596 1965; x_wconf 74' lang='lat' dir='ltr'><strong><em>ea:</em></strong></span> <span class='ocrx_word' id='word_1_269' title='bbox 1614 1908 1729 1966; x_wconf 87' lang='lat' dir='ltr'><strong><em>Deo</em></strong></span> 
     </span>
    </p>
   </div>
   <div class='ocr_carea' id='block_1_33' title="bbox 144 1982 1731 2074">
    <p class='ocr_par' dir='ltr' id='par_1_33' title="bbox 144 1982 1731 2074">
     <span class='ocr_line' id='line_1_33' title="bbox 144 1982 1731 2074; baseline 0.014 -39"><span class='ocrx_word' id='word_1_270' title='bbox 144 1982 205 2036; x_wconf 86' lang='lat' dir='ltr'><strong><em>sit</em></strong></span> <span class='ocrx_word' id='word_1_271' title='bbox 244 1994 388 2039; x_wconf 81' lang='lat' dir='ltr'><strong><em>natus</em></strong></span> <span class='ocrx_word' id='word_1_272' title='bbox 425 1988 677 2043; x_wconf 85' lang='lat' dir='ltr'><strong><em>ostendit.</em></strong></span> <span class='ocrx_word' id='word_1_273' title='bbox 714 1987 915 2049; x_wconf 81' lang='lat' dir='ltr'><strong><em>Deinde</em></strong></span> <span class='ocrx_word' id='word_1_274' title='bbox 958 1995 1192 2052; x_wconf 87' lang='lat' dir='ltr'><strong><em>omnibus</em></strong></span> <span class='ocrx_word' id='word_1_275' title='bbox 1248 2000 1555 2073; x_wconf 77' lang='lat' dir='ltr'><strong><em>euangelicis</em></strong></span> <span class='ocrx_word' id='word_1_276' title='bbox 1582 2012 1731 2074; x_wconf 86' lang='lat' dir='ltr'><strong><em>atque</em></strong></span> 
     </span>
    </p>
   </div>
   <div class='ocr_carea' id='block_1_34' title="bbox 1836 1909 3438 1985">
    <p class='ocr_par' dir='ltr' id='par_1_34' title="bbox 1836 1909 3438 1985">
     <span class='ocr_line' id='line_1_34' title="bbox 1836 1909 3438 1985; baseline 0.007 -18"><span class='ocrx_word' id='word_1_277' title='bbox 1836 1909 1930 1984; x_wconf 70' lang='grc'><strong><em>54)</em></strong></span> <span class='ocrx_word' id='word_1_278' title='bbox 1958 1914 2020 1968; x_wconf 90' lang='lat' dir='ltr'><strong><em>sit</em></strong></span> <span class='ocrx_word' id='word_1_279' title='bbox 2041 1915 2290 1985; x_wconf 78' lang='lat' dir='ltr'><strong><em>exceptio,</em></strong></span> <span class='ocrx_word' id='word_1_280' title='bbox 2322 1915 2412 1971; x_wconf 88' lang='lat' dir='ltr'><strong><em>sed</em></strong></span> <span class='ocrx_word' id='word_1_281' title='bbox 2437 1917 2715 1973; x_wconf 84' lang='lat' dir='ltr'><strong><em>nativitatis</em></strong></span> <span class='ocrx_word' id='word_1_282' title='bbox 2739 1920 2996 1975; x_wconf 75' lang='lat' dir='ltr'><strong><em>wternitas</em></strong></span> <span class='ocrx_word' id='word_1_283' title='bbox 3015 1937 3035 1974; x_wconf 91' lang='lat'><strong><em>:</em></strong></span> <span class='ocrx_word' id='word_1_284' title='bbox 3052 1921 3123 1975; x_wconf 90' lang='lat' dir='ltr'><strong><em>ita</em></strong></span> <span class='ocrx_word' id='word_1_285' title='bbox 3151 1931 3206 1976; x_wconf 91' lang='lat' dir='ltr'><strong><em>ut</em></strong></span> <span class='ocrx_word' id='word_1_286' title='bbox 3230 1932 3279 1977; x_wconf 87' lang='lat' dir='ltr'><strong><em>et</em></strong></span> <span class='ocrx_word' id='word_1_287' title='bbox 3301 1924 3438 1979; x_wconf 80' lang='lat' dir='ltr'><strong><em>nati-</em></strong></span> 
     </span>
    </p>
   </div>
   <div class='ocr_carea' id='block_1_35' title="bbox 1831 2005 3435 2079">
    <p class='ocr_par' dir='ltr' id='par_1_35' title="bbox 1831 2005 3435 2079">
     <span class='ocr_line' id='line_1_35' title="bbox 1831 2005 3435 2079; baseline 0.01 -21"><span class='ocrx_word' id='word_1_288' title='bbox 1831 2006 1959 2059; x_wconf 80' lang='lat' dir='ltr'><strong><em>vitas</em></strong></span> <span class='ocrx_word' id='word_1_289' title='bbox 1975 2005 2153 2060; x_wconf 90' lang='lat' dir='ltr'><strong><em>habeat</em></strong></span> <span class='ocrx_word' id='word_1_290' title='bbox 2167 2019 2448 2079; x_wconf 88' lang='lat' dir='ltr'><strong><em>auctorem,</em></strong></span> <span class='ocrx_word' id='word_1_291' title='bbox 2470 2019 2638 2065; x_wconf 88' lang='lat' dir='ltr'><strong><em>etnon</em></strong></span> <span class='ocrx_word' id='word_1_292' title='bbox 2664 2022 2835 2066; x_wconf 87' lang='lat' dir='ltr'><strong><em>careat</em></strong></span> <span class='ocrx_word' id='word_1_293' title='bbox 2863 2013 3145 2069; x_wconf 70' lang='lat' dir='ltr'><strong><em>eternitate</em></strong></span> <span class='ocrx_word' id='word_1_294' title='bbox 3172 2015 3435 2074; x_wconf 86' lang='lat' dir='ltr'><strong><em>divinitas.</em></strong></span> 
     </span>
    </p>
   </div>
   <div class='ocr_carea' id='block_1_36' title="bbox 151 2110 3406 2164">
    <p class='ocr_par' dir='ltr' id='par_1_36' title="bbox 151 2110 3406 2164">
     <span class='ocr_line' id='line_1_36' title="bbox 151 2110 3406 2164; baseline 0.008 -36"><span class='ocrx_word' id='word_1_295' title='bbox 151 2110 3406 2164; x_wconf 78' lang='lat'><strong><em>-——___.._____________________________________</em></strong></span> 
     </span>
    </p>
   </div>
   <div class='ocr_carea' id='block_1_37' title="bbox 651 2241 2934 2425">
    <p class='ocr_par' dir='ltr' id='par_1_37' title="bbox 651 2241 2934 2425">
     <span class='ocr_line' id='line_1_37' title="bbox 651 2241 2934 2425; baseline 0.01 -22"><span class='ocrx_word' id='word_1_296' title='bbox 651 2241 1648 2412; x_wconf 81' lang='lat' dir='ltr'><strong>SANCTI</strong></span> <span class='ocrx_word' id='word_1_297' title='bbox 1818 2259 2934 2425; x_wconf 81' lang='lat' dir='ltr'><strong><em>HILARII</em></strong></span> 
     </span>
    </p>
   </div>
   <div class='ocr_carea' id='block_1_38' title="bbox 1141 2506 2484 2605">
    <p class='ocr_par' dir='ltr' id='par_1_38' title="bbox 1141 2506 2484 2605">
     <span class='ocr_line' id='line_1_38' title="bbox 1141 2506 2484 2605; baseline 0.008 -10"><span class='ocrx_word' id='word_1_298' title='bbox 1141 2512 1486 2598; x_wconf 87' lang='lat' dir='ltr'><strong><em>PICTA</em></strong></span> <span class='ocrx_word' id='word_1_299' title='bbox 1499 2506 1898 2602; x_wconf 86' lang='lat' dir='ltr'><strong><em>VENSIS</em></strong></span> <span class='ocrx_word' id='word_1_300' title='bbox 1947 2519 2484 2605; x_wconf 85' lang='lat' dir='ltr'><strong><em>EPISCOPI</em></strong></span> 
     </span>
    </p>
   </div>
   <div class='ocr_carea' id='block_1_39' title="bbox 924 2690 2658 2842">
    <p class='ocr_par' dir='ltr' id='par_1_39' title="bbox 924 2690 2658 2842">
     <span class='ocr_line' id='line_1_39' title="bbox 924 2690 2658 2842; baseline 0.007 -13"><span class='ocrx_word' id='word_1_301' title='bbox 924 2690 1220 2833; x_wconf 89' lang='lat' dir='ltr'><strong><em>DE</em></strong></span> <span class='ocrx_word' id='word_1_302' title='bbox 1376 2696 2658 2842; x_wconf 82' lang='lat' dir='ltr'><strong>TRINITATE</strong></span> 
     </span>
    </p>
   </div>
   <div class='ocr_carea' id='block_1_40' title="bbox 1309 2915 2260 2994">
    <p class='ocr_par' dir='ltr' id='par_1_40' title="bbox 1309 2915 2260 2994">
     <span class='ocr_line' id='line_1_40' title="bbox 1309 2915 2260 2994; baseline 0.009 -9"><span class='ocrx_word' id='word_1_303' title='bbox 1309 2915 1604 2988; x_wconf 80' lang='lat' dir='ltr'><strong>LIBRI</strong></span> <span class='ocrx_word' id='word_1_304' title='bbox 1648 2916 2260 2994; x_wconf 86' lang='lat' dir='ltr'><strong><em>DUODECIM.</em></strong></span> 
     </span>
    </p>
   </div>
   <div class='ocr_carea' id='block_1_41' title="bbox 1404 3026 2156 3094">
    <p class='ocr_par' dir='ltr' id='par_1_41' title="bbox 1404 3026 2156 3094">
     <span class='ocr_line' id='line_1_41' title="bbox 1404 3026 2156 3094; baseline 0.001 -16"><span class='ocrx_word' id='word_1_305' title='bbox 1404 3026 1642 3090; x_wconf 71' lang='grc' dir='ltr'><strong><em>(ειιιοιτειι</em></strong></span> <span class='ocrx_word' id='word_1_306' title='bbox 1664 3044 1747 3080; x_wconf 69' lang='lat' dir='ltr'><strong><em>sn.</em></strong></span> <span class='ocrx_word' id='word_1_307' title='bbox 1773 3029 1868 3081; x_wconf 81' lang='lat'><strong><em>356</em></strong></span> <span class='ocrx_word' id='word_1_308' title='bbox 1886 3028 2156 3094; x_wconf 72' lang='lat' dir='ltr'><strong><em>iuononi.)</em></strong></span> 
     </span>
    </p>
   </div>
   <div class='ocr_carea' id='block_1_42' title="bbox 1004 3179 1255 3194">
    <p class='ocr_par' dir='ltr' id='par_1_42' title="bbox 1004 3179 1255 3194">
     <span class='ocr_line' id='line_1_42' title="bbox 1004 3179 1255 3194; baseline -0.004 -2"><span class='ocrx_word' id='word_1_309' title='bbox 1004 3179 1255 3194; x_wconf 50' lang='grc' dir='ltr'><strong><em>ῤ’</em></strong></span> 
     </span>
    </p>
   </div>
   <div class='ocr_carea' id='block_1_43' title="bbox 628 3283 1221 3358">
    <p class='ocr_par' dir='ltr' id='par_1_43' title="bbox 628 3283 1221 3358">
     <span class='ocr_line' id='line_1_43' title="bbox 628 3283 1221 3358; baseline 0.002 -18"><span class='ocrx_word' id='word_1_310' title='bbox 628 3287 674 3358; x_wconf 83' lang='grc' dir='ltr'><strong>ι</strong></span> <span class='ocrx_word' id='word_1_311' title='bbox 698 3283 898 3342; x_wconf 81' lang='lat' dir='ltr'><strong>LIBER</strong></span> <span class='ocrx_word' id='word_1_312' title='bbox 942 3283 1221 3342; x_wconf 79' lang='lat' dir='ltr'><strong><em>PRIMUS.</em></strong></span> 
     </span>
    </p>
   </div>
   <div class='ocr_carea' id='block_1_44' title="bbox 135 3415 1724 3491">
    <p class='ocr_par' dir='ltr' id='par_1_44' title="bbox 135 3415 1724 3491">
     <span class='ocr_line' id='line_1_44' title="bbox 135 3415 1724 3491; baseline 0.004 -21"><span class='ocrx_word' id='word_1_313' title='bbox 135 3415 194 3471; x_wconf 82' lang='lat' dir='ltr'><strong><em>In</em></strong></span> <span class='ocrx_word' id='word_1_314' title='bbox 218 3436 311 3491; x_wconf 77' lang='lat' dir='ltr'><strong><em>quo</em></strong></span> <span class='ocrx_word' id='word_1_315' title='bbox 347 3418 616 3489; x_wconf 79' lang='lat' dir='ltr'><strong><em>Hilarius,</em></strong></span> <span class='ocrx_word' id='word_1_316' title='bbox 647 3421 825 3491; x_wconf 88' lang='lat' dir='ltr'><strong><em>positis</em></strong></span> <span class='ocrx_word' id='word_1_317' title='bbox 853 3421 1279 3491; x_wconf 85' lang='lat' dir='ltr'><strong><em>philosophorum</em></strong></span> <span class='ocrx_word' id='word_1_318' title='bbox 1309 3421 1373 3475; x_wconf 91' lang='lat' dir='ltr'><strong><em>de</em></strong></span> <span class='ocrx_word' id='word_1_319' title='bbox 1408 3419 1724 3477; x_wconf 85' lang='lat' dir='ltr'><strong><em>beatitudine</em></strong></span> 
     </span>
    </p>
   </div>
   <div class='ocr_carea' id='block_1_45' title="bbox 194 3513 1723 3581">
    <p class='ocr_par' dir='ltr' id='par_1_45' title="bbox 194 3513 1723 3581">
     <span class='ocr_line' id='line_1_45' title="bbox 194 3513 1723 3581; baseline 0.002 -15"><span class='ocrx_word' id='word_1_320' title='bbox 194 3530 249 3566; x_wconf 83' lang='lat' dir='ltr'><strong><em>ac</em></strong></span> <span class='ocrx_word' id='word_1_321' title='bbox 283 3514 346 3568; x_wconf 87' lang='lat' dir='ltr'><strong><em>de</em></strong></span> <span class='ocrx_word' id='word_1_322' title='bbox 370 3513 484 3569; x_wconf 87' lang='lat' dir='ltr'><strong><em>Deo</em></strong></span> <span class='ocrx_word' id='word_1_323' title='bbox 506 3516 794 3577; x_wconf 87' lang='lat' dir='ltr'><strong><em>sententiis,</em></strong></span> <span class='ocrx_word' id='word_1_324' title='bbox 825 3531 852 3568; x_wconf 87' lang='lat' dir='ltr'><strong><em>e</em></strong></span> <span class='ocrx_word' id='word_1_325' title='bbox 879 3514 1169 3581; x_wconf 84' lang='lat' dir='ltr'><strong><em>Scripturis</em></strong></span> <span class='ocrx_word' id='word_1_326' title='bbox 1194 3523 1301 3570; x_wconf 91' lang='lat' dir='ltr'><strong><em>tum</em></strong></span> <span class='ocrx_word' id='word_1_327' title='bbox 1323 3514 1591 3577; x_wconf 89' lang='lat' dir='ltr'><strong><em>veteribus,</em></strong></span> <span class='ocrx_word' id='word_1_328' title='bbox 1615 3526 1723 3570; x_wconf 88' lang='lat' dir='ltr'><strong><em>tum</em></strong></span> 
     </span>
    </p>
   </div>
   <div class='ocr_carea' id='block_1_46' title="bbox 194 3607 1722 3679">
    <p class='ocr_par' dir='ltr' id='par_1_46' title="bbox 194 3607 1722 3679">
     <span class='ocr_line' id='line_1_46' title="bbox 194 3607 1722 3679; baseline 0.001 -19"><span class='ocrx_word' id='word_1_329' title='bbox 194 3609 410 3662; x_wconf 77' lang='lat' dir='ltr'><strong><em>maxime</em></strong></span> <span class='ocrx_word' id='word_1_330' title='bbox 437 3625 508 3663; x_wconf 78' lang='lat' dir='ltr'><strong><em>ea:</em></strong></span> <span class='ocrx_word' id='word_1_331' title='bbox 535 3607 762 3663; x_wconf 85' lang='lat' dir='ltr'><strong><em>Joannis</em></strong></span> <span class='ocrx_word' id='word_1_332' title='bbox 797 3608 1074 3679; x_wconf 85' lang='lat' dir='ltr'><strong><em>Evnngelio</em></strong></span> <span class='ocrx_word' id='word_1_333' title='bbox 1101 3611 1344 3664; x_wconf 86' lang='lat' dir='ltr'><strong><em>veriorem</em></strong></span> <span class='ocrx_word' id='word_1_334' title='bbox 1365 3626 1426 3664; x_wconf 91' lang='lat' dir='ltr'><strong><em>ac</em></strong></span> <span class='ocrx_word' id='word_1_335' title='bbox 1454 3608 1722 3664; x_wconf 88' lang='lat' dir='ltr'><strong><em>sublimio-</em></strong></span> 
     </span>
    </p>
   </div>
   <div class='ocr_carea' id='block_1_47' title="bbox 193 3700 1723 3772">
    <p class='ocr_par' dir='ltr' id='par_1_47' title="bbox 193 3700 1723 3772">
     <span class='ocr_line' id='line_1_47' title="bbox 193 3700 1723 3772; baseline 0.002 -19"><span class='ocrx_word' id='word_1_336' title='bbox 193 3717 290 3754; x_wconf 87' lang='lat' dir='ltr'><strong><em>rem</em></strong></span> <span class='ocrx_word' id='word_1_337' title='bbox 321 3700 417 3756; x_wconf 88' lang='lat' dir='ltr'><strong><em>Dei</em></strong></span> <span class='ocrx_word' id='word_1_338' title='bbox 450 3702 713 3764; x_wconf 89' lang='lat' dir='ltr'><strong><em>notitiam,</em></strong></span> <span class='ocrx_word' id='word_1_339' title='bbox 747 3702 1115 3771; x_wconf 84' lang='lat' dir='ltr'><strong><em>certioremque</em></strong></span> <span class='ocrx_word' id='word_1_340' title='bbox 1154 3702 1555 3757; x_wconf 84' lang='lat' dir='ltr'><strong><em>immortalitatis</em></strong></span> <span class='ocrx_word' id='word_1_341' title='bbox 1582 3717 1723 3772; x_wconf 87' lang='lat' dir='ltr'><strong><em>spem</em></strong></span> 
     </span>
    </p>
   </div>
   <div class='ocr_carea' id='block_1_48' title="bbox 196 3793 1722 3864">
    <p class='ocr_par' dir='ltr' id='par_1_48' title="bbox 196 3793 1722 3864">
     <span class='ocr_line' id='line_1_48' title="bbox 196 3793 1722 3864; baseline 0.001 -18"><span class='ocrx_word' id='word_1_342' title='bbox 196 3793 332 3848; x_wconf 81' lang='lat' dir='ltr'><strong><em>nobis</em></strong></span> <span class='ocrx_word' id='word_1_343' title='bbox 361 3794 587 3862; x_wconf 68' lang='lat' dir='ltr'><strong><em>praeberi</em></strong></span> <span class='ocrx_word' id='word_1_344' title='bbox 631 3793 885 3848; x_wconf 84' lang='lat' dir='ltr'><strong><em>declarat.</em></strong></span> <span class='ocrx_word' id='word_1_345' title='bbox 921 3793 1118 3848; x_wconf 79' lang='lat' dir='ltr'><strong><em>Deinde</em></strong></span> <span class='ocrx_word' id='word_1_346' title='bbox 1139 3810 1205 3849; x_wconf 81' lang='lat' dir='ltr'><strong><em>ea:</em></strong></span> <span class='ocrx_word' id='word_1_347' title='bbox 1233 3805 1384 3864; x_wconf 87' lang='lat' dir='ltr'><strong><em>parta</em></strong></span> <span class='ocrx_word' id='word_1_348' title='bbox 1434 3794 1722 3863; x_wconf 86' lang='lat' dir='ltr'><strong><em>Scripturis</em></strong></span> 
     </span>
    </p>
   </div>
   <div class='ocr_carea' id='block_1_49' title="bbox 194 3885 1721 3959">
    <p class='ocr_par' dir='ltr' id='par_1_49' title="bbox 194 3885 1721 3959">
     <span class='ocr_line' id='line_1_49' title="bbox 194 3885 1721 3959; baseline 0.001 -18"><span class='ocrx_word' id='word_1_349' title='bbox 194 3885 285 3942; x_wconf 84' lang='lat' dir='ltr'><strong><em>Dei</em></strong></span> <span class='ocrx_word' id='word_1_350' title='bbox 334 3889 643 3959; x_wconf 79' lang='lat' dir='ltr'><strong><em>cognitione</em></strong></span> <span class='ocrx_word' id='word_1_351' title='bbox 672 3889 903 3942; x_wconf 88' lang='lat' dir='ltr'><strong><em>observat</em></strong></span> <span class='ocrx_word' id='word_1_352' title='bbox 952 3903 1204 3943; x_wconf 88' lang='lat' dir='ltr'><strong><em>summam</em></strong></span> <span class='ocrx_word' id='word_1_353' title='bbox 1234 3888 1375 3943; x_wconf 85' lang='lat' dir='ltr'><strong><em>illius</em></strong></span> <span class='ocrx_word' id='word_1_354' title='bbox 1404 3889 1721 3956; x_wconf 84' lang='lat' dir='ltr'><strong><em>majestatem</em></strong></span> 
     </span>
    </p>
   </div>
   <div class='ocr_carea' id='block_1_50' title="bbox 192 3981 1723 4054">
    <p class='ocr_par' dir='ltr' id='par_1_50' title="bbox 192 3981 1723 4054">
     <span class='ocr_line' id='line_1_50' title="bbox 192 3981 1723 4054; baseline 0.001 -19"><span class='ocrx_word' id='word_1_355' title='bbox 192 3982 393 4036; x_wconf 80' lang='lat' dir='ltr'><strong><em>humani</em></strong></span> <span class='ocrx_word' id='word_1_356' title='bbox 425 3982 626 4053; x_wconf 87' lang='lat' dir='ltr'><strong><em>ingenii</em></strong></span> <span class='ocrx_word' id='word_1_357' title='bbox 655 3982 786 4036; x_wconf 87' lang='lat' dir='ltr'><strong><em>vires</em></strong></span> <span class='ocrx_word' id='word_1_358' title='bbox 815 3999 1077 4054; x_wconf 87' lang='lat' dir='ltr'><strong><em>superare,</em></strong></span> <span class='ocrx_word' id='word_1_359' title='bbox 1110 3998 1202 4036; x_wconf 86' lang='lat' dir='ltr'><strong><em>nec</em></strong></span> <span class='ocrx_word' id='word_1_360' title='bbox 1229 3982 1415 4054; x_wconf 85' lang='lat' dir='ltr'><strong><em>attingi</em></strong></span> <span class='ocrx_word' id='word_1_361' title='bbox 1442 3997 1591 4054; x_wconf 86' lang='lat' dir='ltr'><strong><em>posse</em></strong></span> <span class='ocrx_word' id='word_1_362' title='bbox 1621 3981 1723 4036; x_wconf 86' lang='lat' dir='ltr'><strong><em>nisi</em></strong></span> 
     </span>
    </p>
   </div>
   <div class='ocr_carea' id='block_1_51' title="bbox 190 4072 1721 4144">
    <p class='ocr_par' dir='ltr' id='par_1_51' title="bbox 190 4072 1721 4144">
     <span class='ocr_line' id='line_1_51' title="bbox 190 4072 1721 4144; baseline -0.002 -16"><span class='ocrx_word' id='word_1_363' title='bbox 190 4074 316 4143; x_wconf 43' lang='lat' dir='ltr'><strong><em>ﬁde,-</em></strong></span> <span class='ocrx_word' id='word_1_364' title='bbox 347 4075 577 4142; x_wconf 85' lang='lat' dir='ltr'><strong><em>hincque</em></strong></span> <span class='ocrx_word' id='word_1_365' title='bbox 605 4082 754 4128; x_wconf 90' lang='lat' dir='ltr'><strong><em>natas</em></strong></span> <span class='ocrx_word' id='word_1_366' title='bbox 784 4074 1021 4132; x_wconf 69' lang='lat' dir='ltr'><strong><em>haereses.</em></strong></span> <span class='ocrx_word' id='word_1_367' title='bbox 1057 4072 1198 4144; x_wconf 85' lang='lat' dir='ltr'><strong><em>quod</em></strong></span> <span class='ocrx_word' id='word_1_368' title='bbox 1246 4073 1549 4140; x_wconf 80' lang='lat' dir='ltr'><strong><em>inﬁnitatem</em></strong></span> <span class='ocrx_word' id='word_1_369' title='bbox 1578 4072 1721 4126; x_wconf 89' lang='lat' dir='ltr'><strong><em>illius</em></strong></span> 
     </span>
    </p>
   </div>
   <div class='ocr_carea' id='block_1_52' title="bbox 191 4164 1722 4235">
    <p class='ocr_par' dir='ltr' id='par_1_52' title="bbox 191 4164 1722 4235">
     <span class='ocr_line' id='line_1_52' title="bbox 191 4164 1722 4235; baseline -0.001 -16"><span class='ocrx_word' id='word_1_370' title='bbox 191 4170 317 4222; x_wconf 83' lang='lat' dir='ltr'><strong><em>intra</em></strong></span> <span class='ocrx_word' id='word_1_371' title='bbox 343 4184 536 4222; x_wconf 86' lang='lat' dir='ltr'><strong><em>sensus</em></strong></span> <span class='ocrx_word' id='word_1_372' title='bbox 586 4170 668 4221; x_wconf 90' lang='lat' dir='ltr'><strong><em>sui</em></strong></span> <span class='ocrx_word' id='word_1_373' title='bbox 713 4167 866 4235; x_wconf 85' lang='lat' dir='ltr'><strong><em>ﬁnem</em></strong></span> <span class='ocrx_word' id='word_1_374' title='bbox 915 4165 1220 4221; x_wconf 82' lang='lat' dir='ltr'><strong><em>concludere</em></strong></span> <span class='ocrx_word' id='word_1_375' title='bbox 1265 4165 1534 4220; x_wconf 86' lang='lat' dir='ltr'><strong><em>voluerint.</em></strong></span> <span class='ocrx_word' id='word_1_376' title='bbox 1578 4164 1722 4219; x_wconf 80' lang='lat' dir='ltr'><strong><em>Duas</em></strong></span> 
     </span>
    </p>
   </div>
   <div class='ocr_carea' id='block_1_53' title="bbox 190 4257 1719 4330">
    <p class='ocr_par' dir='ltr' id='par_1_53' title="bbox 190 4257 1719 4330">
     <span class='ocr_line' id='line_1_53' title="bbox 190 4257 1719 4330; baseline -0.002 -15"><span class='ocrx_word' id='word_1_377' title='bbox 190 4263 498 4330; x_wconf 65' lang='lat' dir='ltr'><strong><em>praesertim,</em></strong></span> <span class='ocrx_word' id='word_1_378' title='bbox 533 4259 780 4313; x_wconf 81' lang='lat' dir='ltr'><strong><em>Arianam</em></strong></span> <span class='ocrx_word' id='word_1_379' title='bbox 808 4257 1039 4313; x_wconf 86' lang='lat' dir='ltr'><strong><em>videlicet</em></strong></span> <span class='ocrx_word' id='word_1_380' title='bbox 1066 4269 1112 4311; x_wconf 89' lang='lat' dir='ltr'><strong><em>et</em></strong></span> <span class='ocrx_word' id='word_1_381' title='bbox 1141 4257 1511 4320; x_wconf 88' lang='lat' dir='ltr'><strong><em>Sabellianam.</em></strong></span> <span class='ocrx_word' id='word_1_382' title='bbox 1545 4258 1719 4328; x_wconf 90' lang='lat' dir='ltr'><strong><em>impu-</em></strong></span> 
     </span>
    </p>
   </div>
   <div class='ocr_carea' id='block_1_54' title="bbox 190 4351 1722 4425">
    <p class='ocr_par' dir='ltr' id='par_1_54' title="bbox 190 4351 1722 4425">
     <span class='ocr_line' id='line_1_54' title="bbox 190 4351 1722 4425; baseline 0 -18"><span class='ocrx_word' id='word_1_383' title='bbox 190 4355 417 4425; x_wconf 80' lang='lat' dir='ltr'><strong><em>gnandas</em></strong></span> <span class='ocrx_word' id='word_1_384' title='bbox 467 4355 741 4424; x_wconf 87' lang='lat' dir='ltr'><strong><em>proponit.</em></strong></span> <span class='ocrx_word' id='word_1_385' title='bbox 800 4351 1032 4422; x_wconf 89' lang='lat' dir='ltr'><strong><em>Denique</em></strong></span> <span class='ocrx_word' id='word_1_386' title='bbox 1070 4369 1172 4420; x_wconf 70' lang='lat' dir='ltr'><strong><em>quo</em></strong></span> <span class='ocrx_word' id='word_1_387' title='bbox 1216 4354 1388 4407; x_wconf 89' lang='lat' dir='ltr'><strong><em>animo</em></strong></span> <span class='ocrx_word' id='word_1_388' title='bbox 1434 4368 1583 4407; x_wconf 86' lang='lat' dir='ltr'><strong><em>sacra</em></strong></span> <span class='ocrx_word' id='word_1_389' title='bbox 1628 4351 1722 4407; x_wconf 88' lang='lat' dir='ltr'><strong><em>Dei</em></strong></span> 
     </span>
    </p>
   </div>
   <div class='ocr_carea' id='block_1_55' title="bbox 190 4445 1720 4517">
    <p class='ocr_par' dir='ltr' id='par_1_55' title="bbox 190 4445 1720 4517">
     <span class='ocr_line' id='line_1_55' title="bbox 190 4445 1720 4517; baseline -0.001 -16"><span class='ocrx_word' id='word_1_390' title='bbox 190 4447 330 4502; x_wconf 81' lang='lat' dir='ltr'><strong><em>verba</em></strong></span> <span class='ocrx_word' id='word_1_391' title='bbox 378 4448 486 4517; x_wconf 78' lang='lat' dir='ltr'><strong><em>legi</em></strong></span> <span class='ocrx_word' id='word_1_392' title='bbox 514 4447 752 4512; x_wconf 86' lang='lat' dir='ltr'><strong><em>debeant,</em></strong></span> <span class='ocrx_word' id='word_1_393' title='bbox 784 4462 945 4517; x_wconf 85' lang='lat' dir='ltr'><strong><em>quave</em></strong></span> <span class='ocrx_word' id='word_1_394' title='bbox 971 4447 1169 4500; x_wconf 88' lang='lat' dir='ltr'><strong><em>ratione</em></strong></span> <span class='ocrx_word' id='word_1_395' title='bbox 1196 4448 1332 4515; x_wconf 85' lang='lat' dir='ltr'><strong><em>quod</em></strong></span> <span class='ocrx_word' id='word_1_396' title='bbox 1379 4446 1492 4514; x_wconf 89' lang='lat' dir='ltr'><strong><em>ipse</em></strong></span> <span class='ocrx_word' id='word_1_397' title='bbox 1516 4446 1581 4500; x_wconf 86' lang='lat' dir='ltr'><strong><em>de</em></strong></span> <span class='ocrx_word' id='word_1_398' title='bbox 1612 4445 1720 4501; x_wconf 86' lang='lat' dir='ltr'><strong><em>Deo</em></strong></span> 
     </span>
    </p>
   </div>
   <div class='ocr_carea' id='block_1_56' title="bbox 190 4537 1712 4610">
    <p class='ocr_par' dir='ltr' id='par_1_56' title="bbox 190 4537 1712 4610">
     <span class='ocr_line' id='line_1_56' title="bbox 190 4537 1712 4610; baseline -0.001 -14"><span class='ocrx_word' id='word_1_399' title='bbox 190 4543 452 4596; x_wconf 77' lang='lat' dir='ltr'><strong><em>locuturus</em></strong></span> <span class='ocrx_word' id='word_1_400' title='bbox 489 4548 570 4594; x_wconf 88' lang='lat' dir='ltr'><strong><em>est</em></strong></span> <span class='ocrx_word' id='word_1_401' title='bbox 598 4540 767 4610; x_wconf 71' lang='lat' dir='ltr'><strong><em>excipi</em></strong></span> <span class='ocrx_word' id='word_1_402' title='bbox 797 4537 945 4601; x_wconf 82' lang='lat' dir='ltr'><strong><em>velit,</em></strong></span> <span class='ocrx_word' id='word_1_403' title='bbox 977 4540 1163 4593; x_wconf 87' lang='lat' dir='ltr'><strong><em>lectore</em></strong></span> <span class='ocrx_word' id='word_1_404' title='bbox 1192 4540 1492 4609; x_wconf 73' lang='lat' dir='ltr'><strong><em>praemonito</em></strong></span> <span class='ocrx_word' id='word_1_405' title='bbox 1514 4580 1529 4607; x_wconf 88' lang='lat'><strong><em>,</em></strong></span> <span class='ocrx_word' id='word_1_406' title='bbox 1558 4537 1712 4594; x_wconf 87' lang='lat' dir='ltr'><strong><em>libro-</em></strong></span> 
     </span>
    </p>
   </div>
   <div class='ocr_carea' id='block_1_57' title="bbox 189 4631 1718 4701">
    <p class='ocr_par' dir='ltr' id='par_1_57' title="bbox 189 4631 1718 4701">
     <span class='ocr_line' id='line_1_57' title="bbox 189 4631 1718 4701; baseline -0.001 -16"><span class='ocrx_word' id='word_1_407' title='bbox 189 4649 296 4687; x_wconf 85' lang='lat' dir='ltr'><strong><em>rum</em></strong></span> <span class='ocrx_word' id='word_1_408' title='bbox 321 4649 543 4687; x_wconf 84' lang='lat' dir='ltr'><strong><em>snornm</em></strong></span> <span class='ocrx_word' id='word_1_409' title='bbox 563 4632 794 4685; x_wconf 88' lang='lat' dir='ltr'><strong><em>ordinem</em></strong></span> <span class='ocrx_word' id='word_1_410' title='bbox 824 4640 871 4685; x_wconf 90' lang='lat' dir='ltr'><strong><em>et</em></strong></span> <span class='ocrx_word' id='word_1_411' title='bbox 896 4639 1199 4699; x_wconf 83' lang='lat' dir='ltr'><strong><em>argumenta</em></strong></span> <span class='ocrx_word' id='word_1_412' title='bbox 1223 4631 1510 4701; x_wconf 78' lang='lat' dir='ltr'><strong><em>prtentittit,</em></strong></span> <span class='ocrx_word' id='word_1_413' title='bbox 1557 4631 1718 4685; x_wconf 85' lang='lat' dir='ltr'><strong><em>hunc-</em></strong></span> 
     </span>
    </p>
   </div>
   <div class='ocr_carea' id='block_1_58' title="bbox 187 4719 1720 4795">
    <p class='ocr_par' dir='ltr' id='par_1_58' title="bbox 187 4719 1720 4795">
     <span class='ocr_line' id='line_1_58' title="bbox 187 4719 1720 4795; baseline -0.001 -18"><span class='ocrx_word' id='word_1_414' title='bbox 187 4743 277 4795; x_wconf 85' lang='lat' dir='ltr'><strong><em>que</em></strong></span> <span class='ocrx_word' id='word_1_415' title='bbox 307 4724 608 4779; x_wconf 80' lang='lat' dir='ltr'><strong><em>humillima</em></strong></span> <span class='ocrx_word' id='word_1_416' title='bbox 638 4739 698 4777; x_wconf 90' lang='lat' dir='ltr'><strong><em>ac</em></strong></span> <span class='ocrx_word' id='word_1_417' title='bbox 724 4722 828 4793; x_wconf 79' lang='lat' dir='ltr'><strong><em>fide</em></strong></span> <span class='ocrx_word' id='word_1_418' title='bbox 852 4722 1006 4794; x_wconf 86' lang='lat' dir='ltr'><strong><em>plena</em></strong></span> <span class='ocrx_word' id='word_1_419' title='bbox 1031 4722 1101 4776; x_wconf 90' lang='lat' dir='ltr'><strong><em>ad</em></strong></span> <span class='ocrx_word' id='word_1_420' title='bbox 1132 4719 1298 4776; x_wconf 90' lang='lat' dir='ltr'><strong><em>Deum</em></strong></span> <span class='ocrx_word' id='word_1_421' title='bbox 1325 4738 1473 4792; x_wconf 88' lang='lat' dir='ltr'><strong><em>prece</em></strong></span> <span class='ocrx_word' id='word_1_422' title='bbox 1511 4721 1720 4777; x_wconf 87' lang='lat' dir='ltr'><strong><em>conclu-</em></strong></span> 
     </span>
    </p>
   </div>
   <div class='ocr_carea' id='block_1_59' title="bbox 187 4818 276 4871">
    <p class='ocr_par' dir='ltr' id='par_1_59' title="bbox 187 4818 276 4871">
     <span class='ocr_line' id='line_1_59' title="bbox 187 4818 276 4871; baseline 0.022 -2"><span class='ocrx_word' id='word_1_423' title='bbox 187 4818 276 4871; x_wconf 85' lang='lat' dir='ltr'><strong><em>dit.</em></strong></span> 
     </span>
    </p>
   </div>
   <div class='ocr_carea' id='block_1_60' title="bbox 190 4946 1715 5022">
    <p class='ocr_par' dir='ltr' id='par_1_60' title="bbox 190 4946 1715 5022">
     <span class='ocr_line' id='line_1_60' title="bbox 190 4946 1715 5022; baseline 0.001 -20"><span class='ocrx_word' id='word_1_424' title='bbox 190 4948 234 5003; x_wconf 85' lang='lat' dir='ltr'><strong><em>l.</em></strong></span> <span class='ocrx_word' id='word_1_425' title='bbox 260 4948 323 5002; x_wconf 86' lang='lat' dir='ltr'><strong><em>In</em></strong></span> <span class='ocrx_word' id='word_1_426' title='bbox 351 4951 461 5003; x_wconf 83' lang='lat' dir='ltr'><strong><em>o&#39;io</em></strong></span> <span class='ocrx_word' id='word_1_427' title='bbox 488 4959 537 5003; x_wconf 88' lang='lat' dir='ltr'><strong><em>et</em></strong></span> <span class='ocrx_word' id='word_1_428' title='bbox 567 4948 828 5019; x_wconf 87' lang='lat' dir='ltr'><strong><em>opulentia</em></strong></span> <span class='ocrx_word' id='word_1_429' title='bbox 851 4964 952 5002; x_wconf 89' lang='lat' dir='ltr'><strong><em>non</em></strong></span> <span class='ocrx_word' id='word_1_430' title='bbox 983 4956 1056 5002; x_wconf 90' lang='lat' dir='ltr'><strong><em>est</em></strong></span> <span class='ocrx_word' id='word_1_431' title='bbox 1083 4947 1185 5002; x_wconf 90' lang='lat' dir='ltr'><strong><em>nisi</em></strong></span> <span class='ocrx_word' id='word_1_432' title='bbox 1215 4946 1417 5002; x_wconf 81' lang='lat' dir='ltr'><strong><em>beluino</em></strong></span> <span class='ocrx_word' id='word_1_433' title='bbox 1451 4948 1525 5022; x_wconf 90' lang='lat' dir='ltr'><strong><em>(a)</em></strong></span> <span class='ocrx_word' id='word_1_434' title='bbox 1553 4951 1715 5021; x_wconf 85' lang='lat' dir='ltr'><strong><em>felici-</em></strong></span> 
     </span>
    </p>
   </div>
   <div class='ocr_carea' id='block_1_61' title="bbox 129 5041 1714 5112">
    <p class='ocr_par' dir='ltr' id='par_1_61' title="bbox 129 5041 1714 5112">
     <span class='ocr_line' id='line_1_61' title="bbox 129 5041 1714 5112; baseline 0.005 -20"><span class='ocrx_word' id='word_1_435' title='bbox 129 5050 212 5098; x_wconf 91' lang='lat' dir='ltr'><strong><em>tas.</em></strong></span> <span class='ocrx_word' id='word_1_436' title='bbox 241 5075 310 5085; x_wconf 94' lang='lat'><strong>—</strong></span> <span class='ocrx_word' id='word_1_437' title='bbox 340 5041 816 5112; x_wconf 85' lang='lat' dir='ltr'><strong><em>Circumspicienti</em></strong></span> <span class='ocrx_word' id='word_1_438' title='bbox 846 5041 975 5096; x_wconf 90' lang='lat' dir='ltr'><strong><em>mihi</em></strong></span> <span class='ocrx_word' id='word_1_439' title='bbox 1004 5045 1279 5111; x_wconf 69' lang='lat' dir='ltr'><strong><em>prolirium</em></strong></span> <span class='ocrx_word' id='word_1_440' title='bbox 1311 5044 1557 5099; x_wconf 71' lang='lat' dir='ltr'><strong><em>humana:</em></strong></span> <span class='ocrx_word' id='word_1_441' title='bbox 1588 5045 1714 5100; x_wconf 67' lang='lat' dir='ltr'><strong><em>vitae</em></strong></span> 
     </span>
    </p>
   </div>
   <div class='ocr_carea' id='block_1_62' title="bbox 129 5135 1710 5209">
    <p class='ocr_par' dir='ltr' id='par_1_62' title="bbox 129 5135 1710 5209">
     <span class='ocr_line' id='line_1_62' title="bbox 129 5135 1710 5209; baseline 0.004 -22"><span class='ocrx_word' id='word_1_442' title='bbox 129 5151 179 5190; x_wconf 85' lang='lat' dir='ltr'><strong><em>ac</em></strong></span> <span class='ocrx_word' id='word_1_443' title='bbox 194 5137 512 5209; x_wconf 75' lang='lat' dir='ltr'><strong><em>religiosum</em></strong></span> <span class='ocrx_word' id='word_1_444' title='bbox 533 5136 795 5203; x_wconf 81' lang='lat' dir='ltr'><strong><em>officium,</em></strong></span> <span class='ocrx_word' id='word_1_445' title='bbox 817 5136 956 5204; x_wconf 87' lang='lat' dir='ltr'><strong><em>quod</em></strong></span> <span class='ocrx_word' id='word_1_446' title='bbox 990 5135 1118 5191; x_wconf 83' lang='lat' dir='ltr'><strong><em>vela</em></strong></span> <span class='ocrx_word' id='word_1_447' title='bbox 1141 5146 1328 5191; x_wconf 81' lang='lat' dir='ltr'><strong><em>natura</em></strong></span> <span class='ocrx_word' id='word_1_448' title='bbox 1358 5152 1609 5205; x_wconf 85' lang='lat' dir='ltr'><strong><em>manans,</em></strong></span> <span class='ocrx_word' id='word_1_449' title='bbox 1626 5139 1710 5195; x_wconf 85' lang='lat' dir='ltr'><strong><em>vel</em></strong></span> 
     </span>
    </p>
   </div>
   <div class='ocr_carea' id='block_1_63' title="bbox 129 5224 1718 5297">
    <p class='ocr_par' dir='ltr' id='par_1_63' title="bbox 129 5224 1718 5297">
     <span class='ocr_line' id='line_1_63' title="bbox 129 5224 1718 5297; baseline 0.004 -18"><span class='ocrx_word' id='word_1_450' title='bbox 129 5241 153 5279; x_wconf 83' lang='lat' dir='ltr'><strong><em>a</em></strong></span> <span class='ocrx_word' id='word_1_451' title='bbox 176 5228 503 5297; x_wconf 81' lang='lat' dir='ltr'><strong><em>prudentum</em></strong></span> <span class='ocrx_word' id='word_1_452' title='bbox 541 5225 736 5281; x_wconf 84' lang='lat' dir='ltr'><strong><em>studiis</em></strong></span> <span class='ocrx_word' id='word_1_453' title='bbox 782 5224 1101 5292; x_wconf 86' lang='lat' dir='ltr'><strong><em>profectum,</em></strong></span> <span class='ocrx_word' id='word_1_454' title='bbox 1131 5226 1352 5296; x_wconf 80' lang='lat' dir='ltr'><strong><em>dignum</em></strong></span> <span class='ocrx_word' id='word_1_455' title='bbox 1385 5227 1586 5297; x_wconf 80' lang='lat' dir='ltr'><strong><em>aliquid</em></strong></span> <span class='ocrx_word' id='word_1_456' title='bbox 1616 5231 1718 5285; x_wconf 89' lang='lat' dir='ltr'><strong><em>hoc</em></strong></span> 
     </span>
    </p>
   </div>
   <div class='ocr_carea' id='block_1_64' title="bbox 131 5319 1717 5389">
    <p class='ocr_par' dir='ltr' id='par_1_64' title="bbox 131 5319 1717 5389">
     <span class='ocr_line' id='line_1_64' title="bbox 131 5319 1717 5389; baseline 0.003 -14"><span class='ocrx_word' id='word_1_457' title='bbox 131 5335 373 5378; x_wconf 72' lang='lat' dir='ltr'><strong><em>culice-so</em></strong></span> <span class='ocrx_word' id='word_1_458' title='bbox 403 5323 511 5376; x_wconf 77' lang='lat' dir='ltr'><strong><em>sibi</em></strong></span> <span class='ocrx_word' id='word_1_459' title='bbox 543 5321 610 5375; x_wconf 89' lang='lat' dir='ltr'><strong><em>ad</em></strong></span> <span class='ocrx_word' id='word_1_460' title='bbox 643 5319 1052 5389; x_wconf 77' lang='lat' dir='ltr'><strong><em>intelligentiam</em></strong></span> <span class='ocrx_word' id='word_1_461' title='bbox 1082 5320 1276 5375; x_wconf 81' lang='lat' dir='ltr'><strong><em>divino</em></strong></span> <span class='ocrx_word' id='word_1_462' title='bbox 1321 5337 1546 5378; x_wconf 84' lang='lat' dir='ltr'><strong><em>munere</em></strong></span> <span class='ocrx_word' id='word_1_463' title='bbox 1577 5323 1717 5379; x_wconf 87' lang='lat' dir='ltr'><strong><em>obti-</em></strong></span> 
     </span>
    </p>
   </div>
   <div class='ocr_carea' id='block_1_65' title="bbox 133 5412 1714 5487">
    <p class='ocr_par' dir='ltr' id='par_1_65' title="bbox 133 5412 1714 5487">
     <span class='ocr_line' id='line_1_65' title="bbox 133 5412 1714 5487; baseline 0.004 -21"><span class='ocrx_word' id='word_1_464' title='bbox 133 5423 288 5483; x_wconf 86' lang='lat' dir='ltr'><strong><em>neret,</em></strong></span> <span class='ocrx_word' id='word_1_465' title='bbox 318 5417 491 5470; x_wconf 80' lang='lat' dir='ltr'><strong><em>multa</em></strong></span> <span class='ocrx_word' id='word_1_466' title='bbox 513 5412 732 5484; x_wconf 86' lang='lat' dir='ltr'><strong><em>quidem</em></strong></span> <span class='ocrx_word' id='word_1_467' title='bbox 753 5412 1004 5481; x_wconf 79' lang='lat' dir='ltr'><strong><em>aderant,</em></strong></span> <span class='ocrx_word' id='word_1_468' title='bbox 1027 5428 1148 5485; x_wconf 75' lang='lat' dir='ltr'><strong><em>qum</em></strong></span> <span class='ocrx_word' id='word_1_469' title='bbox 1178 5412 1436 5484; x_wconf 89' lang='lat' dir='ltr'><strong><em>opinione</em></strong></span> <span class='ocrx_word' id='word_1_470' title='bbox 1465 5414 1540 5487; x_wconf 88' lang='lat' dir='ltr'><strong><em>(b)</em></strong></span> <span class='ocrx_word' id='word_1_471' title='bbox 1560 5431 1714 5472; x_wconf 89' lang='lat' dir='ltr'><strong><em>com-</em></strong></span> 
     </span>
    </p>
   </div>
   <div class='ocr_carea' id='block_1_66' title="bbox 192 5575 1720 5648">
    <p class='ocr_par' dir='ltr' id='par_1_66' title="bbox 192 5575 1720 5648">
     <span class='ocr_line' id='line_1_66' title="bbox 192 5575 1720 5648; baseline 0.005 -18"><span class='ocrx_word' id='word_1_472' title='bbox 192 5575 264 5648; x_wconf 84' lang='lat' dir='ltr'><strong><em>(a)</em></strong></span> <span class='ocrx_word' id='word_1_473' title='bbox 289 5575 627 5634; x_wconf 77' lang='lat' dir='ltr'><strong><em>Constanter</em></strong></span> <span class='ocrx_word' id='word_1_474' title='bbox 654 5576 756 5632; x_wconf 87' lang='lat' dir='ltr'><strong><em>hoc</em></strong></span> <span class='ocrx_word' id='word_1_475' title='bbox 784 5577 1108 5648; x_wconf 81' lang='lat' dir='ltr'><strong><em>adjectivum</em></strong></span> <span class='ocrx_word' id='word_1_476' title='bbox 1141 5594 1337 5635; x_wconf 89' lang='lat' dir='ltr'><strong><em>nomen</em></strong></span> <span class='ocrx_word' id='word_1_477' title='bbox 1379 5594 1501 5635; x_wconf 91' lang='lat' dir='ltr'><strong><em>cum</em></strong></span> <span class='ocrx_word' id='word_1_478' title='bbox 1535 5595 1644 5637; x_wconf 92' lang='lat' dir='ltr'><strong><em>uno</em></strong></span> <span class='ocrx_word' id='word_1_479' title='bbox 1700 5581 1720 5636; x_wconf 94' lang='lat' dir='ltr'><strong><em>l</em></strong></span> 
     </span>
    </p>
   </div>
   <div class='ocr_carea' id='block_1_67' title="bbox 137 5648 1475 5721">
    <p class='ocr_par' dir='ltr' id='par_1_67' title="bbox 137 5648 1475 5721">
     <span class='ocr_line' id='line_1_67' title="bbox 137 5648 1475 5721; baseline -0.001 -15"><span class='ocrx_word' id='word_1_480' title='bbox 137 5648 299 5721; x_wconf 58' lang='grc' dir='ltr'><strong><em>διψῇ</em></strong></span> <span class='ocrx_word' id='word_1_481' title='bbox 325 5649 498 5706; x_wconf 75' lang='lat' dir='ltr'><strong><em>editio</em></strong></span> <span class='ocrx_word' id='word_1_482' title='bbox 527 5649 926 5704; x_wconf 79' lang='lat' dir='ltr'><strong><em>accuratissima</em></strong></span> <span class='ocrx_word' id='word_1_483' title='bbox 959 5666 1117 5721; x_wconf 85' lang='lat' dir='ltr'><strong><em>quam</em></strong></span> <span class='ocrx_word' id='word_1_484' title='bbox 1148 5652 1475 5706; x_wconf 75' lang='lat' dir='ltr'><strong><em>recutliiuus.</em></strong></span> 
     </span>
    </p>
   </div>
   <div class='ocr_carea' id='block_1_68' title="bbox 141 5718 1712 5795">
    <p class='ocr_par' dir='ltr' id='par_1_68' title="bbox 141 5718 1712 5795">
     <span class='ocr_line' id='line_1_68' title="bbox 141 5718 1712 5795; baseline 0.005 -23"><span class='ocrx_word' id='word_1_485' title='bbox 141 5755 149 5767; x_wconf 87' lang='lat'><strong><em>.</em></strong></span> <span class='ocrx_word' id='word_1_486' title='bbox 198 5718 265 5783; x_wconf 75' lang='lat' dir='ltr'><strong><em>(lt)</em></strong></span> <span class='ocrx_word' id='word_1_487' title='bbox 284 5720 821 5795; x_wconf 54' lang='lat' dir='ltr'><strong><em>Pes-vetustuseodex</em></strong></span> <span class='ocrx_word' id='word_1_488' title='bbox 835 5718 1177 5795; x_wconf 66' lang='lat' dir='ltr'><strong><em>Gnther-tinus</em></strong></span> <span class='ocrx_word' id='word_1_489' title='bbox 1193 5736 1314 5778; x_wconf 90' lang='lat' dir='ltr'><strong><em>cum</em></strong></span> <span class='ocrx_word' id='word_1_490' title='bbox 1330 5722 1712 5794; x_wconf 81' lang='lat' dir='ltr'><strong><em>Gennanensi,</em></strong></span> 
     </span>
    </p>
   </div>
   <div class='ocr_carea' id='block_1_69' title="bbox 142 5790 1081 5861">
    <p class='ocr_par' dir='ltr' id='par_1_69' title="bbox 142 5790 1081 5861">
     <span class='ocr_line' id='line_1_69' title="bbox 142 5790 1081 5861; baseline -0.001 -15"><span class='ocrx_word' id='word_1_491' title='bbox 142 5792 507 5859; x_wconf 62' lang='lat' dir='ltr'><strong><em>“Minnione;</em></strong></span> <span class='ocrx_word' id='word_1_492' title='bbox 529 5790 690 5861; x_wconf 64' lang='lat' dir='ltr'><strong><em>forte,</em></strong></span> <span class='ocrx_word' id='word_1_493' title='bbox 720 5790 1081 5847; x_wconf 81' lang='lat' dir='ltr'><strong><em>communiore.</em></strong></span> 
     </span>
    </p>
   </div>
   <div class='ocr_carea' id='block_1_70' title="bbox 1258 3161 1836 3220">
    <p class='ocr_par' dir='ltr' id='par_1_70' title="bbox 1258 3161 1836 3220">
     <span class='ocr_line' id='line_1_70' title="bbox 1258 3161 1836 3220; baseline 0.007 -4"><span class='ocrx_word' id='word_1_494' title='bbox 1258 3161 1836 3220; x_wconf 60' lang='lat' dir='ltr'><strong><em>—-=3i03dl</em></strong></span> 
     </span>
    </p>
   </div>
   <div class='ocr_carea' id='block_1_71' title="bbox 1894 3177 2049 3187">
    <p class='ocr_par' dir='ltr' id='par_1_71' title="bbox 1894 3177 2049 3187">
     <span class='ocr_line' id='line_1_71' title="bbox 1894 3177 2049 3187; baseline 0.019 -3"><span class='ocrx_word' id='word_1_495' title='bbox 1894 3177 2049 3187; x_wconf 53' lang='grc' dir='ltr'><strong><em>μσς...</em></strong></span> 
     </span>
    </p>
   </div>
   <div class='ocr_carea' id='block_1_72' title="bbox 1868 3182 2514 3214">
    <p class='ocr_par' dir='ltr' id='par_1_72' title="bbox 1934 3182 2511 3206">
     <span class='ocr_line' id='line_1_72' title="bbox 1934 3182 2511 3206; baseline 0.009 -20"><span class='ocrx_word' id='word_1_496' title='bbox 1934 3182 2088 3206; x_wconf 29' lang='grc' dir='ltr'><strong><em>γῇ,</em></strong></span> <span class='ocrx_word' id='word_1_497' title='bbox 2506 3186 2511 3203; x_wconf 87' lang='grc'>,</span> 
     </span>
    </p>
   </div>
   <div class='ocr_carea' id='block_1_73' title="bbox 1748 3289 3428 3369">
    <p class='ocr_par' dir='ltr' id='par_1_73' title="bbox 1748 3289 3428 3369">
     <span class='ocr_line' id='line_1_73' title="bbox 1748 3289 3428 3369; baseline 0.012 -28"><span class='ocrx_word' id='word_1_498' title='bbox 1748 3289 1794 3352; x_wconf 88' lang='lat' dir='ltr'>C</span> <span class='ocrx_word' id='word_1_499' title='bbox 1830 3289 1976 3345; x_wconf 91' lang='lat' dir='ltr'><strong><em>muni</em></strong></span> <span class='ocrx_word' id='word_1_500' title='bbox 2003 3290 2223 3350; x_wconf 81' lang='lat' dir='ltr'><strong><em>efﬁcere</em></strong></span> <span class='ocrx_word' id='word_1_501' title='bbox 2254 3295 2441 3351; x_wconf 87' lang='lat' dir='ltr'><strong><em>utilem</em></strong></span> <span class='ocrx_word' id='word_1_502' title='bbox 2473 3306 2636 3368; x_wconf 87' lang='lat' dir='ltr'><strong><em>atque</em></strong></span> <span class='ocrx_word' id='word_1_503' title='bbox 2666 3298 2956 3369; x_wconf 89' lang='lat' dir='ltr'><strong><em>optandam</em></strong></span> <span class='ocrx_word' id='word_1_504' title='bbox 2976 3301 3141 3357; x_wconf 83' lang='lat' dir='ltr'><strong><em>vitam</em></strong></span> <span class='ocrx_word' id='word_1_505' title='bbox 3172 3301 3428 3360; x_wconf 70' lang='lat' dir='ltr'><strong><em>videban-</em></strong></span> 
     </span>
    </p>
   </div>
   <div class='ocr_carea' id='block_1_74' title="bbox 1828 3383 3427 3465">
    <p class='ocr_par' dir='ltr' id='par_1_74' title="bbox 1828 3383 3427 3465">
     <span class='ocr_line' id='line_1_74' title="bbox 1828 3383 3427 3465; baseline 0.011 -30"><span class='ocrx_word' id='word_1_506' title='bbox 1828 3389 1936 3449; x_wconf 87' lang='lat' dir='ltr'><strong><em>tur,</em></strong></span> <span class='ocrx_word' id='word_1_507' title='bbox 1993 3383 2335 3456; x_wconf 79' lang='lat' dir='ltr'><strong><em>maximeque</em></strong></span> <span class='ocrx_word' id='word_1_508' title='bbox 2376 3403 2439 3458; x_wconf 87' lang='lat' dir='ltr'><strong><em>ea</em></strong></span> <span class='ocrx_word' id='word_1_509' title='bbox 2514 3405 2635 3459; x_wconf 70' lang='lat' dir='ltr'><strong><em>qua:</em></strong></span> <span class='ocrx_word' id='word_1_510' title='bbox 2671 3400 2726 3445; x_wconf 90' lang='lat' dir='ltr'><strong><em>et</em></strong></span> <span class='ocrx_word' id='word_1_511' title='bbox 2749 3408 2888 3447; x_wconf 80' lang='lat' dir='ltr'><strong><em>llllttc</em></strong></span> <span class='ocrx_word' id='word_1_512' title='bbox 2935 3401 2991 3449; x_wconf 87' lang='lat' dir='ltr'><strong><em>et</em></strong></span> <span class='ocrx_word' id='word_1_513' title='bbox 3019 3409 3237 3465; x_wconf 84' lang='lat' dir='ltr'><strong><em>semper</em></strong></span> <span class='ocrx_word' id='word_1_514' title='bbox 3271 3405 3427 3453; x_wconf 85' lang='lat' dir='ltr'><strong><em>antea</em></strong></span> 
     </span>
    </p>
   </div>
   <div class='ocr_carea' id='block_1_75' title="bbox 1827 3476 3427 3551">
    <p class='ocr_par' dir='ltr' id='par_1_75' title="bbox 1827 3476 3427 3551">
     <span class='ocr_line' id='line_1_75' title="bbox 1827 3476 3427 3551; baseline 0.009 -21"><span class='ocrx_word' id='word_1_515' title='bbox 1827 3476 2107 3545; x_wconf 86' lang='lat' dir='ltr'><strong><em>potissima</em></strong></span> <span class='ocrx_word' id='word_1_516' title='bbox 2140 3479 2281 3536; x_wconf 88' lang='lat' dir='ltr'><strong><em>inter</em></strong></span> <span class='ocrx_word' id='word_1_517' title='bbox 2312 3484 2568 3538; x_wconf 77' lang='lat' dir='ltr'><strong><em>mortales</em></strong></span> <span class='ocrx_word' id='word_1_518' title='bbox 2603 3482 2869 3539; x_wconf 84' lang='lat' dir='ltr'><strong><em>habentur</em></strong></span> <span class='ocrx_word' id='word_1_519' title='bbox 2894 3526 2909 3551; x_wconf 94' lang='lat'><strong><em>,</em></strong></span> <span class='ocrx_word' id='word_1_520' title='bbox 2942 3488 3111 3542; x_wconf 81' lang='lat' dir='ltr'><strong><em>Otium</em></strong></span> <span class='ocrx_word' id='word_1_521' title='bbox 3162 3490 3318 3543; x_wconf 90' lang='lat' dir='ltr'><strong><em>simul</em></strong></span> <span class='ocrx_word' id='word_1_522' title='bbox 3344 3499 3427 3544; x_wconf 86' lang='lat' dir='ltr'><strong><em>at-</em></strong></span> 
     </span>
    </p>
   </div>
   <div class='ocr_carea' id='block_1_76' title="bbox 1824 3572 3426 3651">
    <p class='ocr_par' dir='ltr' id='par_1_76' title="bbox 1824 3572 3426 3651">
     <span class='ocr_line' id='line_1_76' title="bbox 1824 3572 3426 3651; baseline 0.01 -29"><span class='ocrx_word' id='word_1_523' title='bbox 1824 3584 1929 3641; x_wconf 88' lang='lat' dir='ltr'><strong><em>que</em></strong></span> <span class='ocrx_word' id='word_1_524' title='bbox 1959 3572 2230 3640; x_wconf 82' lang='lat' dir='ltr'><strong><em>opulentia</em></strong></span> <span class='ocrx_word' id='word_1_525' title='bbox 2258 3615 2274 3638; x_wconf 89' lang='lat'><strong><em>,</em></strong></span> <span class='ocrx_word' id='word_1_526' title='bbox 2325 3575 2465 3643; x_wconf 84' lang='lat' dir='ltr'><strong><em>quod</em></strong></span> <span class='ocrx_word' id='word_1_527' title='bbox 2497 3575 2642 3630; x_wconf 86' lang='lat' dir='ltr'><strong><em>aliud</em></strong></span> <span class='ocrx_word' id='word_1_528' title='bbox 2689 3577 2810 3633; x_wconf 90' lang='lat' dir='ltr'><strong><em>sine</em></strong></span> <span class='ocrx_word' id='word_1_529' title='bbox 2849 3579 3021 3635; x_wconf 84' lang='lat' dir='ltr'><strong><em>altero</em></strong></span> <span class='ocrx_word' id='word_1_530' title='bbox 3075 3581 3200 3636; x_wconf 87' lang='lat' dir='ltr'><strong><em>mali</em></strong></span> <span class='ocrx_word' id='word_1_531' title='bbox 3250 3583 3426 3651; x_wconf 78' lang='lat' dir='ltr'><strong><em>potius</em></strong></span> 
     </span>
    </p>
   </div>
   <div class='ocr_carea' id='block_1_77' title="bbox 1828 3664 3425 3746">
    <p class='ocr_par' dir='ltr' id='par_1_77' title="bbox 1828 3664 3425 3746">
     <span class='ocr_line' id='line_1_77' title="bbox 1828 3664 3425 3746; baseline 0.011 -29"><span class='ocrx_word' id='word_1_532' title='bbox 1828 3664 2125 3731; x_wconf 87' lang='lat' dir='ltr'><strong><em>materies,</em></strong></span> <span class='ocrx_word' id='word_1_533' title='bbox 2187 3684 2344 3738; x_wconf 83' lang='lat' dir='ltr'><strong><em>quam</em></strong></span> <span class='ocrx_word' id='word_1_534' title='bbox 2392 3670 2517 3725; x_wconf 88' lang='lat' dir='ltr'><strong><em>boui</em></strong></span> <span class='ocrx_word' id='word_1_535' title='bbox 2561 3680 2708 3726; x_wconf 87' lang='lat' dir='ltr'><strong><em>esset</em></strong></span> <span class='ocrx_word' id='word_1_536' title='bbox 2735 3674 3132 3746; x_wconf 78' lang='lat' dir='ltr'><strong><em>occasiozquia</em></strong></span> <span class='ocrx_word' id='word_1_537' title='bbox 3187 3684 3243 3732; x_wconf 89' lang='lat' dir='ltr'><strong><em>et</em></strong></span> <span class='ocrx_word' id='word_1_538' title='bbox 3272 3677 3425 3746; x_wconf 79' lang='lat' dir='ltr'><strong><em>quies</em></strong></span> 
     </span>
    </p>
   </div>
   <div class='ocr_carea' id='block_1_78' title="bbox 1825 3754 3426 3839">
    <p class='ocr_par' dir='ltr' id='par_1_78' title="bbox 1825 3754 3426 3839">
     <span class='ocr_line' id='line_1_78' title="bbox 1825 3754 3426 3839; baseline 0.011 -28"><span class='ocrx_word' id='word_1_539' title='bbox 1825 3754 1980 3826; x_wconf 87' lang='lat' dir='ltr'><strong><em>inops</em></strong></span> <span class='ocrx_word' id='word_1_540' title='bbox 2023 3774 2192 3829; x_wconf 88' lang='lat' dir='ltr'><strong><em>prope</em></strong></span> <span class='ocrx_word' id='word_1_541' title='bbox 2220 3762 2490 3830; x_wconf 84' lang='lat' dir='ltr'><strong><em>quoddam</em></strong></span> <span class='ocrx_word' id='word_1_542' title='bbox 2539 3765 2667 3819; x_wconf 66' lang='lat' dir='ltr'><strong><em>vita:</em></strong></span> <span class='ocrx_word' id='word_1_543' title='bbox 2716 3766 2884 3839; x_wconf 80' lang='lat' dir='ltr'><strong><em>ipsius</em></strong></span> <span class='ocrx_word' id='word_1_544' title='bbox 2933 3768 3265 3839; x_wconf 71' lang='lat' dir='ltr'><strong><em>intelligatur</em></strong></span> <span class='ocrx_word' id='word_1_545' title='bbox 3303 3787 3426 3828; x_wconf 72' lang='lat' dir='ltr'><strong><em>esse</em></strong></span> 
     </span>
    </p>
   </div>
   <div class='ocr_carea' id='block_1_79' title="bbox 1824 3849 3426 3932">
    <p class='ocr_par' dir='ltr' id='par_1_79' title="bbox 1824 3849 3426 3932">
     <span class='ocr_line' id='line_1_79' title="bbox 1824 3849 3426 3932; baseline 0.011 -32"><span class='ocrx_word' id='word_1_546' title='bbox 1824 3849 2098 3918; x_wconf 77' lang='lat' dir='ltr'><strong><em>exsilium,</em></strong></span> <span class='ocrx_word' id='word_1_547' title='bbox 2131 3860 2185 3906; x_wconf 88' lang='lat' dir='ltr'><strong><em>et</em></strong></span> <span class='ocrx_word' id='word_1_548' title='bbox 2209 3855 2437 3923; x_wconf 88' lang='lat' dir='ltr'><strong><em>opulens</em></strong></span> <span class='ocrx_word' id='word_1_549' title='bbox 2465 3856 2778 3926; x_wconf 87' lang='lat' dir='ltr'><strong><em>inquietudo</em></strong></span> <span class='ocrx_word' id='word_1_550' title='bbox 2806 3862 2858 3932; x_wconf 69' lang='lat'><strong>2</strong></span> <span class='ocrx_word' id='word_1_551' title='bbox 2882 3870 3028 3915; x_wconf 90' lang='lat' dir='ltr'><strong><em>tanto</em></strong></span> <span class='ocrx_word' id='word_1_552' title='bbox 3058 3862 3178 3932; x_wconf 86' lang='lat' dir='ltr'><strong><em>plus</em></strong></span> <span class='ocrx_word' id='word_1_553' title='bbox 3202 3863 3426 3919; x_wconf 83' lang='lat' dir='ltr'><strong><em>calami-</em></strong></span> 
     </span>
    </p>
   </div>
   <div class='ocr_carea' id='block_1_80' title="bbox 1827 3942 3423 4023">
    <p class='ocr_par' dir='ltr' id='par_1_80' title="bbox 1827 3942 3423 4023">
     <span class='ocr_line' id='line_1_80' title="bbox 1827 3942 3423 4023; baseline 0.011 -30"><span class='ocrx_word' id='word_1_554' title='bbox 1827 3942 1951 3995; x_wconf 85' lang='lat' dir='ltr'><strong><em>tatis</em></strong></span> <span class='ocrx_word' id='word_1_555' title='bbox 1972 3942 2189 4011; x_wconf 86' lang='lat' dir='ltr'><strong><em>affcrat,</em></strong></span> <span class='ocrx_word' id='word_1_556' title='bbox 2220 3956 2423 4017; x_wconf 88' lang='lat' dir='ltr'><strong><em>quanto</em></strong></span> <span class='ocrx_word' id='word_1_557' title='bbox 2466 3949 2671 4020; x_wconf 80' lang='lat' dir='ltr'><strong><em>majore</em></strong></span> <span class='ocrx_word' id='word_1_558' title='bbox 2702 3951 3021 4023; x_wconf 73' lang='lat' dir='ltr'><strong><em>indignitate</em></strong></span> <span class='ocrx_word' id='word_1_559' title='bbox 3051 3955 3131 4007; x_wconf 53' lang='lat' dir='ltr'><strong><em>his</em></strong></span> <span class='ocrx_word' id='word_1_560' title='bbox 3171 3965 3388 4011; x_wconf 87' lang='lat' dir='ltr'><strong><em>carelur</em></strong></span> <span class='ocrx_word' id='word_1_561' title='bbox 3408 3998 3423 4022; x_wconf 94' lang='lat'><strong><em>,</em></strong></span> 
     </span>
    </p>
   </div>
   <div class='ocr_carea' id='block_1_81' title="bbox 1825 4036 3421 4113">
    <p class='ocr_par' dir='ltr' id='par_1_81' title="bbox 1825 4036 3421 4113">
     <span class='ocr_line' id='line_1_81' title="bbox 1825 4036 3421 4113; baseline 0.008 -27"><span class='ocrx_word' id='word_1_562' title='bbox 1825 4049 1946 4104; x_wconf 72' lang='lat' dir='ltr'><strong><em>qtae</em></strong></span> <span class='ocrx_word' id='word_1_563' title='bbox 1974 4036 2205 4093; x_wconf 77' lang='lat' dir='ltr'><strong><em>titaxime</em></strong></span> <span class='ocrx_word' id='word_1_564' title='bbox 2241 4048 2295 4092; x_wconf 90' lang='lat' dir='ltr'><strong><em>ct</em></strong></span> <span class='ocrx_word' id='word_1_565' title='bbox 2320 4049 2503 4109; x_wconf 80' lang='lat' dir='ltr'><strong><em>Optata</em></strong></span> <span class='ocrx_word' id='word_1_566' title='bbox 2534 4053 2584 4096; x_wconf 86' lang='lat' dir='ltr'><strong><em>et</em></strong></span> <span class='ocrx_word' id='word_1_567' title='bbox 2627 4044 2853 4113; x_wconf 65' lang='lat' dir='ltr'><strong><em>quaesita</em></strong></span> <span class='ocrx_word' id='word_1_568' title='bbox 2884 4055 3010 4099; x_wconf 83' lang='lat' dir='ltr'><strong><em>sunt</em></strong></span> <span class='ocrx_word' id='word_1_569' title='bbox 3037 4045 3102 4099; x_wconf 88' lang='lat' dir='ltr'><strong><em>ad</em></strong></span> <span class='ocrx_word' id='word_1_570' title='bbox 3140 4047 3421 4103; x_wconf 87' lang='lat' dir='ltr'><strong><em>utendum.</em></strong></span> 
     </span>
    </p>
   </div>
   <div class='ocr_carea' id='block_1_82' title="bbox 1825 4130 3424 4210">
    <p class='ocr_par' dir='ltr' id='par_1_82' title="bbox 1825 4130 3424 4210">
     <span class='ocr_line' id='line_1_82' title="bbox 1825 4130 3424 4210; baseline 0.008 -29"><span class='ocrx_word' id='word_1_571' title='bbox 1825 4131 2000 4196; x_wconf 82' lang='lat' dir='ltr'><strong><em>Atque</em></strong></span> <span class='ocrx_word' id='word_1_572' title='bbox 2026 4130 2138 4185; x_wconf 75' lang='lat' dir='ltr'><strong><em>Ita-c</em></strong></span> <span class='ocrx_word' id='word_1_573' title='bbox 2159 4132 2375 4200; x_wconf 89' lang='lat' dir='ltr'><strong><em>quidem</em></strong></span> <span class='ocrx_word' id='word_1_574' title='bbox 2401 4151 2719 4205; x_wconf 79' lang='lat' dir='ltr'><strong><em>quamquam</em></strong></span> <span class='ocrx_word' id='word_1_575' title='bbox 2739 4139 2789 4190; x_wconf 88' lang='lat' dir='ltr'><strong><em>in</em></strong></span> <span class='ocrx_word' id='word_1_576' title='bbox 2813 4152 2874 4192; x_wconf 86' lang='lat' dir='ltr'><strong><em>se</em></strong></span> <span class='ocrx_word' id='word_1_577' title='bbox 2904 4153 3116 4194; x_wconf 89' lang='lat' dir='ltr'><strong><em>summa</em></strong></span> <span class='ocrx_word' id='word_1_578' title='bbox 3138 4146 3301 4207; x_wconf 79' lang='lat' dir='ltr'><strong><em>atque</em></strong></span> <span class='ocrx_word' id='word_1_579' title='bbox 3329 4157 3424 4210; x_wconf 88' lang='lat' dir='ltr'><strong><em>op-</em></strong></span> 
     </span>
    </p>
   </div>
   <div class='ocr_carea' id='block_1_83' title="bbox 1827 4221 3395 4297">
    <p class='ocr_par' dir='ltr' id='par_1_83' title="bbox 1827 4221 3395 4297">
     <span class='ocr_line' id='line_1_83' title="bbox 1827 4221 3395 4297; baseline 0.008 -23"><span class='ocrx_word' id='word_1_580' title='bbox 1827 4221 1951 4274; x_wconf 88' lang='lat' dir='ltr'><strong><em>tima</em></strong></span> <span class='ocrx_word' id='word_1_581' title='bbox 1987 4222 2109 4278; x_wconf 73' lang='lat' dir='ltr'><strong><em>vita:</em></strong></span> <span class='ocrx_word' id='word_1_582' title='bbox 2136 4224 2501 4280; x_wconf 85' lang='lat' dir='ltr'><strong><em>blandimenta</em></strong></span> <span class='ocrx_word' id='word_1_583' title='bbox 2534 4229 2876 4297; x_wconf 85' lang='lat' dir='ltr'><strong><em>contineant,</em></strong></span> <span class='ocrx_word' id='word_1_584' title='bbox 2915 4242 3093 4287; x_wconf 72' lang='lat' dir='ltr'><strong><em>tamen</em></strong></span> <span class='ocrx_word' id='word_1_585' title='bbox 3133 4247 3237 4287; x_wconf 88' lang='lat' dir='ltr'><strong><em>non</em></strong></span> <span class='ocrx_word' id='word_1_586' title='bbox 3282 4233 3395 4288; x_wconf 91' lang='lat' dir='ltr'><strong><em>mul</em></strong></span> 
     </span>
    </p>
   </div>
   <div class='ocr_carea' id='block_1_84' title="bbox 1825 4315 3425 4379">
    <p class='ocr_par' dir='ltr' id='par_1_84' title="bbox 1825 4315 3425 4379">
     <span class='ocr_line' id='line_1_84' title="bbox 1825 4315 3425 4379; baseline 0.008 -13"><span class='ocrx_word' id='word_1_587' title='bbox 1825 4321 1936 4366; x_wconf 89' lang='lat' dir='ltr'><strong><em>tum</em></strong></span> <span class='ocrx_word' id='word_1_588' title='bbox 1981 4315 2233 4369; x_wconf 83' lang='lat' dir='ltr'><strong><em>videntur</em></strong></span> <span class='ocrx_word' id='word_1_589' title='bbox 2267 4332 2294 4368; x_wconf 91' lang='lat' dir='ltr'><strong><em>a</em></strong></span> <span class='ocrx_word' id='word_1_590' title='bbox 2328 4319 2724 4375; x_wconf 85' lang='lat' dir='ltr'><strong><em>consuetudine</em></strong></span> <span class='ocrx_word' id='word_1_591' title='bbox 2756 4337 2878 4378; x_wconf 86' lang='lat' dir='ltr'><strong><em>esse</em></strong></span> <span class='ocrx_word' id='word_1_592' title='bbox 2922 4323 3150 4379; x_wconf 76' lang='lat' dir='ltr'><strong><em>heluium</em></strong></span> <span class='ocrx_word' id='word_1_593' title='bbox 3185 4323 3425 4379; x_wconf 78' lang='lat' dir='ltr'><strong><em>oblecta-</em></strong></span> 
     </span>
    </p>
   </div>
   <div class='ocr_carea' id='block_1_85' title="bbox 1825 4404 3424 4486">
    <p class='ocr_par' dir='ltr' id='par_1_85' title="bbox 1825 4404 3424 4486">
     <span class='ocr_line' id='line_1_85' title="bbox 1825 4404 3424 4486; baseline 0.009 -31"><span class='ocrx_word' id='word_1_594' title='bbox 1825 4404 1985 4458; x_wconf 85' lang='lat' dir='ltr'><strong><em>tionis</em></strong></span> <span class='ocrx_word' id='word_1_595' title='bbox 2009 4406 2185 4460; x_wconf 87' lang='lat' dir='ltr'><strong><em>aliena</em></strong></span> <span class='ocrx_word' id='word_1_596' title='bbox 2214 4423 2226 4461; x_wconf 88' lang='lat'>:</span> <span class='ocrx_word' id='word_1_597' title='bbox 2261 4408 2451 4475; x_wconf 81' lang='lat' dir='ltr'><strong><em>quibus</em></strong></span> <span class='ocrx_word' id='word_1_598' title='bbox 2482 4411 2533 4464; x_wconf 92' lang='lat' dir='ltr'><strong><em>iu</em></strong></span> <span class='ocrx_word' id='word_1_599' title='bbox 2559 4412 2800 4468; x_wconf 86' lang='lat' dir='ltr'><strong><em>saltuosa</em></strong></span> <span class='ocrx_word' id='word_1_600' title='bbox 2826 4413 2940 4469; x_wconf 85' lang='lat' dir='ltr'><strong><em>loca</em></strong></span> <span class='ocrx_word' id='word_1_601' title='bbox 2973 4429 3035 4469; x_wconf 87' lang='lat' dir='ltr'><strong><em>ac</em></strong></span> <span class='ocrx_word' id='word_1_602' title='bbox 3059 4416 3295 4471; x_wconf 72' lang='lat' dir='ltr'><strong><em>maxime</em></strong></span> <span class='ocrx_word' id='word_1_603' title='bbox 3332 4432 3424 4486; x_wconf 83' lang='lat' dir='ltr'><strong><em>pa-</em></strong></span> 
     </span>
    </p>
   </div>
   <div class='ocr_carea' id='block_1_86' title="bbox 1826 4493 3420 4575">
    <p class='ocr_par' dir='ltr' id='par_1_86' title="bbox 1826 4493 3420 4575">
     <span class='ocr_line' id='line_1_86' title="bbox 1826 4493 3420 4575; baseline 0.011 -28"><span class='ocrx_word' id='word_1_604' title='bbox 1826 4493 1963 4549; x_wconf 84' lang='lat' dir='ltr'><strong><em>bulis</em></strong></span> <span class='ocrx_word' id='word_1_605' title='bbox 1987 4495 2107 4552; x_wconf 75' lang='lat' dir='ltr'><strong><em>lzeta</em></strong></span> <span class='ocrx_word' id='word_1_606' title='bbox 2137 4498 2208 4570; x_wconf 72' lang='grc' dir='ltr'><strong><em>(ο)</em></strong></span> <span class='ocrx_word' id='word_1_607' title='bbox 2228 4502 2602 4571; x_wconf 74' lang='lat' dir='ltr'><strong><em>evagantihus,</em></strong></span> <span class='ocrx_word' id='word_1_608' title='bbox 2627 4503 2768 4560; x_wconf 54' lang='lat' dir='ltr'><strong><em>adsit</em></strong></span> <span class='ocrx_word' id='word_1_609' title='bbox 2793 4512 2849 4561; x_wconf 87' lang='lat' dir='ltr'><strong><em>et</em></strong></span> <span class='ocrx_word' id='word_1_610' title='bbox 2870 4509 3132 4562; x_wconf 77' lang='lat' dir='ltr'><strong><em>securitas</em></strong></span> <span class='ocrx_word' id='word_1_611' title='bbox 3158 4524 3189 4563; x_wconf 87' lang='lat' dir='ltr'><strong><em>a</em></strong></span> <span class='ocrx_word' id='word_1_612' title='bbox 3212 4508 3420 4575; x_wconf 89' lang='lat' dir='ltr'><strong><em>labore,</em></strong></span> 
     </span>
    </p>
   </div>
   <div class='ocr_carea' id='block_1_87' title="bbox 1822 4589 3421 4669">
    <p class='ocr_par' dir='ltr' id='par_1_87' title="bbox 1822 4589 3421 4669">
     <span class='ocr_line' id='line_1_87' title="bbox 1822 4589 3421 4669; baseline 0.008 -28"><span class='ocrx_word' id='word_1_613' title='bbox 1822 4594 1878 4642; x_wconf 91' lang='lat' dir='ltr'><strong><em>et</em></strong></span> <span class='ocrx_word' id='word_1_614' title='bbox 1913 4589 2136 4645; x_wconf 85' lang='lat' dir='ltr'><strong><em>satietas</em></strong></span> <span class='ocrx_word' id='word_1_615' title='bbox 2167 4606 2238 4646; x_wconf 80' lang='lat' dir='ltr'><strong><em>ex</em></strong></span> <span class='ocrx_word' id='word_1_616' title='bbox 2271 4596 2504 4661; x_wconf 76' lang='lat' dir='ltr'><strong><em>pascuis.</em></strong></span> <span class='ocrx_word' id='word_1_617' title='bbox 2539 4594 2671 4650; x_wconf 85' lang='lat' dir='ltr'><strong><em>Nam</em></strong></span> <span class='ocrx_word' id='word_1_618' title='bbox 2699 4598 2742 4651; x_wconf 91' lang='lat' dir='ltr'><strong><em>si</em></strong></span> <span class='ocrx_word' id='word_1_619' title='bbox 2772 4598 2858 4654; x_wconf 91' lang='lat' dir='ltr'><strong><em>hic</em></strong></span> <span class='ocrx_word' id='word_1_620' title='bbox 2892 4599 3128 4669; x_wconf 90' lang='lat' dir='ltr'><strong><em>optimus</em></strong></span> <span class='ocrx_word' id='word_1_621' title='bbox 3160 4609 3216 4655; x_wconf 91' lang='lat' dir='ltr'><strong><em>et</em></strong></span> <span class='ocrx_word' id='word_1_622' title='bbox 3262 4599 3421 4655; x_wconf 85' lang='lat' dir='ltr'><strong><em>abso-</em></strong></span> 
     </span>
    </p>
   </div>
   <div class='ocr_carea' id='block_1_88' title="bbox 1746 4680 3422 4763">
    <p class='ocr_par' dir='ltr' id='par_1_88' title="bbox 1746 4680 3422 4763">
     <span class='ocr_line' id='line_1_88' title="bbox 1746 4680 3422 4763; baseline 0.009 -30"><span class='ocrx_word' id='word_1_623' title='bbox 1746 4688 1799 4749; x_wconf 84' lang='lat' dir='ltr'><strong>D</strong></span> <span class='ocrx_word' id='word_1_624' title='bbox 1825 4680 2121 4739; x_wconf 88' lang='lat' dir='ltr'><strong><em>lulissimus</em></strong></span> <span class='ocrx_word' id='word_1_625' title='bbox 2139 4686 2263 4739; x_wconf 74' lang='lat' dir='ltr'><strong><em>vine</em></strong></span> <span class='ocrx_word' id='word_1_626' title='bbox 2280 4686 2527 4743; x_wconf 64' lang='lat' dir='ltr'><strong><em>humanae</em></strong></span> <span class='ocrx_word' id='word_1_627' title='bbox 2554 4705 2681 4746; x_wconf 89' lang='lat' dir='ltr'><strong><em>usus</em></strong></span> <span class='ocrx_word' id='word_1_628' title='bbox 2700 4692 3111 4759; x_wconf 67' lang='lat' dir='ltr'><strong><em>existimabitur,</em></strong></span> <span class='ocrx_word' id='word_1_629' title='bbox 3138 4693 3422 4763; x_wconf 80' lang='lat' dir='ltr'><strong><em>quiescere</em></strong></span> 
     </span>
    </p>
   </div>
   <div class='ocr_carea' id='block_1_89' title="bbox 1821 4773 3417 4845">
    <p class='ocr_par' dir='ltr' id='par_1_89' title="bbox 1821 4773 3417 4845">
     <span class='ocr_line' id='line_1_89' title="bbox 1821 4773 3417 4845; baseline 0.006 -17"><span class='ocrx_word' id='word_1_630' title='bbox 1821 4782 1878 4828; x_wconf 88' lang='lat' dir='ltr'><strong><em>et</em></strong></span> <span class='ocrx_word' id='word_1_631' title='bbox 1903 4773 2209 4843; x_wconf 76' lang='lat' dir='ltr'><strong><em>abundare;</em></strong></span> <span class='ocrx_word' id='word_1_632' title='bbox 2239 4793 2464 4835; x_wconf 88' lang='lat' dir='ltr'><strong><em>necesse</em></strong></span> <span class='ocrx_word' id='word_1_633' title='bbox 2502 4789 2587 4836; x_wconf 84' lang='lat' dir='ltr'><strong><em>est</em></strong></span> <span class='ocrx_word' id='word_1_634' title='bbox 2632 4783 2772 4837; x_wconf 89' lang='lat' dir='ltr'><strong><em>hunc</em></strong></span> <span class='ocrx_word' id='word_1_635' title='bbox 2809 4783 3079 4845; x_wconf 87' lang='lat' dir='ltr'><strong><em>eumdem,</em></strong></span> <span class='ocrx_word' id='word_1_636' title='bbox 3122 4781 3417 4837; x_wconf 87' lang='lat' dir='ltr'><strong><em>secundum</em></strong></span> 
     </span>
    </p>
   </div>
   <div class='ocr_carea' id='block_1_90' title="bbox 1821 4869 3421 4945">
    <p class='ocr_par' dir='ltr' id='par_1_90' title="bbox 1821 4869 3421 4945">
     <span class='ocr_line' id='line_1_90' title="bbox 1821 4869 3421 4945; baseline 0.006 -23"><span class='ocrx_word' id='word_1_637' title='bbox 1821 4869 1903 4923; x_wconf 88' lang='lat' dir='ltr'><strong><em>sui</em></strong></span> <span class='ocrx_word' id='word_1_638' title='bbox 1936 4870 2201 4942; x_wconf 90' lang='lat' dir='ltr'><strong><em>cujusque</em></strong></span> <span class='ocrx_word' id='word_1_639' title='bbox 2226 4873 2441 4942; x_wconf 80' lang='lat' dir='ltr'><strong><em>generis</em></strong></span> <span class='ocrx_word' id='word_1_640' title='bbox 2482 4891 2725 4942; x_wconf 81' lang='lat' dir='ltr'><strong><em>sensum,</em></strong></span> <span class='ocrx_word' id='word_1_641' title='bbox 2756 4876 2910 4932; x_wconf 90' lang='lat' dir='ltr'><strong><em>nobis</em></strong></span> <span class='ocrx_word' id='word_1_642' title='bbox 2955 4886 3116 4945; x_wconf 80' lang='lat' dir='ltr'><strong><em>atque</em></strong></span> <span class='ocrx_word' id='word_1_643' title='bbox 3154 4876 3421 4932; x_wconf 78' lang='lat' dir='ltr'><strong><em>universis</em></strong></span> 
     </span>
    </p>
   </div>
   <div class='ocr_carea' id='block_1_91' title="bbox 1820 4964 3419 5039">
    <p class='ocr_par' dir='ltr' id='par_1_91' title="bbox 1820 4964 3419 5039">
     <span class='ocr_line' id='line_1_91' title="bbox 1820 4964 3419 5039; baseline 0.005 -23"><span class='ocrx_word' id='word_1_644' title='bbox 1820 4964 2049 5018; x_wconf 88' lang='lat' dir='ltr'><strong><em>rationis</em></strong></span> <span class='ocrx_word' id='word_1_645' title='bbox 2079 4968 2399 5035; x_wconf 74' lang='lat' dir='ltr'><strong><em>expertibus</em></strong></span> <span class='ocrx_word' id='word_1_646' title='bbox 2451 4969 2625 5024; x_wconf 89' lang='lat' dir='ltr'><strong><em>beluis</em></strong></span> <span class='ocrx_word' id='word_1_647' title='bbox 2653 4983 2776 5024; x_wconf 62' lang='lat' dir='ltr'><strong><em>esse</em></strong></span> <span class='ocrx_word' id='word_1_648' title='bbox 2823 4983 3163 5023; x_wconf 87' lang='lat' dir='ltr'><strong><em>communem</em></strong></span> <span class='ocrx_word' id='word_1_649' title='bbox 3189 4985 3201 5020; x_wconf 87' lang='lat'><strong>:</strong></span> <span class='ocrx_word' id='word_1_650' title='bbox 3227 4969 3419 5039; x_wconf 90' lang='lat' dir='ltr'><strong><em>quibus</em></strong></span> 
     </span>
    </p>
   </div>
   <div class='ocr_carea' id='block_1_92' title="bbox 1819 5054 3422 5130">
    <p class='ocr_par' dir='ltr' id='par_1_92' title="bbox 1819 5054 3422 5130">
     <span class='ocr_line' id='line_1_92' title="bbox 1819 5054 3422 5130; baseline 0.006 -24"><span class='ocrx_word' id='word_1_651' title='bbox 1819 5054 2092 5120; x_wconf 79' lang='lat' dir='ltr'><strong><em>erunibus,</em></strong></span> <span class='ocrx_word' id='word_1_652' title='bbox 2123 5066 2309 5112; x_wconf 85' lang='lat' dir='ltr'><strong><em>natura</em></strong></span> <span class='ocrx_word' id='word_1_653' title='bbox 2343 5059 2456 5130; x_wconf 84' lang='lat' dir='ltr'><strong><em>ipsa</em></strong></span> <span class='ocrx_word' id='word_1_654' title='bbox 2501 5060 2552 5111; x_wconf 91' lang='lat' dir='ltr'><strong><em>in</em></strong></span> <span class='ocrx_word' id='word_1_655' title='bbox 2594 5074 2801 5113; x_wconf 90' lang='lat' dir='ltr'><strong><em>summa</em></strong></span> <span class='ocrx_word' id='word_1_656' title='bbox 2852 5074 3033 5113; x_wconf 87' lang='lat' dir='ltr'><strong><em>rerum</em></strong></span> <span class='ocrx_word' id='word_1_657' title='bbox 3066 5058 3220 5129; x_wconf 78' lang='lat' dir='ltr'><strong><em>capia</em></strong></span> <span class='ocrx_word' id='word_1_658' title='bbox 3251 5068 3308 5115; x_wconf 85' lang='lat' dir='ltr'><strong><em>et</em></strong></span> <span class='ocrx_word' id='word_1_659' title='bbox 3333 5073 3422 5115; x_wconf 87' lang='lat' dir='ltr'><strong><em>se-</em></strong></span> 
     </span>
    </p>
   </div>
   <div class='ocr_carea' id='block_1_93' title="bbox 1818 5147 3421 5223">
    <p class='ocr_par' dir='ltr' id='par_1_93' title="bbox 1818 5147 3421 5223">
     <span class='ocr_line' id='line_1_93' title="bbox 1818 5147 3421 5223; baseline 0.006 -24"><span class='ocrx_word' id='word_1_660' title='bbox 1818 5147 2050 5201; x_wconf 88' lang='lat' dir='ltr'><strong><em>curitate</em></strong></span> <span class='ocrx_word' id='word_1_661' title='bbox 2090 5148 2383 5203; x_wconf 79' lang='lat' dir='ltr'><strong><em>famulante</em></strong></span> <span class='ocrx_word' id='word_1_662' title='bbox 2408 5192 2422 5215; x_wconf 95' lang='lat'><strong><em>,</em></strong></span> <span class='ocrx_word' id='word_1_663' title='bbox 2452 5150 2570 5204; x_wconf 89' lang='lat' dir='ltr'><strong><em>sine</em></strong></span> <span class='ocrx_word' id='word_1_664' title='bbox 2593 5166 2723 5204; x_wconf 81' lang='lat' dir='ltr'><strong><em>cura</em></strong></span> <span class='ocrx_word' id='word_1_665' title='bbox 2757 5149 2987 5206; x_wconf 84' lang='lat' dir='ltr'><strong><em>habendi</em></strong></span> <span class='ocrx_word' id='word_1_666' title='bbox 3027 5150 3178 5223; x_wconf 88' lang='lat' dir='ltr'><strong><em>copia</em></strong></span> <span class='ocrx_word' id='word_1_667' title='bbox 3222 5152 3421 5209; x_wconf 80' lang='lat' dir='ltr'><strong><em>redun-</em></strong></span> 
     </span>
    </p>
   </div>
   <div class='ocr_carea' id='block_1_94' title="bbox 1816 5235 2141 5292">
    <p class='ocr_par' dir='ltr' id='par_1_94' title="bbox 1816 5235 2141 5292">
     <span class='ocr_line' id='line_1_94' title="bbox 1816 5235 2141 5292; baseline 0.006 -1"><span class='ocrx_word' id='word_1_668' title='bbox 1816 5235 1910 5291; x_wconf 79' lang='lat' dir='ltr'><strong><em>dat</em></strong></span> <span class='ocrx_word' id='word_1_669' title='bbox 1936 5239 2141 5292; x_wconf 86' lang='lat' dir='ltr'><strong><em>utendi.</em></strong></span> 
     </span>
    </p>
   </div>
   <div class='ocr_carea' id='block_1_95' title="bbox 1888 5328 3422 5408">
    <p class='ocr_par' dir='ltr' id='par_1_95' title="bbox 1888 5328 3422 5408">
     <span class='ocr_line' id='line_1_95' title="bbox 1888 5328 3422 5408; baseline 0.006 -26"><span class='ocrx_word' id='word_1_670' title='bbox 1888 5328 1944 5385; x_wconf 71' lang='lat'><strong><em>2.</em></strong></span> <span class='ocrx_word' id='word_1_671' title='bbox 1989 5330 2070 5383; x_wconf 80' lang='lat' dir='ltr'><strong><em>Ad</em></strong></span> <span class='ocrx_word' id='word_1_672' title='bbox 2098 5331 2207 5387; x_wconf 88' lang='lat' dir='ltr'><strong><em>alia</em></strong></span> <span class='ocrx_word' id='word_1_673' title='bbox 2244 5344 2393 5388; x_wconf 90' lang='lat' dir='ltr'><strong><em>natos</em></strong></span> <span class='ocrx_word' id='word_1_674' title='bbox 2422 5351 2476 5389; x_wconf 89' lang='lat' dir='ltr'><strong><em>se</em></strong></span> <span class='ocrx_word' id='word_1_675' title='bbox 2520 5346 2787 5392; x_wconf 87' lang='lat' dir='ltr'><strong><em>senserunt</em></strong></span> <span class='ocrx_word' id='word_1_676' title='bbox 2813 5337 3045 5408; x_wconf 88' lang='lat' dir='ltr'><strong><em>plerique</em></strong></span> <span class='ocrx_word' id='word_1_677' title='bbox 3071 5338 3318 5392; x_wconf 88' lang='lat' dir='ltr'><strong><em>homines.</em></strong></span> <span class='ocrx_word' id='word_1_678' title='bbox 3349 5368 3422 5381; x_wconf 92' lang='lat'><strong><em>—</em></strong></span> 
     </span>
    </p>
   </div>
   <div class='ocr_carea' id='block_1_96' title="bbox 1818 5420 3419 5502">
    <p class='ocr_par' dir='ltr' id='par_1_96' title="bbox 1818 5420 3419 5502">
     <span class='ocr_line' id='line_1_96' title="bbox 1818 5420 3419 5502; baseline 0.006 -25"><span class='ocrx_word' id='word_1_679' title='bbox 1818 5420 1899 5478; x_wconf 78' lang='lat' dir='ltr'><strong><em>Ac</em></strong></span> <span class='ocrx_word' id='word_1_680' title='bbox 1930 5423 2063 5479; x_wconf 89' lang='lat' dir='ltr'><strong><em>mibi</em></strong></span> <span class='ocrx_word' id='word_1_681' title='bbox 2093 5425 2336 5496; x_wconf 87' lang='lat' dir='ltr'><strong><em>plerique</em></strong></span> <span class='ocrx_word' id='word_1_682' title='bbox 2365 5428 2672 5484; x_wconf 86' lang='lat' dir='ltr'><strong><em>mortalium</em></strong></span> <span class='ocrx_word' id='word_1_683' title='bbox 2713 5444 2819 5485; x_wconf 89' lang='lat' dir='ltr'><strong><em>non</em></strong></span> <span class='ocrx_word' id='word_1_684' title='bbox 2848 5430 2918 5486; x_wconf 85' lang='lat' dir='ltr'><strong><em>ob</em></strong></span> <span class='ocrx_word' id='word_1_685' title='bbox 2942 5429 2996 5502; x_wconf 79' lang='lat'><strong>3</strong></span> <span class='ocrx_word' id='word_1_686' title='bbox 3020 5430 3180 5486; x_wconf 80' lang='lat' dir='ltr'><strong><em>aliam</em></strong></span> <span class='ocrx_word' id='word_1_687' title='bbox 3202 5429 3419 5501; x_wconf 87' lang='lat' dir='ltr'><strong><em>quidem</em></strong></span> 
     </span>
    </p>
   </div>
   <div class='ocr_carea' id='block_1_97' title="bbox 1900 5586 3422 5674">
    <p class='ocr_par' dir='ltr' id='par_1_97' title="bbox 1900 5586 3422 5674">
     <span class='ocr_line' id='line_1_97' title="bbox 1900 5586 3422 5674; baseline 0.003 -32"><span class='ocrx_word' id='word_1_688' title='bbox 1900 5586 2314 5674; x_wconf 44' lang='lat' dir='ltr'><strong><em>(c).ln_iisdem</em></strong></span> <span class='ocrx_word' id='word_1_689' title='bbox 2362 5593 2884 5674; x_wconf 69' lang='lat' dir='ltr'><strong><em>mss.__vacantibus_;</em></strong></span> <span class='ocrx_word' id='word_1_690' title='bbox 2919 5609 3046 5674; x_wconf 73' lang='lat' dir='ltr'><strong><em>qua:</em></strong></span> <span class='ocrx_word' id='word_1_691' title='bbox 3091 5609 3193 5674; x_wconf 65' lang='lat' dir='ltr'><strong><em>yox</em></strong></span> <span class='ocrx_word' id='word_1_692' title='bbox 3237 5590 3422 5674; x_wconf 73' lang='lat' dir='ltr'><strong><em>Hilarii</em></strong></span> 
     </span>
    </p>
   </div>
   <div class='ocr_carea' id='block_1_98' title="bbox 1828 5660 3421 5738">
    <p class='ocr_par' dir='ltr' id='par_1_98' title="bbox 1828 5660 3421 5738">
     <span class='ocr_line' id='line_1_98' title="bbox 1828 5660 3421 5738; baseline 0.006 -26"><span class='ocrx_word' id='word_1_693' title='bbox 1828 5661 1995 5713; x_wconf 73' lang='lat' dir='ltr'><strong><em>menti</em></strong></span> <span class='ocrx_word' id='word_1_694' title='bbox 2023 5702 2044 5738; x_wconf 86' lang='lat'><strong><em>,_</em></strong></span> <span class='ocrx_word' id='word_1_695' title='bbox 2090 5660 2624 5738; x_wconf 51' lang='lat' dir='ltr'><strong><em>bestiartinrscilicet</em></strong></span> <span class='ocrx_word' id='word_1_696' title='bbox 2670 5665 2781 5738; x_wconf 85' lang='lat' dir='ltr'><strong><em>otio</em></strong></span> <span class='ocrx_word' id='word_1_697' title='bbox 2817 5660 3185 5738; x_wconf 56' lang='lat' dir='ltr'><strong><em>designanda,</em></strong></span> <span class='ocrx_word' id='word_1_698' title='bbox 3217 5664 3421 5734; x_wconf 75' lang='lat' dir='ltr'><strong><em>Optimo</em></strong></span> 
     </span>
    </p>
   </div>
   <div class='ocr_carea' id='block_1_99' title="bbox 1824 5728 2742 5802">
    <p class='ocr_par' dir='ltr' id='par_1_99' title="bbox 1824 5728 2742 5802">
     <span class='ocr_line' id='line_1_99' title="bbox 1824 5728 2742 5802; baseline 0.008 -19"><span class='ocrx_word' id='word_1_699' title='bbox 1824 5734 2097 5802; x_wconf 80' lang='lat' dir='ltr'><strong><em>congruit,</em></strong></span> <span class='ocrx_word' id='word_1_700' title='bbox 2127 5733 2222 5790; x_wconf 82' lang='lat' dir='ltr'><strong><em>sed</em></strong></span> <span class='ocrx_word' id='word_1_701' title='bbox 2250 5750 2354 5791; x_wconf 91' lang='lat' dir='ltr'><strong><em>non</em></strong></span> <span class='ocrx_word' id='word_1_702' title='bbox 2388 5728 2461 5792; x_wconf 80' lang='lat' dir='ltr'><strong><em>ita</em></strong></span> <span class='ocrx_word' id='word_1_703' title='bbox 2491 5730 2742 5792; x_wconf 83' lang='lat' dir='ltr'><strong><em>orationi.</em></strong></span> 
     </span>
    </p>
   </div>
  </div>
