3960 6202
526 283 596 341 27
1741 278 1990 341 SANCTI
2029 275 2288 339 HILARII
2328 272 2637 341 EPISCOPI
3762 287 3826 344 98

524 412 744 463 causam
776 403 915 461 hanc
939 403 1139 475 ineptas
1174 412 1239 458 ac
1265 400 1499 459 beluinte
1525 401 1652 457 vitae
1678 400 2129 458 consuetudinem
2156 399 2211 460 Α
2234 399 2650 456 venerabantur.
2679 399 2932 473 Plerique
2959 408 3093 458 vero
3130 401 3295 458 Deum
3323 400 3539 475 quidem
3567 410 3691 461 esse
3715 408 3824 478 opi-

526 510 583 559 et
611 503 885 574 respuisse
906 510 936 557 tt
965 508 1046 567 se,
1064 505 1118 555 et
1139 498 1454 570 coarguisse
1469 498 1524 555 in
1543 497 1664 553 aliis
1683 497 1951 563 videntur,
1971 505 2130 568 quam

525 595 690 668 quod,
736 602 925 652 natura
946 596 1059 663 ipsa
1087 600 1308 649 auctore
1335 592 1573 663 impulsi,
1605 590 1882 663 indignum
1912 591 2131 647 homine

524 698 649 745 esse
685 690 1149 748 existimaverunt,
1184 685 1240 741 in
1270 685 1505 740 officium
1528 700 1590 741 se
1615 684 1822 740 ventris
1848 691 2053 740 tantum
2076 690 2131 739 et

525 776 736 838 inertia:
780 790 936 837 natos
984 770 1271 844 arbitrari;
1301 787 1358 836 et
1399 779 1453 834 in
1515 780 1651 834 hanc
1694 776 1855 833 vitam
1908 788 2013 833 non
2059 777 2131 835 ob

525 875 700 946 aliqua
736 870 980 944 prmclat‘i
1016 868 1273 929 facinoris
1302 880 1395 927 aut
1442 872 1597 926 honre
1623 871 1756 927 artis
1780 866 1957 927 studia
2007 884 2130 926 esse

523 966 820 1032 deductos,
853 975 946 1021 aut
966 965 1106 1022 hanc
1135 966 1305 1036 ipsam
1339 964 1502 1019 vitam
1526 979 1630 1019 non
1655 965 1719 1019 ad
1749 964 1979 1033 aliquem
2006 977 2129 1033 pro-

525 1061 721 1116 fectum
794 1073 915 1116 esse
990 1059 1315 1116 mter-uitatis
1353 1054 1609 1112 indultam
1659 1056 1737 1130 (tl)
1793 1066 1953 1127 quam
2003 1066 2129 1126 pro-

527 1154 665 1208 fecto
706 1164 813 1207 non
845 1151 1211 1222 ambigeretur
1236 1158 1430 1205 munus
1464 1149 1554 1202 Dei
1582 1164 1688 1202 non
1718 1160 1840 1204 esse
1871 1158 2130 1217 reputan-

524 1245 678 1310 dum,
719 1259 840 1299 cunt
871 1247 1039 1300 tantis
1068 1242 1324 1299 al'llictata
1354 1240 1669 1312 angoribus,
1696 1248 1751 1295 et
1768 1248 1846 1294 tot
1868 1240 2129 1296 molestiis

525 1335 807 1406 impedita,
834 1349 957 1391 sese
985 1336 1097 1405 ipsa
1126 1342 1289 1404 atque
1316 1333 1453 1389 intra
1475 1346 1535 1387 se
1564 1346 1591 1383 a
1640 1329 1883 1401 pueritiae
1910 1334 2125 1402 ignora-

526 1430 671 1485 tione
706 1440 879 1500 usque
907 1429 972 1484 ad
1000 1429 1295 1485 senectutis
1315 1426 1672 1483 deliramenta
1699 1435 2076 1499 consumeret)
2108 1444 2122 1482 :

523 1529 580 1576 et
609 1520 812 1576 idcirco
848 1521 915 1576 ad
963 1522 1170 1591 aliquas
1200 1535 1259 1575 se
1285 1520 1557 1590 patientim
1587 1530 1641 1576 et
1684 1519 2030 1576 continentiae
2071 1530 2127 1576 et

525 1599 901 1685 placabililalis
948 1616 1179 1669 virtutes
1223 1616 1278 1668 et
1306 1613 1548 1667 doctrina
1591 1621 1645 1667 et
1692 1624 1859 1683 opere
1889 1622 2121 1669 transtu-

525 1713 675 1776 lisse,
717 1710 860 1782 quod
890 1710 1026 1766 bene
1069 1724 1233 1780 agere
1259 1717 1420 1781 atque
1460 1708 1786 1780 intelligere.
1821 1709 1873 1765 id
1904 1709 2121 1766 demum

2234 492 2398 548 nione
2426 492 2639 563 publica
2668 493 3046 565 loquebantur,
3077 495 3172 550 sed
3213 493 3356 552 hunc
3397 496 3648 554 eumdem
3679 499 3823 554 incu-

2234 585 2437 641 riosum
2475 594 2656 642 rerum
2693 576 3049 645 humanarum
3078 598 3141 644 ac
3188 588 3545 661 negligentem
3593 600 3821 662 pronun-

2236 678 2459 735 tiabant.
2502 680 2676 751 Aliqui
2705 688 2883 735 autem
2918 682 3063 752 ipsas
3094 681 3212 736 illas
3241 690 3608 739 creaturarum
3637 698 3825 757 corpo-

2233 787 2354 828 reas
2401 774 2903 846 conspicabilesque
2939 777 3140 831 formas
3186 776 3239 832 in
3285 777 3568 835 elementis
3601 782 3822 837 terrenis

2232 874 2286 921 et
2311 866 2626 925 ctelestibus
2648 868 2965 925 adorabunt.
3008 864 3292 926 Postremo
3316 870 3533 942 quidam
3566 872 3619 929 in
3659 875 3815 931 simn~

2232 958 2391 1013 lacris
2443 960 2762 1024 hominum,
2809 960 3071 1029 pecudum
3103 1003 3118 1030 ,
3172 961 3450 1031 ferarum,
3506 963 3817 1034 voluerunt,

2231 1060 2541 1121 serpentum
2571 1090 2587 1119 ,
2633 1052 2765 1108 deos
2803 1064 2932 1109 suos
2961 1054 3323 1123 collocabant,
3359 1062 3416 1113 et
3462 1059 3822 1115 tinit'et‘sitatis

2235 1143 2515 1198 Dominum
2548 1154 2709 1215 atque
2751 1145 3037 1203 infinitatis
3062 1154 3342 1218 parentem
3388 1150 3525 1204 intra
3555 1152 3820 1223 angustias

2229 1237 2566 1292 metallorum
2600 1248 2650 1292 et
2683 1237 2918 1309 lapidum
2960 1249 3015 1294 et
3054 1239 3297 1309 stipitum
3326 1244 3660 1300 coartabant.
3698 1244 3819 1316 Dig-

2232 1342 2470 1398 numque
2494 1331 2603 1400 jam
2646 1344 2753 1387 non
2785 1342 2922 1399 erat,
2950 1343 3200 1390 auctores
3225 1350 3322 1391 eos
3363 1336 3601 1393 veritatis
3637 1340 3818 1412 (ωενι-

2227 1422 2438 1488 sistere,
2472 1421 2563 1493 qui
2594 1423 2817 1480 ridicula
2852 1433 2905 1481 et
2933 1422 3072 1483 finds
3111 1435 3166 1483 et
3203 1429 3498 1500 irreligiosa
3528 1436 3813 1497 sectantes,

2227 1514 2360 1584 ipsis
2392 1514 2501 1571 illis
2542 1516 2976 1574 inanissinmrutn
3009 1523 3400 1577 sententiarum
3452 1534 3672 1582 suarum
3712 1526 3821 1597 (ηιί-

2228 1605 2480 1662 nionibus
2508 1607 2853 1664 dissiderent.
2903 1611 3011 1667 Sed
3046 1614 3186 1670 inter
3234 1614 3349 1671 haec
3388 1617 3600 1673 animus
3628 1618 3823 1675 sollici-

2229 1709 2336 1766 tus,
2388 1700 2503 1756 utili
2543 1717 2605 1757 ac
2633 1703 2939 1760 necessaria
2970 1706 3037 1761 ad
3084 1708 3448 1778 cognitionem
3498 1710 3710 1768 Domini
3742 1714 3819 1769 sui

524 1804 663 1860 bene
692 1805 874 1858 vivere
895 1816 1019 1859 esse
1057 1802 1457 1874 opinabantur:
1485 1801 1649 1857 vitam
1694 1810 1871 1857 autem
1919 1814 2025 1857 non
2056 1802 2122 1858 ad
2154 1794 2204 1861 B
2229 1792 2313 1847 Vill
2344 1793 2543 1860 ηίιθηθς
2576 1811 2697 1852 cum
2725 1803 2900 1868 neque
2923 1797 3183 1855 incuriam
3214 1801 3323 1857 Deo
3353 1812 3531 1859 rerum
3559 1812 3587 1858 a
3612 1818 3670 1861 se
3691 1818 3820 1860 cnn-

525 1904 760 1951 mortem
804 1900 1008 1950 tantum
1039 1895 1107 1950 ab
1133 1893 1427 1950 immortali
1471 1893 1582 1949 Deo
1611 1894 1773 1949 tribni
1803 1894 2124 1950 existiman-

525 1987 689 2054 datn;
728 1996 848 2042 cum
894 1987 1019 2043 bnni
1064 1987 1336 2059 largitoris
1383 1998 1491 2041 non
1536 1999 1658 2042 esse
1690 1986 2122 2059 intelligeretur,

527 2081 744 2138 vivendi
767 2081 1218 2152 iucundissimum
1270 2096 1488 2138 sensum
1525 2081 1591 2137 ad
1625 2081 1987 2139 tristissimum
2012 2097 2125 2139 meo

523 2183 635 2229 tum
668 2173 921 2231 tribuisse
962 2172 1243 2229 moriendi.

594 2269 650 2325 5.
684 2267 750 2323 In
779 2267 880 2323 Dei
909 2268 1249 2345 cognitionem
1278 2267 1426 2322 ardet
1459 2264 1714 2323 Hilarius.
1738 2296 1809 2308 -—
1838 2262 1904 2323 Et
1935 2282 2124 2340 quant-

523 2378 680 2432 quam
706 2377 811 2417 non
841 2362 1073 2432 ineptam
1098 2361 1235 2417 hanc
1253 2370 1440 2417 eorum
1467 2372 1590 2417 esse
1617 2359 1937 2417 sententiam
1962 2362 2122 2434 atque

523 2448 769 2510 inutilem
809 2455 1178 2510 existimarem
1205 2497 1219 2522 ,
1253 2453 1639 2509 conscientiam
1682 2454 1752 2511 ab
1775 2455 1922 2512 omni
1962 2456 2121 2525 culpa

526 2546 751 2601 liberam
778 2560 1127 2614 conservare,
1171 2554 1227 2603 et
1251 2561 1440 2602 omnes
1484 2546 1733 2602 humana:
1767 2548 1892 2603 vitze
1920 2549 2119 2604 moles-

524 2640 626 2695 tias
677 2640 760 2695 vel
794 2641 1077 2710 providere
1120 2640 1450 2711 prudenter,
1500 2641 1585 2697 vel
1630 2642 1805 2697 vitare
1839 2642 2116 2706 consulte.

521 2732 606 2788 vel
648 2732 787 2788 ferre
820 2734 1089 2803 patienter
1141 2750 1156 2788 :
1207 2743 1384 2788 tamen
1415 2732 1468 2788 hi
1511 2733 1615 2802 ipsi
1654 2740 1762 2786 non
1801 2734 1939 2789 latis
1984 2732 2117 2789 mihi

520 2825 700 2881 idonei
746 2825 812 2880 ad
858 2825 996 2882 bene
1027 2826 1290 2895 beateque
1336 2823 1627 2879 vivendum
1672 2831 1923 2878 auctores
1969 2824 2119 2880 vide-

516 2916 711 2973 bantur
734 2959 750 2986 ,
804 2915 1111 2972 communia
1145 2922 1350 2970 tantum
1380 2925 1434 2970 et
1457 2915 1834 2971 convenientia
1882 2904 2117 2971 humano

514 3011 700 3066 sensui
730 3010 1099 3090 doctrinarum
1132 3019 1398 3082 praecepta
1447 3016 1791 3066 statuentes:
1827 3016 1947 3080 quae
1990 3016 2113 3066 eum

2228 1883 2460 1939 diturum
2507 1884 2722 1961 dignam
2779 1902 2902 1943 esse
2945 1892 3337 1961 arbitraretur,
3390 1908 3566 1967 neque
3620 1902 3820 1954 natura:

2227 1974 2431 2049 potenti
2472 1986 2634 2049 atque
2679 1981 3005 2053 incorruptae
3034 1994 3342 2055 competere
3384 2003 3544 2044 sexus
3576 1990 3816 2056 deorum,

2224 2078 2281 2124 et
2305 2070 2673 2126 successiones
2701 2082 2943 2129 satorum
2973 2084 3139 2147 atque
3181 2084 3426 2133 ortorum
3458 2080 3816 2153 intelligeret:

2225 2177 2386 2233 porro
2431 2172 2609 2218 autem
2642 2163 2883 2222 divinum
2930 2177 2985 2222 et
3024 2179 3285 2223 aeternum
3340 2171 3474 2227 nihil
3517 2174 3620 2229 nisi
3654 2192 3818 2230 unum

2223 2262 2347 2311 esse
2376 2258 2429 2311 et
2458 2254 2772 2313 indifferens
2815 2268 2912 2330 pro
2936 2265 3089 2316 certe
3136 2260 3373 2319 habebat
3396 2305 3411 2330 ,
3443 2266 3566 2336 quia
3599 2268 3650 2322 id
3679 2269 3820 2339 quod

2223 2340 2326 2404 sibi
2351 2348 2417 2404 ad
2444 2347 2497 2404 id
2523 2350 2665 2420 quod
2692 2358 2838 2406 esset
2864 2364 3054 2408 auctor
3086 2364 3230 2411 esset
3259 2397 3275 2421 ,
3325 2356 3457 2412 nihil
3491 2374 3714 2417 necesse
3740 2372 3826 2419 est

2226 2452 2376 2499 extra
2402 2459 2461 2498 se
2491 2444 2630 2515 quod
2655 2446 2736 2501 sui
2770 2457 2911 2501 esset
2930 2448 3274 2516 praestantius
3294 2450 3635 2521 reliquisset:
3661 2463 3822 2525 atque

2221 2530 2295 2592 lla
2348 2534 2797 2607 omnipotentlam
2848 2541 3315 2611 aeternitatemque
3355 2559 3461 2596 non
3504 2545 3608 2600 nisi
3658 2561 3822 2616 penes

2224 2644 2390 2684 unum
2420 2644 2579 2695 esse;
2610 2630 2734 2701 quia
2767 2645 2943 2701 neque
2972 2631 3023 2687 in
3064 2635 3454 2703 omnipotentis
3484 2639 3717 2694 validius
3746 2640 3823 2696 in-

2220 2720 2556 2791 ﬁrmiusque,
2595 2736 2770 2792 neque
2795 2719 2848 2778 in
2890 2725 3194 2780 aeternitate
3218 2728 3486 2796 posterius
3507 2730 3822 2789 anteriusve

2219 2826 2579 2886 congrueret;
2631 2816 2683 2870 in
2715 2816 2825 2870 Deo
2869 2824 3049 2873 autem
3099 2819 3233 2875 nihil
3263 2820 3368 2876 nisi
3412 2832 3676 2879 aeternum
3727 2842 3821 2897 po-

2221 2908 2446 2978 tensque
2475 2922 2598 2964 esse
2623 2910 3011 2966 venerandum.

2288 3001 2344 3057 ὅ.
2376 2999 2425 3055 E
2446 3001 2732 3071 Scripturis
2757 3003 2905 3056 discit
2933 3005 3057 3072 quid
3083 3005 3148 3059 sit
3193 3005 3331 3061 Deus
3355 3023 3375 3073 ;
3400 3010 3538 3078 quod
3574 3021 3818 3067 (eternns.

513 3117 620 3157 non
687 3103 988 3174 intelligere
1042 3102 1314 3157 heluimim
1369 3112 1512 3158 esset
1544 3143 1560 3169 ν
1602 3102 1873 3159 intellecta
1926 3110 2112 3161 tamen
2215 3123 2287 3135 --
2316 3093 2440 3150 iiaec
2468 3094 2645 3165 igitur,
2679 3095 2951 3166 multaque
2988 3096 3095 3151 alia
3140 3098 3406 3168 ejusmodi
3457 3116 3579 3156 cum
3633 3104 3821 3159 animo

515 3210 621 3250 non
653 3210 838 3266 agerc,
869 3196 1007 3249 ultra
1050 3194 1286 3249 beluinaa
1335 3194 1691 3251 immanitatis
1735 3210 1856 3252 esse
1902 3198 2108 3251 rabiem
2138 3191 2182 3254 C
2216 3197 2495 3259 reputanS.~
2525 3188 2683 3244 incidi
2711 3189 2765 3244 itt
2793 3202 2887 3243 eos
2917 3188 3105 3254 libros,
3162 3208 3296 3261 quos
3321 3207 3350 3247 a
3380 3193 3561 3266 Moyse
3592 3202 3761 3266 atque
3790 3213 3819 3251 a

514 3284 810 3345 videretur.
861 3284 1178 3344 Festlnabat
1207 3296 1384 3343 autem
1417 3284 1661 3357 animus,
1708 3292 1814 3345 non
1844 3286 1959 3346 bmc
1991 3292 2104 3345 tan-
2213 3283 2500 3354 prophetis
2536 3282 2768 3353 scriptos
2817 3290 2937 3339 esse
2978 3281 3328 3341 Hebraeorum
3374 3289 3563 3359 religio
3610 3289 3683 3361 (c)
3717 3302 3822 3345 tra-

518 3378 800 3436 tummodo
829 3395 1012 3452 agere.
1038 3396 1160 3453 quas
1198 3395 1305 3436 non
1338 3379 1537 3451 egisse,
1567 3388 1620 3435 et
1650 3378 1936 3436 criminum
1964 3382 2112 3437 esset
2209 3382 2375 3439 debat
2402 3399 2416 3437 :
2450 3383 2503 3437 in
2528 3383 2725 3453 quibus
2754 3382 2872 3451 ipso
2912 3392 3161 3438 creatore
3192 3382 3300 3438 Deo
3334 3390 3565 3439 testante
3605 3383 3672 3438 de
3711 3398 3778 3439 se
3802 3424 3817 3452 ,

509 3472 756 3547 plenum,
792 3482 849 3530 et
885 3473 1132 3529 dolorum
1160 3491 1174 3530 :
1200 3473 1294 3528 sed
1328 3473 1471 3528 hunc
1499 3474 1630 3528 tanti
1672 3472 1909 3529 muneris
1940 3470 2107 3530 Deum
2210 3476 2328 3532 haec
2358 3477 2427 3531 ita
2458 3476 2913 3532 continebantur:
2944 3476 3058 3549 Ego
3086 3494 3221 3543 sum,
3250 3477 3336 3545 qui
3367 3494 3480 3531 sum
3508 3476 3706 3547 (Exod.
3735 3496 3817 3543 Ill,

521 3577 906 3638 parentemque
932 3580 1283 3637 cognoscere,
1317 3565 1404 3621 cui
1434 3578 1493 3622 se
1515 3574 1683 3621 totum
1715 3566 1828 3636 ipse
1858 3564 2103 3636 deberet,

507 3660 592 3715 cui
616 3658 883 3715 famulans
906 3660 1297 3715 nobilitandum
1339 3674 1397 3715 se
1426 3659 1801 3724 existimabat,
1850 3654 1916 3715 ad
1946 3668 2103 3729 quem

507 3766 724 3808 omnem
770 3755 885 3824 spei
928 3766 1040 3808 sua:
1079 3753 1385 3823 opinionem
1419 3751 1666 3819 referret,
1696 3751 1749 3808 in
1773 3754 1923 3824 cujus
1952 3753 2107 3811 boni.

509 3853 618 3902 tate
638 3846 782 3902 inter
811 3855 985 3901 tantas
1011 3847 1355 3918 praesentium
1383 3846 1718 3917 negoniorum
1742 3848 2100 3916 calamitates,

509 3949 779 4011 tamquam
814 3940 1078 3995 tutissimo
1104 3938 1208 3995 sibi
1257 3949 1413 4011 portu
1455 3938 1811 4014 familiarique
1858 3943 2103 4014 reqoies-

510 4042 677 4090 ceret.
710 4032 791 4090 Ad
837 4035 978 4091 hunc
1007 4035 1166 4106 igitur
1193 4032 1274 4090 vel
1304 4035 1738 4108 intelligendum,
1767 4035 1850 4092 vel
1873 4051 2104 4108 cognos-

504 4128 759 4197 cendum,
812 4124 992 4185 studio
1052 4124 1468 4200 ﬂagrantissimo
1512 4120 1726 4184 animus
1767 4124 2102 4185 accendeba-

503 4230 613 4277 ῐυΓ.

573 4314 627 4369 4.
664 4306 839 4369 Varia:
860 4315 1192 4387 antiquorum
1213 4314 1276 4370 de
1298 4306 1409 4370 Deo
1429 4314 1720 4386 epiitiones.
1761 4306 1967 4371 Hilario
1996 4331 2099 4371 non

497 4407 803 4478 probantur,
828 4425 922 4480 pro
945 4418 1080 4464 certo
1111 4402 1318 4464 babenti
1346 4407 1512 4463 Deum
1534 4408 1636 4463 non
1664 4416 1771 4464 esse
1796 4408 1901 4463 nisi
1920 4426 2096 4466 unum.

501 4529 573 4540 --
598 4490 838 4569 Namque
907 4492 1091 4571 plures
1145 4512 1331 4555 eorum
1402 4508 1717 4556 numerosas
1767 4495 2096 4557 incertorum

2211 3571 2329 3639 li);
2381 3578 2436 3624 et
2458 3585 2670 3625 rursum
2697 3588 2711 3623 ;
2744 3568 2872 3624 Hau:
2891 3569 3028 3625 dices
3049 3569 3175 3640 [iliis
3205 3568 3391 3625 Israel.
3424 3568 3567 3624 Misit
3612 3586 3694 3625 me
3746 3571 3819 3626 ad

2209 3679 2298 3719 vos
2325 3664 2370 3718 is
2397 3664 2485 3734 qui
2533 3672 2611 3719 est
2651 3660 2924 3736 (Ibidem).
2977 3663 3294 3719 Admiratus
3332 3677 3451 3718 sum
3504 3663 3663 3734 plane
3701 3672 3819 3720 tam

2206 3754 2506 3810 absolutam
2547 3754 2616 3810 de
2653 3755 2762 3810 Deo
2792 3756 3237 3825 signiﬁcationem
3264 3794 3282 3823 ,
3319 3771 3439 3826 quae
3490 3765 3696 3811 naturae
3726 3757 3818 3813 di-

2205 3849 2343 3904 vina:
2381 3847 2981 3918 incomprehensibiletn
3027 3850 3389 3920 cngnitionetn
3437 3851 3717 3920 aptissimo
3750 3851 3819 3907 ad

2207 3941 2622 4011 intelligentiam
2666 3942 2955 3996 humanam
3001 3956 3255 3998 sermone
3301 3941 3636 4013 loqueretur.
3691 3943 3818 3999 Non

2204 4036 2349 4093 enim
2375 4035 2519 4092 aliud
2551 4038 2829 4107 proprium
2865 4036 3037 4106 magis
3074 4036 3204 4101 Deo,
3236 4052 3397 4107 quam
3426 4051 3579 4104 esse,
3612 4037 3819 4094 intelli-

2204 4130 2383 4201 gitur;
2410 4130 2534 4201 quia
2566 4129 2617 4185 id
2649 4130 2824 4200 ipsum
2852 4129 2997 4200 quod
3037 4137 3123 4185 est
3149 4169 3163 4196 ,
3194 4145 3367 4201 neque
3397 4131 3698 4185 desinentis
3723 4142 3820 4187 est

2203 4223 2511 4295 aliquando,
2546 4238 2719 4294 neque
2739 4224 2902 4295 ccepti
2924 4223 3050 4279 :sed
3082 4223 3159 4291 id,
3178 4225 3319 4295 quod
3339 4240 3461 4280 cum
3484 4227 3819 4297 incorrupta:

2205 4314 2556 4370 beatitudinis
2588 4324 2854 4386 potestate
2884 4326 3199 4389 perpetuum
3228 4326 3332 4383 est,
3365 4333 3469 4375 non
3501 4322 3675 4387 putuit
3716 4331 3818 4375 ant

2205 4409 2407 4479 poterit
2436 4408 2727 4480 aliquando
2758 4424 2865 4464 non
2894 4424 3058 4476 esse;
3092 4409 3216 4480 quin
3247 4409 3490 4465 divinum
3521 4426 3681 4467 omne
3715 4429 3814 4466 ne-

2203 4518 2308 4574 que
2334 4500 2638 4570 abolitioiii,
2670 4518 2846 4573 neque
2872 4503 3099 4558 exordio
3130 4504 3423 4559 obnoxium
3445 4511 3545 4561 est.
3588 4505 3655 4559 Et
3683 4521 3815 4560 cum

494 4586 718 4646 deorum
746 4580 979 4647 familias
999 4588 1414 4648 introducebant
1445 4610 1458 4646 :
1492 4601 1546 4648 et
1573 4592 1780 4647 virilem
1804 4608 1868 4648 ac
1896 4590 2085 4652 mulie.
2120 4576 2174 4638 Ῑ)
2201 4596 2254 4651 in
2285 4596 2433 4652 nullo
2458 4612 2485 4649 a
2509 4611 2571 4653 se
2603 4596 2697 4652 Dei
2725 4596 2866 4652 desit
2891 4598 3204 4665 mtcrnitas;
3237 4599 3398 4670 digne
3426 4598 3529 4655 hoc
3576 4602 3755 4657 solum
3797 4642 3812 4666 ,

497 4684 646 4741 brem
677 4698 866 4741 sexum
898 4680 952 4743 in
999 4685 1194 4742 divinis
1234 4687 1443 4742 naturis
1471 4702 1630 4758 agere
1665 4688 2038 4747 existimantes
2069 4734 2084 4759 ,

493 4785 645 4831 ortus
671 4792 734 4833 ac
781 4777 1154 4835 successiones
1199 4794 1265 4834 ex
1320 4768 1423 4834 diis
1474 4776 1698 4835 deorum
1747 4780 2083 4839 asserebant.

494 4868 599 4925 Alii
628 4870 860 4943 majores
890 4886 952 4928 ac
988 4870 1228 4927 minores
1254 4866 1308 4927 et
1353 4868 1664 4928 differentes
1694 4888 1792 4946 pro
1824 4876 2089 4945 potestate

491 4961 623 5018 deos
674 4964 1057 5035 prtedicabant.
1095 4962 1348 5023 Nonnulli
1394 4965 1598 5022 nullum
1647 4958 1870 5023 Omnino
1919 4962 2086 5024 Demn

491 5071 613 5113 esse
643 5056 996 5126 afﬁrmantes,
1030 5062 1149 5116 eam
1184 5052 1487 5134 tantuni,&,
1512 5074 1632 5133 quae
1661 5054 1896 5118 fortuitis
1927 5056 2086 5119 moti-

491 5140 592 5204 bus
619 5158 779 5220 atque
808 5153 1160 5210 concursibus
1184 5150 1237 5210 in
1272 5152 1473 5226 aliquid
1503 5152 1811 5225 exsisteret,
1839 5165 2082 5214 naturam

563 5375 642 5454 (ᾳ)
670 5376 931 5454 Martinus
950 5377 1164 5454 Lipsius
1181 5390 1299 5448 post
1326 5379 1613 5454 Erasmum
1632 5381 1694 5436 ob
1713 5394 1888 5454 quam,
1911 5383 2091 5442 addita

489 5450 748 5527 particula
770 5449 834 5527 _ob
854 5449 1049 5527 praeter
1076 5451 1236 5527 [idem
1257 5466 1384 5527 mss.
1409 5452 1527 5527 blox
1553 5454 1690 5522 apud
1715 5449 1934 5527 eosdem
1951 5456 2094 5527 refu-

490 5517 744 5594 tandunt:
770 5519 819 5573 in
834 5519 1069 5594 editione
1089 5521 1236 5576 Badii
1250 5520 1530 5594 gA‘sccnsii,
1552 5517 1895 5594 reputantium
1915 5529 1996 5581 vel
2010 5517 2094 5582 re-

488 5580 783 5661 futanc‘ium,
801 5590 1261 5661 quomodoexstal
1289 5590 1340 5646 in
1365 5611 1471 5648 uno
1490 5580 1867 5651 θ’(ἒάιιιρινιίιιίδ
1886 5580 2013 5650 mss.
2033 5580 2093 5654 In

487 5656 616 5734 edit.
642 5656 932 5718 Parisiensi
957 5680 1044 5717 an.
1070 5660 1230 5725 l605,
1249 5666 1303 5718 cl
1325 5666 1562 5734 pluribus
1587 5683 1714 5722 mss.
1732 5666 2093 5734 reputantium.

488 5731 559 5787 At
584 5732 637 5785 in
672 5749 803 5790 mss.
830 5736 1232 5799 vetustioribus,
1264 5728 1627 5803 reputantium.
1665 5728 1818 5803 Quod
1842 5736 1893 5792 in
1925 5728 2007 5794 liis
2035 5740 2104 5795 ad

494 5820 708 5875 munus,
733 5805 787 5866 in
816 5807 935 5871 aliis
953 5809 1145 5869 eodem
1172 5821 1337 5867 sensu
1361 5808 1431 5868 ad
1451 5810 1607 5871 vitam
1633 5808 1884 5871 refertur.
1902 5812 2108 5874 Deinde

2196 4688 2341 4758 quod
2373 4697 2541 4755 esset,
2569 4687 2635 4743 ad
2678 4690 3124 4760 protestationem
3153 4690 3482 4762 incorruptae
3508 4706 3621 4746 sua:
3650 4702 3817 4748 mter-

2196 4783 2379 4838 nitatis
2407 4781 2665 4838 ostendit.

2268 4878 2320 4952 5
2340 4876 2396 4932 6.
2422 4874 2562 4931 Deus
2590 4876 2853 4944 inﬁnitus;
2876 4885 3039 4933 urente
3067 4879 3185 4949 capi
3212 4878 3549 4948 usquin—Et
3571 4878 3636 4934 ad
3668 4879 3819 4937 lianc

2196 4970 2414 5042 quidem
2454 4956 2734 5025 infinitatis
2774 4962 3219 5041 signiﬁcationem
3262 4960 3587 5027 salisfecisse
3624 4986 3817 5029 sermo

2196 5058 2427 5119 dicentis
2453 5079 2466 5118 :
2497 5056 2613 5133 Ego
2645 5078 2757 5115 smn
2787 5062 2877 5130 qui
2905 5078 3050 5129 sum,
3087 5058 3403 5118 videbatur:
3434 5063 3527 5119 Sed
3562 5056 3818 5133 magnifi-

2194 5155 2387 5213 centia:
2416 5152 2471 5210 et
2501 5146 2716 5209 virtutis
2746 5167 2858 5210 suae
2897 5161 3021 5210 erat
3052 5167 3082 5207 a
3119 5153 3273 5211 nobis
3312 5156 3448 5226 opus
3488 5155 3809 5228 intelligen-

2200 5384 2254 5440 in
2287 5396 2419 5457 mss.
2451 5380 2606 5457 (inibi.
2632 5389 2689 5437 et
2708 5381 2918 5457 ﬁerm”
2948 5383 3306 5454 languoribus,
3329 5400 3436 5442 non
3464 5388 3769 5457 angoribus.

2277 5453 2352 5526 (b)
2381 5452 2537 5527 liad.,
2565 5451 2680 5514 Er.,
2706 5452 2878 5527 Lips"
2904 5464 2957 5510 et
2988 5451 3117 5511 mss.
3149 5474 3253 5512 non
3284 5458 3461 5527 pauci,
3486 5451 3812 5517 eiistimare.

2207 5523 2533 5592 At'potipres
2561 5538 2681 5578 cum
2710 5524 2827 5579 Par.
2852 5527 3110 5581 exsistere.

2281 5582 2350 5665 (c)
2380 5582 2493 5647 Non
2523 5594 2594 5648 ita
2626 5594 2884 5652 abhorret
2908 5592 3163 5661 Hilarius,
3191 5609 3245 5653 ut
3276 5594 3544 5656 Schllelus
3566 5599 3673 5656 Silii
3702 5596 3813 5658 litt-

2209 5666 2308 5738 git,
2342 5682 2369 5720 a
2402 5665 2646 5740 doctrina
2680 5668 2985 5740 traditionis
3007 5709 3023 5732 ,
3070 5686 3131 5723 ex
3156 5686 3258 5740 qua
3296 5675 3617 5740 cnntsacris
3650 5673 3813 5739 libris

2212 5734 2584 5810 auctoritati-tn
2627 5735 2713 5792 hic
2742 5734 2959 5810 tribuat,
2986 5739 3038 5794 in
3068 5734 3202 5809 psal'.
3236 5744 3295 5807 it,
3329 5761 3382 5796 n.
3406 5736 3463 5808 2,
3484 5734 3811 5805 earumdem

2212 5823 2433 5872 sensum
2460 5822 2529 5870 ex
2545 5808 2663 5885 ipsa
2689 5808 3041 5887 quaerendum
3063 5808 3183 5874 esse
3209 5812 3471 5876 defendit.
