3960 6202
507 322 575 381 51
1725 326 1971 384 SANCTI
2014 326 2273 384 IlILARll
2311 327 2621 385 EPISCOPI
3748 330 3817 386 52

586 446 641 504 8.
675 444 817 502 Deus
843 445 1236 518 intelligentiam
1264 444 1511 501 excedens
1538 444 1643 516 ﬁde
1671 445 2017 517 attingendus.
2041 474 2111 488 -—
2134 448 2190 508 Α
2215 448 2299 500 cui
2339 462 2521 502 nomen
2562 455 2668 502 erat
2697 445 2944 502 Joannes.
2982 444 3082 501 llic
3109 447 3243 503 venit
3270 447 3326 501 in
3356 447 3697 503 testimonium
3715 488 3731 512 ,
3763 460 3819 504 ut

515 537 615 597 Bis
644 539 825 610 itaque
859 542 958 609 pias
987 536 1259 609 Opinionis
1286 545 1450 609 atque
1477 538 1737 593 doetrinze
1778 537 1970 595 studiis
1995 538 2114 594 ani-

516 645 640 688 tuus
684 630 958 695 imbutus,
1008 630 1059 685 in
1106 643 1326 686 secessu
1371 629 1604 701 quodam
1644 645 1708 686 ac.
1748 632 1962 700 specula
1995 630 2118 701 pul-

518 721 807 778 cherrima:
857 721 1018 787 hujus
1063 721 1351 776 sententi-.e
1398 721 1807 791 requiescebat,
1860 737 1968 777 non
2014 722 2114 777 sibi

515 814 762 872 relictum
794 813 1087 885 quidquam
1118 814 1264 870 aliud
1296 829 1326 870 a
1357 827 1545 869 natura
1579 829 1673 870 sua
1704 815 2030 887 intelligens.
2061 815 2115 871 in

518 921 626 979 quo
670 908 843 977 majus
887 907 1123 963 officium
1165 915 1426 980 praestare
1461 907 1744 963 Conditori
1774 923 1873 963 suo
1903 908 1982 981 (a)
2014 907 2118 963 mi-

517 1013 689 1055 nusve
714 1008 930 1072 posset,
960 1015 1122 1071 quam
1150 1009 1208 1056 ut
1235 1009 1437 1056 L'ttttum
1468 1017 1591 1055 eum
1615 1015 1738 1057 esse
1762 1001 2121 1072 intelligeret,

513 1106 750 1164 quantus
776 1102 830 1146 et
856 1090 1079 1162 intelligi
1111 1110 1215 1146 non
1248 1101 1460 1163 potest,
1491 1100 1548 1149 et
1576 1102 1750 1164 potest
1774 1092 1955 1149 credi:
1986 1093 2115 1152 dum

517 1184 931 1258 intelligentiam
963 1198 1012 1269 et
1044 1185 1178 1241 ﬁdes
1207 1187 1308 1243 sibi
1352 1189 1672 1244 necessaria:
1714 1189 1994 1261 religionis
2034 1204 2122 1246 as-

522 1281 724 1347 sumit,
757 1291 810 1335 et
842 1279 1081 1336 inﬁnitas
1112 1293 1329 1337 aeterna:
1360 1283 1641 1351 potestatis
1670 1284 1902 1339 excedit.

589 1373 644 1429 9.
692 1371 758 1427 In
794 1372 1191 1428 immortalitatis
1228 1389 1367 1443 spem
1405 1375 1628 1446 assurgit
1669 1373 1925 1430 Hilarius.
1974 1373 2122 1429 Hane

520 1465 652 1519 ratio
667 1465 781 1537 ipsa
810 1465 856 1519 ei
880 1464 1081 1519 suadet.
1103 1493 1177 1507 —
1197 1464 1431 1522 Suberat
1446 1479 1621 1521 autem
1650 1466 1901 1522 omnibus
1924 1467 2007 1523 his
2027 1483 2124 1523 na-

521 1556 712 1610 turalis
740 1554 917 1612 adhuc
944 1571 1139 1612 sensus
1160 1598 1174 1623 ,
1207 1565 1265 1611 ut
1305 1559 1519 1625 pietatis
1560 1558 1953 1630 professionem
1998 1576 2123 1630 spes

516 1647 698 1718 aliqua
728 1647 1058 1721 incorruptae
1098 1650 1449 1707 beatitudinis
1485 1653 1693 1719 aleret,
1734 1668 1895 1725 quam
1937 1663 2121 1710 sancta

517 1738 588 1796 de
618 1740 730 1796 Deo
756 1741 943 1810 opinio
972 1752 1027 1798 et
1058 1742 1184 1798 boni
1224 1759 1407 1801 mores
1433 1745 1666 1817 quodam
1705 1748 1943 1803 victricis
1983 1749 2126 1804 mili-

2218 540 2560 594 testimonium
2588 538 2872 611 perhiberet
2901 539 2964 593 de
2992 538 3205 594 lumine.
3250 538 3373 593 Non
3411 549 3521 593 erat
3561 538 3650 594 ille
3689 542 3814 609 lux,

2218 632 2309 685 sed
2335 641 2388 683 ut
2415 632 2757 685 testimonium
2786 632 3067 695 perhiberet
3092 634 3156 687 de
3179 631 3388 687 lumine.
3416 630 3549 687 Erat
3568 634 3661 688 tua:
3679 651 3815 700 vera,

2218 737 2335 791 qua:
2356 721 2617 777 illuminat
2640 740 2838 780 onmem
2861 724 3112 779 hominem
3138 727 3416 780 venientem
3440 728 3493 780 in
3517 725 3655 781 hunc
3674 745 3821 783 mutt-

2220 815 2360 868 dum.
2390 813 2469 886 (d)
2495 814 2562 869 In
2583 817 2773 871 munda
2799 828 2927 882 erat,
2960 827 3003 871 et
3031 821 3250 872 mundus
3285 835 3376 888 per
3395 835 3507 873 eum
3536 822 3703 891 [actus
3722 831 3817 886 est,

2220 915 2268 961 et
2295 907 2518 960 mundus
2546 924 2659 960 eum
2691 924 2793 963 non
2821 909 3075 980 cognouit.
3109 907 3179 963 In
3205 926 3297 964 sua
3322 910 3453 964 venit
3474 950 3489 975 ,
3523 920 3568 964 et
3597 911 3680 965 sui
3707 927 3819 966 eum

2221 1015 2322 1054 non
2361 1010 2675 1069 receperunt.
2714 1000 2971 1071 Quotquot
2999 1010 3170 1055 autem
3198 1010 3496 1072 receperunt
3527 1018 3645 1055 eum
3667 1044 3684 1069 ,
3731 1007 3818 1056 de-

2222 1090 2296 1144 dit
2324 1091 2395 1144 eis
2422 1101 2723 1161 potestatem
2747 1092 2883 1161 ﬁlios
2912 1092 3007 1146 Dei
3036 1092 3149 1163 fieri
3168 1134 3183 1158 ,
3211 1094 3275 1147 iis
3298 1093 3385 1162 qui
3409 1093 3618 1148 credunt
3646 1095 3699 1148 in
3725 1110 3821 1149 no-

2221 1182 2357 1236 mine
2384 1185 2531 1252 cjns:
2559 1183 2646 1252 qui
2673 1199 2778 1237 non
2810 1181 2882 1255 (e)
2925 1200 2988 1237 ea:
3026 1185 3307 1255 sanguine,
3347 1201 3504 1253 neque
3542 1201 3605 1240 ea:
3641 1186 3820 1249 volun-

2223 1283 2327 1328 tate
2354 1275 2448 1329 viri
2468 1317 2481 1342 ,
2515 1291 2674 1342 neque
2701 1292 2763 1331 ea:
2789 1277 3047 1331 voluntate
3084 1279 3289 1344 carnis,
3333 1280 3423 1332 sed
3457 1295 3523 1334 ex
3567 1278 3672 1334 Deo
3712 1280 3817 1335 nati

2222 1378 2358 1422 sunt.
2395 1366 2463 1422 Et
2500 1366 2717 1423 Verbum
2747 1386 2867 1424 caro
2898 1370 3089 1439 factum
3129 1382 3239 1437 est,
3270 1380 3316 1426 et
3355 1370 3602 1439 habitauit
3642 1376 3695 1429 in
3735 1390 3823 1428 no-

2225 1461 2339 1539 bis:
2367 1471 2413 1515 et
2445 1463 2661 1516 vidimus
2686 1461 2907 1534 gloriam
2935 1466 3049 1535 ejus
3070 1504 3083 1527 ,
3114 1463 3331 1536 gloriam
3359 1475 3618 1535 tamquam
3647 1466 3826 1537 unige-

2224 1554 2321 1608 niti
2346 1571 2378 1607 a
2406 1552 2599 1623 Patre,
2629 1553 2834 1623 plenum
2860 1558 3027 1626 gratia
3051 1566 3098 1611 et
3126 1558 3335 1612 veritate
3358 1556 3538 1627 (Joan.
3568 1575 3613 1624 t,
3645 1560 3672 1615 1
3712 1559 3824 1632 14).

2225 1645 2447 1702 Proficit
2475 1663 2630 1703 mens
2660 1647 2797 1703 ultra
2840 1650 3103 1704 naturalis
3139 1664 3333 1705 sensus
3375 1652 3782 1723 intelligentiam
3806 1696 3822 1722 ,

2226 1748 2284 1796 et
2309 1741 2427 1811 plus
2448 1740 2516 1797 de
2541 1741 2651 1796 Deo
2677 1758 2835 1812 quam
2864 1743 3185 1813 opinabatur
3209 1744 3484 1800 edocetur.
3512 1745 3823 1803 Creatorem

521 1832 612 1887 tiae
633 1833 904 1903 stipendio
929 1848 1291 1893 mererentur.
1320 1837 1504 1909 Neque
1529 1840 1674 1895 enim
1700 1840 1906 1897 fructus
1927 1842 2122 1913 aliquis
2155 1849 2200 1909 Β
2229 1833 2371 1888 enim
2404 1847 2563 1887 suum
2596 1833 2764 1889 Deum
2796 1850 2863 1890 εἰ
2904 1835 3015 1889 Deo
3053 1836 3243 1891 disc“:
3274 1835 3511 1892 Verbum
3549 1839 3750 1907 Dt‘um.
3776 1848 3829 1896 ει

522 1932 698 1991 esset,
732 1925 873 1982 bene
915 1927 981 1983 de
1030 1927 1140 1983 Deo
1183 1930 1428 1999 Opinari:
1477 1948 1602 1987 cum
1645 1948 1860 1989 omnem
1905 1949 2123 1990 sensum

523 2029 674 2072 mors
719 2020 1051 2088 perimeret,
1102 2030 1159 2077 et
1208 2037 1433 2079 occasus
1474 2024 1691 2093 quidam
1742 2038 1949 2083 naturae
1993 2027 2129 2083 deli-

524 2108 723 2165 cientis
751 2112 1016 2168 aboleret.
1048 2115 1218 2173 Porro
1248 2127 1425 2173 autem
1456 2135 1562 2175 non
1603 2134 1725 2176 esse
1767 2121 1871 2178 hoc
1905 2123 2125 2194 dignum

527 2200 640 2258 Deo
687 2203 825 2260 ratio
872 2206 988 2275 ipsa
1039 2209 1334 2278 suadebat,
1382 2210 1672 2269 deduxisse
1719 2229 1842 2269 eum
1889 2214 1943 2269 in
1990 2214 2129 2272 hanc

526 2294 840 2367 participem
871 2300 1081 2355 consilii
1106 2301 1510 2373 prudentiaque
1533 2305 1693 2360 vitam
1724 2305 1997 2364 hominem
2028 2308 2129 2364 sub

524 2384 826 2443 defectione
871 2390 1084 2447 vivendi
1123 2402 1179 2449 et
1215 2395 1518 2452 arternitate
1561 2397 1858 2454 moriendi:
1894 2411 1951 2454 ut
1980 2400 2032 2455 in
2076 2400 2125 2456 id

525 2485 734 2535 tantum
774 2481 851 2554 (b)
892 2497 999 2539 non
1041 2486 1312 2543 essistens
1351 2488 1791 2553 substitueretur.
1824 2507 1890 2548 ne
1929 2493 2131 2549 substi-

528 2577 679 2628 tutus
722 2577 1042 2641 exsisteret;
1074 2594 1195 2634 cum
1238 2583 1638 2639 constitutionis
1676 2593 1875 2641 nostra:
1912 2601 1975 2642 ea
2015 2587 2127 2643 sola

526 2680 650 2723 esse
678 2668 816 2723 ratio
846 2669 1251 2741 intelligeretur,
1283 2686 1339 2728 ut
1366 2676 1508 2745 quod
1540 2691 1648 2733 non
1680 2686 1826 2733 esset
1862 2694 1982 2734 esse
2019 2693 2132 2735 cat-

531 2757 701 2831 pisset
726 2802 742 2826 ,
775 2777 880 2817 non
911 2773 968 2818 ut
995 2764 1137 2835 quod
1168 2768 1425 2836 ccepisset
1451 2784 1574 2824 esse
1606 2785 1710 2825 non
1741 2777 1907 2825 esset.

605 2853 691 2908 10.
736 2854 896 2928 Spem
932 2873 993 2912 ac
1024 2856 1119 2913 Dei
1158 2862 1395 2915 notitiam
1433 2873 1585 2933 auget
1625 2862 1848 2919 Joannis
1888 2863 2128 2937 Evange-

527 2944 674 3001 lium.
696 2976 770 2988 —
792 2947 1138 3021 Fatigabatur
1164 2960 1343 3009 autem
1371 2955 1604 3023 animus,
1635 2958 1827 3026 partim
1857 2971 1977 3022 suo,
2011 2972 2134 3025 par-

525 3041 619 3096 tim
651 3042 897 3111 corporis
926 3051 1095 3101 metu.
1140 3045 1393 3114 Quicum
1437 3058 1493 3105 et
1531 3060 1868 3107 constantem
1910 3059 2132 3108 senten-

527 3132 656 3189 tiam
686 3149 837 3191 suam
871 3136 955 3207 pia
983 3137 1052 3193 de
1084 3139 1192 3195 Deo
1219 3140 1552 3208 professione
1582 3144 1837 3201 retineret
1859 3185 1874 3209 ,
1904 3153 1960 3201 et
1984 3145 2133 3201 solli-

2228 1927 2369 1997 apud
2405 1928 2568 1984 Deum
2601 1929 2652 1983 in
2686 1928 2948 2000 principio
2976 1944 3096 1985 esse
3121 1929 3291 1987 audit.
3336 1931 3518 1986 Mundi
3562 1932 3742 1988 lumen
3774 1933 3823 1988 in

2230 2020 2431 2075 mundo
2463 2035 2719 2087 manens,
2750 2027 2805 2076 ct
2831 2036 2863 2076 a
2895 2020 3096 2076 mundo
3124 2037 3233 2078 non
3264 2022 3603 2093 recognitum
3637 2024 3829 2081 intelli-

2228 2112 2323 2182 git.
2357 2110 2676 2168 Venientem
2702 2127 2917 2183 quoque
2944 2116 2996 2169 in
3024 2129 3119 2170 sua
3141 2156 3156 2180 ,
3188 2128 3218 2169 a
3246 2115 3359 2170 suis
3384 2131 3492 2171 non
3520 2126 3826 2188 receptum:

2230 2205 2556 2275 recipientcs
2583 2216 2763 2263 autem
2795 2208 2897 2263 sub
2926 2207 3049 2263 ﬁdei
3078 2223 3190 2263 suae
3230 2210 3423 2263 merito
3463 2211 3517 2264 in
3563 2210 3657 2266 Dei
3698 2209 3829 2266 filios

2230 2300 2525 2371 profecisse
2564 2301 2874 2371 cognoscit;
2922 2316 3027 2356 non
3070 2317 3133 2357 cx
3174 2303 3463 2372 complexu
3496 2306 3713 2370 carnis,
3743 2319 3829 2358 nc-

2230 2410 2335 2465 que
2364 2410 2429 2449 ex
2459 2404 2723 2466 conceptu
2766 2395 3041 2466 sanguinis
3061 2435 3077 2461 ,
3117 2410 3293 2465 neque
3321 2412 3385 2451 ex
3430 2411 3720 2467 corporum
3751 2395 3827 2469 (ι’)

2232 2487 2541 2554 voluntate,
2593 2485 2690 2542 sed
2729 2502 2794 2541 cx
2841 2486 2952 2542 Deo
2998 2493 3172 2543 natos.
3209 2487 3411 2543 Deinde
3453 2485 3707 2560 (supple,
3740 2502 3831 2543 oo~

2230 2579 2477 2650 gnoseit)
2514 2578 2743 2634 Verbum
2789 2592 3010 2635 carnem
3052 2578 3290 2647 factum,
3340 2587 3397 2636 et
3460 2581 3734 2638 habitasse
3777 2582 3829 2636 in

2234 2671 2391 2726 nobis
2415 2712 2431 2738 ,
2474 2678 2532 2727 et
2571 2671 2800 2742 gloriam
2841 2681 3188 2743 conspectam
3224 2672 3379 2743 ejus,
3413 2689 3534 2743 quin
3566 2688 3831 2747 tamquam

2234 2766 2379 2821 unici
2408 2782 2437 2821 a
2473 2775 2653 2842 patre,
2681 2768 2753 2821 sit
2783 2766 3016 2837 perfecta
3045 2782 3167 2823 cum
3201 2768 3368 2837 gratia
3400 2774 3459 2822 et
3484 2768 3733 2825 veritate.

2308 2858 2394 2914 Η.
2433 2857 2599 2913 Filius
2641 2856 2741 2915 Dei
2782 2858 2942 2914 Deus.
3001 2857 3168 2915 Filios
3198 2859 3293 2914 Dei
3319 2860 3432 2931 ﬁeri
3474 2870 3699 2931 potestas
3727 2872 3831 2926 est,

2239 2962 2351 3007 nou
2372 2953 2669 3008 necessitas.
2702 2950 2873 3008 Filius
2899 2950 2997 3007 Dei
3023 2956 3193 3025 factus
3220 2954 3403 3019 homo,
3435 2963 3491 3007 ut
3518 2963 3672 3008 homo
3701 2954 3836 3019 fieret

2235 3048 2376 3119 ﬁlius
2423 3047 2540 3103 Dei.
2585 3045 2825 3104 Christus
2855 3065 3002 3104 verus
3031 3048 3171 3104 Deus
3199 3059 3245 3104 et
3273 3065 3419 3105 verus
3449 3047 3621 3105 homo.
3652 3079 3724 3092 —
3747 3050 3838 3105 Hic

2231 3141 2345 3214 jam
2379 3158 2533 3200 meus
2563 3143 2772 3215 trepida
2803 3151 2861 3199 et
2889 3144 3043 3200 ansia
3073 3146 3195 3217 plus
3234 3145 3352 3215 spei
3394 3144 3637 3212 invenit,
3679 3160 3835 3216 quam

529 3226 691 3283 citam
721 3228 792 3284 de
818 3244 880 3285 se
908 3238 1071 3302 atque
1102 3232 1207 3290 hoc
1235 3248 1496 3291 occasura
1524 3250 1739 3305 secum,
1784 3248 1841 3295 ut
1879 3239 2129 3310 putabat,
2160 3240 2206 3305 C
2237 3238 2603 3305 exapectabat.
2637 3239 2715 3293 Ac
2744 3239 2974 3309 primum
3020 3238 3086 3294 ad
3124 3238 3487 3310 cognitionem
3535 3239 3627 3295 Dei
3673 3240 3836 3310 patris

532 3318 841 3376 habitacqu
871 3338 969 3378 suo
1006 3340 1192 3381 curam
1234 3330 1563 3400 recepisset,
1608 3341 1727 3400 post
1766 3333 2128 3403 cognitionem

533 3410 669 3482 legis
706 3427 770 3469 ac
813 3415 1195 3485 prOphetarum
1239 3421 1393 3477 istius
1433 3421 1578 3477 modi
1616 3438 1829 3494 quoque
1872 3424 2133 3479 doctrinm

542 3506 870 3578 evangelicae
899 3522 1060 3582 atque
1088 3516 1399 3584 apostolicae
1429 3516 1670 3571 instituta
1716 3518 2026 3587 cognoscit:
2070 3515 2137 3571 In

535 3599 790 3672 principio
827 3613 934 3657 erat
976 3601 1194 3660 Verbum
1219 3649 1233 3672 ,
1276 3618 1322 3661 et
1360 3606 1579 3663 Verbum
1619 3618 1727 3663 erat
1767 3608 1907 3679 apud
1940 3607 2135 3675 Deum,

538 3699 586 3745 et
607 3690 745 3747 Deus
765 3707 873 3748 erat
908 3695 1141 3752 Verbum.
1171 3697 1284 3753 Hoc
1303 3710 1412 3755 erat
1433 3701 1489 3755 in
1515 3702 1764 3770 principio
1788 3704 1928 3771 apud
1953 3700 2136 3756 Deum.

541 3783 730 3839 Omnia
767 3803 859 3856 per
896 3790 1066 3856 ipsum
1106 3795 1247 3862 facta
1285 3803 1437 3860 sunt,
1469 3803 1517 3848 et
1546 3794 1657 3849 sine
1684 3795 1799 3865 ipso
1837 3795 2028 3862 factum
2071 3803 2142 3848 est

535 3877 689 3932 nihil.
734 3878 886 3945 Quod
916 3881 990 3955 (ε)
1022 3885 1211 3953 {actum
1242 3897 1315 3940 est
1344 3888 1397 3941 in
1436 3903 1527 3954 eo,
1569 3888 1672 3942 vita
1712 3897 1822 3952 est,
1859 3896 1906 3941 et
1952 3888 2054 3940 vita
2080 3888 2139 3959 8

539 3979 652 4027 erat
680 3973 772 4029 tua:
800 3974 1065 4031 hominum
1085 4018 1100 4044 ,
1132 3988 1180 4033 et
1211 3978 1305 4033 lux
1331 3981 1461 4036 lucet
1490 3982 1543 4035 in
1573 3982 1792 4037 tenebris
1812 4023 1827 4047 ,
1857 3991 1903 4035 et
1930 3980 2148 4035 tenebrat

501 4064 508 4071 ”
543 4083 656 4122 eam
685 4085 789 4123 non
817 4073 1329 4141 comprehenderunt.
1369 4074 1493 4130 Fuit
1525 4076 1675 4130 homo
1716 4076 1902 4130 missus
1940 4092 1972 4129 a
2005 4077 2111 4131 Deo
2131 4116 2146 4142 ,

618 4207 692 4280 (a)
718 4209 873 4277 Apud
913 4211 1040 4267 Bad.
1081 4225 1134 4269 et
1175 4216 1225 4270 in
1254 4231 1362 4271 uno
1390 4233 1491 4271 ms.
1519 4215 1673 4273 Cnlb.
1706 4217 1926 4270 muneris
1948 4216 2050 4271 sui.
2081 4215 2134 4270 In

546 4280 706 4357 editis
735 4282 886 4348 aliis,
922 4301 1184 4357 munusve.
1218 4288 1384 4355 Magis
1416 4290 1590 4357 placet
1615 4304 1735 4344 cum
1765 4288 1980 4344 duobus
2007 4302 2137 4342 mss.

546 4352 701 4405 Coll).
731 4368 937 4408 necnon
964 4356 1220 4414 German.
1251 4352 1496 4416 minusve.

622 4421 695 4495 (ὁ)
724 4424 1011 4501 Abestnon
1038 4430 1107 4483 ab
1136 4445 1241 4483 ttno
1262 4447 1361 4485 ms.
1388 4432 1539 4487 Colb.
1565 4430 1734 4487 male:
1754 4429 1975 4501 perinde
1999 4430 2143 4484 enim

550 4504 635 4568 est
670 4510 768 4568 non
797 4499 1041 4552 exsistens
1084 4500 1497 4568 substitueretur,
1536 4516 1601 4557 ac
1634 4517 1698 4557 ea:
1738 4499 1838 4557 non
1876 4503 2146 4557 exsistente

549 4566 888 4642 conderetur.‘
922 4570 1120 4642 Porro,
1167 4566 1503 4639 substituere,
1564 4589 1660 4642 pro
1709 4588 1884 4627 creare
1931 4588 2143 4627 rursum

554 4645 842 4713 usurpatur
874 4638 1012 4696 infra
1050 4642 1144 4697 lib.
1186 4660 1234 4699 \‘l
1260 4688 1273 4709 ,
1314 4663 1369 4700 ιι.
1410 4638 1510 4713 18⁷,
1549 4638 1690 4699 sicut
1725 4653 1779 4699 et
1814 4660 1842 4697 a
1889 4643 2146 4698 Faustino

2238 3330 2514 3386 imbuitttr.
2551 3331 2614 3387 Et
2647 3332 2789 3402 quod
2823 3343 2977 3388 antea
3007 3332 3077 3388 de
3103 3331 3377 3389 Creatoris
3406 3335 3485 3388 sui
3516 3337 3837 3399 aeternitate,

2237 3431 2294 3478 et
2335 3422 2633 3486 inlinitate,
2679 3434 2735 3479 et
2771 3424 2986 3492 Specie,
3032 3424 3256 3480 naturali
3298 3440 3459 3481 sensu
3503 3427 3837 3495 epinabatur,

2238 3514 2327 3571 ltie
2355 3530 2497 3571 nunc
2529 3518 2804 3587 proprium
2832 3532 2954 3573 esse
2983 3518 3145 3573 etiam
3175 3518 3449 3588 unigenito
3480 3520 3590 3575 Deo
3617 3520 3838 3588 accipit:

2243 3605 2321 3679 (g)
2374 3622 2480 3663 non
2528 3610 2580 3663 in
2625 3609 2757 3664 deos
2802 3608 2960 3665 ﬁdem
3008 3609 3228 3676 laxans,
3274 3610 3395 3678 quia
3441 3626 3505 3666 ex
3536 3611 3645 3667 Deo
3679 3612 3840 3667 Deum

2241 3699 2426 3765 audit;
2468 3717 2573 3755 non
2619 3701 2683 3755 ad
2729 3709 2934 3757 naturae
2976 3701 3344 3758 diversitatem
3380 3703 3457 3772 (It)
3491 3704 3541 3756 in
3578 3704 3742 3760 Demn
3776 3717 3839 3759 es

2247 3794 2359 3850 Deo
2408 3794 2713 3857 decedens,
2767 3796 2825 3868 9
2869 3798 2994 3866 quia
3038 3797 3252 3867 plenum
3302 3799 3470 3868 gratia
3520 3806 3577 3852 et
3621 3800 3843 3854 veritate

2252 3888 2421 3943 Deum
2462 3903 2527 3942 ex
2576 3888 2686 3942 Deo
2729 3888 2924 3953 discit;
2971 3905 3146 3960 neque
3189 3898 3577 3961 praeposterum
3625 3907 3692 3947 ex
3741 3893 3845 3946 Deo

2251 3980 2418 4035 Deum
2453 3982 2725 4044 sentiens,
2772 3982 2891 4050 quia
2940 3983 2991 4038 in
3038 3984 3302 4053 principio
3343 3986 3484 4053 apud
3535 3986 3701 4041 Deum
3729 4000 3846 4042 esse

2255 4074 2422 4131 Deum
2448 4076 2732 4146 comperit.
2765 4076 3114 4131 Rarissimam
3156 4077 3351 4133 deinde
3396 4078 3558 4148 hujus
3601 4078 3845 4133 salutaris

2246 4233 2348 4271 non
2387 4217 2439 4271 in
2478 4216 2699 4269 duorum
2740 4230 3008 4268 numerum
3047 4214 3270 4268 ueritatis
3301 4213 3597 4270 diversitate
3625 4215 3846 4284 referen-

2249 4288 2391 4342 dum.
2422 4287 2659 4355 Utraque
2689 4287 2776 4341 illa
2815 4286 2971 4340 lectio
3006 4285 3315 4340 confirmari
3356 4296 3523 4351 potest
3554 4301 3619 4341 ex
3652 4287 3745 4341 lib.
3779 4303 3845 4351 tv,

2250 4376 2305 4414 ιι.
2345 4360 2409 4423 4,
2453 4358 2540 4412 ιιιιί
2577 4358 2759 4413 Ariani
2812 4357 2944 4411 hanc
2980 4357 3305 4425 improbandi
3349 4356 3608 4411 homousii
3643 4373 3847 4412 causam

2248 4430 2721 4490 comminiscuntur,
2748 4429 2882 4490 quod
2916 4429 3191 4501 secundum
3234 4427 3371 4482 verbi
3408 4430 3576 4501 hujus
3590 4429 3848 4501 signi/ica-

2251 4503 2435 4556 tionem
2465 4516 2526 4555 ex
2552 4501 2798 4555 divisione
2824 4509 3049 4567 paterna:
3074 4500 3370 4554 substantia:
3395 4498 3502 4554 esse
3531 4498 3699 4554 Filius
3722 4502 3847 4554 exis—

2252 4574 2488 4636 timetur;
2516 4582 2775 4643 tamquam
2800 4571 3035 4643 desectus
3070 4586 3132 4623 ea:
3158 4588 3216 4643 eo
3256 4572 3437 4640 fuerit,
3467 4572 3538 4624 itu
3562 4580 3619 4624 ut
3644 4572 3698 4624 in
3726 4573 3848 4624 duos

2250 4644 2315 4697 sit
2341 4658 2422 4696 res
2448 4660 2552 4697 una
2577 4639 2759 4696 diuisa.
2792 4641 2847 4697 Si
2878 4639 3133 4707 praeferas
3160 4639 3372 4696 hic’non
3406 4643 3458 4694 in
3497 4644 3626 4696 duos
3647 4685 3662 4707 ,
3694 4643 3847 4696 tacita

553 4701 754 4785 Hilario
803 4723 988 4785 nostro
1034 4717 1222 4785 :rquali
1262 4701 1524 4771 adversus
1571 4714 1757 4769 Arian.
1808 4713 2142 4769 Attendenda
2178 4701 2225 4759 Ι)
2251 4714 2595 4785 intelligenda
2626 4724 2709 4768 est
2735 4727 2838 4785 vox
2867 4701 3018 4785 deos,
3048 4727 3168 4776 quae
3196 4712 3331 4785 intra
3361 4729 3415 4785 ιι.
3450 4714 3537 4772 17,
3569 4701 3841 4781 ἰιιιέχρτὶο

553 4781 713 4833 etiam
756 4784 1011 4856 particula
1049 4781 1140 4852 ne,
1179 4804 1299 4856 qua!
1338 4798 1396 4842 ιιι
1431 4787 1548 4852 hic,
1591 4787 1659 4840 ita
1685 4797 1734 4841 et
1764 4786 1934 4849 alias.
1966 4800 2061 4851 Il"0
2089 4796 2144 4838 u‘

554 4866 656 4904 non
682 4853 879 4924 saepius
905 4854 1147 4924 effertur,
1178 4853 1298 4914 scil.
1335 4868 1396 4913 ut
1440 4874 1544 4912 non
1592 4858 1910 4920 exsiSIeret,
1958 4863 2142 4923 postea

553 4938 711 4996 quam
739 4927 1052 4982 cxsistentia
1079 4931 1308 4984 donatus
1342 4941 1444 4985 est.
1486 4929 1629 4983 Idem
1667 4939 2040 4996 argumentum
2078 4926 2147 4981 de

556 4994 954 5052 immortalitate
983 5000 1213 5054 hominis
1238 5017 1342 5055 non
1376 5001 1552 5055 minus
1581 4994 2036 5053 clare—tractatum
2065 4998 2146 5051 vi-

559 5064 696 5119 desis
726 5068 776 5119 in
806 5071 939 5135 psal.
970 5085 1165 5135 cxvm,
1196 5072 1270 5126 lit.
1306 5073 1403 5133 14,
1434 5088 1488 5125 ιι.
1531 5074 1573 5125 Ι.

629 5135 703 5214 (ο)
735 5137 855 5193 llaec
883 5142 1074 5214 verba,
1104 5143 1239 5214 quod
1266 5144 1461 5212 factum
1496 5152 1600 5205 est,
1635 5156 1758 5214 etim
1797 5137 2151 5214 praecedenti-

562 5207 661 5284 lius
682 5209 915 5284 jungunt
942 5207 1138 5279 vulgati
1162 5255 1176 5279 ,
1204 5207 1323 5284 qum
1349 5212 1707 5283 disjnngenda
1737 5207 1857 5266 esse
1886 5212 2051 5284 liquet
2084 5225 2151 5265 ex

556 5278 658 5333 lib.
682 5295 749 5336 ιι.
781 5295 833 5333 ιι.
866 5282 962 5345 ltl,
996 5278 1082 5335 ubi
1112 5278 1336 5350 deinde,
1367 5278 1636 5353 qmnnodo
1663 5294 1717 5341 et
1754 5283 1841 5338 hic
1878 5278 1974 5348 pro
2007 5282 2059 5334 in
2097 5296 2156 5334 eo

561 5354 660 5404 vita
686 5361 810 5426 erat,
833 5355 1167 5426 reposuimus
1192 5356 1243 5408 in
1269 5373 1329 5409 eo
1352 5357 1451 5411 vita
1475 5366 1546 5411 est
1571 5357 1807 5426 omnium
1831 5368 2000 5426 prope
2021 5367 2151 5426 mss.

558 5422 1011 5497 auctoritate._De
1037 5425 1380 5497 distinctione
1419 5431 1705 5485 verborum
1742 5421 1902 5497 hujus
1934 5421 2040 5479 loci
2079 5422 2156 5476 vi-

562 5492 1116 5565 dendusAmbrosius
1143 5497 1231 5552 lib.
1268 5514 1323 5552 ιιι
1350 5500 1417 5552 de
1448 5499 1661 5565 Fide,c.
1689 5500 1742 5553 6.

639 5564 723 5629 (d)
752 5563 1000 5618 Vetustas
1027 5567 1197 5623 codex
1224 5568 1375 5624 Coll).
1412 5569 1471 5624 ln
1500 5563 1595 5625 hoc
1615 5570 1825 5624 mundo.

639 5634 714 5702 (e)
741 5635 879 5689 Editi
898 5678 912 5700 ,
943 5653 1006 5693 ea:
1030 5643 1394 5706 sanguinibus:
1423 5641 1777 5697 renitentibus
1804 5653 1935 5695 mss.

570 5738 609 5785 '_
638 5706 714 5781 (Ῑ)
744 5707 783 5761 Β
804 5707 983 5785 {silice
1004 5708 1272 5768 Vaticana:
1290 5715 1684 5769 vetustissimus
1708 5712 1877 5767 codex
1897 5723 2020 5763 cum
2046 5707 2158 5785 ple-

566 5779 1048 5856 risque‘aliislttss.
1076 5785 1354 5856 voluptate.
1415 5800 1442 5844 '.
1524 5798 1531 5852 ζ
1614 5796 1638 5828 ‘-
1888 5850 1907 5856 ,

640 5848 716 5920 (g)
744 5849 867 5905 Mss.
897 5848 1046 5908 Coll).
1066 5861 1129 5908 et
1150 5848 1334 5911 Germ.
1361 5868 1461 5912 nan
1486 5848 1535 5910 in
1562 5856 1721 5910 duos:
1749 5848 1800 5908 et
1824 5850 1961 5907 infra
1987 5868 2038 5906 ιι.
2066 5849 2156 5912 38,

2248 4783 2448 4840 mitnri
2495 4784 2677 4839 Edocti
2724 4784 2964 4853 divinitus
3005 4799 3163 4853 neque
3195 4783 3324 4837 duos
3359 4784 3481 4836 deos
3529 4786 3838 4851 prwdicarc,

2247 4857 2590 4927 neque_solum
2607 4866 2691 4908 :et
2713 4873 2764 4909 ιι.
2782 4854 2882 4927 2t:
2905 4852 3023 4927 Nec
3039 4852 3167 4927 duos
3192 4855 3440 4927 deos.nec
3466 4856 3752 4910 solitarium
3772 4871 3849 4927 re-

2246 4925 2361 4982 rum
2384 4925 2550 4980 Deum
2572 4926 2981 4995 prtcdicavinms.
3012 4925 3154 4979 idem
3181 4928 3406 4979 habetur
3430 4926 3521 4980 lib.
3546 4941 3660 4991 vnt,
3683 4944 3736 4981 ιι.
3760 4925 3846 4980 29.

2325 4997 2409 5068 (lt)
2441 5001 2693 5052 Erasmus
2720 5011 2781 5051 ac
2809 5005 2930 5066 post
2952 5011 3074 5050 eum
3105 4997 3282 5068 l.ips.,r
3303 4996 3465 5051 Deum
3490 5013 3553 5049 ea:
3581 4995 3692 5068 Deo
3721 4996 3850 5051 deci-

2252 5068 2410 5124 dens:
2440 5068 2581 5138 qnod
2613 5084 2718 5123 non
2765 5067 3099 5136 displiceret,
3132 5070 3178 5122 si
3224 5067 3438 5121 adesset
3474 5067 3703 5137 alicujus
3752 5083 3846 5122 ms.

2259 5143 2573 5195 auctoritas.
2605 5139 2871 5194 Arriserat
2898 5139 3058 5192 etiam
3097 5154 3217 5192 cum
3257 5144 3543 5193 veterrima
3568 5139 3760 5194 codice
3794 5139 3849 5191 S.

2260 5210 2403 5266 l'etri
2432 5214 2482 5265 in
2517 5211 2792 5274 Vaticano,
2818 5210 2873 5262 in
2904 5209 3063 5262 Deum
3093 5208 3254 5262 Deum
3280 5208 3551 5264 decidens:
3582 5209 3689 5266 Sed
3717 5209 3849 5264 anti-

2259 5283 2348 5351 qui
2380 5283 2569 5336 notarii
2599 5283 2761 5335 multa
2795 5280 2989 5351 passim
3021 5279 3276 5334 mutantis
3319 5281 3511 5334 nimios
3549 5295 3713 5337 ausus
3754 5282 3849 5335 for-

2263 5349 2546 5416 midamus,
2575 5353 2663 5405 ulti
2686 5351 2868 5404 nullus
2889 5349 3025 5404 alius
3047 5353 3215 5404 codex
3241 5350 3579 5420 suffragatur.
3603 5351 3851 5420 Plerique

2262 5437 2393 5478 mss.
2422 5439 2541 5479 cum
2572 5423 2700 5477 Bad.
2730 5422 2783 5475 in
2816 5420 2947 5484 Deo,
2972 5422 3050 5474 vel
3072 5424 3125 5475 in
3158 5420 3345 5485 Deum,
3373 5438 3435 5475 ea:
3463 5422 3568 5476 Deo
3593 5423 3850 5479 decidens.

2262 5494 2367 5549 Alii
2398 5495 2579 5563 probae
2611 5505 2751 5548 notae
2782 5508 2907 5546 cum
2938 5492 3059 5547 Par.
3089 5495 3144 5547 in
3172 5491 3332 5545 Deum
3359 5509 3423 5547 ex
3451 5490 3561 5547 Deo
3590 5496 3850 5549 decedens.

2265 5565 2419 5633 Quod
2455 5568 2534 5620 sic
2569 5564 2791 5631 intelligi
2827 5565 3108 5619 commode
3133 5573 3325 5634 queat:
3358 5579 3462 5618 non
3490 5564 3765 5621 decedens
3792 5563 3849 5617 ad

2269 5636 2623 5692 invehendam
2651 5637 2702 5688 in
2735 5634 2927 5690 Filium
2946 5676 2961 5700 ,
2985 5636 3074 5705 qui
3111 5636 3248 5705 Deus
3276 5650 3339 5688 es
3363 5635 3485 5705 iDeo
3510 5645 3623 5696 est,
3657 5650 3853 5705 natura:

2266 5700 3018 5780 diversitatem.Legentibus
3042 5708 3094 5770 in
3122 5703 3231 5780 Deo
3259 5704 3482 5780 ex_D_eo,
3515 5709 3770 5780 supplere
3796 5700 3852 5761 li-

2264 5789 2354 5836 cet
2380 5776 2683 5835 credendam
2708 5786 2832 5834 ante
2857 5775 3102 5833 decedens
3131 5776 3212 5832 vel
3244 5775 3499 5831 derideres.
