3960 6202
535 258 606 328 33
1732 257 1976 326 SANCTI
2011 253 2268 323 HILARII
2309 250 2615 323 srtscort
3770 232 3839 315 se

536 384 912 443 necessitatem
943 380 1292 441 circumcisus
1328 394 1357 435 a
1396 380 1542 437 vitiis
1580 380 1805 451 spiritus
1848 378 2133 437 criminum
2162 376 2217 439 Α
2240 376 2403 431 dium.
2432 405 2503 417 —-
2528 375 2588 431 In
2621 373 2725 431 hoc
2755 386 2886 444 ergo
2908 366 2989 445 (ιι)
3013 368 3232 428 conscio
3256 366 3567 425 securitatis
3592 381 3703 424 sua:
3728 372 3837 427 otio

534 479 915 534 emendatione
959 483 1252 547 purgaret:
1293 475 1448 546 cujus
1483 474 1645 531 morti
1673 472 2135 544 consepeliremur

535 569 588 622 in
623 568 917 641 baptismo,
946 577 1007 623 ut
1036 570 1137 640 ιι
1175 565 1228 620 in
1258 564 1576 621 :rternitatis
1606 566 1768 620 vitam
1800 564 2132 630 rediremus;

534 661 665 716 dum
692 658 1026 731 regeneratio
1054 660 1120 713 ad
1151 660 1314 713 vitam
1346 672 1492 713 mors
1517 665 1663 713 esset
1683 670 1748 713 ex
1775 656 1880 711 vita
1901 699 1915 722 ,
1941 667 1995 713 et
2028 672 2135 711 mo-

534 754 736 808 rientes
776 751 923 806 vitiis
958 749 1347 805 immortalitati
1394 763 1839 812 renascercmur;
1887 746 2005 817 ipso
2038 760 2136 816 pro

531 846 688 899 nobis
723 859 790 899 ex
824 842 1231 898 immortalitate
1276 842 1575 907 moriente,
1614 849 1673 896 ut
1711 839 1776 894 ad
1812 837 2132 894 immortali-

533 946 695 996 tntetn
738 952 841 992 una
881 951 1004 993 cum
1046 950 1114 991 eo
1148 936 1510 991 excitaremnr
1547 948 1612 989 ex
1667 943 1861 989 morte.
1905 933 2133 987 Carnem

530 1032 675 1085 enim
703 1027 783 1099 (c)
809 1029 1011 1098 peccati
1043 1028 1271 1098 recepit,
1302 1036 1357 1081 ut
1387 1021 1759 1096 assumptione
1789 1034 1989 1079 nostra;
2016 1037 2136 1077 ear-

534 1120 620 1175 nis
653 1120 847 1176 delicta
883 1120 1144 1186 donaret,
1176 1118 1304 1175 dum
1338 1119 1458 1189 ejus
1488 1118 1547 1173 lit
1582 1119 1852 1188 particeps
1885 1129 2135 1188 assump-

536 1215 714 1280 tione,
749 1231 854 1267 non
891 1214 1153 1278 crimine;
1196 1213 1383 1269 delens
1422 1227 1521 1283 per
1556 1218 1784 1266 mortem
1813 1210 2133 1265 sententiam

536 1309 747 1371 mortis,
777 1316 838 1362 ut
863 1323 998 1362 nova
1032 1307 1084 1362 in
1106 1321 1164 1361 se
1196 1307 1409 1373 generis
1432 1306 1601 1359 nostri
1627 1302 1907 1359 creatione
1928 1298 2137 1357 consti-

537 1401 798 1456 tutionem
841 1398 1045 1454 decreti
1093 1397 1383 1453 anterioris
1428 1394 1708 1460 aboleret;
1752 1393 1897 1449 cruci
1943 1407 2002 1447 se
2046 1391 2137 1463 ﬁgi

533 1494 872 1565 permittens,
905 1500 960 1546 ut
989 1489 1468 1545 maledictocrucis
1483 1488 1791 1543 oblitterata
1809 1485 1881 1557 (li)
1902 1492 2136 1540 terrente

532 1585 893 1642 damnationis
921 1582 1206 1639 maledicta
1240 1583 1427 1652 figeret
1454 1580 1633 1635 omnia
1659 1597 1672 1633 :
1704 1579 1773 1634 ad
1804 1579 2050 1633 ultimum
2082 1579 2133 1632 in

534 1677 751 1733 homine
766 1691 978 1746 passus,
1003 1683 1062 1731 ut
1082 1682 1381 1746 potestates
1396 1673 1813 1737 dehonestaret;
1837 1670 1963 1726 dum
1991 1668 2136 1726 Deus

531 1770 831 1826 secundum
876 1767 1189 1837 Scripturas
1234 1766 1562 1833 moriturus,
1596 1774 1652 1821 et
1692 1764 1764 1837 (c)
1810 1765 1862 1819 in
1907 1763 1992 1819 his
2017 1764 2138 1818 vin-

532 1863 707 1917 centis
748 1863 800 1916 in
848 1875 909 1917 se
954 1859 1147 1915 ﬁducia
1196 1858 1588 1929 triumpharet;
1639 1858 1765 1912 dum
1821 1854 2140 1912 immortalis

532 1954 673 2022 ipse,
698 1968 875 2023 neque
905 1961 1080 2009 morte
1106 1950 1405 2007 Vincendus
1426 1993 1442 2019 ,
1475 1966 1572 2022 pro
1602 1952 1948 2005 morientium
1980 1958 2136 2005 teter-

533 2049 701 2103 nitate
730 2055 1051 2103 moreretur.
1089 2047 1216 2103 limo
1258 2055 1438 2116 Itaque
1469 2045 1606 2100 ultra
1645 2054 1850 2100 natura:
1888 2044 2139 2100 humana:

531 2138 946 2209 intelligentiam
973 2154 1001 2192 a
1039 2138 1153 2194 Deo
1189 2148 1338 2209 gesta
1382 2153 1489 2192 non
1532 2140 1895 2193 succumbunt
1923 2151 2137 2192 rursum

534 2231 873 2287 naturalibus
902 2232 1163 2287 mentium
1195 2230 1481 2297 sensibus;
1512 2230 1634 2301 quia
1668 2229 1895 2284 inﬁnita:
1922 2228 2140 2284 :nterui-

534 2323 658 2399 tntis
687 2324 934 2394 operatio
968 2323 1231 2378 inﬁnitam
1273 2321 1531 2381 metiendi
1568 2321 1746 2394 exigat
1771 2320 2083 2393 opinionem
2118 2339 2133 2376 :

533 2425 592 2472 ιιι
624 2432 746 2473 eum
793 2416 933 2472 Deus
972 2414 1170 2479 homo,
1198 2428 1321 2470 cum
1354 2414 1678 2470 immortalis
1706 2423 1950 2471 mortuus
1970 2457 1985 2482 ,
2013 2429 2139 2470 cum

532 2521 771 2565 aeternus
795 2509 1039 2577 sepultus
1058 2518 1174 2574 est,
1208 2523 1314 2562 non
1345 2507 1415 2563 sit
1439 2507 1811 2578 intelligentiae
1840 2509 2010 2575 ratio,
2041 2507 2141 2564 sed

533 2601 816 2673 potestatis
843 2600 1127 2672 exceptio;
1159 2600 1234 2657 ita
1263 2614 1477 2656 rursum
1506 2616 1537 2655 e
1562 2599 1841 2656 contrario
1869 2616 1975 2656 non
2011 2614 2139 2656 sen-

533 2679 659 2760 sus,
696 2694 793 2749 sed
833 2693 1049 2750 virtutis
1077 2692 1270 2748 modus
1299 2694 1406 2761 sit,
1446 2701 1502 2747 ttt
1531 2693 1675 2748 Deus
1700 2707 1768 2747 ex
1801 2691 2018 2748 homine
2039 2735 2054 2758 ,
2082 2703 2143 2747 ιιι.

529 2782 852 2841 immortalis
889 2799 955 2839 ex
999 2792 1248 2849 mortuo,
1297 2792 1357 2838 ιιι
1394 2795 1634 2838 aeternus
1677 2783 1752 2838 sit
1793 2797 1860 2838 ex
1903 2782 2136 2854 sepulto.

526 2876 906 2933 Coexeitatnur
931 2890 1065 2946 ergo
1085 2891 1114 2929 a
1150 2876 1261 2930 Deo
1289 2874 1343 2929 in
1365 2870 1584 2930 Christo
1617 2888 1712 2943 per
1737 2883 1966 2930 mortem
1995 2875 2137 2944 ejus.

524 2967 634 3025 Sed
659 2969 788 3025 dum
820 2969 872 3023 in
906 2966 1128 3023 Christo
1160 2965 1443 3036 plenitudo
1469 2974 1555 3020 est
1592 2966 1923 3034 divinitatis,
1974 2967 2140 3024 habe-

532 3077 652 3119 mus
679 3071 735 3119 et
762 3060 1211 3132 signiﬁcationem
1243 3060 1334 3115 Dei
1377 3060 1547 3131 patris
1574 3075 1671 3116 nos
1697 3061 2058 3117 eoexcitantis
2086 3063 2138 3117 in

2244 483 2398 524 mens
2433 468 2631 539 spebus
2668 467 2781 522 suis
2815 467 2933 521 laeta
2974 465 3315 534 requieverat
3344 480 3358 519 :
3395 463 3834 519 intercessionem

2240 562 2429 615 ntortis
2478 559 2638 632 huius
2684 573 2855 631 usque
2890 572 2958 616 eo
2995 572 3102 612 non
3136 565 3416 617 metuens.
3456 555 3559 632 12
3594 564 3652 610 ut
3681 556 3837 611 etiam

2238 661 2511 722 reputaret
2538 650 2615 725 (ε)
2637 650 2689 706 in
2714 652 2877 706 vitam
2915 648 3252 704 aeternitatis.
3283 645 3456 702 Vitam
3479 658 3661 702 autem
3684 644 3839 717 hujus

2238 741 2486 815 corporis
2515 740 2601 797 sui
2629 757 2736 797 non
2764 741 2925 797 modo
2957 758 3060 794 tmn
3090 738 3374 796 molestam
3398 737 3502 795 sibi
3530 748 3621 793 aut
3648 753 3840 810 aegram

2240 832 2625 901 arbitrabatur,
2673 842 2731 888 ttt
2777 848 2896 889 eam
2940 831 3080 903 quod
3117 831 3360 901 pueritia!
3410 829 3653 897 litteras,
3701 829 3838 902 quod

2240 926 2399 995 :rgris
2421 924 2765 987 medicinam.
2791 924 2933 996 quod
2964 922 3235 993 naufragis
3259 930 3523 988 natatum,
3548 920 3690 994 quod
3712 920 3837 977 ado-

2239 1019 2573 1076 lescentibus
2613 1017 2988 1089 disciplinam,
3018 1015 3088 1089 (ί)
3130 1015 3270 1087 quod
3306 1015 3550 1071 militiam
3583 1031 3703 1072 esse
3727 1030 3840 1072 cre-

2240 1113 2393 1169 deret
2435 1112 2778 1183 imperaturis
2807 1129 2821 1165 :
2854 1123 3036 1167 rerum
3075 1108 3283 1165 scilicet
3314 1108 3661 1178 prazseutinm
3704 1108 3837 1163 tole-

2240 1208 2496 1272 rantiam,
2525 1203 2592 1261 ad
2617 1202 2894 1276 praemium
2924 1202 3095 1257 beatae
3116 1200 3542 1256 immortalitatis
3567 1198 3839 1271 proﬁcien-

2242 1308 2372 1354 tem.
2412 1298 2550 1366 Quin
2578 1295 2740 1353 etiam
2770 1294 2853 1362 id,
2884 1294 3025 1367 quod
3061 1292 3164 1349 sibi
3208 1293 3496 1357 credebat,
3535 1300 3714 1348 tamen
3751 1307 3841 1364 per

2246 1390 2607 1445 ministerium
2641 1388 2877 1461 impositi
2910 1385 3199 1444 sacerdotii
3224 1385 3386 1442 etiam
3414 1387 3626 1442 caeterls
3657 1384 3841 1456 pr:udi-

2241 1483 2426 1549 cabat,
2460 1499 2656 1539 munus
2699 1497 2856 1539 suum
2884 1481 2952 1538 ad
2984 1480 3222 1537 ofﬁcium
3265 1479 3497 1552 publicae
3536 1479 3725 1537 salutis
3749 1495 3838 1536 ex-

2240 1578 2493 1635 tendens.

2317 1673 2405 1727 15.
2444 1668 2818 1727 ereticorum
2840 1670 3119 1742 ingenium.
3137 1698 3210 1712 —
3229 1665 3335 1724 Sed
3364 1666 3504 1723 inter
3534 1667 3648 1723 hinc
3677 1683 3838 1724 cmer-
3930 1670 3931 1679 ‘

2166 1771 2215 1834 Β
2240 1773 2428 1821 serunt
2471 1763 2755 1834 desperata
2789 1762 2841 1818 in
2871 1777 3024 1829 sese,
3067 1768 3123 1816 et
3163 1774 3305 1817 saeva
3353 1760 3406 1815 in
3448 1774 3638 1816 omnes
3669 1758 3839 1829 imple

2241 1859 2565 1915 temeritatis
2595 1859 2808 1929 ingenia
2840 1855 3064 1929 (supple,
3094 1852 3419 1927 hominum),
3450 1861 3725 1925 potentem
3752 1854 3837 1909 Dei
3930 1910 3931 1919 χ

2240 1960 2488 2008 naturam
2518 1960 2726 2007 natura:
2753 1964 2864 2005 sum
2892 1947 3207 2004 inﬁrmitate
3225 1946 3652 2003 moderantinm:
3676 1961 3841 2016 neque
3930 1962 3931 2021 ξ

2241 2053 2301 2099 ιιι
2327 2043 2429 2114 ipsi
2460 2059 2629 2115 usque
2658 2043 2727 2098 ad
2763 2042 3081 2096 inlinitatem
3111 2039 3366 2110 opinandi
3399 2039 3467 2096 de
3497 2039 3723 2095 inﬁnitis
3749 2055 3833 2095 re-

2243 2139 2348 2195 bus
2370 2149 2732 2209 emergerent,
2761 2136 2856 2193 sed
2886 2135 3025 2193 intra
3056 2135 3215 2191 ﬁnem
3247 2148 3439 2191 sensus
3461 2134 3541 2190 sui
3571 2133 3840 2218 intwﬁnita

2243 2231 2660 2298 concluderent;
2691 2240 2981 2302 essentque
3019 2228 3122 2284 sibi
3152 2228 3340 2284 arbitri
3378 2227 3690 2300 religionis,
3729 2243 3844 2284 cum

2244 2322 2525 2395 religienis
2552 2339 2689 2392 opus
2713 2321 2790 2395 (9)
2818 2321 3145 2378 obedientite
3168 2328 3319 2377 esset
3341 2318 3613 2387 ofﬁcium;
3645 2320 3731 2377 sui
3755 2321 3846 2374 im-
3930 2318 3931 2385 ᾖ

2245 2431 2537 2483 memores,
2564 2414 2873 2471 divinorum
2892 2413 3248 2486 negligentes,
3266 2424 3662 2484 praeceptorum
3680 2427 3850 2471 emen-
3930 2413 3931 2486 ξ

2247 2511 2491 2564 datores.

2322 2600 2412 2656 16.
2446 2599 2683 2656 Haerere:
2727 2598 2846 2654 dure
2885 2598 3163 2671 principum
3199 2596 3261 2653 de
3307 2595 3532 2656 Christo.
3568 2596 3787 2654 Sabeliii
3811 2607 3850 2651 rt

2255 2694 2388 2750 Arii.
2416 2725 2488 2735 —
2516 2693 2649 2751 Nam
2679 2701 2739 2748 ut
2763 2693 2832 2749 de
2863 2691 3079 2749 caeteris
3111 2690 3489 2747 haireticorum
3523 2691 3851 2747 stultissimis

2247 2789 2444 2844 Studiis
2470 2788 2694 2853 sileam,
2723 2787 2791 2843 dc
2818 2786 3012 2857 quibus
3040 2793 3253 2852 tamen,
3284 2787 3365 2841 sic
3391 2784 3477 2841 ubi
3506 2786 3846 2842 occasionem

2248 2881 2516 2937 sermonis
2543 2880 2680 2937 ratio
2708 2880 3005 2954 praebebit,
3038 2894 3146 2935 non
3171 2880 3507 2946 tacebimus;
3539 2879 3756 2950 quidam
3780 2877 3852 2952 (It)

2246 2973 2318 3028 ita
2341 2974 2668 3044 evangelica:
2699 2972 2820 3028 ﬁdei
2848 2981 3203 3043 corrumpunt
3233 2981 3654 3039 sacramentum,
3679 2982 3736 3028 ut
3758 2972 3852 3028 sub

2245 3065 2409 3120 unius
2458 3065 2548 3120 Dei
2590 3064 2675 3131 pia
2711 3071 2923 3119 tantum
2969 3062 3310 3135 professione
3363 3064 3701 3120 nativitatem
3745 3064 3853 3118 uni-

530 3163 769 3221 mortuo,
794 3164 850 3210 et
872 3152 1152 3211 Christum
1181 3151 1366 3208 Jesttm
1387 3169 1492 3207 non
1524 3153 1670 3208 aliud
1697 3168 1859 3225 quam
1890 3154 2057 3210 Deum
2082 3155 2136 3210 in
2165 3153 2213 3219 C
2242 3160 2411 3230 geniti
2441 3158 2534 3215 Dei
2562 3158 2865 3229 abnegent;
2898 3166 2955 3212 ιιι
2982 3167 3261 3228 protensto
3289 3156 3358 3211 sit
3386 3157 3568 3227 potius
3596 3156 3651 3211 in
3685 3155 3852 3210 homi-

530 3244 828 3302 divinitatis
854 3245 1188 3315 plenitudine
1216 3244 1604 3301 conﬁtendum.

602 3340 692 3396 16.
725 3337 917 3395 Christi
956 3339 1086 3409 ﬁdes
1115 3347 1161 3394 et
1206 3337 1386 3392 mortis
1415 3346 1608 3392 metum
1653 3346 1702 3392 et
1727 3337 1847 3393 vitta
1883 3338 2018 3393 tollit
2046 3349 2137 3395 ta:-

605 3496 681 3571 (a)
716 3496 889 3571 Solus
913 3496 1036 3554 cod.
1081 3496 1389 3571 Victorinus
1408 3537 1424 3559 ,
1464 3496 1942 3571 peccetiuempertem
1971 3498 2091 3568 fecit
2119 3514 2141 3565 ;

530 3567 690 3641 quam
713 3569 1002 3625 lectionem
1026 3569 1362 3641 amplexatus
1386 3567 1474 3641 est
1489 3567 1629 3641 Lud.
1654 3567 1891 3632 Mittens,
1917 3567 2099 3641 inepte
2124 3586 2138 3624 :

533 3639 649 3695 fuit
677 3644 875 3710 quippe
905 3650 1110 3694 tantum
1136 3639 1369 3694 Hilarius
1389 3640 1689 3711 Christum,
1725 3641 1971 3711 itticarne
1992 3639 2140 3711 ejus-

531 3712 655 3768 dem
698 3708 981 3767 nobiscum
1031 3721 1268 3773 naturae,
1302 3710 1482 3764 carnis
1521 3708 1717 3765 delicta
1766 3708 2034 3766 donasse.'
2068 3711 2137 3769 Ut

528 3787 673 3855 enim
696 3782 852 3838 docet
870 3780 1238 3855 Tertullianus
1254 3780 1323 3837 de
1342 3796 1509 3837 carne
1527 3779 1728 3837 Christi
1754 3800 1805 3837 ιι.
1843 3782 1930 3845 16,
1954 3799 2135 3855 neque

532 3852 599 3909 ad
630 3858 963 3924 propositum
991 3850 1234 3918 Christi,
1268 3860 1546 3921 peccatum
1578 3854 1761 3910 carnis
1784 3850 2097 3911 evacuaturi
2119 3897 2135 3921 ,

533 3940 709 3995 neque
742 3925 809 3979 ad
836 3926 1064 3995 gloriam
1109 3924 1339 3988 faceret,
1368 3939 1475 3978 non
1500 3924 1554 3995 in
1586 3940 1649 3995 ea
1681 3938 1843 3981 carne
1867 3940 2137 3983 evacuare

531 3995 658 4051 illttd
680 4038 695 4060 ,
728 3996 784 4050 in
813 4012 918 4066 qua
939 4002 1058 4051 erat
1086 4006 1276 4066 natura
1308 3994 1533 4063 peccati.
1567 3994 1702 4050 Tum
1730 3996 1941 4051 cuidam
1969 3997 2134 4053 Alex-

530 4067 702 4121 andro
728 4065 805 4123 sic
829 4063 1144 4138 argntanti;
1163 4063 1307 4138 Ergo
1333 4068 1377 4121 si
1401 4077 1629 4122 nostram
1656 4068 1844 4131 induit,
1875 4072 2137 4129 peccati-ia:

527 4138 629 4206 fuit
657 4154 775 4193 caro
821 4135 1064 4193 Christi:
1098 4135 1364 4203 Nostram,
1414 4138 1648 4203 reponit,
1697 4138 1940 4202 iudnens,
1987 4157 2136 4195 suam

532 4212 689 4291 fecit;
716 4209 1127 4291 suainjociens,
1176 4225 1277 4263 non
1320 4210 1652 4291 peccatricem
1689 4225 1801 4263 eam
1842 4211 1983 4287 fecit.
2038 4211 2133 4267 llic

530 4279 691 4351 igitur
718 4281 855 4336 dixit
885 4279 1116 4335 Hilarius
1149 4281 1354 4348 peccati
1381 4294 1601 4335 carnem
1620 4322 1634 4343 ,
1664 4296 1784 4351 qua:
1818 4279 1914 4352 p'er
1939 4297 2129 4352 pecca—

533 4362 677 4425 tores
701 4353 772 4425 ad
794 4352 1067 4425 Ch_ristttttt_
1099 4365 1267 4422 usque
1292 4363 1582 4423 prOpagata
1604 4363 1717 4425 est,
1750 4368 1893 4425 qum,
1924 4366 1983 4411 ut
2015 4356 2129 4409 Inu-

532 4421 661 4475 dato
699 4423 818 4478 loco
844 4421 1239 4495 :l‘ertttlliantts,
1271 4421 1485 4495 genere,
1510 4441 1622 4495 non
1666 4421 1817 4489 t'itio,
1850 4424 1977 4481 Adw
2005 4434 2086 4480 est
2112 4444 2125 4483 :

532 4495 658 4570 dum
688 4495 806 4549 scil.
832 4493 1100 4570 Christus,
1126 4504 1182 4549 ut
1211 4493 1296 4570 hie
1318 4494 1765 4570 haheIHHilat-itts,
1790 4497 1901 4567 ejus
1921 4497 1979 4569 fit
2003 4513 2127 4570 par-

531 4566 690 4635 ticeps
707 4567 1074 4637 assumptione,
1090 4582 1191 4620 non
1212 4566 1443 4620 crimine.
1465 4568 1640 4635 Quare
1666 4564 1869 4637 [rnSti'a
1890 4564 1943 4622 in
1963 4564 2130 4623 liinho

2243 3266 2401 3317 nem,
2432 3265 2593 3319 quam
2631 3248 2956 3305 descensio:
3002 3263 3177 3319 neque
3223 3255 3279 3302 ιιι
3309 3246 3399 3319 qui
3441 3247 3583 3302 ﬁlius
3624 3247 3851 3306 hominis

2246 3342 2546 3399 secundum
2575 3340 2819 3414 tempora
2849 3349 3144 3414 assumpta:
3174 3341 3355 3397 carnis
3382 3340 3503 3409 fuit,
3529 3338 3670 3397 idem
3699 3350 3849 3399 antea

2249 3499 2453 3554 tnimus
2472 3513 2538 3552 ex
2555 3511 2690 3552 mss.
2716 3496 2791 3551 Ita
2815 3495 2931 3552 hate
2951 3496 3254 3568 intelligere
3266 3507 3371 3561 est,
3391 3496 3546 3569 quasi
3566 3496 3847 3568 legeretur,

2247 3580 2306 3626 ut
2332 3588 2445 3627 eam
2464 3611 2480 3634 ,
2518 3569 2929 3640 quamvistantis
2956 3569 3237 3640 angoribus
3266 3569 3590 3640 aﬂictatam,
3631 3571 3851 3626 crederet

2245 3658 2377 3708 esse,
2408 3644 2547 3712 quod
2576 3639 2811 3712 puerititz
2833 3639 3049 3704 litteras,
3072 3650 3178 3696 etc.

2318 3713 2397 3784 (g)
2421 3713 2495 3768 Ita
2518 3711 2648 3784 Par.
2670 3726 2791 3784 cum
2820 3712 3212 3784 antiquioribus
3233 3727 3364 3767 mss.
3394 3711 3465 3766 At
3500 3711 3627 3784 Bad.
3682 3712 3775 3767 Er.
3801 3719 3851 3768 et

2244 3782 2396 3854 Lips.
2429 3799 2551 3854 cum
2584 3782 2738 3847 aliis,
2764 3783 2969 3854 incolo
3006 3783 3308 3854 obedientia:
3351 3793 3481 3838 esset
3525 3785 3588 3854 σῃ

2242 3852 2661 3910 commendatur
2690 3852 2995 3910 obedientia
3036 3853 3207 3920 ﬁdei;
3235 3857 3304 3909 de
3340 3869 3442 3924 qua
3474 3852 3607 3909 intra
3643 3872 3701 3908 ιι.
3748 3856 3849 3911 57:

2245 3925 2399 3996 Ultra
2417 3925 2707 3996 naturalem
2727 3925 3023 3994 opinionem
3038 3925 3161 3996 ﬁdei
3176 3925 3465 3981 obedientia
3480 3941 3579 3980 nos
3604 3924 3847 3995 provehit.

2315 3995 2399 4071 (Ιι)
2433 3995 2853 4071 ΗειεοίΝυοιιιηι,
2872 3996 3170 4071 frangam,
3199 4007 3256 4052 et
3278 3996 3673 4071 Hermogenem
3703 4013 3854 4066 spec-

2243 4067 2394 4142 tant,
2434 4070 2675 4142 maxime
2703 4067 3156 4142 veroASab‘clliuut
3178 4107 3194 4132 ,
3226 4070 3351 4142 qui,
3386 4080 3445 4122 ιιι
3471 4067 3622 4142 notat
3643 4070 3851 4142 Augus-

2244 4141 2389 4193 titttts
2415 4139 2481 4194 de
2503 4138 2709 4194 Haeres.
2743 4138 2808 4192 ad
2833 4137 3290 4205 Quodvultdcttm,
3314 4139 3380 4193 iis
3400 4139 3596 4208 quibus
3617 4137 3848 4196 Consen-

2244 4212 2454 4276 tiebat,
2485 4209 2717 4268 subinde
2757 4208 2932 4265 factus
2973 4218 3058 4265 est
3097 4211 3367 4278 famosior.
3417 4209 3590 4278 Hujus
3628 4211 3848 4269 inercsis

2243 4296 2458 4339 rursum
2480 4284 2770 4351 esponitur
2796 4281 2891 4336 lib.
2917 4280 2985 4352 de
3014 4279 3221 4352 Synod.
3252 4297 3307 4335 ιι.
3332 4279 3437 4336 ιὸι
3467 4283 3695 4350 Quidam
3720 4286 3847 4338 enim

2239 4352 2355 4407 ausi
2381 4363 2502 4426 sunt
2523 4350 2875 4426 inuoscihiicm
2907 4350 3078 4426 Dentri
3116 4369 3275 4426 usque
3301 4354 3372 4409 ad
3398 4365 3629 4426 unctam
3678 4354 3845 4426 Virgi-

2243 4440 2358 4477 nem
2387 4423 2684 4479 substantio!
2714 4422 3017 4479 dilatatione
3045 4424 3347 4490 pra/cudere
3367 4466 3379 4485 ,
3412 4435 3465 4483 ut
3506 4425 3727 4482 latitudo
3762 4422 3847 4479 dc—

2244 4495 2397 4565 ductn
2423 4496 2647 4564 quodam
2676 4504 2875 4551 uatum
2898 4503 3190 4565 stulttan
3210 4511 3572 4565 errantemque
3596 4496 3847 4557 hominem

2240 4564 2384 4639 [ilius
2417 4563 2824 4639 nuncuparetur,
2850 4581 3009 4635 neque
3036 4563 3208 4639 Filius
3232 4578 3350 4621 ante
3377 4563 3568 4623 saeculo
3595 4571 3847 4639 perfectus

534 4626 690 4692 unius
715 4653 812 4691 nis.
841 4626 994 4709 (initi.
1027 4626 1132 4692 non
1156 4652 1314 4691 nemo
1337 4626 1635 4709 annotavit,
1663 4634 1884 4692 Carnem
1911 4639 2127 4707 peccati,
2159 4626 2209 4688 D
2236 4626 2386 4709 Deus
2418 4626 2605 4709 natus,
2634 4636 2773 4709 idem
2800 4626 2974 4709 postea
3000 4646 3047 4709 et
3062 4635 3216 4692 homo
3243 4648 3394 4692 natus
3424 4640 3511 4692 sit.
3548 4626 3844 4709 Uiruinque

529 4719 678 4763 caute
702 4710 830 4781 lege.
858 4706 1039 4774 Alias,
1075 4719 1196 4781 puta
1221 4709 1257 4762 l.
1295 4707 1441 4781 xude
1490 4708 1720 4781 Trittit.,
1757 4725 1904 4763 num.
1936 4710 2032 4775 ‘25,
2064 4711 2133 4767 de

528 4781 716 4837 eadem
735 4777 934 4835 Christi
953 4777 1117 4835 carne
1137 4779 1289 4841 dicit,
1315 4777 1494 4851 Neque
1509 4793 1630 4851 caro
1650 4780 1745 4834 illa
1763 4796 1883 4834 caro
1913 4783 2131 4851 peccati,

526 4852 933 4980 δρίιὲἐυιὶιίιιιάο
959 4851 1131 4906 carnis
1173 4851 1388 4921 peccati.
1433 4849 1569 4905 Vide
1613 4858 1772 4906 tract.
1813 4849 1921 4923 ps.‘
1946 4852 2128 4919 axvrt,

533 4940 588 4977 ιι.
699 4964 714 4978 .

598 5014 677 5085 (b)
706 5013 762 5069 In
792 5017 964 5071 tribus
993 5028 1127 5070 mss.
1159 5022 1373 5068 terrente
1400 5012 1793 5085 ntaledictiouis1
1824 5013 1879 5069 in
1914 5012 2130 5085 Remig.

527 5082 718 5146 Corb..
737 5086 960 5152 Pratel.,
978 5097 1111 5151 etc.,
1132 5096 1347 5141 terrente
1363 5086 1748 5141 dominationis.
1771 5082 2131 5141 Retinenduin

530 5171 779 5229 pu'atnus
806 5174 927 5212 enm
958 5159 1203 5229 pluribus
1234 5160 1355 5213 aliis
1374 5200 1387 5222 ,
1424 5168 1640 5214 terrente
1664 5156 2048 5219 damnationis;
2076 5167 2135 5214 ut

527 5228 598 5280 sit
616 5229 812 5298 alluslo
835 5229 905 5282 ad
934 5228 1259 5283 sententiam
1287 5243 1446 5298 quam
1476 5229 1638 5284 homo
1669 5229 1954 5289 damnatus
1979 5245 2135 5286 acce-

528 5300 606 5364 pit
625 5341 639 5363 ,
679 5294 840 5354 Terra
868 5316 948 5367 es,
983 5308 1031 5353 et
1056 5301 1109 5354 in
1140 5294 1329 5354 terrain
1357 5301 1471 5359 ibis.

602 5388 674 5461 (c)
705 5388 834 5445 Sex.
860 5404 1004 5463 mss.
1021 5405 1128 5445 non
1158 5398 1339 5446 tamen
1368 5391 1609 5463 potiores
1627 5430 1644 5460 ,
1674 5391 1730 5449 in
1764 5392 1847 5451 his
1874 5392 2134 5449 vitiandis

534 5460 586 5513 in
617 5478 671 5515 se
698 5477 817 5515 cum
847 5461 1058 5530 ﬁducia.

605 5550 684 5627 (d)
710 5528 943 5627 Exeusi,
973 5555 1176 5627 conscia
1209 5572 1223 5609 :
1256 5528 1650 5627 refragantibus
1678 5568 1809 5612 mss.

534 5622 862 5751 ηίὲέῖέεέίυυθ
889 5625 1060 5683 md“
1089 5627 1303 5699 Βεηιίδ·
1332 5622 1456 5683 min
1480 5627 1937 5692 ram..w¢um
1970 5636 2125 5684 ηιεν.

530 5832 541 5842 δ
602 5766 671 5839 (f)
697 5767 1019 5827 Particulam
1043 5769 1182 5842 quod
1213 5769 1300 5827 hic
1337 5771 1391 5828 in
1418 5769 1647 5842 vulgatis
1674 5771 1932 5828 omissam
1967 5772 2127 5828 resti-

2242 4708 2392 4763 illum
2423 4708 2597 4763 locum
2620 4708 2855 4762 illustrat
2881 4708 3242 4777 Epiphanius,
3264 4724 3372 4778 quo
3397 4719 3531 4765 teste
3552 4708 3693 4767 liter.
3717 4708 3842 4776 uti,

2242 4795 2301 4832 ιι.
2331 4781 2381 4848 1,
2405 4779 2682 4835 asserebat
2702 4778 2993 4839 Sabellius,
3021 4778 3217 4835 Filium
3242 4781 3377 4835 radii
3403 4784 3455 4835 in
3478 4796 3670 4835 morem
3692 4783 3841 4835 emis-

2239 4867 2378 4915 sum,
2409 4851 2603 4914 omnia,
2630 4866 2746 4921 qua:
2773 4851 2843 4904 ad
2868 4849 3136 4921 Evangelii
3162 4860 3209 4905 et
3235 4851 3473 4907 humanae
3501 4853 3683 4909 solutis
3722 4868 3840 4921 pro-

2240 4921 2562 4995 curationem
2587 4923 2889 4995 attinerent,
2921 4924 2972 4976 in
3002 4922 3318 4995 hocrmundo
3343 4924 3673 4991 prostitisse;
3700 4935 3844 4995 atque

2240 4991 2317 5046 ita
2346 4995 2398 5047 in
2422 4994 2603 5049 aulum
2627 4993 2839 5049 rediisse
2858 5033 2873 5058 ,
2898 4994 3327 5064 quemadmodum
3362 4995 3405 5048 is
3430 4995 3518 5064 qui
3546 5014 3578 5049 a
3603 4998 3712 5051 sole
3738 4991 3846 5051 tita—

2244 5065 2386 5118 navit
2425 5064 2605 5119 radius
2646 5066 2699 5119 in
2732 5066 2967 5119 eumdem
3007 5074 3180 5134 postea
3209 5066 3522 5133 refunditur.
3563 5067 3842 5135 Quomodo

2241 5147 2425 5209 autem
2470 5135 2553 5209 soi
2581 5136 2827 5209 _radio_i_n
2868 5148 3038 5209 terras
3076 5136 3416 5204 protenditur
3461 5142 3640 5204 potius
3682 5153 3839 5209 quam
3930 5135 3931 5195 Ε

2239 5205 2547 5270 descendit,
2579 5207 2652 5262 ita
2678 5207 2767 5261 Dei
2794 5207 2845 5259 in
2877 5205 3159 5276 Virginem
3182 5209 3580 5275 protensionem
3612 5205 3837 5274 tantum,
3930 5208 3931 5249 ι

2249 5292 2353 5335 non
2396 5279 2804 5333 descensionem
2836 5275 3075 5333 admisit.
3119 5275 3275 5333 Haud
3315 5279 3473 5335 aliter
3500 5283 3671 5336 sensit
3704 5279 3842 5335 Maro

2240 5348 2416 5403 celius
2442 5346 2787 5418 Theotloreto
2818 5357 2973 5412 teste,
3009 5346 3098 5418 qui
3132 5347 3211 5418 de
3230 5363 3296 5403 eo
3328 5350 3505 5418 prodit
3533 5351 3628 5406 lib.
3660 5366 3697 5407 tt
3724 5350 3842 5407 Has-

2238 5427 2348 5474 ret.
2383 5420 2490 5475 fab.
2525 5437 2539 5471 τ
2575 5417 2794 5472 Prorsus
2833 5417 3140 5473 existimavit
3169 5417 3470 5476 Trinitatem
3499 5423 3842 5477 extendimu-

2246 5493 2441 5544 trahive
2466 5505 2559 5560 pro
2586 5490 2982 5545 teconomiarum
3013 5500 3059 5544 et
3082 5491 3408 5546 consiliorum
3439 5495 3725 5549 diversitate
3745 5509 3767 5559 ;
3788 5500 3839 5548 et

2238 5567 2400 5629 paulo
2423 5572 2590 5616 ante:
2630 5561 2988 5617 Extensionem
3017 5563 3294 5629 quamdam
3334 5564 3621 5621 divinitatis
3669 5563 3836 5619 Patris

2236 5634 2292 5703 in
2310 5630 2570 5687 Christum
2590 5634 2785 5688 uenisse
2811 5634 2964 5696 dixit,
2994 5642 3042 5689 et
3071 5636 3201 5688 hanc
3226 5633 3386 5688 Deum
3421 5634 3839 5703 Verbnmappel—
3930 5630 3931 5703 ξ

2236 5700 2363 5756 lavit
2396 5720 2417 5759 :
2445 5714 2653 5772 peracta
2679 5713 2848 5759 autem
2878 5705 3115 5759 universa
3139 5707 3420 5760 mouentia
3446 5722 3631 5763 rursus
3657 5700 3840 5770 attrac-

2233 5785 2345 5828 tam
2368 5791 2477 5830 esse
2505 5791 2858 5848 reversumque
2885 5776 2952 5830 ad
2980 5774 3145 5830 Deum
3168 5791 3231 5831 ea:
3254 5790 3353 5848 quo
3372 5788 3583 5834 extensa
3609 5779 3726 5850 (itit.

3580 3782 3724 3854 ﬁcio.
3761 3784 3850 3840 Hic
3930 3792 3931 3835 ξ
