3960 6202
551 291 623 350 39
1742 285 1986 346 SANCTI
2025 281 2279 343 HlLARll
2321 281 2629 340 EPISCOPI
3788 283 3853 339 40

499 391 507 400 ’
553 403 786 459 locuturi
815 403 906 460 Dei
949 403 1152 469 verbis,
1193 417 1412 460 sensum
1463 411 1641 460 tamen
1680 385 1925 460 nostrum
1973 419 2152 459 rerum
2182 401 2232 460 A
2261 402 2388 457 olim
2415 401 2618 456 editam
2647 398 2952 470 proferens,
2987 407 3041 454 et
3063 398 3290 456 subdole
3319 412 3438 469 eos,
3465 413 3530 456 ac
3558 412 3653 471 per
3679 399 3730 454 id
3762 400 3853 454 illl-

555 511 865 554 nustt'arutn
895 497 1076 567 specie
1111 496 1436 552 unbuentes.

625 611 719 667 ΞΟ.
763 611 905 666 Ordo
950 611 1104 665 totius
1143 610 1331 682 operis.
1361 611 1531 665 —Ac
1574 610 1809 682 primttm
1864 610 1934 665 ita
1992 610 2156 664 totius

555 704 739 775 operis
778 703 995 758 modum
1029 701 1470 772 temperavimus,
1511 711 1570 756 ut
1609 700 1923 770 aptissimus
1973 701 2158 771 legen-

557 798 688 854 tium
729 795 1059 867 profectibus
1109 809 1478 851 connexorum
1525 795 1626 850 sibi
1665 795 1970 851 libellorum
2019 793 2156 850 ordo

553 889 892 946 succederet.
925 887 1066 943 Nihil
1091 890 1235 944 enim
1276 889 1692 960 incompositum
1721 889 2157 958 indigestnmque

554 985 754 1054 placuit
795 983 1034 1040 afferre:
1065 999 1133 1039 ne
1179 985 1360 1054 Oper-is
1389 983 1692 1038 inordinata
1735 983 2017 1053 congeries
2044 998 2158 1038 rus-

553 1077 718 1131 ticum
748 1075 1039 1146 quemdam
1081 1075 1366 1130 tumultum
1415 1075 1723 1146 perturbata
1769 1075 2156 1131 vociferatione

554 1170 841 1239 pra-heret.
868 1168 976 1226 Sed
1004 1169 1126 1240 quia
1169 1169 1349 1224 nullus
1395 1184 1491 1239 per
1521 1177 1789 1239 praerupta
1822 1183 2157 1224 conscensus

555 1271 659 1328 est,
711 1263 813 1317 nisi
853 1262 1143 1317 substratis
1186 1263 1442 1332 paulatim
1484 1261 1741 1331 gradibus
1773 1261 1979 1317 feratur
2008 1278 2159 1332 gres-

553 1369 647 1410 sus
673 1355 739 1410 ad
768 1370 1008 1421 summa;
1043 1371 1141 1410 nos
1166 1370 1382 1425 quoque
1411 1355 1654 1424 quazdam
1694 1356 1973 1425 gradiendi
2007 1357 2154 1411 initia

553 1447 882 1514 ordinantes,
929 1447 1154 1502 arduum
1197 1447 1299 1504 hoc
1352 1447 1722 1518 intelligentia:
1771 1449 1873 1504 iter
1902 1449 1980 1522 (a)
2016 1451 2156 1506 clivo

552 1541 704 1612 quasi
729 1541 979 1596 molliore
1012 1543 1302 1596 lenivimus
1333 1558 1440 1596 non
1475 1542 1576 1614 l5
1598 1543 1707 1611 jam
1739 1544 1997 1613 gradibus
2023 1545 2157 1598 inci-

551 1647 694 1701 sum,
748 1635 844 1690 sed
889 1634 1113 1704 planitie
1163 1634 1493 1705 subrepente
1541 1637 1827 1702 devexum,
1879 1648 1936 1690 ut
1985 1651 2154 1708 prOpe

551 1726 670 1782 sine
715 1727 1092 1783 scandentium
1140 1743 1338 1794 sensu,
1391 1728 1634 1783 euntium
1691 1728 1978 1799 proliceret
2025 1745 2155 1785 cou-

551 1834 799 1875 εθθηδυε.

622 1932 714 1988 2|.
763 1933 902 2001 Quid
949 1933 1207 1988 contineat
1249 1935 1375 1988 liber
1409 1935 1682 1989 secundus.
1724 1964 1797 1974 —
1839 1934 1967 1991 Post
2011 1934 2156 1990 hunc

553 2029 696 2083 enim
726 2027 883 2098 primi
913 2027 1070 2099 hujus
1093 2028 1363 2084 sermonis
1391 2029 1652 2094 libellum,
1686 2044 1917 2100 sequens
1957 2028 2028 2082 ita
2070 2043 2157 2084 sa-

552 2129 890 2176 cratuentum
916 2119 1108 2176 edocet
1135 2119 1330 2176 divinae
1356 2121 1740 2190 generationis,
1768 2130 1826 2175 ut
1850 2120 2154 2190 baptizandi

553 2209 607 2266 itt
639 2209 798 2266 Patre
826 2219 880 2265 et
908 2209 1046 2265 Filio
1072 2219 1126 2265 et
1166 2209 1372 2280 Spiritu
1403 2223 1594 2266 sancto
1637 2227 1745 2264 non
1775 2213 2024 2279 ignorent
2055 2228 2155 2264 no-

552 2303 756 2358 tninutn
807 2302 1142 2372 veritatem,
1199 2320 1373 2374 neque
1416 2303 1692 2359 vocabulis
1743 2303 2153 2376 intelligentiam

552 2396 905 2460 confundant,
933 2396 1028 2451 sed
1063 2401 1486 2466 unumquodque
1514 2398 1584 2450 ita
1635 2411 1796 2451 sensu
1825 2396 2154 2466 concipiant,

553 2496 615 2542 ut
657 2495 741 2543 est
784 2502 848 2544 ac
895 2498 1273 2558 nuncupatur;
1312 2488 1543 2559 agnituri
1577 2489 1977 2544 absolutissime
2003 2488 2056 2544 in
2088 2488 2156 2544 iis

551 2595 670 2650 quae
691 2580 830 2636 dicta
872 2590 1016 2644 sunt,
1042 2580 1185 2652 quod
1215 2597 1390 2650 neque
1433 2597 1539 2636 non
1581 2582 1692 2652 ipsa
1729 2582 1930 2638 veritas
1962 2582 2030 2636 sit
2057 2597 2156 2636 no-

551 2673 735 2741 minis,
765 2689 938 2746 ueque
970 2691 1077 2730 non
1103 2690 1298 2731 nomen
1330 2675 1684 2731 sitveritatis.

620 2808 712 2865 22.
754 2808 910 2864 Liber
937 2811 1232 2866 tertius.—
1262 2812 1391 2867 Post
1438 2811 1582 2865 hunc
1624 2813 1802 2880 itaque
1854 2811 2033 2866 lenem
2092 2827 2154 2867 ac

552 2900 769 2957 brevem
816 2902 1205 2958 demonstratae
1250 2903 1532 2956 Trinitatis
1570 2917 1905 2967 sermonem,
1965 2904 2156 2958 tertius

548 2995 705 3060 liber,
735 2999 836 3052 etsi
892 3000 1119 3064 sensim,
1151 3007 1328 3052 tamen
1373 2998 1485 3068 jam
1527 2996 1879 3067 proficienter
1928 2998 2149 3053 incedit.

549 3087 682 3144 Nam
723 3089 796 3154 id,
832 3089 976 3161 quod
1032 3090 1170 3144 ultra
1223 3091 1440 3145 humani
1493 3106 1685 3145 sensus
1740 3090 2150 3162 intelligentiam

2261 495 2528 567 piissime,
2560 511 2724 549 unum
2752 496 2916 550 Deum
2941 510 3008 550 ex
3035 495 3154 566 lege
3173 494 3482 552 defendisse
3508 496 3852 561 convincens,

2259 589 2511 644 omnibus
2553 589 2685 660 legis
2732 603 2796 645 ac
2848 588 3232 660 prephetarum
3284 591 3610 646 testimoniis
3651 591 3720 645 ita
3764 589 3854 646 de-

2261 680 2598 747 monstratis,
2654 691 2712 736 ut
2759 683 2878 738 sine
2924 683 3033 737 Deo
3072 681 3292 738 Christo
3334 699 3500 739 unum
3532 685 3698 740 Deum
3724 699 3853 739 con-

2261 773 2398 828 fiteri
2447 774 2818 844 irreligiositas
2861 775 2961 842 sit;
3013 785 3069 830 et
3119 774 3375 832 confesso
3423 776 3697 848 unigenito
3751 776 3854 833 Deo

2258 863 2478 921 Christo
2510 907 2524 930 ,
2598 882 2705 923 non
2784 883 2947 923 unum
3027 868 3192 922 Deum
3266 867 3564 938 praedicare
3636 867 3851 938 perfidia

2259 969 2348 1012 Sll.

2329 1058 2423 1113 24.
2457 1056 2608 1112 Liber
2627 1057 2860 1128 quintus.
2889 1084 2962 1096 —
2985 1053 3217 1121 Quintus
3244 1069 3372 1110 vero
3401 1054 3481 1127 (l)
3544 1053 3712 1110 tenuit
3737 1070 3851 1111 eum

2259 1150 2629 1221 responsionis
2680 1148 2958 1212 ordinem,
3011 1164 3170 1218 quem
3220 1147 3460 1204 haeretici
3518 1147 3854 1205 instituerant

2261 1245 2633 1316 professionis.
2689 1242 2932 1312 Namque
2975 1259 3096 1296 cum
3147 1259 3312 1298 unum
3360 1243 3523 1298 Ileum
3567 1243 3853 1313 prmdicare

2259 1354 2318 1395 se
2356 1339 2653 1395 secundum
2688 1338 2861 1408 legem
2892 1336 3133 1392 ementiti
3180 1345 3397 1401 essent;
3445 1352 3607 1390 uutun
3647 1352 3854 1407 quoque

2263 1431 2431 1485 Deum
2462 1447 2646 1485 verum
2670 1446 2736 1484 ex
2760 1429 2946 1484 eadem
2976 1429 3216 1498 proferre
3241 1443 3300 1484 se
3333 1429 3646 1484 fefellerunt
3671 1450 3684 1485 :
3710 1441 3762 1484 ut
3783 1429 3849 1502 (ε)

2259 1541 2352 1595 per
2379 1525 2750 1593 exceptionem
2789 1525 2879 1578 llei
2935 1531 2990 1579 et
3037 1523 3195 1578 unius
3242 1531 3297 1578 et
3345 1523 3480 1588 veri,
3527 1524 3851 1578 nativitatem

2261 1618 2490 1672 Domino
2533 1614 2756 1670 Christo
2802 1615 3137 1678 adimerent;
3170 1613 3294 1685 quia
3338 1615 3428 1669 ubi
3475 1616 3724 1670 nativitas
3754 1627 3852 1681 est,

2258 1710 2328 1764 ibi
2356 1718 2412 1765 et
2440 1707 2792 1775 intelligentia
2825 1709 2896 1761 sit
2918 1705 2988 1780 (ί)
3015 1707 3273 1761 veritatis.
3305 1706 3415 1762 Nos
3445 1716 3624 1763 autem
3667 1709 3850 1764 iisdem

2182 1805 2229 1865 B
2256 1801 2530 1874 gradibus,
2582 1801 2776 1872 quibus
2822 1800 3053 1870 idipsum
3102 1802 3418 1868 negabatur,
3449 1800 3727 1864 docentes,
3762 1819 3851 1859 nec

2258 1899 2394 1954 duos
2420 1897 2573 1959 deos,
2601 1911 2702 1950 nec
2723 1894 3023 1950 solitarium
3049 1910 3236 1950 verum
3271 1895 3375 1967 16
3401 1895 3595 1962 Deum,
3629 1898 3725 1952 sed
3759 1898 3848 1951 l’a-

2266 2001 2401 2046 trem
2443 2004 2629 2045 verum
2667 1991 2832 2043 Deum
2864 1989 2932 2042 ita
2966 2003 3032 2042 ex
3066 1987 3184 2058 lege
3209 2003 3271 2041 ac
3301 1988 3577 2060 prophetis
3609 1991 3853 2058 praedica-

2258 2083 2454 2147 vimus,
2504 2097 2573 2136 ne
2612 2088 2706 2134 aut
2745 2080 2903 2134 unius
2945 2079 3038 2134 Dei
3069 2079 3227 2134 fidem
3259 2095 3753 2151 corrumperentus,
3781 2082 3850 2154 (g)

2259 2187 2350 2230 aut
2381 2176 2715 2230 nativitatem
2760 2175 3175 2244 denegaremus.
3226 2173 3331 2230 Sed
3387 2177 3534 2244 quia,
3567 2179 3852 2232 secundum

2261 2273 2405 2337 illos,
2449 2280 2636 2326 creato
2686 2270 3020 2339 potiusquatu
3073 2276 3200 2322 nato
3248 2284 3442 2323 nomen
3490 2271 3584 2326 Dei
3635 2273 3851 2327 Domino

2258 2367 2386 2422 Jesu
2428 2365 2643 2420 Christo
2669 2365 3024 2430 deputarctur
3049 2365 3227 2433 potius
3267 2379 3424 2433 quam
3459 2364 3696 2427 inesset;
3727 2365 3854 2420 divi.

2261 2459 2442 2516 uitatis
2473 2458 2672 2513 veritas
2713 2457 2782 2512 ita
2825 2471 2890 2511 ex
2931 2456 3344 2510 auctoritatibus
3393 2458 3727 2529 propheticis
3771 2461 3854 2514 tle-

2261 2561 2560 2610 moustrata
2619 2561 2720 2616 est,
2774 2560 2832 2605 ut
2884 2564 3005 2616 nos,
3050 2549 3278 2604 Domino
3320 2550 3447 2606 Jesn
3491 2552 3708 2607 Christo
3754 2554 3854 2608 Deo

2261 2663 2389 2704 νει-ο
2461 2646 2792 2719 praedicata,
2853 2646 2988 2699 intra
3054 2645 3465 2714 intelligentiam
3537 2647 3697 2704 unius
3771 2649 3855 2704 Dei

2258 2744 2368 2797 veri
2421 2742 2613 2797 nativa:
2670 2741 2719 2794 in
2765 2756 2830 2794 eo
2878 2737 3175 2793 divinitatis
3216 2741 3415 2794 veritas
3464 2744 3788 2800 contineret.

2328 2835 2418 2890 25.
2461 2833 2614 2888 Liber
2643 2841 2836 2888 sextus.
2869 2861 2939 2872 ———
2964 2831 3160 2888 Sextus
3190 2833 3446 2902 verojam
3479 2833 3618 2890 liber
3648 2852 3853 2892 omnem

2261 2927 2531 2983 lurreticae
2555 2926 2872 2980 assertionis
2915 2923 3332 2980 fraudulentiam
3384 2926 3588 2996 pandit.
3624 2928 3857 2999 Namque

2258 3029 2317 3075 ut
2343 3019 2501 3074 dictis
2523 3018 2634 3072 suis
2665 3017 2822 3072 fidem
2857 3017 3117 3083 facerent,
3143 3017 3461 3074 damnantes
3485 3019 3628 3075 dicta
3657 3001 3709 3078 et
3742 3023 3854 3077 vitia

2259 3110 2944 3172 haereticorum,Valentiui
2968 3109 3171 3166 scilicet
3195 3117 3250 3164 et
3269 3111 3486 3166 Sabellii
3506 3121 3562 3168 et
3587 3113 3854 3170 Mauichmi

553 3182 813 3238 Dominus
838 3183 907 3238 de
934 3199 994 3238 se
1029 3182 1304 3252 proli-suis
1331 3191 1437 3248 est,
1466 3183 1683 3253 quantis
1732 3193 1910 3254 potest
1965 3195 2152 3254 poten—

2269 3217 2308 3262 ει
2341 3206 2600 3265 llieraete.
2652 3207 2767 3274 pias
2816 3204 3076 3260 Ecclesia:
3110 3204 3526 3274 praedicationes
3556 3206 3856 3262 velamento

551 3273 639 3328 tite
667 3275 930 3344 exemplis
956 3274 1022 3330 ad
1067 3273 1432 3344 intelligentiae
1463 3275 1623 3330 fidem
1659 3286 1895 3346 coaptat,
1917 3275 2106 3331 dicens
2134 3294 2146 3329 :

553 3365 662 3439 Ego
687 3369 739 3420 in
763 3366 944 3434 Patre,
976 3377 1022 3422 et
1052 3367 1212 3424 Pater
1254 3370 1306 3423 in
1347 3386 1425 3422 me
1454 3368 1634 3438 (Jaan.
1668 3384 1724 3436 κ,
1757 3367 1849 3441 38)
1883 3387 1896 3424 :
1929 3379 1986 3423 ut
2008 3370 2150 3439 quod

546 3460 614 3514 ab
637 3461 857 3516 homine
889 3477 984 3532 per
1017 3474 1264 3516 naturam
1299 3462 1546 3518 hebetem
1580 3479 1685 3517 nntt
1731 3467 1958 3532 capitur,
1995 3462 2047 3518 id
2076 3463 2149 3534 (ὁ)

548 3553 683 3610 fides
726 3555 832 3626 iam
878 3557 1213 3612 rationabilis
1268 3558 1509 3612 scientia:
1551 3568 1913 3627 consequatur
1967 3576 1978 3611 :
2027 3557 2150 3628 quia

547 3661 723 3716 neque
748 3665 853 3702 nou
886 3646 1218 3704 credendum
1249 3650 1317 3705 de
1344 3666 1403 3704 se
1439 3653 1545 3704 Deo
1587 3660 1691 3716 est,
1723 3665 1895 3720 neque
1925 3651 2155 3718 Opinati-

547 3740 674 3796 dum
703 3751 806 3807 est,
829 3751 982 3797 extra
1013 3743 1280 3798 rationem
1311 3742 1436 3798 fidei
1466 3757 1588 3799 esse
1618 3742 2030 3813 intelligentiam
2058 3757 2153 3813 po-

547 3834 784 3890 testatis.

618 3949 709 4006 25.
754 3948 909 4004 Liber
930 3960 1166 4022 quartus.
1200 3981 1270 3992 —
1290 3951 1524 4017 Quartus
1553 3950 1748 4006 deinde
1780 3951 1917 4005 liber
1944 3948 2152 4005 initium

547 4041 628 4096 sui
662 4057 726 4096 ex
761 4041 1141 4098 haereticorum
1187 4042 1448 4098 doctrinis
1479 4043 1812 4111 auspicatur,
1863 4055 1924 4097 se
1977 4042 2152 4110 ipsum

547 4132 926 4206 vitiis,quibus
955 4134 1088 4189 fldes
1109 4133 1457 4206 Ecclesimlc)
1477 4133 1788 4201 infamatur,
1809 4150 2150 4205 expurgans:

547 4225 718 4296 ipsam
767 4226 912 4281 illam
945 4225 1184 4296 perfidiae
1229 4226 1626 4298 expositionem
1657 4243 1685 4281 a
1718 4226 1903 4281 multis
1925 4225 2009 4298 (ά)
2044 4241 2151 4283 non

619 4367 701 4450 (1)
741 4365 838 4422 Ms.
873 4366 1077 4450 veroo.
1103 4376 1260 4433 tenet;
1292 4377 1350 4423 ut
1381 4367 1542 4438 paulo
1565 4375 1712 4436 ante,
1747 4365 1974 4434 Quartus
2021 4366 2149 4420 liber

547 4448 871 4508 auspicatur,
899 4448 1004 4495 etc.

623 4578 696 4652 (a)
721 4577 919 4652 Hociad
948 4577 1302 4652 imitationem
1331 4575 1489 4652 Plinii
1530 4575 1742 4652 videtur
1787 4577 2013 4652 dictum,
2062 4576 2152 4652 qui
2181 4562 2233 4635 ὕ

547 4648 641 4705 lib.
687 4665 764 4712 Vl,
818 4649 988 4720 Epist.
1023 4665 1053 4702 ν
1097 4667 1110 4702 :
1154 4649 1259 4712 Ita,
1291 4651 1484 4719 inquit,
1522 4648 1697 4702 leviter
1724 4661 1773 4704 et
1804 4649 1994 4703 sensim
2023 4648 2154 4702 clivo

547 4721 758 4791 fallente
786 4722 1048 4794 consurgit
1074 4729 1130 4775 ut
1154 4739 1270 4776 cum
1299 4721 1607 4775 adscendere
1637 4731 1682 4775 te
1706 4738 1807 4775 non
1842 4730 2006 4794 putes,
2040 4738 2156 4774 scn-

546 4796 643 4848 tias
671 4794 1016 4848 adscendisse.

621 4865 694 4936 (b)
729 4865 891 4928 Editi,
917 4872 1143 4935 excepto
1170 4863 1293 4920 Par.
1326 4879 1448 4920 cum
1480 4863 1646 4936 unico
1674 4879 1798 4928 ms.,
1825 4863 1955 4935 ﬁdes
1986 4873 2154 4918 tamen

547 4933 845 4992 rationabili
873 4933 1088 4992 scientia
1117 4947 1484 5006 consequatur.
1529 4933 1687 4990 Ratio
1719 4937 1803 4991 hic
1827 4933 2153 5004 subjicitur,

546 5022 641 5062 cur
688 5009 820 5062 fides
879 5009 1090 5063 dicatur
1136 5007 1458 5062 rationabilis
1511 5010 1746 5061 scientia.
1795 5007 2156 5060 Rationabilis

546 5078 762 5148 quidem
791 5091 896 5146 est,
915 5081 1040 5148 quia
1071 5081 1208 5134 ratio
1235 5079 1422 5133 suadet
1452 5077 1784 5134 credendum
1811 5081 1954 5132 Deo:
1979 5078 2149 5131 scien-

548 5151 675 5204 tiam
724 5152 886 5206 etiam
934 5148 1115 5216 habet,
1142 5153 1265 5215 quia
1330 5149 1570 5216 epiuioui
1657 5167 1762 5202 non
1827 5148 2149 5215 relinquitur

545 5221 715 5284 loclts,
745 5235 865 5276 cum
892 5238 986 5289 per
1006 5223 1230 5278 efl‘ecms
1253 5221 1602 5290 intelligimus
1629 5224 1747 5291 plus
1771 5221 1937 5276 Deum
1963 5234 2140 5290 posse,

547 5307 703 5363 quam
728 5296 904 5363 capiat
945 5293 1174 5347 humana
1205 5294 1360 5346 ratio.
1395 5293 1526 5345 lline
1561 5293 1701 5347 male
1731 5295 1784 5347 in
1813 5293 2042 5362 vulgatis
2069 5293 2144 5347 le-

546 5365 810 5434 gebatur,
840 5363 1194 5434 intelligentia?
1243 5372 1561 5432 potestatem,
1613 5379 1707 5432 pro
1753 5363 2145 5434 intelligentiam

549 5435 835 5504 potestatis,
867 5435 1009 5503 quod
1038 5445 1091 5487 et
1120 5436 1288 5503 magis
1319 5435 1657 5502 perspicuum
1691 5439 1760 5489 sit
1781 5450 1846 5489 ex
1882 5435 1960 5489 his
1989 5435 2019 5486 l.
2062 5450 2140 5501 tu,

548 5520 699 5559 num.
727 5504 798 5557 5:
826 5505 961 5559 Sunt
1001 5504 1290 5557 istiusmodi
1341 5506 1392 5558 in
1421 5505 1532 5560 Deo
1579 5515 1877 5573 potestates,
1930 5522 2145 5570 quarum

547 5592 664 5630 cum
693 5575 826 5629 ratio
872 5576 1221 5646 intelligentia:
1249 5587 1434 5631 nostra:
1479 5578 2002 5646 incomprehensibilis
2050 5587 2144 5643 est,

548 5646 876 5720 ﬁdestamen
894 5663 996 5720 per
1025 5649 1282 5720 veritatem
1312 5649 1605 5720 efﬁcientia:
1632 5649 1685 5702 in
1714 5649 1951 5703 absoluto
1975 5659 2072 5720 est.

623 5716 785 5791 (r)rlu
819 5718 1064 5791 vulgatis,
1109 5716 1425 5791 inﬁrmatur,
1479 5720 1620 5774 male
1667 5737 1680 5773 :
1727 5734 1901 5789 neque
1951 5718 2146 5774 melius

549 5788 745 5850 deinde
773 5788 930 5861 apud
943 5789 1100 5857 Bad.,
1135 5788 1226 5847 Er.
1255 5800 1311 5846 et
1340 5790 1486 5863 Lips.
1521 5788 1842 5863 expugnans.

2261 3302 2611 3372 professionis
2666 3300 2844 3373 impiae
2899 3301 3057 3358 furati
3108 3316 3232 3359 sunt
3265 3315 3357 3361 :ut
3389 3303 3468 3374 (2)
3493 3307 3762 3374 correptis
3787 3303 3856 3377 (Ii)

2259 3394 2311 3449 iu
2346 3394 2538 3449 melius
2565 3396 2742 3449 verbis
2770 3396 3218 3466 irreligiosorum,
3239 3409 3292 3454 et
3322 3401 3571 3470 ambigua
3597 3401 3856 3470 significa-

2261 3488 2405 3542 tione
2428 3486 2738 3553 moderatis,
2765 3488 2864 3543 sub
2880 3489 3174 3560 impietatis
3188 3491 3536 3546 damnatione
3559 3491 3854 3547 doetriuam

2259 3578 2908 3650 pietatisexstinguereut.
2924 3579 3030 3636 Sed
3049 3597 3146 3636 uos
3159 3581 3492 3652 singulorum
3509 3582 3668 3639 dictis
3682 3594 3736 3640 et
3753 3599 3858 3654 pro-

2258 3671 2581 3729 fessionibus
2607 3674 2991 3731 deIIIOHSlI'aliS
3017 3718 3030 3741 ,
3063 3688 3276 3733 sanctas
3304 3677 3565 3734 Ecclesia:
3599 3679 3853 3749 praedica-

2259 3765 2432 3820 tiones
2475 3765 2828 3834 absolvimus,
2871 3785 3045 3838 neque
3084 3772 3374 3841 quidquam
3427 3785 3548 3826 cum
3595 3771 3855 3826 damnatis

2258 3857 2528 3912 haereticis
2567 3875 2854 3916 commune
2885 3861 2959 3915 iis
2987 3877 3108 3916 esse
3165 3863 3529 3933 permisimus,
3596 3875 3655 3918 ut
3709 3863 3854 3919 datu-

2264 3952 2440 4006 nanda
2505 3952 2847 4021 damnantes,
2882 3958 2994 4011 sola
3044 3958 3428 4012 venerabiliter
3475 3958 3731 4013 sectanda
3779 3973 3857 4011 se-

2261 4060 2573 4116 queremur,
2606 4049 2771 4104 filium
2807 4051 2898 4105 Dei
2927 4049 3156 4124 (supple,
3201 4053 3342 4124 esse)
3371 4052 3656 4108 Dominum
3681 4053 3854 4109 .lcsum

2263 4138 2556 4208 Christum,
2586 4143 2727 4212 quod
2762 4144 2992 4200 maxime
3038 4147 3107 4199 ab
3150 4147 3215 4200 iis
3241 4148 3555 4216 negabatur,
3605 4163 3702 4218 per
3751 4146 3856 4200 ha'c

2261 4230 2521 4290 docentes
2547 4277 2562 4302 ,
2603 4235 2730 4291 dum
2777 4236 2847 4292 de
2899 4252 2965 4294 eo
3007 4248 3236 4294 testatur
3285 4239 3474 4306 Pater,
3522 4239 3652 4296 dum
3695 4240 3763 4296 de
3803 4252 3856 4293 se

2326 4367 2406 4441 (2)
2445 4368 2731 4441 Corruptis,
2763 4371 2891 4427 ibid.

2333 4575 2416 4649 (ιι)
2470 4575 2703 4649 Prognen
2733 4575 2876 4639 olim,
2908 4576 3252 4632 substitutum
3283 4587 3369 4633 est
3415 4579 3554 4646 apud
3609 4578 3756 4646 Lips.
3805 4587 3854 4633 ct

2263 4645 2511 4718 Par.jam
2532 4645 2673 4700 olim.
2700 4649 3058 4718 renitentibus
3092 4664 3221 4704 mss.
3251 4645 3459 4704 necnon
3485 4653 3625 4718 quod
3659 4645 3752 4706 lib.
3783 4666 3848 4713 vt,

2269 4737 2321 4774 n.
2353 4717 2409 4784 5,
2437 4719 2656 4782 dicitur,
2684 4717 2939 4774 Aliauam
2987 4723 3126 4774 luem
3167 4723 3396 4791 proxime
3421 4717 3732 4778 entersisse.
3785 4723 3852 4777 De

2267 4791 2365 4845 hac
2396 4790 2595 4857 pcrlida
2629 4791 2964 4854 t-Xptlsilione
2986 4791 3227 4848 dicemus
3256 4795 3392 4847 libro
3424 4809 3498 4846 tv.

2340 4860 2411 4932 (ιι)
2457 4860 2616 4915 Solus
2660 4876 2761 4915 ms.
2781 4862 2906 4934 bas.
2947 4861 3088 4929 Vat.,
3115 4873 3169 4918 ut
3199 4881 3288 4934 per
3331 4866 3698 4931 professionem
3732 4863 3843 4918 Dei.

2267 4935 2433 4990 Usum
2473 4949 2534 4984 ac
2558 4934 2666 5003 vim
2697 4933 2849 4987 vel‘bi
2889 4939 3116 5003 exceptio
3143 4933 3366 4990 cernere
3398 4949 3478 4988 est
3512 4938 3647 4990 infra
3678 4956 3730 4990 u.
3761 4935 3848 4993 29.

2266 5006 2337 5063 εδ
2369 5015 2426 5060 et
2467 5004 2556 5067 ὅθ,
2593 5002 2680 5056 ubi
2726 5020 2830 5057 non
2867 5002 3034 5060 solam
3097 5005 3482 5076 professioilem
3523 5017 3712 5073 sonat,
3759 5005 3849 5062 sird

2258 5094 2376 5134 eam
2401 5092 2428 5127 a
2455 5077 2610 5142 cujus
2636 5078 2914 5129 consortio
2943 5078 3116 5144 quivis
3145 5081 3279 5132 altus
3325 5089 3594 5133 arceatur.

2324 5149 2391 5220 (n
2431 5147 2542 5200 lioc
2566 5156 2667 5209 est,
2695 5146 2765 5220 ibi
2805 5147 3118 5220 intelligitur
3149 5151 3419 5218 possessio
3469 5166 3609 5203 Vt't‘u!
3651 5160 3849 5204 natura:

2252 5216 2370 5291 ejus
2395 5234 2461 5273 ex
2491 5233 2597 5286 quo
2624 5216 2878 5291 uativitas
2904 5216 3006 5272 est}
3031 5216 3164 5274 Nam
3191 5237 3290 5276 vox
3317 5223 3502 5276 veritas
3527 5221 3727 5276 llilario
3757 5235 3846 5290 pro

2253 5287 2373 5346 vera
2408 5299 2620 5352 natura,
2648 5287 2834 5354 utjam
2863 5304 3006 5356 Stepe
3038 5293 3290 5353 vidimus.
3317 5294 3578 5347 solemnis
3606 5304 3706 5346 est.

2322 5360 2400 5434 (g)
2430 5359 2701 5422 Editi,aut
2745 5360 2851 5414 nati
2908 5361 3165 5416 veritatem
3194 5383 3206 5416 :
3239 5366 3375 5420 male
3404 5377 3459 5420 et
3492 5364 3844 5418 renitentibus

2250 5448 2383 5488 mss.

2329 5502 2408 5576 (Ii)
2446 5502 2775 5576 Reponimus
2825 5503 3244 5576 ex_'l‘elleriano
3297 5506 3485 5562 codice
3539 5516 3591 5560 et
3654 5504 3845 5561 Pratel.

2253 5573 2542 5643 correptis;
2572 5575 2714 5640 quod
2742 5585 2795 5629 et
2824 5573 2875 5627 iu
2906 5573 3115 5644 Remig.
3149 5591 3213 5631 ac
3257 5576 3464 5633 Theod.
3499 5579 3707 5645 pridem
3761 5593 3841 5630 sc-

2251 5645 2442 5700 cuudis
2464 5647 2609 5726 curis
2637 5646 2866 5716 positum
2897 5645 2995 5702 luit
3019 5663 3174 5705 :cum
3201 5645 3321 5703 aliis
3347 5650 3398 5704 iu
3426 5649 3579 5705 libris
3613 5651 3847 5720 legamus

2248 5728 2527 5786 corruptis.
