3960 6202
138 283 193 340 ιι
1364 288 1455 345 DE.
1493 286 1867 349 TRINITATE
1903 291 2106 354 LIBER
2143 299 2184 355 1.

3363 325 3433 383 ﬂ

141 399 243 466 ipse
288 366 615 465 proﬁtetur;
643 396 770 453 dum
822 397 1061 467 Apestuli
1094 401 1408 471 praedicant,
1439 405 1569 462 dum
1600 407 1727 462 reli-
1757 412 1799 469 Α
1833 423 1866 467 ι;

1869 424 1941 471 ιω
1962 458 1976 481 ,
2009 427 2196 475 natura
2223 463 2237 488 ,
2273 431 2571 493 potestate,
2603 431 2975 503 professiooe;
3030 453 3098 494 ne
3146 441 3166 513 ζ
3197 449 3255 496 ut
3293 447 3424 516 non)
3459 423 3468 430 ’

138 490 259 559 giosi
299 490 547 552 credunt,
600 491 730 546 dum
777 492 1051 549 daemones
1087 494 1347 563 clamant,
1389 499 1515 554 dum
1553 500 1725 556 Judaei
1774 496 1780 502 ’

142 594 382 655 negantes
416 586 679 652 fatentur,
722 587 851 643 dum
885 590 1195 660 ignorantes
1242 595 1548 667 intelligunt
1593 612 1728 667 gen-

142 685 246 742 tes;
276 692 341 732 ne
358 678 471 746 jam
496 677 574 749 (id
604 686 703 743 est,
728 678 940 751 utnon)
967 683 1348 755 ambigendum
1385 688 1724 756 permittere-

141 770 389 840 tur,quod
418 768 773 841 ignorantium
804 788 912 829 non
940 775 1365 847 relinquebatur.

201 884 283 940 26.
324 884 477 938 Liber
498 886 767 953 septimus.
800 886 1079 954 Snbellius,
1129 890 1328 946 Hebion
1359 901 1402 947 et
1433 892 1589 948 Arius
1614 912 1725 951 sese

142 977 366 1033 vincendo
398 977 640 1033 Ecclesia:
663 980 1248 1051 vincunt.-—Septimus
1277 984 1534 1055 deinceps
1560 986 1719 1056 liber,

139 1073 418 1128 secundum
450 1072 701 1144 perfecta:
733 1073 857 1130 ﬁdei
888 1076 1136 1146 gradum,
1170 1087 1437 1148 suscepta:
1476 1078 1724 1149 disputa-

142 1168 288 1221 tionis
331 1181 629 1222 sermonem
680 1170 1025 1238 temperavit.
1078 1169 1317 1241 Namque
1344 1171 1597 1242 primum,
1623 1187 1721 1243 per

140 1261 441 1317 inviolabilis
470 1261 594 1317 ﬁdei
629 1277 815 1317 sanam
856 1270 912 1317 et
955 1263 1327 1334 incorruptam
1376 1264 1718 1320 demenstra-

141 1358 342 1423 tionem,
372 1355 511 1409 inter
540 1354 834 1410 Sabelliuln
859 1363 914 1408 et
941 1354 1235 1410 Ilebionetn
1264 1367 1319 1411 et
1356 1355 1455 1411 bos
1478 1374 1581 1410 non
1607 1356 1719 1412 veri

140 1452 223 1507 Dei
252 1449 623 1520 pnedicatores
652 1448 747 1503 lite
778 1449 1007 1502 certavit
1030 1489 1044 1511 ,
1075 1464 1173 1504 cur
1202 1449 1469 1506 Sabellius
1508 1450 1716 1507 subsis-

142 1557 241 1600 tere
265 1552 382 1597 ante
404 1540 597 1598 szecula
627 1552 870 1612 negaret,
901 1556 1060 1611 quem
1093 1552 1336 1596 creatum
1366 1542 1457 1597 alii
1487 1542 1715 1598 conﬁte-

140 1650 323 1695 rentur.
348 1636 629 1709 Ignorabat
655 1636 799 1691 enim
822 1634 1088 1690 Sabellius
1108 1635 1490 1691 subsistentem
1518 1636 1714 1692 Filiutn

141 1733 251 1789 dum
277 1733 437 1787 Deum
459 1746 647 1787 verum
675 1742 961 1799 operatum
987 1730 1041 1784 in
1070 1744 1299 1800 corpore
1320 1746 1443 1787 esse
1466 1747 1572 1786 non
1595 1748 1713 1787 amo

141 1826 271 1896 bigit.
299 1825 358 1881 iii
388 1836 569 1881 autem
601 1824 866 1895 negabant
897 1822 1252 1889 nativitatem,
1281 1833 1336 1879 et
1373 1824 1717 1879 aliirmabant
1744 1805 1792 1865 Β

142 1928 436 1985 creaturam,
463 1919 593 1973 dum
634 1932 799 1987 opera
832 1915 949 1986 ejus
981 1916 1075 1971 Dei
1107 1918 1221 1972 veri
1264 1931 1388 1973 esse
1415 1933 1579 1987 opera
1609 1932 1715 1973 non

142 2012 437 2083 intelligunt.
468 2011 563 2067 Lis
590 2026 804 2077 eorum,
853 2009 988 2066 ﬁdes
1035 2022 1220 2066 nostra
1267 2018 1369 2066 est.
1414 2011 1545 2067 Nam
1587 2011 1714 2066 dum

142 2107 289 2162 ﬁlium
332 2115 490 2178 negat
536 2105 796 2177 (ideoque
822 2104 1012 2176 errat),
1044 2105 1094 2159 in
1123 2122 1188 2160 eo
1218 2106 1386 2161 vineit
1424 2105 1714 2173 Sabellins,

146 2201 231 2272 ι’]
249 2199 381 2270 quod
412 2200 556 2256 Deus
581 2198 991 2269 verus(utrecte
1005 2197 1224 2304 probati
1248 2208 1505 2268 operatus
1536 2208 1646 2304 est:
1664 2207 1720 2255 et

142 2292 356 2349 Ecclesia
380 2308 499 2356 eos,
523 2292 614 2362 qui
643 2306 831 2347 verum
858 2291 911 2345 in
939 2290 1156 2344 Christo
1186 2290 1355 2346 Deum
1380 2292 1715 2363 negaverint,

143 2385 303 2441 vincit.
335 2386 404 2441 At
431 2399 565 2441 vero
585 2399 708 2439 cum
731 2382 1120 2438 subsistentem
1149 2382 1423 2439 Christum
1454 2392 1587 2440 ante
1610 2398 1717 2440 sac-

144 2481 245 2535 cula
266 2481 314 2534 bi
342 2480 601 2535 adversus
632 2494 755 2535 eum
778 2477 1156 2534 demonstrant
1182 2493 1397 2549 semper
1412 2490 1715 2550 operatum,

144 2572 201 2627 de
244 2571 598 2628 condemnato
646 2584 831 2625 secum
876 2569 1112 2625 Sabelliu
1156 2571 1310 2625 nobis
1360 2572 1714 2642 triumphant,

145 2664 289 2720 Deum
310 2664 526 2736 quidem
554 2679 744 2720 verum
773 2662 854 2735 (1)
880 2661 957 2734 (a)
984 2663 1208 2730 sciente,
1259 2662 1354 2718 sed
1406 2664 1499 2719 Dei
1545 2665 1715 2721 ﬁlium

145 2759 406 2816 nesciente.
437 2758 650 2814 Hebion
682 2765 863 2812 autem
907 2756 977 2811 ab
1022 2765 1250 2827 utroque
1278 2756 1351 2812 ita
1377 2757 1630 2826 vincitur,
1663 2769 1720 2815 ut

145 2850 219 2907 hic
240 2851 434 2925 (Arius)
464 2863 594 2907 ante
617 2852 815 2907 saecula
845 2850 1251 2917 subsistentem,
1284 2851 1372 2906 hic
1394 2851 1712 2923 (Sabellius)

146 2961 307 3001 vcmm
324 2945 487 3015 Deum
520 2946 1123 3015 convincatoperatum.
1148 2943 1457 3015 Omnesque
1492 2960 1549 2999 se
1580 2945 1718 3000 invi-

145 3056 244 3096 cem
269 3012 529 3097 vincendo
548 3040 864 3096 vincuntur:
886 3039 1010 3110 quia
1043 3037 1290 3094 Ecclesia
1316 3048 1371 3094 et
1399 3048 1588 3096 contra
1618 3040 1719 3096 Sa-

146 3132 439 3211 belliumaet
457 3142 650 3189 contra
671 3141 935 3189 creaturae
976 3131 1390 3202 praedicatores,
1430 3139 1486 3187 et
1524 3142 1714 3189 contra

148 3225 428 3296 llebionem,
466 3228 639 3283 Deum
665 3240 854 3281 verum
883 3239 951 3280 ex
981 3225 1090 3280 Deo
1121 3239 1250 3280 vero
1291 3224 1575 3280 Dominum
1621 3223 1713 3280 Je-

145 3334 246 3375 sum
265 3322 555 3388 Christum,
609 3328 668 3376 et
706 3328 831 3374 ante
871 3317 1070 3374 saecula
1102 3328 1310 3386 natum,
1334 3325 1390 3374 et
1409 3326 1593 3389 postea
1621 3316 1719 3374 ho-

145 3413 314 3470 minem
336 3414 577 3487 genitum
605 3427 727 3469 esse
748 3419 995 3467 testatur.

205 3530 673 3598 i7.Argnmentum
724 3529 925 3602 septimi
979 3527 1115 3582 libri.
1162 3559 1231 3568 ——
1271 3526 1483 3582 Nemini
1533 3537 1713 3582 autem

147 3620 335 3680 dubium
356 3635 436 3681 est
456 3667 472 3692 ,
501 3637 803 3695 congruum
835 3621 887 3676 id
918 3622 1151 3675 maxime
1179 3619 1262 3691 (2)
1290 3620 1473 3690 pietati
1499 3620 1709 3675 doctri-

142 3731 216 3771 na
236 3716 410 3783 fuisse,
444 3727 506 3773 ut
537 3718 664 3788 quia
691 3730 757 3772 ex
784 3715 900 3785 lege
928 3723 981 3770 et
1011 3714 1288 3784 prophetis
1322 3714 1556 3784 primum
1615 3712 1712 3768 Dei

148 3807 319 3877 ﬁlium,
360 3820 486 3884 post
530 3811 695 3866 etiam
741 3808 911 3865 Deum
963 3823 1147 3863 verum
1198 3821 1321 3861 cum
1371 3814 1713 3861 sacramento

147 3907 339 3963 unitatis
366 3907 854 3978 prmdicassemus;
888 3918 1101 3958 rursum
1126 3902 1298 3972 legem
1327 3916 1389 3956 ac
1417 3901 1712 3971 prophetas

146 4010 227 4067 per
244 3998 521 4072 Evangelia
552 3999 865 4064 ﬁrmantes,
898 3999 1130 4067 primum
1162 4012 1227 4050 ex
1264 3995 1347 4050 his
1374 3996 1467 4051 Dei
1500 3995 1668 4049 ﬁlium
1691 4033 1707 4060 ,

150 4102 247 4161 post
270 4094 420 4150 etiam
448 4095 621 4150 Deum
653 4091 730 4164 (b)
762 4107 948 4148 verum
992 4091 1332 4145 duceremus.
1385 4089 1711 4157 Competen-

150 4185 378 4242 tissimum
400 4188 585 4258 itaque
615 4185 754 4249 fuit,
810 4192 934 4255 post
981 4198 1177 4240 nomen
1242 4181 1369 4247 ﬁlii,
1425 4181 1707 4238 veritatem

148 4278 244 4346 ejus
266 4281 541 4337 ostendere
569 4297 581 4332 :
616 4292 983 4349 quamquam,
1017 4274 1318 4332 secundum
1363 4289 1707 4379 communem

148 4385 365 4439 sensum,
396 4374 471 4443 (c)
505 4370 752 4427 veritatis
777 4369 1174 4425 absolutionem
1229 4367 1574 4472 nuncupatio.
1608 4364 1708 4472 ﬁlii

149 4465 399 4523 obtineret.
422 4467 532 4524 Sed
561 4481 631 4521 ne
658 4464 786 4536 quid
811 4507 825 4529 ,
849 4462 1263 4523 adversantibus
1316 4461 1577 4531 unigeniti
1611 4461 1705 4517 Dei

148 4561 354 4628 veritati,
384 4560 685 4618 occasionis
708 4558 775 4614 ad
810 4557 1101 4614 fallendum
1155 4566 1209 4612 et
1256 4553 1596 4657 illudi-udum.
1620 4568 1709 4657 re-

149 4653 472 4726 linqueretur;
508 4661 680 4728 ipsam
717 4653 861 4708 illam
896 4652 1041 4726 (seu,
1071 4666 1174 4722 qua
1208 4647 1600 4752 proprius-Dei
1648 4646 1709 4752 ﬁ-

148 4745 232 4801 lius
253 4748 497 4821 creditur)
521 4746 865 4820 proprietatis
910 4744 1068 4801 ﬁdem
1095 4759 1189 4814 per
1217 4742 1517 4835 divinitatis
1564 4742 1706 4797 veri.

148 4850 285 4899 Luem
312 4846 673 4902 adstruximus
701 4861 715 4899 :
742 4843 908 4899 Deum
948 4855 1071 4897 esse
1115 4854 1270 4903 eum.
1301 4838 1390 4908 qui
1443 4835 1535 4892 Dei
1564 4835 1706 4891 ﬁlius

146 4948 233 4989 non
257 4946 548 5008 negaretur,
581 4937 664 4992 bis
689 4934 863 4990 modis
890 4932 1151 4989 docentes
1171 4972 1187 4999 ,
1222 4930 1470 4997 nomine,
1503 4928 1701 4985 nativi-

295 5073 513 5153 S_c_ient_es
531 5114 545 5134 .
570 5072 771 5153 deinde
798 5071 1107 5153 nescientes...
1270 5152 1273 5153 ν

203 5139 272 5219 (2)
302 5144 407 5200 Pin:
434 5143 959 5201 doctriuw:fortasse
981 5139 1198 5195 melius.

204 5264 269 5339 (α)
293 5267 423 5323 Editi
451 5277 501 5322 et
528 5264 772 5336 plerique
783 5275 913 5315 mss.
929 5260 1141 5339 scientes
1159 5275 1178 5324 ;
1199 5267 1253 5313 et
1280 5271 1403 5339 [nos
1421 5296 1435 5322 ,
1468 5260 1698 5309 nescien-

148 5329 590 5410 teﬁcastiganthr
616 5329 706 5413 ei:
756 5332 1094 5413 gentilique.
1129 5344 1242 5413 ms._
1279 5329 1434 5413 Colit.
1466 5341 1699 5413 "necuim

150 5407 304 5482 Germ.
331 5397 735 5482 acvvetnstiore
757 5397 965 5482 Remis.
986 5397 1437 5482 ’Quippehzeede
1458 5397 1703 5482 §a_he||i0

151 5478 384 5547 dicuntur,
412 5497 515 5537 non
545 5480 614 5536 de
644 5474 881 5555 Arionis.
906 5469 1043 5528 Tum
1094 5469 1309 5555 duplex
1347 5471 1399 5524 in
1458 5469 1704 5555 Hebigne

152 5525 1108 5623 εξῑῖιῑῑίδίθῖιῑρ·ς’·ιςι-ξῖιςίῑέῖίιίο-ίίείέςιι
1137 5525 1409 5625 cura“...
1588 5540 1704 5595 Ma-

154 5619 561 5696 riam,_alterquu
581 5617 692 5679 vult
713 5633 838 5696 eum
867 5632 1074 5672 merum
1104 5630 1225 5671 esse
1267 5617 1560 5696 hominem.
1671 5682 1684 5695 .

715 5664 890 5747 iisin}
914 5704 1089 5745 verum
1119 5705 1130 5741 :
1155 5696 1211 5765 et
1236 5701 1397 5757 supra
1420 5727 1434 5753 ,
1471 5683 1604 5738 Deus
1633 5682 1712 5737 vi-

154 5775 227 5821 mu
240 5782 369 5824 verus
390 5779 621 5838 operatus
639 5776 736 5821 est.

540 5861 819 5925 ΡΑτιιοι..
870 5857 955 5920 Χ.

1828 506 1977 565 aliud
2007 522 2153 568 esset
2199 531 2361 582 quam
2417 534 2842 593 nuncuparetur,
2890 544 3066 600 neque
3096 538 3425 604 nuncupatio

1829 614 1936 653 non
1962 602 2257 663 nativitatis
2288 619 2469 679 esset,
2500 629 2674 684 neque
2699 618 2949 676 nativitas
2993 633 3239 681 naturam
3293 631 3430 683 ami-

1827 688 2014 758 sisset,
2083 712 2258 769 neque
2299 710 2489 759 natura
2538 722 2645 762 non
2704 711 3019 770 retinuisset
3069 726 3424 787 potestatem,

1827 796 2003 852 neque
2023 797 2263 856 potestas
2290 808 2397 849 non
2428 795 2590 853 etiam
2616 804 2830 858 conscia
2873 805 2976 861 sibi
3023 810 3269 866 veritatis
3301 830 3426 881 pro-

1826 874 2061 936 fessione
2087 892 2409 942 notesceret.
2438 886 2643 947 Causas
2669 908 2798 965 ergo
2840 912 3030 954 omnes
3086 901 3419 972 singulorum

1823 985 2084 1040 generum
2113 978 2181 1032 ita
2213 994 2279 1034 ex
2307 980 2616 1055 Evangeliis
2646 1001 2940 1061 excerptas
2971 996 3300 1064 subjecimus
3322 1042 3336 1066 ,
3365 1010 3423 1057 ut

1825 1079 1925 1122 nec
1950 1070 2218 1139 professio
2249 1079 2478 1132 tacuerit
2508 1087 2828 1148 potestatem
2850 1127 2865 1151 ,
2893 1103 2992 1142 nec
3017 1100 3256 1159 potestas
3312 1111 3419 1151 non

1824 1163 2126 1217 exseruerit
2154 1170 2399 1222 naturam
2427 1210 2443 1235 ,
2473 1172 2785 1244 neclnatura
2810 1194 2917 1233 non
2971 1195 3082 1236 sum
3123 1186 3420 1244 nativitatis

1822 1255 1887 1308 sit
1912 1297 1926 1319 ,
1962 1272 2060 1314 nec
2091 1260 2340 1315 nativitas
2370 1279 2476 1319 non
2527 1267 2607 1321 sui
2638 1271 2873 1327 nominis
2906 1291 2917 1327 :
2950 1284 3008 1329 nt
3058 1292 3153 1341 per
3209 1280 3262 1334 id
3313 1298 3419 1337 non

1824 1347 2222 1419 relinqueretur
2251 1353 2542 1424 impietatis
2571 1360 2836 1417 calumnia
2860 1406 2876 1427 .
2909 1382 3030 1421 cum
3064 1370 3152 1425 Dei
3188 1374 3301 1427 veri
3352 1391 3419 1429 ex

1825 1439 1937 1493 Deo
1960 1457 2088 1498 vero
2117 1444 2490 1517 divinitatem,
2523 1455 2817 1510 secundum
2845 1468 2900 1512 ct
2925 1476 3123 1518 nomen
3180 1474 3238 1520 et
3275 1470 3418 1524 nati-

1818 1532 2039 1589 vitatem
2091 1547 2142 1591 et
2175 1551 2419 1596 naturam
2450 1554 2503 1599 et
2532 1555 2883 1618 potestatem,
2906 1553 3020 1624 ipsa
3048 1574 3264 1631 quoque
3309 1564 3420 1620 Do-

1822 1625 2000 1683 minus
2022 1629 2181 1687 Jesus
2200 1630 2447 1693 Christus
2493 1641 2688 1698 nativae
2734 1645 2977 1703 veritatis
3003 1664 3117 1707 sua:
3146 1664 3413 1723 protesta-

1822 1719 1967 1775 tione
1996 1722 2290 1783 docuisset.

1891 1854 1981 1913 28.
2015 1858 2242 1920 Octavus
2291 1867 2437 1925 fiber.
2498 1903 2569 1914 —
2624 1875 2863 1937 Octavus
2898 1881 3009 1953 jam
3060 1901 3192 1942 vero
3239 1888 3409 1959 liber,

1818 1951 2028 2010 duobus
2048 1960 2418 2027 superioribus
2453 1967 2558 2038 18
2582 1966 2735 2026 libris
2782 1973 2849 2029 de
2902 1951 2999 2031 Dei
3039 1978 3151 2035 ﬁlio
3194 1990 3250 2038 et
3308 1951 3418 2041 Deo

1817 2058 1950 2101 vero
1975 2047 2201 2105 multum
2256 2052 2321 2106 ad
2367 2057 2707 2116 credentium
2761 2063 2920 2121 ﬁdem
2971 2072 3413 2144 proﬁcientibus,

1819 2145 1966 2196 totus
1994 2141 2046 2195 in
2073 2144 2234 2200 unius
2265 2147 2354 2202 Dei
2382 2149 2850 2214 demonstratione
2878 2160 3135 2221 detentus
3162 2176 3277 2236 est;
3308 2185 3415 2226 non

1818 2231 2071 2290 auferens
2100 2237 2212 2293 ﬁlio
2242 2239 2335 2296 Dei
2366 2245 2702 2303 nativitatem
2732 2292 2746 2317 ,
2795 2252 2889 2308 sed
2944 2270 3118 2327 neque
3151 2231 3272 2329 per.
3296 2278 3415 2317 eam

1818 2326 1983 2381 duum
2001 2327 2223 2386 deorum
2249 2332 2584 2393 divinitatem
2617 2342 2987 2402 introduceus.
3036 2326 3162 2406 iAc'
3184 2354 3416 2422 primum

1818 2419 2014 2487 quibus
2045 2422 2217 2478 modis
2245 2423 2483 2486 haeretici
2519 2434 2803 2490 veritatem
2833 2437 2924 2493 Dei
2956 2442 3122 2509 patris
3150 2419 3204 2500 et
3234 2446 3324 2501 Dei
3355 2448 3420 2502 ﬁ-

1818 2508 1911 2577 lii,
1943 2514 2064 2583 quia
2098 2529 2296 2587 negare
2318 2535 2424 2574 non
2445 2535 2699 2591 possent,
2726 2536 2903 2584 tamen
2931 2532 3155 2591 eludere
3187 2538 3419 2595 nilct‘cn-

1821 2613 1923 2672 tur,
1956 2607 2210 2678 edocuit;
2240 2612 2543 2673 dissolvens
2577 2620 2787 2691 ineptas
2813 2640 3003 2683 eorum
3058 2641 3113 2686 et
3164 2634 3419 2694 ridiculus

1818 2697 2133 2755 occasiones
2152 2743 2167 2766 ,
2193 2705 2387 2774 quibus
2418 2722 2514 2776 per
2543 2710 2594 2764 id
2625 2713 2768 2782 quod
2792 2715 2992 2774 dictum
3019 2730 3103 2777 est
3128 2743 3141 2779 :
3175 2725 3227 2778 Μ
3237 2729 3419 2783 nltitn-

1819 2787 1957 2844 dinis
1983 2800 2155 2847 autem
2181 2796 2497 2853 credentium
2549 2813 2658 2857 erat
2690 2803 2769 2877 (τι)
2795 2810 2971 2865 anima
3024 2824 3071 2866 et
3123 2834 3213 2870 cor
3258 2836 3417 2874 nmim

1824 2879 1962 2951 (Act.
1994 2898 2045 2938 tv
2065 2925 2081 2950 ,
2111 2885 2203 2957 52)
2231 2904 2244 2953 ;
2272 2898 2326 2944 et
2351 2905 2564 2947 rursum
2599 2911 2612 2948 :
2647 2895 2749 2963 Qui
2780 2899 2980 2964 plantat
3004 2914 3204 2974 autem,
3236 2921 3283 2964 et
3328 2915 3417 2983 qui

1817 2972 1982 3042 rigat,
2012 2990 2171 3029 unum
2199 2989 2319 3033 sunt
2345 2981 2389 3051 (Ι
2419 2980 2536 3038 Cor.
2570 3001 2659 3054 tn,
2698 2987 2753 3063 8)
2780 3007 2794 3057 ;
2828 3002 2882 3047 et
2910 2995 3102 3051 itertnn
3138 3017 3152 3055 :
3179 2972 3300 3057 Non
3322 2972 3416 3075 pro

1820 3062 1900 3117 his
1945 3076 2115 3120 autem
2167 3078 2366 3127 tantum
2395 3091 2540 3147 rogo,
2574 3080 2663 3134 sed
2710 3062 2757 3136 et
2806 3101 2899 3155 pro
2937 3089 3002 3143 iis
3045 3094 3134 3161 qui
3173 3062 3419 3152 crediiuri

1820 3167 1936 3211 sunt
1963 3174 2053 3229 per
2083 3162 2287 3217 verbum
2309 3182 2487 3222 eorum
2516 3171 2572 3225 in
2614 3189 2693 3228 me
2718 3190 2738 3230 .·
2768 3186 2824 3231 ut
2870 3196 3042 3238 omnes
3094 3202 3251 3241 unum
3280 3191 3417 3256 sint,

1820 3247 1951 3302 sicut
1974 3262 2050 3321 tu,
2066 3250 2243 3323 Pater,
2269 3257 2322 3312 in
2350 3276 2449 3328 me,
2475 3276 2525 3317 et
2546 3281 2636 3337 ego
2658 3267 2710 3322 in
2733 3280 2802 3337 te,
2836 3283 2890 3327 ut
2920 3286 2966 3329 et
2993 3276 3096 3348 ipsi
3115 3281 3217 3336 sint
3243 3283 3297 3337 in
3327 3302 3420 3339 no-

1819 3341 1897 3398 bis
1921 3343 2101 3414 (Joan.
2131 3364 2273 3417 xvu,
2306 3352 2398 3423 20,
2456 3355 2548 3428 21)
2584 3362 2916 3422 :voluntatis
2969 3341 3151 3439 potius
3191 3384 3244 3430 et
3287 3392 3418 3432 una-

1819 3437 2078 3497 nimitatis
2105 3459 2264 3514 quam
2314 3447 2614 3508 divinitatis
2660 3470 2912 3515 asserunt
2967 3437 3274 3523 veritatem.
3308 3471 3417 3527 Sed

1817 3546 1918 3586 nus
1947 3532 2062 3590 haec
2086 3537 2198 3605 ipsa
2231 3540 2343 3594 suis
2372 3542 2660 3601 virtutibus
2686 3561 3083 3618 pertractantes
3134 3560 3256 3629 (ltoc
3302 3574 3377 3617 est
3397 3605 3410 3629 ,

1816 3627 2114 3683 secundum
2144 3632 2248 3686 vim
2275 3633 2609 3711 verborum),
2642 3641 2801 3698 ﬁdem
2832 3644 2883 3701 in
2934 3662 2994 3705 se
3047 3650 3244 3708 divina:
3277 3659 3417 3710 nati-

1817 3715 2300 3780 vitatiscontinere
2325 3728 2662 3787 ostendimus
2722 3751 2735 3788 :
2796 3747 2852 3792 et
2899 3754 3088 3797 omnes
3147 3744 3415 3805 dictorum

1815 3809 2213 3871 dominicorum
2267 3819 2634 3888 professiones
2675 3829 3051 3901 revolventcs,
3100 3844 3270 3893 totum
3328 3850 3413 3897 at-

1814 3917 1919 3972 que
1950 3905 2244 3974 perfectum
2269 3951 2283 3976 ,
2314 3926 2380 3967 ex
2431 3917 2746 3984 apostolicis
2799 3925 3086 3992 praeconiis
3139 3945 3203 3986 ac
3241 3935 3417 3991 sancti

1812 3994 2047 4065 Spiritus
2068 3999 2254 4071 (Vocis
2281 4007 2453 4061 sancti
2479 4008 2734 4081 Spiritus,
2762 4031 2875 4086 quae
2896 4019 2981 4074 hic
3000 4022 3074 4076 vis
3095 4025 3161 4079 sit
3188 4067 3201 4091 ,
3228 4027 3415 4083 ridcsis

1813 4088 1905 4143 lib.
1930 4106 2043 4159 vui,
2074 4110 2129 4147 η.
2152 4094 2244 4168 25)
2272 4101 2720 4175 pr0prietatibus,
2753 4119 2805 4163 et
2835 4120 3074 4180 paterna:
3123 4088 3196 4173 et
3228 4119 3417 4191 unige-

1813 4183 1940 4238 nitae
1987 4188 2289 4257 maiestatis
2317 4206 2714 4255 sacramentum
2744 4202 3027 4261 docuimus
3059 4225 3070 4262 :
3100 4225 3222 4266 cum
3264 4225 3316 4269 et
3360 4216 3413 4271 in

1814 4273 1975 4332 Patre
2008 4278 2178 4335 Filius
2231 4283 2569 4355 intellectus,
2604 4300 2660 4346 et
2686 4291 2848 4350 Pater
2874 4297 2927 4353 in
2950 4298 3089 4356 Filio
3128 4308 3376 4376 cognitus
3399 4350 3415 4375 ,

1810 4370 2071 4441 unigeniti
2096 4374 2189 4430 Dei
2224 4377 2655 4452 nativitatem,et
2683 4388 2912 4457 perfecti
2938 4392 2993 4449 in
3024 4409 3091 4451 eo
3111 4370 3302 4472 Dei(5)
3330 4370 3416 4458 os;

1810 4462 2095 4521 tenderent
2136 4472 2440 4527 veritatem.

1881 4623 1971 4680 29.
2006 4624 2157 4683 Liber
2176 4645 2362 4686 nouus.
2406 4634 2723 4705 Argumenta
2769 4651 2949 4697 contra
2983 4642 3178 4701 Christi
3230 4649 3416 4705 divini-

1813 4725 1988 4774 tatem.
2017 4751 2088 4761 —
2117 4721 2311 4779 Parum
2342 4737 2426 4781 ρει
2472 4737 2651 4786 autem
2679 4772 2694 4798 ,
2753 4733 2808 4788 in
2853 4736 3016 4791 rebus
3066 4739 3133 4793 ad
3179 4741 3407 4797 salutem

1815 4811 2050 4870 maxime
2070 4819 2410 4875 «necessariis
2430 4860 2444 4884 ,
2474 4822 2587 4877 sola
2618 4839 2679 4879 ea
2729 4826 2796 4880 ad
2827 4827 3252 4886 satisfactionem
3286 4832 3412 4890 fidei

1814 4905 2030 4979 afferre,
2055 4925 2175 4981 qua:
2204 4915 2420 4986 propria
2449 4925 2575 4970 sunt
2610 4934 2621 4970 :
2655 4918 2779 4987 quia
2808 4920 3124 4990 plerumque
3154 4923 3233 4995 (4)
3256 4923 3413 4981 blan-

1908 5059 1967 5133 3)
1998 5056 2055 5112 In
2081 5054 2365 5133 superiore
2394 5052 2636 5110 editione
2670 5072 2682 5109 :
2709 5056 3019 5114 ostenderet.

1908 5060 1967 5133 3)
1998 5060 2055 5112 In
2081 5060 2365 5180 superiore
2394 5060 2482 5107 edi

1885 5060 1968 5204 ib)
1988 5128 2121 5184 Blan
2163 5127 2297 5180 iente
2318 5140 2487 5179 sensu.

1880 5244 1952 5318 (c)
1983 5245 2095 5299 Hoc
2112 5252 2233 5318 est,
2262 5258 2443 5318 veram
2467 5242 2634 5313 patris
2660 5255 2905 5318 naturam
2931 5265 3054 5307 vera
3079 5254 3170 5311 ﬁlii
3204 5274 3413 5317 nuncu-

1809 5314 1958 5392 ρει(ίρ
1983 5314 2265 5392 manifeste
2292 5314 2559 5392 obtineret
2586 5317 2820 5392 :quihus
2838 5320 3072 5379 declarat
3089 5314 3339 5386 Hilarius
3352 5314 3414 5391 se

1812 5385 1961 5462 ἆμιοεί
1986 5403 2050 5444 ex
2075 5385 2371 5441 abundanti
2390 5385 2732 5462 ostensurum
2782 5390 2916 5446 Filio
2961 5408 3207 5455 naturam
3237 5385 3414 5462 Patris

1812 5458 1965 5525 esse,
1999 5467 2284 5542 postquam
2309 5458 2544 5542 ostendit
2570 5459 2621 5513 ei
2676 5461 2773 5542 filii
2820 5478 3030 5542 nomen;
3070 5458 3408 5542 competere:

1812 5528 2053 5591 Notanda
2074 5547 2181 5584 vox
2203 5528 2485 5604 absolutio,
2510 5546 2630 5602 qua:
2675 5532 2752 5589 illi
2795 5536 2951 5593 valde
3007 5528 3414 5604 familiaris'cs‘t

1815 5621 1915 5676 pro
1943 5611 2169 5676 reicerta
2200 5602 2539 5676 ct_evidenti.

1889 5676 1972 5749 (ά)
2001 5675 2076 5730 Ita
2101 5673 2243 5729 hunc
2266 5673 2442 5758 locum
2460 5675 2732 5758 .exhibent
2752 5687 3065 5741 constanter
3084 5701 3215 5743 mss.
3272 5688 3417 5746 Editi

1818 5762 1950 5806 vero
1968 5789 1984 5820 ,
2017 5763 2106 5803 cor
2131 5761 2289 5801 unum
2310 5756 2357 5801 et
2384 5756 2558 5802 anima
2583 5764 2707 5805 una.

2784 5844 2824 5905 2
