3960 6202
514 306 587 365 43
1374 330 1383 339 κ
1714 292 1960 357 SANCTI
1994 291 2252 355 HILARII
2289 292 2601 358 EPISCOPI
3756 305 3821 361 44

507 427 721 482 dientes
741 436 961 481 sensum
990 422 1070 499 (α)
1100 422 1287 480 fallant
1301 420 1567 480 dictorum
1593 428 1906 476 nostrorum
1949 419 2108 475 incx-
2136 418 2189 479 A
2212 419 2325 487 scit,
2358 436 2520 489 neque
2548 419 2735 491 Angeli
2760 419 2815 475 in
2843 418 3005 487 caelis,
3030 418 3110 493 (τι)
3137 434 3298 491 neque
3328 419 3519 487 Filius,
3539 419 3642 477 nisi
3673 420 3823 478 Pater

504 519 730 589 plorata:
748 519 1077 575 assertiones
1097 560 1113 586 ,
1136 516 1242 572 nisi
1269 514 1433 572 etiam
1465 513 1895 585 propositionum
1915 512 2110 568 adver—

506 625 690 667 sarum
720 611 1109 668 demonstratae
1140 608 1462 677 inanitates,
1493 606 1654 663 ﬁdem
1687 614 1927 662 nostram
1957 605 2009 660 in
2043 619 2110 661 eo

511 704 633 776 ipso
657 746 672 771 ,
704 703 846 776 quod
874 704 1008 775 ipsa:
1049 702 1295 758 ridiculte
1317 715 1442 758 esse
1472 708 1789 771 arguantur,
1819 697 2108 753 afﬁrmant.

511 797 697 853 Nonus
726 797 909 868 itaque
937 796 1077 853 liber
1107 804 1253 852 totus
1285 796 1337 851 in
1370 793 1449 869 (ί)
1481 791 1810 864 repellendis
1852 791 1952 859 iis,
1986 805 2110 861 quae

508 893 577 949 ad
607 891 988 948 inﬁrmandam
1018 890 1284 963 unigeniti
1318 890 1412 945 Dei
1442 887 1522 962 (2)
1552 888 1888 943 nativitatem
1918 885 1987 941 ab
2018 885 2113 939 im-

508 987 615 1060 piis
642 996 991 1058 usurpantur,
1009 987 1250 1042 intentus
1279 992 1363 1041 est
1390 1001 1406 1039 :
1440 983 1533 1054 qui
1561 979 1986 1053 dispensationis
2017 992 2113 1033 oc-

506 1083 640 1139 culti
672 1098 703 1137 a
733 1081 949 1139 saeculis
976 1080 1224 1153 mysterii
1253 1079 1601 1134 immemores
1620 1116 1635 1145 ,
1670 1073 1983 1145 evangelica
2004 1071 2112 1127 [ide

412 1222 423 1225 μ
502 1180 674 1235 Deum
705 1185 868 1249 atque
915 1176 1189 1232 hominem
1238 1172 1521 1246 prmdicari
1570 1184 1677 1227 non
1733 1168 2107 1225 recordentur.

507 1270 755 1342 Namque
782 1284 905 1326 cum
938 1269 1107 1325 Deum
1139 1282 1263 1323 esse
1296 1266 1583 1322 Dominum
1633 1270 1880 1318 nostrum
1925 1260 2111 1317 Jesum

506 1363 782 1420 Christum
805 1406 820 1433 ,
851 1372 907 1419 et
933 1361 1167 1419 similem
1196 1360 1309 1415 Deo
1346 1366 1468 1415 esse
1492 1367 1549 1415 et
1571 1357 1832 1427 aequalem
1861 1365 1918 1412 ιιι
1942 1356 2109 1412 Deum

498 1455 669 1513 ﬁlium
703 1456 815 1512 Deo
843 1456 1019 1526 patri,
1058 1461 1244 1509 natum
1287 1451 1366 1524 ('5)
1411 1466 1482 1506 ex
1515 1452 1662 1516 Deo,
1718 1457 1773 1504 et
1817 1447 2112 1505 secundum

502 1551 803 1608 nativitatis
834 1549 1221 1621 proprietatem
1245 1546 1297 1601 in
1322 1544 1555 1600 veritate
1575 1543 1810 1614 Spiritus
1834 1542 1954 1615 (hoc
1999 1550 2074 1596 est
2092 1582 2107 1610 ,

505 1645 829 1716 divinitatis)
858 1643 1159 1700 subsistere
1180 1648 1427 1712 negant;
1452 1639 1535 1693 his
1560 1638 1657 1693 niti
1683 1636 1955 1693 dictorum
2008 1635 2111 1691 do-

500 1739 824 1796 minicorum
847 1736 1282 1808 professionibus
1309 1733 1488 1788 solent
1521 1750 1534 1787 :
1563 1730 1703 1799 Quid
1738 1747 1817 1785 me
1864 1730 1994 1784 dicis
2025 1728 2114 1784 bo-

2221 511 2367 567 solus
2396 511 2595 584 (Marci
2649 528 2766 581 xm,
2811 511 2902 583 52)
2958 529 2970 566 :
3006 522 3063 568 ut
3088 527 3209 567 cum
3238 511 3406 568 Filius
3456 515 3665 571 nesciat
3685 516 3823 586 quod

2213 607 2375 662 Pater
2399 608 2547 663 solus
2568 608 2730 674 sciat,
2758 607 2919 679 longe
2944 606 3155 664 alienus
3183 609 3253 663 sit
3276 609 3530 665 nesciens
3548 623 3575 663 a
3595 609 3820 675 sciente;

2213 702 2335 769 quia
2382 709 2574 756 natura
2598 701 2921 773 ignorationi
2959 701 3224 769 obnoxia,
3256 715 3363 757 non
3393 701 3601 772 sitejus
3656 704 3822 757 virtu-

2213 795 2283 850 tis
2311 804 2366 850 et
2396 796 2697 866 potestatis,
2720 810 2840 868 quae
2870 809 2900 850 a
2927 794 3205 853 dominatu
3238 794 3589 867 iguorationis
3613 792 3696 867 (5)
3730 810 3823 851 ex-

2218 897 2374 958 cepta
2398 889 2489 945 sit.

2285 982 2374 1038 50.
2405 983 2734 1056 Argumentis
2758 981 3121 1056 respondetur.
3172 1014 3177 1023 ι
3207 1010 3244 1023 -
3288 980 3414 1037 llaec
3440 980 3624 1050 itaque
3646 1021 3661 1046 ,
3707 994 3822 1035 cor-

2213 1087 2375 1148 rupto
2404 1075 2808 1148 depravatoque
2839 1091 3023 1143 sensu,
3054 1074 3379 1148 impiissime
3429 1074 3501 1129 ita
3554 1073 3822 1128 intellecta

2216 1188 2336 1231 esse
2352 1182 2741 1241 monstrantes,
2764 1188 2957 1229 omnes
2983 1172 3248 1227 dictorum
3277 1182 3469 1226 causas
3493 1183 3561 1224 ex
3587 1166 3676 1222 his
3696 1165 3823 1238 ipsis

2212 1269 2297 1325 vel
2339 1267 2822 1338 interrogationum
2866 1266 2951 1321 vel
2981 1276 3283 1336 temporum
3336 1262 3420 1317 vel
3472 1258 3826 1330 dispensatio-

2217 1379 2344 1420 num
2374 1363 2668 1435 generibus
2692 1362 2971 1418 attulimus
2996 1404 3011 1429 ,
3037 1358 3215 1416 causis
3255 1358 3434 1430 potius
3481 1356 3649 1412 verba
3703 1353 3824 1409 sub-

2214 1458 2439 1525 dentes,
2470 1471 2578 1511 non
2600 1470 2795 1511 causas
2823 1454 3007 1511 verbis
3035 1454 3360 1524 deputantes
3402 1468 3416 1507 :
3464 1458 3524 1505 ut
3553 1464 3677 1504 cum
3706 1463 3735 1502 a
3767 1461 3824 1502 se

2215 1549 2481 1606 dissideat
2501 1591 2514 1616 ,
2540 1546 2701 1603 Pater
2727 1550 2899 1622 major
2922 1563 3004 1602 me
3029 1555 3107 1602 est
3129 1546 3147 1618 (
3178 1543 3336 1599 Joan.
3381 1558 3503 1610 xrv,
3552 1541 3685 1612 28);
3745 1546 3814 1605 et,

2228 1642 2310 1717 (6)
2330 1642 2443 1715 Ego
2469 1651 2517 1699 et
2548 1641 2708 1697 Pater
2734 1658 2894 1696 unum
2923 1656 3101 1695 sumus
3150 1637 3331 1709 (Joan.
3380 1653 3433 1706 ι,
3488 1634 3603 1706 50);
3655 1647 3823 1705 neque

2219 1737 2381 1793 idem'
2412 1738 2512 1803 sit,
2547 1735 2717 1792 Nemo
2766 1736 2931 1790 bonus
2987 1744 3098 1803 est,
3149 1732 3252 1787 nisi
3283 1744 3415 1786 unus
3474 1728 3618 1784 Dens
3674 1725 3821 1799 (Luc.

502 1833 654 1888 num?
684 1830 854 1886 Nemo
874 1838 949 1884 est
980 1827 1141 1883 bonus
1164 1827 1265 1880 nisi
1294 1841 1428 1880 unus
1454 1822 1778 1897 Deus.(Luc.
1808 1839 1961 1889 xvm,
1998 1820 2111 1894 l9);
2145 1817 2193 1878 B
2223 1846 2356 1885 xvut
2383 1873 2398 1898 ,
2434 1828 2556 1902 l9);
2613 1836 2690 1896 et,
2743 1827 2815 1902 (ε)
2870 1827 2973 1896 Qui
3022 1843 3104 1882 me
3156 1826 3305 1891 vidit,
3356 1821 3481 1878 vidi!
3528 1831 3575 1876 et
3617 1818 3823 1875 Patrem

504 1934 564 1982 ut
592 1940 714 1980 cum
742 1922 852 1979 dici
879 1938 940 1978 se
970 1921 1171 1976 bonum
1196 1925 1488 1989 coarguat,
1523 1927 1577 1973 et
1606 1932 1711 1972 non
1743 1916 1849 1971 nisi
1883 1914 1988 1987 19
2009 1914 2109 1969 bo-

506 2030 636 2075 num
656 2018 823 2074 Deum
845 2030 1012 2071 unum
1040 2029 1164 2070 esse
1195 2020 1420 2068 testetur
1440 2010 1610 2084 ;et(b)
1629 2018 1790 2066 extra
1815 2009 2108 2065 bonitatem

511 2110 606 2167 Dei
640 2112 747 2175 sit,
781 2108 871 2180 qui
901 2107 1077 2162 bonus
1118 2112 1235 2171 est,
1266 2113 1317 2161 et
1348 2104 1404 2160 in
1440 2101 1537 2159 Dei
1568 2118 1676 2157 non
1717 2102 1789 2157 sit
1837 2100 2068 2157 veritate
2094 2142 2109 2168 ,

508 2193 599 2274 qui
627 2217 767 2258 unus
791 2208 891 2257 est.
924 2199 1131 2267 Quibus
1169 2197 1330 2253 dictis
1361 2194 1522 2252 etiam
1556 2195 1673 2250 lure
1701 2193 1769 2249 ad
1820 2193 2112 2264 impietatis

499 2311 612 2352 suae
643 2301 958 2365 argumenta
984 2298 1318 2346 connectunt
1352 2286 1515 2343 :Hazc
1542 2295 1616 2341 est
1644 2295 1815 2341 autem
1845 2286 1947 2341 vita
1964 2295 2113 2341 aeter-

502 2406 603 2457 na,
635 2397 688 2441 ut
728 2394 1039 2458 cognoscant
1071 2393 1119 2437 te
1145 2382 1317 2437 solum
1342 2398 1520 2436 verum
1541 2380 1741 2447 Deum,
1770 2390 1817 2435 et
1840 2382 1987 2450 quem
2009 2379 2108 2433 mi-

505 2482 618 2536 sisti
655 2478 837 2535 Jesum
863 2476 1123 2532 Christum
1152 2473 1332 2548 (Joan.
1362 2490 1474 2529 xvn
1495 2513 1511 2542 ,
1546 2473 1603 2546 ὅ)
1632 2490 1646 2527 :
1674 2481 1731 2528 ut
1782 2472 1957 2528 solum
2013 2487 2109 2528 ve-

508 2588 630 2630 rum
659 2572 831 2627 Deum
860 2570 1145 2625 confessus
1172 2568 1389 2623 Patrem
1410 2608 1426 2635 ,
1476 2580 1574 2623 nec
1630 2581 1792 2622 verus
1823 2565 1939 2636 ipse
1962 2608 1977 2633 ,
2010 2580 2111 2622 nec

506 2667 653 2725 Deus
682 2668 787 2735 sit;
811 2666 933 2738 quia
965 2664 1134 2721 solius
1158 2663 1255 2719 Dei
1312 2662 1425 2718 veri
1471 2661 1751 2732 exceptio,
1785 2659 2110 2731 significatre

510 2761 860 2835 proprietatis
883 2760 959 2832 (ς)
987 2776 1095 2814 non
1117 2757 1346 2815 excedat
1363 2763 1666 2812 auctorem.
1698 2753 1817 2809 Non
1856 2753 2111 2825 ambigue

502 2865 685 2912 autem
715 2853 819 2909 hoc
847 2853 916 2908 ab
946 2868 1013 2908 eo
1044 2851 1247 2907 dictum
1299 2863 1422 2904 esse
1474 2846 1889 2916 intelligendum
1914 2888 1931 2914 ,
1986 2847 2111 2916 quia

503 2950 649 3006 idem
668 2947 866 3004 dixerit
889 2965 902 3002 :
931 2945 1053 3000 Non
1076 2954 1236 3017 potest
1263 2941 1309 2998 F
1308 2944 1433 2998 ilius
1456 2946 1625 3015 facere
1644 2944 1708 2997 ab
1730 2958 1786 2997 se
1810 2942 2107 3014 quidquam,

506 3044 607 3099 nisi
626 3041 764 3113 quod
784 3040 967 3096 viderit
998 3037 1207 3091 Patrem
1235 3036 1507 3108 facientem
1544 3034 1727 3107 (Joan.
1782 3052 1835 3100 v,
1887 3033 1978 3107 19)
2011 3052 2024 3088 :
2056 3043 2115 3091 ut

514 3153 632 3194 eum
661 3135 793 3191 nihil
822 3133 926 3189 nisi
958 3132 1024 3187 de
1052 3130 1303 3201 exetnplo
1333 3129 1515 3199 operis
1541 3130 1712 3199 possit
1735 3129 1948 3199 operari
1971 3170 1986 3196 ,
2017 3144 2114 3183 na-

2217 1926 2402 1998 (Joan.
2426 1942 2538 1992 XIV,
2555 1925 2635 1997 9);
2664 1922 2755 1979 Vel
2779 1931 2928 1980 certe
2956 1930 3103 1979 tanta
3128 1938 3158 1997 ξι
3187 1936 3247 1978 se
3276 1919 3596 1977 diversitate
3616 1926 3826 1973 contra-

2215 2020 2294 2075 ria
2327 2020 2436 2075 sint
2467 2037 2480 2075 :
2512 2016 2694 2086 Pater,
2728 2017 2903 2073 omnia
2958 2027 3049 2071 tua
3104 2030 3219 2068 mea
3271 2020 3422 2079 sunt,
3473 2020 3522 2065 et
3573 2025 3690 2065 mea
3740 2017 3820 2062 tua

2217 2109 2396 2183 (Joan.
2422 2127 2551 2177 xvn,
2578 2108 2704 2183 10);
2733 2120 2787 2165 et
2816 2108 2911 2183 (f),
2939 2107 3008 2165 Ut
3034 2112 3346 2179 cognoscant
3374 2113 3422 2158 te
3466 2102 3635 2157 solum
3657 2115 3823 2156 verum

2216 2203 2384 2259 Deum
2408 2204 2659 2276 (Ibidem,
2684 2205 2765 2274 5);
2788 2204 2876 2260 vel
2902 2202 3053 2269 illud,
3078 2200 3191 2272 Ego
3219 2200 3274 2254 in
3305 2198 3484 2261 Patre.
3508 2207 3557 2251 et
3586 2195 3746 2251 Pater
3770 2195 3819 2249 in

2215 2313 2295 2352 me
2325 2295 2506 2367 (Joan.
2531 2313 2643 2365 xxv,
2677 2296 2790 2368 il);
2826 2305 2901 2364 et,
2926 2295 3004 2349 De
3030 2294 3112 2349 die
3137 2302 3306 2348 autem
3336 2291 3411 2365 (g)
3454 2298 3503 2345 et
3527 2290 3658 2344 hora
3684 2304 3823 2344 nemo

2214 2391 2331 2461 scit,
2386 2407 2544 2463 neque
2572 2391 2742 2462 angeli
2770 2390 2825 2444 in
2854 2389 3015 2456 cretis,
3072 2403 3234 2457 neque
3265 2385 3457 2451 Filius,
3513 2384 3619 2438 nisi
3670 2381 3823 2437 Pater

2215 2485 2355 2539 solus
2379 2484 2576 2558 (Marc.
2603 2499 2723 2551 xm,
2755 2481 2873 2555 3i).
2903 2481 3281 2553 Intelligantur
3302 2479 3355 2533 in
3386 2476 3619 2548 singulis
3650 2484 3703 2533 et
3721 2474 3824 2530 dis-

2216 2581 2592 2652 pensationum
2619 2578 3036 2651 praedicationes
3056 2620 3071 2647 ,
3109 2577 3219 2651 20
3245 2586 3298 2632 et
3319 2575 3554 2631 conscia:
3591 2579 3825 2645 potesta-

2216 2673 2285 2728 tis
2314 2673 2576 2729 naturalis
2604 2671 2979 2744 professiones
3004 2690 3018 2724 :
3044 2680 3239 2727 etcum
3274 2669 3415 2725 idem
3447 2669 3520 2723 sit
3550 2667 3681 2723 dicti
3702 2679 3823 2720 aue-

2215 2776 2302 2824 tor
2330 2766 2615 2839 utriusque
2635 2810 2649 2834 ,
2677 2765 3065 2823 demonstratis
3096 2774 3277 2820 tamen
3324 2762 3613 2817 virtutibus
3662 2774 3822 2831 gene-

2214 2877 2333 2917 rum
2367 2860 2696 2933 singulorum
2731 2861 3067 2934 (naturarum
3088 2857 3422 2929 singularum
3453 2870 3575 2927 quas
3626 2852 3825 2909 suntin

2215 2951 2478 3025 Christo),
2520 2968 2625 3009 non
2658 2955 2926 3024 pertineat
2955 2953 3023 3008 ad
3052 2950 3434 3008 contumeliam
3464 2963 3612 3009 verae
3640 2945 3826 3003 divini-

2217 3047 2366 3113 tatis,
2394 3047 2535 3118 quod
2567 3047 2634 3102 ad
2662 3056 3063 3103 sacramentum
3094 3044 3217 3100 fidei
3243 3042 3567 3114 evangelica:
3597 3040 3699 3097 sub
3724 3038 3822 3094 dis-

2218 3142 2541 3211 pensatione
2591 3151 2645 3196 et
2674 3157 2854 3197 causae
2886 3148 2940 3198 et
2970 3138 3231 3211 temporis
3259 3145 3316 3194 et
3341 3133 3639 3193 nativitatis
3658 3141 3715 3191 et
3738 3144 3828 3189 no-

509 3238 647 3286 turae
679 3230 732 3283 in
781 3242 849 3283 eo
878 3226 1210 3296 intelligatur
1251 3223 1576 3303 infirmitas;
1627 3224 1752 3294 quia
1782 3238 2121 3295 nequaquam
2154 3224 2201 3289 Ο
2231 3233 2393 3289 minis
2422 3234 2768 3305 pmdicawr,
3263 3239 3275 3250 -

508 3322 581 3378 sit
605 3318 1015 3391 omnipotentite
1047 3315 1476 3387 comparandum
1497 3357 1513 3383 ,
1559 3315 1705 3387 quod
1758 3317 1953 3373 aliena:
1979 3332 2113 3387 ope-

512 3418 741 3474 rationis
786 3414 1088 3486 subjectum
1116 3422 1201 3469 est
1221 3410 1569 3477 necessitati;
1618 3419 1672 3466 et
1720 3413 1858 3468 ratio
1912 3411 2116 3469 intelli-

515 3512 713 3581 gentia:
756 3508 860 3563 hoc
884 3507 1146 3574 suadeat,
1176 3506 1234 3561 in
1263 3504 1513 3561 omnibus
1539 3519 1571 3559 a
1602 3517 1662 3560 se
1683 3518 1844 3574 posse
1894 3513 1952 3561 et
2006 3519 2115 3561 non

515 3616 700 3673 posse,
721 3599 963 3656 differre.
995 3597 1222 3653 Differre
1259 3605 1443 3652 autem
1468 3610 1534 3651 eo
1556 3611 1757 3666 usque,
1788 3605 1849 3651 ut
1876 3595 1943 3652 de
1965 3586 2118 3667 patre

516 3697 630 3751 Deo
658 3696 775 3749 haec
805 3695 876 3748 ita
900 3693 1178 3764 professus
1208 3692 1309 3746 sit:
1341 3690 1500 3747 Pater
1528 3693 1697 3764 major
1726 3708 1807 3747 me
1827 3701 1902 3747 est
1930 3690 2115 3765 (Joan.

517 3794 627 3854 xiv,
658 3785 755 3858 28)
782 3794 838 3841 et
866 3782 946 3857 (4)
968 3793 1150 3839 cesset
1178 3784 1231 3839 in
1264 3783 1601 3854 professione
1627 3784 1877 3839 absoluta
1926 3784 2120 3841 adver-

519 3880 676 3937 sandi
706 3876 1014 3943 calumnia;
1044 3878 1167 3949 quia
1197 3878 1375 3948 impia:
1404 3878 1638 3933 vesanire
1667 3881 1737 3933 sit
1759 3878 2022 3935 honorem
2057 3895 2121 3935 ac

525 3984 774 4031 naturam
805 3973 897 4029 Dei
927 3973 1164 4029 tribuere
1189 3972 1470 4029 abnuenti.
1491 3972 1652 4028 Omni
1676 3984 1853 4029 autem
1877 3974 2038 4030 modo
2067 3976 2121 4031 in

524 4079 734 4126 tantum
760 4085 884 4125 eum
915 4083 946 4122 a
977 4068 1305 4139 proprietate
1334 4067 1447 4123 veri
1478 4068 1572 4123 Dei
1597 4068 1788 4124 abesse
1808 4110 1823 4137 ,
1870 4077 1928 4123 ut
1960 4069 2123 4125 etiam

522 4172 752 4220 testatus
780 4161 897 4218 lucc
918 4159 1078 4217 fuerit
1106 4179 1120 4215 :
1155 4160 1228 4216 De
1252 4159 1336 4216 die
1359 4171 1530 4215 autem
1556 4159 1652 4216 illa
1697 4171 1745 4215 et
1791 4159 1923 4217 hora
1976 4180 2122 4220 nemo

603 4302 683 4448 (1;
715 4302 1047 4375 Refellcndis.

603 4377 661 4445 (τὶ
716 4377 897 4430 Potior
927 4375 1045 4448 vide

551 4399 559 4409 ·
603 4372 682 4445 (2)
716 4372 897 4430 Potior
927 4375 1136 4429 videtur
1152 4372 1328 4429 nostri
1352 4372 1550 4428 codicis
1567 4374 1729 4428 lectio
1755 4391 1767 4427 :
1791 4373 2127 4432 divinitatem.

531 4446 988 4519 Namprot'ectoin
1007 4460 1151 4519 nono
1165 4446 1300 4500 libro
1315 4455 1497 4519 contra
1515 4446 1950 4519 adversariorum
1969 4463 2134 4503 enna-

534 4535 618 4576 tus
649 4535 829 4574 veram
865 4535 982 4599 run
1013 4535 1327 4596 divinitatem
1356 4535 1695 4585 poussnnum
1725 4535 1903 4573 tuetur
1950 4537 1961 4573 :
2010 4535 2133 4589 quae

534 4600 715 4648 tamen
747 4603 960 4644 nonum
990 4604 1056 4642 ex
1087 4588 1361 4642 nativitatis
1383 4604 1494 4642 sua:
1525 4599 1714 4643 natura
1742 4590 1843 4644 sibi
1888 4597 1991 4646 est.
2042 4597 2136 4645 At-

534 4678 638 4735 que
663 4659 1475 4735 luereticoruaigihjectaomnia
1506 4701 1518 4724 ,
1550 4676 1669 4735 quae
1688 4660 1842 4716 diluit
1876 4662 2133 4730 llilarius,

532 4532 618 4576 tus
649 4516 829 4574 veram
863 4516 982 4571 Filii
1013 4517 1327 4570 divinitatem
1356 4518 1695 4585 potissimum
1725 4527 1903 4573 tuetur

536 4730 602 4791 ad
635 4732 1008 4788 inlirmandam
1030 4730 1153 4786 Filii
1184 4731 1515 4785 divinitatem
1548 4732 1849 4788 collimant.

610 4805 688 4880 (3)
715 4805 771 4860 lu
795 4805 1069 4859 anteriore
1104 4802 1343 4859 editione
1372 4813 1587 4857 :natum
1610 4816 1656 4858 et
1680 4802 1812 4860 Deo.

609 4918 689 4991 (α)
722 4918 936 4990 Aliquot
967 4934 1097 4973 mss.
1115 4917 1423 4993 blandiente
1447 4934 1598 4973 sensu
1628 4935 1648 4973 :
1672 4927 1725 4974 et
1746 4935 1869 4975 mox
1897 4920 1957 4993 in
1986 4920 2145 4993 refel-

539 4989 704 5046 len'dis
729 5032 743 5059 ,
775 5006 873 5061 pro
900 4992 951 5045 in
981 4990 1310 5062 repellendis.
1342 4989 1512 5046 Nemo
1543 5006 1703 5060 porro
1735 5008 1843 5045 non
1876 4992 2020 5047 videt
2045 4989 2143 5047 vo-

539 5064 789 5119 cabulum
821 5079 1025 5117 sensum
1052 5062 1118 5117 ad
1142 5063 1330 5134 fallant
1348 5105 1363 5130 ,
1394 5077 1501 5117 non
1526 5063 1591 5117 ad
1614 5062 1931 5118 blandientes
1955 5105 1969 5129 ,
2018 5081 2140 5121 csse

537 5133 907 5191 referendum.

619 5202 695 5277 (b)
728 5205 779 5280 ld
811 5215 921 5280 est,
953 5213 1006 5280 et
1038 5221 1144 5280 non
1172 5204 1244 5260 sit
1270 5221 1494 5262 consors
1517 5206 1775 5263 bonitatis
1824 5208 2001 5276 illius,
2033 5224 2138 5280 qua

540 5276 686 5331 Deus
714 5277 1054 5347 singulariter
1076 5277 1247 5331 bonus
1275 5286 1378 5341 est,
1404 5290 1510 5334 etc.

616 5346 686 5419 (ε)
719 5346 830 5402 [loc
851 5360 933 5401 est
953 5390 966 5411 ,
999 5350 1135 5402 ῑιιέιοιι
1166 5349 1378 5403 Patrem
1407 5366 1625 5418 prorsus
1656 5353 1998 5409 contineatur
2042 5361 2129 5407 at-

539 5435 643 5487 que
668 5420 1023 5497 concludatur
1053 5420 1193 5485 quod
1228 5421 1369 5475 illius
1398 5426 1674 5497 proprium
1717 5441 1841 5481 esse
1869 5425 2141 5497 signiﬁca—

540 5500 653 5544 tum
683 5502 765 5545 est
784 5530 798 5555 ,
835 5505 933 5544 nec
959 5492 1026 5543 ab
1056 5504 1123 5545 eo
1149 5503 1343 5556 exeat,
1372 5502 1430 5548 ut
1459 5495 1554 5549 ulli
1595 5496 1751 5553 alteri
1778 5492 2143 5553 communice-

538 5571 645 5614 lttr.

585 5629 699 5714 .(d).
725 5629 780 5714 in
802 5630 922 5714 cod.
948 5630 1071 5714 V-at.
1101 5634 1215 5714 bas.
1248 5633 1336 5691 hic
1361 5646 1416 5692 et
1441 5638 1599 5714 infra,
1633 5655 1790 5714 neque
1813 5640 1953 5714 ﬁlius
1978 5639 2139 5714 hami

542 5704 641 5778 nis.
674 5703 960 5778 Abestvox
982 5705 1256 5767 hominisnt
1286 5710 1528 5778 caeteris,
1561 5726 1666 5765 non
1708 5703 1823 5767 hoc
1842 5711 2021 5766 solum
2068 5710 2139 5764 li-

542 5773 639 5853 tiro
663 5813 676 5836 ,
707 5775 801 5853 sed
829 5784 1055 5853 et‘nono
1072 5819 1087 5845 ,
1116 5793 1285 5853 eaque
1305 5773 1525 5838 sublata
1543 5781 1694 5840 locus
1717 5782 1913 5838 allatus
1961 5782 2138 5853 prima

529 5845 710 5904 fronte
729 5847 846 5918 plus
875 5849 1088 5907 Arianis
1116 5845 1276 5906 lavet.

2293 3330 2384 3384 51.
2413 3327 2561 3383 Liber
2587 3329 2832 3385 decimus.
2871 3328 3119 3396 Qutedam
3145 3326 3432 3399 Scriptum
3454 3323 3606 3380 verba
3633 3320 3829 3379 hatreti-

2224 3422 2299 3477 cis
2325 3425 2491 3493 specie
2516 3432 2661 3477 tenus
2690 3424 2935 3493 faventia.
2968 3450 3039 3462 —-
3064 3421 3266 3477 Decimi
3292 3435 3422 3476 vero
3469 3418 3595 3474 libri
3646 3416 3827 3473 eadem

2224 3521 2311 3570 est
2339 3515 2514 3583 ratio,
2537 3531 2657 3586 qua:
2687 3514 2834 3570 lidei.
2865 3513 2998 3570 Nam
3045 3514 3167 3585 quia
3207 3528 3277 3569 ex
3317 3511 3587 3583 passionis
3639 3521 3829 3581 genere

2225 3616 2282 3665 et
2295 3609 2629 3679 professione
2648 3608 2891 3679 quzedam
2913 3624 3011 3680 per
3024 3608 3204 3664 stultas
3228 3604 3603 3677 intelligentiae
3619 3614 3830 3661 sensum

2229 3701 2295 3757 ad
2324 3703 2708 3760 contumeliam
2737 3703 2935 3759 divinae
2965 3704 3018 3758 in
3045 3702 3274 3758 Domino
3300 3700 3431 3757 Jesu
3479 3697 3704 3756 Christo
3745 3710 3833 3752 na-

2231 3803 2364 3851 tum:
2394 3797 2717 3868 virtutisque
2770 3807 3101 3869 rapuerunt;
3143 3810 3207 3850 ea
3250 3796 3364 3865 ipsa
3416 3790 3829 3849 demonstranda

2228 3886 2467 3956 fuerunt,
2496 3898 2551 3945 et
2577 3890 2753 3947 abhis
2781 3890 3097 3960 impiissime
3126 3887 3400 3944 intellecta
3428 3901 3572 3951 esse,
3601 3895 3656 3941 et
3682 3900 3711 3938 a
3743 3884 3835 3936 Do-

2230 3982 2378 4038 mino
2407 3984 2474 4039 ad
2505 3984 2950 4054 protestationem
2984 3997 3127 4039 verre
3156 3991 3212 4038 et
3264 3979 3521 4053 perfecta:
3554 3980 3612 4035 in
3642 3994 3703 4035 se
3731 3991 3836 4033 ma-

2227 4076 2436 4147 iestatis
2460 4093 2581 4134 esse
2605 4087 2924 4135 memorata.
2954 4076 3197 4148 Namque
3244 4076 3331 4130 his
3389 4074 3496 4131 sibi
3555 4073 3739 4138 dictis,
3786 4075 3837 4124 ut

2232 4169 2490 4242 religiose
2518 4172 2667 4243 impii
2690 4171 3182 4240 sint,blandiuntur
3206 4188 3219 4225 :
3241 4168 3428 4225 Tristis
3447 4177 3522 4223 est
3543 4169 3719 4223 anima
3738 4177 3837 4220 mea

2317 4306 2399 4380 (4)
2432 4308 2527 4368 Ms.
2563 4321 2784 4367 noster:
2813 4326 3011 4365 necesse
3041 4319 3113 4365 est
3138 4310 3193 4362 in
3244 4306 3562 4378 professione
3601 4303 3839 4380 _abs_oluta

2242 4376 2551 4435 adversandi
2581 4384 2841 4438 calumnia
2868 4383 3123 4437 videatur.
3152 4376 3370 4435 lieetius
3409 4393 3569 4449 quant
3597 4378 3654 4433 itt
3685 4376 3838 4430 Eras-

2244 4454 2420 4526 miana
2441 4456 2804 4526 ,_c:rterisque
2829 4472 2842 4507 :
2874 4464 2921 4508 et
2950 4463 3107 4508 cesset
3134 4453 3210 4522 in,
3239 4462 3349 4508 etc.

2316 4524 2399 4670 (εἰ)
2430 4523 2688 4607 Εςεεενρεα
2709 4523 2793 4581 sit.

2346 4599 2375 4651 6
2430 4598 2525 4652 lltc
2552 4615 2578 4649 a
2603 4599 2790 4654 Codice

2346 4591 2399 4666 ὃ)
2430 4598 2525 4652 llic
2552 4615 2578 4649 a
2600 4591 2790 4654 codice
2823 4597 3016 4652 Veron.
3047 4595 3408 4666 interponitur
3451 4595 3672 4657 iterum;
3694 4591 3839 4666 sicut

2247 4675 2303 4722 et
2327 4663 2449 4724 mox
2476 4678 2601 4723 ante
2627 4671 2792 4725 verba
2828 4687 2838 4721 z
2869 4669 3069 4734 Quinte
3089 4663 3239 4736 vidit,
3269 4679 3399 4735 etc.,
3436 4676 3597 4737 atque
3627 4663 3840 4721 inferius

2247 4749 2373 4795 ante
2402 4742 2566 4797 verba
2600 4758 2614 4797 :
2646 4739 2727 4797 De
2753 4743 2856 4797 die.

2167 4794 2223 4856 D

2289 4991 2299 5002 _
2327 4919 2397 5002 (e)
2430 4920 2527 5002 llic
2557 4929 2611 4976 et
2638 4921 2896 5002 deinceps
2921 4920 3053 4977 editi
3077 4919 3229 5002 juxta
3281 4916 3598 5002 Vulgatam,
3644 4915 3731 5002 qui
3764 4923 3845 5002 ine

2248 4990 2405 5047 videt.
2455 4998 2523 5046 At
2573 4990 2845 5049 meliores
2879 5009 3010 5048 mss.
3060 4998 3372 5046 constanter
3414 4990 3568 5059 juxta
3619 4995 3843 5059 graecum

2248 5071 2459 5145 tantum
2478 5075 2816 5145 caeterosque
2860 5065 3050 5141 Patre;
3099 5062 3301 5117 Hilario
3349 5057 3616 5131 aequales,
3648 5057 3747 5125 Qui
3776 5065 3845 5105 me

2251 5138 2396 5203 vidit,
2414 5138 2557 5191 vidit.

2325 5229 2394 5304 (f)
2431 5230 2487 5287 ln
2521 5231 2748 5304 vulgatis
2780 5231 2885 5297 hic,
2940 5240 2986 5304 et
3013 5230 3239 5304 iterum;
3288 5240 3351 5282 ac
3396 5224 3556 5304 paulo
3599 5230 3754 5294 post,
3785 5226 3846 5304 “et

2246 5296 2434 5359 iterum
2466 5305 2528 5357 de
2554 5296 2656 5358 die.
2687 5296 2925 5373 Utroque
2953 5303 3006 5355 in
3030 5302 3151 5357 loco
3173 5303 3451 5354 abcstvox
3481 5298 3668 5373 iterum
3693 5296 3844 5347 casti-

2249 5376 2549 5447 gatiorihus
2581 5391 2711 5429 mss.
2740 5381 2795 5429 et
2825 5367 3029 5447 abesse
3063 5373 3225 5428 debet
3256 5388 3268 5425 :
3295 5385 3401 5426 non
3432 5371 3577 5447 enim
3612 5367 3696 5420 hic
3721 5376 3846 5415 con-

2256 5441 2431 5519 geries
2452 5457 2538 5503 est
2560 5447 2990 5502 testimoniorum
3021 5446 3073 5500 in
3100 5459 3267 5519 unam
3297 5458 3412 5519 rem
3463 5441 3808 5496 collectorum
3829 5470 3843 5495 ,

2256 5512 2351 5575 sed
2379 5532 2608 5589 quatuor
2637 5518 2739 5572 loci
2768 5527 2996 5589 quatuor
3022 5517 3146 5572 aliis
3173 5512 3428 5587 oppositi.

2325 5633 2403 5708 (g)
2434 5634 2514 5708 Ex
2541 5631 2818 5708 meliorum
2846 5648 2976 5687 mss.
3008 5647 3276 5708 consensu
3312 5636 3591 5708 expuncta
3635 5632 3722 5708 est
3754 5618 3844 5708 llt'ic

2253 5690 2477 5761 νυὶέἳιια
2509 5746 2524 5771 ,
2559 5707 2807 5777 quamvis
2836 5716 3010 5761 exstet
3058 5703 3326 5777 superiori
3359 5690 3606 5755 numero.
3634 5690 3839 5777 Sic_lib,

2252 5795 2304 5833 rx
2323 5819 2338 5845 ,
2376 5796 2428 5833 n.
2461 5767 2521 5843 ‘2,
2549 5767 2737 5832 eadem
2766 5778 3112 5847 exprimitur,
3129 5767 3401 5834 'reticetur
3420 5786 3572 5829 vero.
3588 5786 3644 5825 ιι.
3674 5767 3764 5832 57,
3792 5768 3842 5815 ιιι

2250 5852 2382 5906 etin
2405 5865 2485 5923 ps.
2511 5864 2652 5904 extat
2673 5891 2687 5917 ,
2711 5865 2764 5905 η.
2795 5849 2852 5905 2.
