3960 6202
203 332 267 387 ιδ

1417 327 1507 383 DE
1540 323 1915 382 TRINITATE
1955 324 2161 382 LIBER
2194 324 2238 381 l.

3410 328 3481 385 ιϐ

203 460 343 514 usque
370 443 437 496 ad
458 451 670 497 ntortem
692 440 904 514 (.llattlt.
926 456 1069 502 xxvr.
1095 439 1210 512 58);
1233 449 1289 495 ut
1320 440 1477 511 longe
1503 455 1533 495 a
1551 440 1780 495 beatitu-
1806 443 1855 501 Α
1882 455 2002 510 qua:
2029 438 2084 494 in
2108 448 2449 497 sacramento
2474 448 2534 497 et
2556 439 2751 495 anima:
2780 447 2837 497 et
2859 441 3105 512 corporis
3134 440 3348 498 Domini
3379 445 3474 500 Je-

203 539 313 592 (line
336 546 486 606 atque
515 534 918 605 incorruptione
947 535 1037 590 Dei
1066 535 1225 601 sit,in
1256 534 1410 604 cujus
1431 536 1663 590 animam
1683 534 1780 590 do-

203 632 391 684 minans
414 641 590 684 metus
605 630 831 683 tristitia:
849 627 1179 682 imminentis
1199 626 1449 683 inciderit
1473 644 1486 681 :
1508 626 1600 698 qui
1616 631 1780 682 etiam

207 738 353 790 usque
376 721 437 774 ad
478 720 619 776 hanc
647 734 863 791 precem
894 727 1279 775 consternatus
1323 719 1485 775 fuerit
1509 719 1781 790 passionis

208 814 502 869 necessitate
528 831 543 869 :
574 814 753 880 Pater,
779 816 823 868 si
849 814 1090 887 possibile
1115 824 1189 869 est
1215 856 1228 879 ,
1259 822 1487 869 transeat
1513 813 1651 868 calix
1684 813 1780 868 iste

208 925 233 960 υ
255 925 322 963 me
343 907 579 979 (ibidem,
611 910 701 978 39)
733 926 746 962 :
779 917 833 964 ct
859 909 978 964 sine
1012 906 1176 964 dubio
1198 910 1390 964 timere
1442 908 1519 980 (l)
1564 907 1780 964 videre-

208 1013 282 1055 tur
306 998 374 1072 (a)
403 1001 628 1071 perpeti,
661 1000 802 1071 quod
832 1016 900 1057 ne
927 1009 1206 1072 pateretur
1229 1002 1498 1067 oraverit;
1525 1002 1647 1072 quia
1680 1015 1775 1071 pa-

206 1094 356 1149 tiendi
374 1095 657 1164 trepidatio
682 1109 903 1150 causam
927 1093 1508 1165 attnleritdeprecandi
1536 1111 1550 1148 :
1575 1095 1627 1149 in
1661 1104 1775 1148 tan-

204 1199 306 1242 tum
329 1203 448 1243 vero
474 1188 844 1244 inﬁrmitatem
872 1189 990 1261 ejus
1019 1190 1311 1246 obtinuerit
1337 1189 1419 1245 vis
1450 1187 1684 1254 doldris,
1720 1198 1780 1245 ut

209 1280 255 1334 in
281 1282 382 1350 ipso
400 1282 570 1337 crucis
594 1292 847 1354 tempore
875 1283 1081 1339 diceret
1137 1300 1149 1336 :
1204 1282 1361 1348 Dm,
1416 1282 1553 1339 Deus
1602 1299 1771 1350 meus,

206 1388 344 1443 quare
360 1389 435 1429 me
458 1373 775 1446 dereliquisti
798 1374 1023 1447 (Matth.
1052 1390 1203 1431 xxvn
1242 1418 1257 1440 ,
1300 1374 1432 1448 46)?
1482 1375 1572 1440 qui
1612 1375 1775 1431 etiam

213 1482 360 1538 usque
387 1469 447 1524 ad
473 1472 748 1541 querelam
779 1470 1133 1526 desolationis
1155 1485 1267 1526 sua:
1290 1512 1305 1537 ,
1338 1469 1607 1541 passionis
1627 1484 1779 1525 acer-

208 1562 354 1620 bitate
382 1574 712 1632 commotus,
743 1565 931 1622 auxilii
974 1567 1129 1637 inops
1170 1565 1403 1635 paterni,
1435 1565 1685 1635 spiritum
1723 1564 1776 1618 in

206 1658 290 1712 hac
310 1673 432 1714 voce
468 1659 713 1716 emiserit
742 1673 866 1714 cum
907 1659 1043 1714 dixit
1093 1677 1107 1713 :
1163 1657 1347 1725 Pater,
1376 1656 1675 1713 commendo
1722 1657 1774 1711 in

204 1766 362 1805 manus
388 1760 495 1815 tuas
534 1752 778 1823 spiritum
809 1767 977 1806 meum
1018 1749 1167 1819 (an.
1200 1765 1354 1815 mn,
1378 1750 1467 1819 46)
1497 1766 1512 1815 ;
1537 1758 1591 1804 et
1611 1748 1777 1804 exha-

1883 545 1945 586 su
1969 529 2168 585 Christi
2190 540 2315 586 sunt
2339 573 2355 598 ,
2387 530 2457 603 (e)
2482 530 2616 587 nihil
2642 532 3060 603 inexploratum,
3091 535 3224 592 nihil
3250 535 3470 592 tacitum

1881 622 1963 697 (5)
2011 624 2401 696 dereliquimus
2429 643 2444 681 :
2476 625 2571 682 sed
2594 626 2859 683 dictorum
2899 629 3141 686 omnium
3192 631 3472 701 paciﬁcam

1880 716 2290 788 intelligentiam
2309 719 2533 791 singulis
2553 721 2852 792 quibusque
2879 737 3162 779 causarum
3184 725 3475 796 generibus

1844 834 1847 837 <
1881 820 2197 881 coaptantes
2218 854 2233 880 ,
2269 829 2370 870 nec
2398 814 2672 885 trepidare
2702 814 2976 881 ﬁduciam,
3005 832 3107 873 nec
3132 818 3337 875 evitare
3390 835 3475 875 vo-

1880 903 2167 973 luntatem,
2198 920 2300 963 nec
2325 907 2582 977 conqueri
2628 908 3001 974 securitatem,
3056 925 3157 967 nec
3198 925 3477 969 commen-

1880 998 2159 1055 dationem
2210 999 2296 1055 sui
2361 1011 2634 1067 orantem,
2691 1002 2814 1057 aliis
2873 1004 3088 1059 veniam
3135 1003 3476 1062 desiderasse

1880 1092 2304 1150 monstravimus
2332 1112 2347 1148 :
2378 1094 2537 1150 ﬁdem
2568 1096 2836 1152 dictorum
2883 1097 3263 1154 universorum
3315 1099 3475 1157 abso-

1882 1187 1989 1242 luta
2021 1191 2313 1259 evangelici
2347 1190 2592 1263 mysterii
2635 1190 3015 1263 prmdicatione
3039 1192 3335 1250 ﬁrmantes.

1951 1282 2042 1336 53.
2085 1280 2237 1336 Liber
2262 1298 2318 1337 xt
2367 1282 2475 1337 alia
2510 1282 2872 1340 haereticorum
2916 1295 3219 1359 argumenta
3261 1286 3475 1359 refellit.

1877 1404 1950 1415 —
1977 1373 2142 1445 Igitur
2184 1376 2309 1447 quia
2338 1376 2813 1447 desperatissimos
2840 1378 3086 1436 homines
3114 1396 3183 1437 ne
3214 1381 3327 1450 ipsa
3357 1383 3477 1452 qui-

1878 1465 2002 1521 dem
2033 1468 2447 1523 resurrectionis
2489 1470 2657 1540 gloria
2684 1470 2824 1526 intra
2856 1471 3136 1544 religionis
3167 1474 3471 1545 intelligen-

1881 1557 2009 1611 tiam
2037 1558 2260 1615 edoctos
2280 1559 2541 1627 cohibuit,
2562 1561 2657 1617 sed
2685 1571 2779 1617 aut
2803 1577 2898 1633 per
2923 1562 3249 1635 dignationis
3272 1566 3478 1636 profes-

1879 1650 2110 1719 sionem,
2133 1653 2420 1722 impietatis
2443 1670 2559 1711 sua:
2589 1671 2737 1713 arma
2763 1668 3130 1729 sumpserunt,
3163 1670 3257 1716 aut
3289 1660 3355 1733 (ἢ
3396 1678 3483 1717 stt-

1880 1748 2143 1802 cramenti
2193 1748 2577 1805 revelationcm
2622 1750 2690 1805 ad
2742 1750 2837 1806 Dei
2866 1752 3250 1809 contumeliam
3302 1762 3483 1811 trans-

204 1843 325 1899 landi
350 1845 566 1915 spiritus
595 1845 955 1916 trepidatione
977 1844 1222 1900 turbatus
1247 1843 1326 1917 (2)
1348 1844 1607 1900 tuendum
1640 1842 1783 1899 hunc
1811 1847 1858 1907 Β
1888 1839 2126 1896 tulerunt
2153 1858 2166 1896 :
2198 1851 2256 1896 ut
2300 1858 2396 1912 per
2424 1842 2477 1898 id
2506 1843 2649 1914 quod
2692 1842 2898 1900 dictum
2945 1853 3031 1902 est
3053 1887 3066 1909 ,
3117 1845 3387 1902 Λάκαιάο
3413 1851 3483 1903 ad

204 1934 272 2007 (ὁ)
329 1937 430 1992 Deo
506 1938 654 2008 patri
709 1936 1203 2002 commendaverit;
1256 1939 1380 2008 quia
1426 1935 1774 1992 commenda.

204 2027 341 2083 tionis
367 2029 746 2086 necessitatem
771 2029 1078 2100 desperatio
1106 2029 1417 2086 securitatis
1439 2030 1700 2100 exegerit.

262 2121 342 2177 32.
370 2121 482 2177 Alia
505 2124 575 2177 iis
599 2133 949 2196 opponuntur.
991 2154 1065 2165 —-
1099 2124 1206 2179 Sed
1260 2124 1564 2181 stultissimi
1613 2134 1774 2196 atque

203 2215 473 2286 impiissimi
520 2216 810 2283 homines,
844 2233 949 2273 non
973 2218 1332 2289 inlelligentes
1379 2217 1513 2272 nihil
1559 2225 1775 2273 contra-

202 2311 319 2366 rium
350 2313 397 2367 in
420 2312 582 2369 rebus
608 2312 798 2368 iisdem
824 2313 891 2368 ab
917 2313 1109 2369 eodem
1139 2312 1339 2367 dictum
1372 2311 1567 2380 fuisse,
1597 2312 1777 2366 verbis

200 2415 382 2461 tantum
409 2407 773 2472 iulia-rentes,
798 2422 990 2463 causas
1034 2406 1179 2477 ipsas
1221 2406 1492 2461 dictorum
1537 2405 1773 2475 relique-

201 2510 327 2555 runt.
376 2501 504 2558 Nam
561 2518 690 2557 cum
739 2502 899 2573 longe
964 2502 1303 2572 multumque
1349 2498 1623 2557 diversum
1670 2499 1774 2566 sit,

198 2593 365 2649 Tristis
383 2607 453 2650 est
469 2597 651 2650 anima
669 2612 783 2650 mea
800 2612 955 2667 usque
966 2594 1033 2648 ad
1045 2605 1254 2650 mortem
1267 2593 1482 2668 (Matth.
1500 2609 1645 2661 xxvr,
1661 2591 1774 2661 '58);

200 2701 263 2754 et,
294 2691 475 2746 Amodo
497 2691 734 2747 videbitis
763 2688 811 2743 F
812 2692 961 2745 ilium
996 2690 1215 2745 hominis
1241 2690 1495 2745 sedentem
1519 2705 1551 2741 α
1585 2686 1780 2740 dextris

201 2786 372 2840 virtutis
396 2788 465 2859 (e)
497 2785 752 2863 (Ibidem,
782 2785 875 2858 64)
901 2803 915 2853 ;
947 2803 1119 2857 neque
1144 2786 1369 2856 idipsnm
1394 2786 1491 2849 sit,
1536 2782 1709 2848 Pater,
1737 2784 1779 2836 si

1878 1942 2077 2001 patrem
2095 1950 2262 1990 meum
2275 1943 2323 1991 et
2342 1936 2413 1990 ad
2434 1945 2631 2007 patrem
2655 1947 2875 1992 oestrum
2895 1934 3000 2012 (6),
3031 1937 3099 1992 ad
3121 1936 3296 1994 Deum
3316 1954 3484 1995 meum

1876 2035 1927 2084 et
1953 2030 2023 2082 ad
2046 2025 2208 2082 Deum
2234 2038 2457 2083 oestrum
2486 2027 2663 2102 (Joan.
2698 2046 2798 2096 xx,
2848 2030 2973 2102 l7),
3004 2029 3134 2086 dum
3178 2036 3485 2089 communis

1878 2125 2035 2181 nobis
2058 2133 2220 2195 atque
2245 2122 2345 2194 ipsi
2375 2133 2430 2180 et
2455 2124 2617 2180 Pater
2644 2135 2797 2196 pater
2816 2134 2922 2193 est,
2949 2134 3005 2182 et
3035 2126 3177 2183 Deus
3212 2128 3352 2183 Deus
3380 2136 3485 2194 est,

1876 2232 2029 2276 extra
2059 2218 2432 2289 exceptionem
2465 2220 2580 2276 veri
2612 2219 2706 2276 Dei
2743 2221 2817 2276 sit
2858 2220 2912 2276 in
2956 2219 3297 2291 professione
3334 2236 3489 2276 com-

1879 2312 2048 2379 muni,
2102 2327 2334 2383 eumque
2372 2312 2531 2367 sicuti
2580 2328 2680 2369 nos
2729 2321 2786 2369 et
2832 2314 3132 2370 creationis
3185 2314 3485 2370 necessitas

1874 2407 2108 2462 creatori
2156 2406 2267 2461 Deo
2314 2405 2534 2473 subdat,
2563 2417 2617 2463 et
2665 2407 2888 2478 adoptio
2914 2417 3158 2463 assumat
3187 2408 3239 2463 in
3273 2408 3480 2476 ﬁlium;

1875 2501 1984 2571 jam
2016 2515 2147 2555 vero
2179 2499 2324 2556 nulla
2355 2501 2405 2555 in
2435 2515 2500 2555 eo
2529 2501 2725 2555 divinae
2772 2511 2981 2556 natura:
3009 2502 3313 2572 proprietas
3337 2502 3486 2559 exis-

1882 2594 2118 2649 timanda
2146 2594 2238 2661 sit,
2260 2593 2555 2650 secundum
2585 2592 2834 2663 Apostoli
2876 2594 3078 2650 dictum
3100 2637 3114 2662 ,
3148 2592 3279 2650 Cum
3314 2605 3485 2650 autem

1880 2688 2087 2749 dixerit,
2121 2686 2309 2741 Omnia
2335 2685 2413 2761 (g)
2440 2686 2666 2759 subjecta
2695 2697 2836 2756 sunt,
2885 2700 3070 2758 printer
3095 2706 3214 2744 eum
3238 2691 3325 2761 qui
3362 2690 3488 2745 sub-

1873 2781 1998 2851 jecit
2026 2781 2070 2834 ei
2098 2782 2305 2847 omnia;
2330 2779 2407 2853 (7)
2437 2778 2515 2853 (lt)
2540 2797 2655 2834 cum
2677 2782 2812 2835 enim
2838 2783 3027 2851 fuerint
3051 2781 3280 2847 subiecta
3304 2784 3351 2837 ei
3377 2796 3489 2837 ont-

203 2882 418 2950 possibile
433 2894 504 2938 est
525 2928 541 2951 ,
571 2892 798 2937 transeat
841 2883 977 2936 calix
1016 2884 1107 2935 istc
1136 2899 1166 2934 η
1194 2898 1270 2935 me
1298 2879 1538 2951 (Ibidem,
1568 2876 1660 2951 δ”)
1685 2894 1698 2940 ;
1728 2887 1783 2931 et
1882 2873 1988 2934 nia.
2019 2881 2142 2927 tunc
2168 2882 2215 2927 et
2238 2873 2348 2942 ipse
2374 2872 2672 2946 subjicietttr
2697 2874 2743 2927 ei
2768 2873 2854 2941 qui
2880 2874 2927 2927 ei
2950 2873 3165 2943 subjecit
3202 2875 3394 2940 omnia,
3428 2884 3484 2928 at

203 2974 334 3043 illud,
363 2975 585 3032 Calicem
617 2994 765 3048 quem
795 2976 933 3030 dedit
956 2973 1078 3029 mihi
1111 2974 1267 3029 Pater
1293 2990 1452 3036 mens,
1484 2988 1586 3026 non
1615 2971 1782 3025 bibam
1882 2967 1946 3020 sit
1979 2965 2115 3021 Deus
2143 2967 2317 3021 omnia
2339 2966 2395 3019 in
2410 2966 2644 3021 omnibus
2669 2966 2714 3037 (1
2736 2964 2855 3025 Cor.
2880 2983 2949 3022 xv
2969 3009 2983 3035 ,
3036 2967 3128 3034 27,
3177 2967 3247 3023 28
3264 2968 3306 3040 ).
3349 2968 3486 3036 Quia

203 3070 501 3142 ram(loan.
532 3086 694 3136 xvm,
723 3069 858 3141 ll)?
886 3071 1150 3139 longeque
1181 3069 1454 3122 diversum
1476 3067 1546 3121 sit
1577 3081 1591 3118 :
1622 3063 1779 3129 Deus,
1883 3059 2150 3130 subjectio
2171 3068 2229 3115 et
2258 3058 2623 3116 inﬁrmitatem
2652 3060 2879 3131 subjecti
2911 3071 3258 3132 protestetur,
3287 3075 3341 3119 et
3385 3065 3485 3120 do-

204 3161 324 3219 Deus
342 3180 497 3232 meus,
521 3181 684 3236 quare
714 3180 792 3218 me
815 3157 1613 3236 dereliquisti(tl1att.xxvn,46)
1636 3160 1780 3231 1'21
1887 3151 2145 3206 minantis
2183 3150 2452 3222 signiticet
2497 3159 2817 3222 potestatem
2849 3170 2863 3206 :
2895 3154 2946 3209 in
2995 3154 3079 3209 his
3122 3172 3337 3227 quoque
3360 3171 3486 3213 cum

210 3254 275 3327 (3)
297 3258 356 3312 ab
377 3274 437 3313 eo
466 3276 481 3313 :
509 3258 676 3312 Amen
698 3257 815 3310 dico
846 3257 971 3320 tibi,
1006 3256 1156 3309 ltodic
1203 3270 1371 3308 meum
1406 3253 1506 3308 eris
1552 3253 1605 3305 in
1629 3267 1783 3321 para—
1809 3242 1854 3305 C
1888 3259 2097 3299 summa
2161 3244 2439 3315 religionis
2488 3245 2952 3303 demonstratione
3002 3248 3298 3305 tractandis
3349 3250 3489 3306 liber

206 3348 299 3404 diso
321 3350 464 3420 (Luc.
497 3368 662 3417 χχιιι,
686 3350 783 3421 45)
813 3369 824 3405 :
858 3346 942 3424 (4)
968 3349 1192 3404 multum
1216 3364 1427 3419 quoque
1450 3346 1738 3402 dissentiat
1764 3362 1777 3399 :
1887 3337 2204 3393 undecimus
2233 3346 2548 3407 occupatur,
2597 3340 2704 3410 22
2731 3339 2893 3394 etiam
2921 3356 2986 3394 ex
3016 3339 3100 3395 bis
3144 3340 3278 3411 ipsis
3328 3340 3488 3398 dictis

203 3439 356 3511 Pater,
378 3444 679 3499 commendo
705 3444 758 3498 in
778 3459 959 3496 ntanas
986 3451 1102 3495 tuas
1122 3441 1359 3511 spiritum
1404 3454 1569 3493 meum
1615 3434 1777 3505 (Ibid.
1884 3431 2195 3501 apostolicis
2214 3431 2619 3498 demonstrans,
2649 3449 2753 3488 non
2785 3433 2944 3488 modo
2967 3450 3074 3490 non
3101 3434 3169 3491 ad
3191 3436 3489 3494 divinitatis

1883 3522 2251 3580 inﬁrmitatem
2277 3524 2666 3594 snbjectionem
2701 3524 2983 3593 proﬁcere,
3006 3527 3103 3582 sed
3132 3542 3227 3596 per
3251 3543 3373 3583 eam
3404 3530 3485 3598 ip-

1885 3630 2001 3672 sam
2040 3617 2246 3688 (supple
2271 3656 2287 3683 ,
2312 3613 2727 3688 subjectinnem)
2751 3616 3032 3674 veritatem
3087 3618 3217 3688 Dei,
3251 3619 3329 3692 (8)
3359 3620 3483 3689 quia

1900 3710 1961 3782 (i)
2016 3727 2083 3766 ex
2132 3711 2241 3767 Deo
2285 3712 2560 3778 sitnatus,
2609 3711 2817 3767 ostendi
2848 3730 2859 3765 :
2890 3721 2944 3769 et
2980 3728 3077 3785 per
3112 3714 3187 3781 id,
3216 3717 3358 3787 quod
3383 3716 3485 3772 sibi

1885 3818 1949 3858 ac
1973 3803 2129 3859 nobis
2153 3812 2209 3859 et
2251 3804 2408 3859 Pater
2453 3812 2606 3874 pater
2630 3815 2716 3860 cst
2756 3814 2814 3861 et
2842 3804 2982 3861 Deus
3031 3807 3172 3864 Deus
3198 3816 3303 3877 est,
3331 3810 3490 3865 nobis

1888 3898 2112 3952 multum
2134 3899 2356 3969 acquiri,
2382 3906 2438 3954 et
2460 3898 2511 3952 ei
2532 3898 2660 3952 nihil
2684 3898 2927 3968 detrahi;
2954 3916 3075 3957 cum
3099 3902 3307 3958 scilicet
3323 3903 3488 3960 homo

1889 4002 2064 4059 natus,
2086 4000 2140 4047 et
2164 3992 2429 4047 universis
2451 3991 2632 4047 carnis
2651 4004 2849 4048 nostra:
2881 3994 3223 4064 passionibus
3245 3996 3481 4059 functus.

1887 4084 1953 4139 ad
1988 4087 2149 4139 Deum
2173 4091 2228 4139 et
2256 4084 2465 4138 Patrem
2496 4092 2739 4138 nostrum
2763 4124 2779 4150 ,
2812 4084 2885 4159 (j)
2916 4095 2974 4142 ιιι
3016 4086 3178 4145 homo
3207 4098 3392 4147 noster
3434 4091 3488 4146 in

1888 4176 2056 4232 Deum
2083 4175 2465 4248 gloriﬁcandus
2488 4175 2870 4233 adscenderet.

202 3534 280 3607 53)
302 3552 315 3599 ζ
337 3536 546 3591 etillud
568 3578 582 3599 ,
618 3534 796 3599 Pater,
830 3535 1028 3589 remitte
1061 3533 1189 3598 illis,
1232 3532 1353 3602 quia
1399 3530 1536 3601 quod
1584 3529 1779 3600 faciunt

204 3630 404 3684 nesciant
432 3628 690 3705 (Ibidem,
723 3628 813 3697 '55)
851 3645 863 3683 :
899 3628 963 3682 ad
996 3627 1327 3697 impietatem
1360 3623 1437 3695 (tl)
1470 3622 1783 3679 reciderunt
1814 3638 1819 3643 '

203 3720 479 3777 divinorum
517 3722 787 3776 dictorum
848 3723 1150 3789 incapaces.
1181 3719 1249 3773 Et
1273 3733 1393 3772 cum
1437 3731 1541 3771 non
1585 3730 1773 3771 convc-

205 3814 297 3867 niat
319 3815 659 3885 trepidationi
685 3824 737 3868 et
760 3813 1021 3877 libertati,
1069 3810 1398 3867 festinationi
1444 3818 1499 3864 et
1557 3823 1783 3863 excusa-

200 3905 319 3960 tinni
339 3950 352 3972 ,
379 3906 619 3978 querela:
642 3918 695 3961 et
723 3903 1092 3959 adhortatioui
1112 3946 1125 3968 ,
1155 3901 1473 3957 difﬁdentiae
1518 3908 1573 3955 et
1620 3900 1783 3953 inter-

203 4000 430 4067 cessioni,
454 4000 657 4056 divina:
686 3997 1039 4069 professionis
1063 4004 1377 4065 natumque
1410 3994 1777 4057 immemores,

202 4092 259 4146 ad
280 4104 649 4165 argumentum
682 4091 973 4162 impietatis
1004 4105 1115 4145 sum
1138 4134 1152 4157 ,
1189 4085 1612 4158 dispensationis
1629 4094 1782 4156 gesta

201 4192 250 4238 ct
273 4184 402 4241 dicta
430 4195 744 4243 tenuerunt.
762 4184 946 4255 itaque
974 4198 1073 4239 nos
1098 4181 1486 4238 demonstratis
1504 4177 1780 4242 omnibus,

264 4347 339 4414 ut
378 4347 608 4402 Videtur.

268 4418 339 4492 (ἓ)
370 4417 498 4492 Tum
523 4416 761 4492 eumdem
773 4457 787 4470 .

264 4482 336 4563 (ὃ)
371 4491 427 4545 In
450 4486 1004 4563 superioreeditione
1034 4500 1135 4563 pro
1156 4484 1218 4563 ab
1247 4501 1326 4549 eo,
1356 4483 1581 4563 nt_legit
1624 4482 1781 4537 Eras.

206 4555 559 4633 mus'qunqué.
595 4560 919 4626 habebatur,
952 4568 1041 4611 aut
1075 4557 1208 4612 illud
1232 4571 1252 4611 :
1280 4555 1560 4613 mendose.

267 4631 361 4705 (4)-
379 4631 722 4704 Multumque.

272 4706 342 4777 (5)
384 4705 819 4770 Derclinqnimus.

268 4862 335 4936 (a)
361 4862 418 4919 In
443 4863 672 4934 vulgatis
694 4904 709 4927 ,
732 4860 952 4916 videtur.
987 4858 1177 4936 Melius
1215 4858 1474 4913 videretur
1505 4858 1555 4936 in
1582 4855 1777 4928 pleris-

205 4929 440 5002 queinss.
472 4929 601 4991 liti-c
620 4936 767 4990 enim
790 4974 804 4998 ,
835 4932 1191 5001 utsnperiora
1238 4939 1397 4999 atque
1448 4929 1783 5002 subsequen—

207 5001 305 5087 tia,
335 5023 439 5063 uno
479 5018 668 5064 tenore
721 5004 1069 5077 proferuntur
1096 5019 1160 5059 ex
1207 5004 1475 5058 sententia
1529 5001 1786 5055 adversa—

203 5089 415 5139 norum.

291 5149 342 5222 ὁ)
384 5151 735 5222 Remigianus
750 5147 923 5203 codex
950 5144 1232 5222 vetustior,
1256 5154 1363 5198 tum
1384 5143 1615 5222 eumdem
1629 5141 1783 5196 hunc.

291 5150 317 5203 b
384 5151 735 5222 Remigianus
750 5150 923 5203 codex
950 5150 1232 5211 vetustior,
1256 5154 1363 5198 tum
1384 5150 1615 5198 eumdem
1629 5150 1783 5196 hunc.

269 5150 342 5294 {ei
362 5223 584 5277 Additur
615 5219 717 5276 Dei
738 5222 790 5275 in
813 5221 1039 5289 vulgatis
1069 5236 1083 5278 :
1118 5232 1236 5289 qua:
1264 5232 1368 5272 vox
1395 5231 1569 5288 neque
1600 5217 1650 5268 in
1686 5229 1786 5269 ms.

208 5302 397 5360 exstat,
428 5311 524 5351 nec
552 5295 604 5348 in
631 5308 809 5363 graeco
837 5299 1005 5363 textu.

280 5365 354 5435 (tl)
392 5367 445 5421 lu
468 5380 578 5421 uno
606 5362 795 5420 e’mss.
828 5362 980 5419 Colb.
1007 5369 1342 5435 recesserunt.

275 5429 346 5508 (e)
381 5438 723 5493 [letnovimus
770 5436 893 5513 hinc
921 5432 1531 5513 verba_,_atlsacramenti
1574 5429 1786 5513 religio-

212 5503 335 5583 Ξειζζζ
365 5525 477 5579 (tute
514 5525 620 5565 non
667 5506 1097 5583 reperimttsnisi
1125 5503 1178 5558 in
1207 5520 1316 5560 uno
1344 5521 1448 5583 tn_s.
1479 5503 1786 5583 recentiore

211 5574 352 5653 Coll».
379 5572 430 5636 et
470 5572 869 5653 supervacanea
902 5577 1152 5653 videntur
1177 5599 1189 5629 :
1218 5591 1342 5653 cum
1371 5574 1616 5653 declaret
1644 5572 1791 5653 llil_a_-

214 5648 316 5722 εἰμι
340 5646 649 5722 simpliciter
679 5664 739 5704 se
783 5650 989 5717 singula
1015 5648 1447 5704 adversariorum
1471 5647 1680 5714 objecta
1713 5646 1793 5697 di-

214 5714 389 5789 luisse,
414 5714 614 5779 nullum
638 5714 1035 5778 dissitttnlasse.

278 5790 346 5862 (Γ)
383 5793 504 5848 Bad.
536 5805 591 5850 et
632 5793 727 5848 Er.
776 5807 896 5847 cum
931 5808 1036 5845 uno
1081 5805 1181 5844 ms.
1211 5790 1368 5845 Coll).
1415 5795 1795 5862 sacramentum

220 5858 539 5921 nodationis.
565 5864 713 5935 Lips.
739 5872 795 5920 et
816 5864 937 5919 Par.
964 5863 1268 5918 sacramenti
1288 5861 1638 5917 revelationes.
1671 5858 1792 5914 Vat.

1813 4683 1869 4743 D

1968 4335 2048 4410 (6)
2086 4334 2159 4410 Et
2178 4336 2246 4410 ad
2276 4333 2463 4410 Deum.

1964 4404 2044 4485 (7)
2085 4407 2291 4485 Verba_,_
2314 4424 2432 4478 qua:
2461 4405 2523 4485 Ρ..
2557 4404 2871 4464 Custantins
2901 4409 3240 4485 bicadnotat
3262 4422 3486 4485 practer-

1894 4479 2029 4562 mitti
2072 4495 2101 4534 a
2135 4478 2377 4562 pluribus
2408 4479 2625 4550 optimae
2670 4491 2809 4536 notae
2834 4482 3134 4555 codicibus,
3162 4495 3217 4541 et
3242 4478 3275 4541 ὁ
3296 4498 3489 4545 nostro

1896 4559 2401 4622 prmtcrmittuntttr.

1965 4621 2045 4695 (8)
2089 4623 2191 4691 Qui
2210 4639 2276 4679 ea:
2307 4621 2433 4678 Deo.

1886 4851 2004 4906 bas.
2032 4867 2132 4906 ms.
2157 4854 2460 4906 sacramenti
2482 4850 2800 4921 religionem.
2832 4849 3022 4906 Verius
3044 4852 3153 4918 alii,
3178 4862 3486 4915 sacramenti

1886 4924 2267 4998 reuelationem,
2291 4923 2433 4998 scil.
2473 4922 2632 4998 Verbi
2676 4923 2729 4975 in
2757 4936 2924 4976 carne
2968 4922 3487 4998 manifestationem,

1888 4996 2030 5066 quod
2073 4995 2224 5063 juxta
2274 4994 2593 5063 Apostolum
2640 5002 3041 5048 sacramentum
3087 5006 3171 5051 est
3200 5013 3228 5052 a
3274 4994 3487 5061 sacculis

1890 5066 2287 5121 absconditum.

1969 5137 2045 5211 (ῃ)
2090 5136 2248 5211 Editi
2271 5136 2357 5190 hic
2392 5134 2652 5211 adjiciunt
2678 5147 2975 5211 pronomen
3004 5139 3071 5204 ei,
3102 5141 3245 5210 quod
3284 5144 3379 5203 lib.
3438 5163 3492 5203 χι

1894 5204 2172 5264 omittunt.
2207 5206 2448 5275 Utroque
2478 5207 2531 5260 in
2565 5206 2682 5261 loco
2706 5204 2807 5260 sibi
2835 5215 3087 5266 constant
3106 5204 3238 5269 mss.

1964 5278 2044 5351 (lt)
2090 5277 2282 5354 Verba,
2312 5293 2430 5331 cum
2451 5278 2583 5331 enim
2615 5277 2807 5354 fuerint
2837 5278 3067 5349 subiecta
3097 5283 3143 5337 ei
3172 5288 3363 5354 omnia,
3409 5289 3498 5347 hic

1891 5348 2075 5423 plures
2107 5349 2285 5429 probae
2305 5360 2446 5403 nuta:
2477 5348 2634 5415 tuss.;
2670 5348 2809 5404 libro
2838 5362 3017 5407 autem
3047 5357 3216 5422 xt,‘u.
3244 5358 3280 5412 8
3307 5348 3365 5415 et
3397 5361 3492 5429 2'2,

1890 5422 2078 5478 Omnes
2106 5422 2377 5477 omittunt.

1968 5494 2030 5569 (i)
2060 5495 2125 5574 _ln
2176 5508 2307 5550 mss.
2352 5491 2473 5548 Vat.
2504 5493 2625 5574 bas.
2661 5493 2891 5574 aliisque
2920 5498 3241 5574 potioribus,
3296 5504 3385 5574 qui
3426 5523 3493 5560 ex

1895 5566 2002 5623 Deo
2028 5567 2094 5640 s_it
2115 5576 2264 5620 natus
2284 5580 2439 5640 anon
2467 5566 2574 5621 alio
2598 5581 2779 5621 sensu.
2809 5566 3102 5625 Contendit
3142 5566 3318 5640 porro'
3344 5577 3493 5631 Hila-

1894 5642 2007 5696 rius
2037 5638 2231 5712 Filium
2282 5637 2404 5693 ideo
2455 5639 2797 5712 subjectum,
2850 5640 2974 5706 quia
3031 5637 3184 5699 natus
3233 5648 3338 5712 sit;
3374 5650 3496 5701 inde

1897 5726 2026 5767 vero
2054 5709 2196 5780 quod
2225 5719 2380 5764 natus
2409 5725 2476 5765 ex
2526 5711 2635 5765 Deo
2661 5709 2755 5776 sit,
2788 5726 2970 5766 veram
2998 5713 3096 5769 Dei
3127 5709 3374 5773 naturain
3406 5720 3499 5771 oh-

1901 5787 2100 5839 tinere.

1975 5855 2063 5926 (3').
2104 5854 2203 5911 Mt
2248 5853 2333 5910 hic
2376 5852 2735 5927 supplendum
2763 5854 2985 5914 verbum
3024 5856 3502 5926 adscendetit,qtto
