3960 6202
511 274 580 328 Η
1731 266 1975 326 SANGTI
2018 266 2275 329 HILARII
2314 269 2621 331 EPISCOPl
3748 274 3809 339 ιι

579 394 670 449 54.
716 392 868 447 Liber
897 407 971 447 xu
1024 391 1273 446 Ariauam
1298 389 1535 444 hwresim
1558 389 1785 460 apertius
1822 400 2103 461 expugnat.
2140 396 2181 454 A
2212 394 2278 449 Et
2323 395 2450 466 quia
2495 394 2627 450 dicti
2658 392 2959 465 prophetici
2990 392 3167 459 inscii,
3201 400 3255 447 et
3295 390 3536 448 caelestis
3559 389 3809 447 doctrina)

506 486 557 541 Γ
558 489 707 542 ilium
735 486 830 541 Dei
854 488 929 541 ita
954 496 1133 540 uatum
1178 499 1288 538 esse
1316 491 1373 537 ut
1418 498 1618 555 semper
1644 483 1819 551 fuerit.
1853 514 1926 524 —
1953 483 2107 552 Quod

505 591 685 638 autem
710 581 763 636 in
789 582 931 636 omni
955 594 1155 651 genere
1181 577 1550 636 doctrinarum
1584 577 1865 634 observari
1893 593 2111 647 semper

506 676 873 742 meminimus,
902 682 959 728 ut
983 673 1029 730 si
1054 673 1146 745 qui
1169 672 1261 728 diu
1291 675 1436 728 tenui
1463 671 1696 742 primum
1721 672 2110 729 exercitatione

507 765 589 841 (l)
617 767 885 837 longoque
929 779 1028 820 usu
1073 764 1380 820 humilioris
1425 763 1587 818 studii
1641 763 1843 820 fuerint
1888 763 2108 832 eruditi,

505 869 619 914 tum
639 858 751 929 jam
782 856 848 913 ad
893 873 1072 913 rerum
1101 857 1359 929 ipsarum,
1384 856 1577 927 quibus
1621 856 1813 911 imbuti
1840 865 1987 924 sunt,
2016 874 2110 914 ex—

505 954 805 1024 perimenta
854 949 936 1023 (9.)
984 951 1300 1015 mittantur;
1349 958 1407 1005 ut
1431 965 1555 1005 cum
1589 949 1700 1019 jatn
1726 950 1861 1005 bene
1887 949 2113 1006 luserint

506 1045 647 1102 bella
676 1044 994 1110 militaturi,
1028 1045 1083 1099 in
1124 1045 1371 1099 militiam
1419 1044 1840 1114 protrahantur;
1869 1052 1961 1100 aut
1985 1060 2109 1101 cum

509 1137 753 1193 forenses
778 1137 901 1193 lites
924 1136 1001 1208 (a)
1030 1137 1296 1193 scholaris
1323 1137 1567 1192 materiae
1607 1137 1952 1204 tentaverint,
1986 1149 2112 1195 tunc

509 1231 791 1285 mittantur
813 1229 880 1285 ad
909 1229 1255 1284 tribunalium
1291 1244 1523 1300 pugnas;
1553 1238 1645 1284 aut
1673 1245 1794 1285 cum
1819 1230 1872 1284 in
1903 1230 2111 1301 stagnis

505 1323 821 1380 domesticis
862 1323 1042 1379 navim
1088 1333 1248 1378 nauta
1277 1322 1579 1393 intrepidus
1604 1322 1943 1391 instruxerit,
1982 1334 2108 1378 tunc

505 1421 683 1491 magni
722 1428 776 1476 et
818 1419 1087 1491 peregrini
1134 1417 1300 1473 maris
1324 1417 1698 1474 committatur
1726 1418 2025 1488 procellis:
2057 1418 2111 1473 id

504 1514 680 1584 ipsum
708 1529 804 1569 nos
828 1513 884 1569 in
910 1513 1010 1568 hac
1054 1513 1288 1567 maxima
1331 1519 1387 1567 et
1409 1510 1728 1581 gravissima
1776 1512 1940 1566 totius
1985 1509 2108 1565 ﬁdei

503 1608 860 1681 intelligentia
886 1606 1066 1662 facere
1093 1605 1423 1661 curavimus.
1454 1602 1696 1674 Namque
1721 1617 1846 1658 cum
1889 1612 2050 1658 antea
2079 1617 2110 1657 a

503 1702 718 1759 levibus
744 1701 912 1756 initiis
935 1700 1002 1754 de
1026 1698 1324 1763 uativitate,
1352 1698 1419 1753 de
1445 1699 1685 1760 nomine,
1714 1696 1783 1750 de
1806 1695 2108 1761 divinitate,

2214 486 2445 556 imperiti
2479 486 2558 557 (5)
2591 495 2750 551 sunt;
2784 497 3042 555 corrupto
3063 499 3229 540 sensu
3251 500 3314 540 ac
3339 484 3675 555 proprietate
3698 499 3811 539 scn-

2213 583 2396 638 tentiac
2416 592 2658 640 creatum
2688 597 2811 639 esse
2842 598 2935 653 per
2957 581 3008 637 id
3043 582 3206 637 Deum
3239 581 3417 652 potius
3437 595 3604 652 quam
3632 592 3803 634 natum

2211 677 2483 733 affirmare
2510 677 2773 742 nituntur,
2800 677 2925 746 quia
2964 675 3167 731 dictum
3197 685 3303 738 est,
3354 674 3608 729 Dominus
3634 676 3809 729 crearit

2211 785 2292 823 me
2326 766 2405 840 (4)
2436 769 2489 823 in
2531 769 2735 824 initium
2784 768 2867 840 (ά)
2920 769 3121 822 uiarum
3170 782 3380 821 enarunt
3433 768 3487 820 in
3529 782 3688 837 opera
3727 783 3809 820 sua

2213 859 2401 933 (Prov.
2435 875 2546 925 vm,
2581 858 2702 932 22);
2738 868 2796 914 ut
2840 861 2912 915 sit
2952 875 3017 915 ex
3044 859 3314 915 communi
3360 858 3698 913 creationum
3723 874 3809 913 na-

2213 964 2352 1018 tura,
2385 955 2510 1011 licct
2531 957 2603 1009 sit
2625 954 2965 1023 praestantior
2991 954 3043 1008 in
3067 969 3268 1025 genere
3289 953 3617 1019 creationis;
3646 969 3809 1024 neque

2214 1047 2266 1101 in
2341 1062 2407 1103 eo
2474 1046 2543 1101 sit
2601 1045 2772 1116 gloria
2834 1046 3029 1101 divina:
3107 1045 3451 1114 nativitatis,
3508 1044 3607 1101 sed
3656 1045 3812 1101 virtus

2216 1138 2451 1210 potentis
2496 1145 2779 1194 creaturae.
2814 1137 3015 1194 Verum
3060 1152 3161 1193 nos
3212 1138 3344 1193 nihil
3398 1152 3637 1205 novum,
3691 1138 3808 1193 nihil

2214 1231 2554 1287 extrinsecus
2583 1244 2973 1303 praesumptum
2997 1230 3309 1296 afferentes,
3334 1231 3453 1302 ipso
3474 1232 3568 1288 illo
3590 1232 3811 1302 Sapien-

2215 1324 2304 1379 tia:
2335 1323 2645 1379 testimonio
2688 1323 2968 1381 veritatem
3013 1323 3139 1379 dicti
3181 1324 3558 1396 rationemque
3593 1334 3810 1396 prtesta-

2214 1415 2413 1484 bimus,
2446 1430 2624 1487 neque
2653 1416 2719 1470 ad
2753 1415 3045 1472 nativitatis
3074 1416 3276 1472 divina:
3302 1427 3356 1473 et
3384 1427 3606 1473 αξιοι-ηερ
3627 1417 3815 1473 intelli-

2213 1510 2450 1579 gentiam
2482 1508 2621 1564 trahi
2647 1523 2828 1579 posse,
2878 1509 3023 1580 quod
3056 1509 3108 1563 in
3141 1510 3357 1566 initium
3385 1511 3591 1567 viarum
3624 1511 3719 1567 Dei
3760 1520 3810 1567 et

2217 1601 2269 1655 in
2292 1615 2454 1670 opera
2476 1600 2547 1656 sit
2576 1610 2811 1667 creatus,
2844 1601 2968 1672 quia
3009 1617 3116 1656 non
3150 1601 3292 1658 idem
3339 1604 3411 1659 sit
3438 1603 3490 1658 in
3526 1602 3643 1660 haec
3671 1618 3815 1659 crea-

2218 1702 2329 1749 tum
2363 1709 2503 1761 esse,
2534 1704 2589 1750 et
2615 1705 2741 1750 ante
2762 1696 2943 1750 omnia
2983 1705 3166 1751 natum
3196 1711 3357 1753 esse:
3387 1711 3511 1752 eum
3543 1698 3630 1753 ubi
3681 1698 3812 1752 nati-

504 1796 574 1853 de
601 1795 828 1851 veritate
853 1793 1011 1849 ﬁdem
1043 1801 1285 1849 teneram
1326 1791 1730 1856 imbuissemus,
1759 1805 1823 1845 ac
1850 1789 1956 1846 leni
1981 1804 2108 1859 pro-
2136 1790 2184 1851 Β
2213 1786 2393 1841 vitatis
2435 1785 2757 1857 signiﬁcatio
2799 1796 2905 1854 est,
2934 1788 3048 1842 sola
3077 1788 3371 1844 nativitatis
3399 1788 3669 1858 professio
3697 1796 3809 1855 est;

507 1889 649 1945 fectu
678 1888 840 1944 etiam
866 1900 1036 1956 usque
1058 1883 1127 1939 ad
1153 1883 1467 1940 evellendas
1512 1897 1700 1938 omnes
1727 1880 2109 1936 haereticorum

504 1977 841 2043 occasiones,
895 1976 1185 2048 legentium
1212 1973 1390 2030 studia
1432 1966 1844 2038 extulissemos;
1875 1983 1986 2027 tum
2019 1987 2112 2027 eos

499 2072 611 2142 jam
640 2071 707 2126 ad
736 2071 906 2141 ipsam
957 2070 1261 2139 palaestram
1287 2067 1510 2137 gloriosi
1555 2066 1870 2122 certaminis
1903 2065 2114 2137 magni-

501 2180 609 2235 que
636 2162 1023 2235 produximus:
1055 2171 1113 2217 ut
1142 2162 1193 2216 in
1220 2171 1480 2232 quantum
1523 2158 1590 2214 ad
1621 2169 1836 2215 reterns:
1861 2157 1938 2230 (b)
1970 2159 2111 2214 nati-

507 2260 687 2314 vitatis
726 2256 1194 2329 complectendam
1233 2255 1642 2327 intelligentiam
1691 2255 1924 2310 humana
1955 2271 2111 2311 mens

505 2349 812 2408 communis
833 2364 1026 2405 sensus
1046 2347 1301 2418 opinione
1323 2346 1592 2410 deficitur,
1612 2348 1663 2402 in
1684 2356 1889 2402 tantum
1915 2347 2113 2404 studiis

505 2447 703 2503 divinis
744 2445 813 2500 ad
852 2444 1135 2501 seruiendo
1183 2458 1279 2510 ea,
1308 2457 1428 2512 quae
1462 2442 1598 2496 ultra
1645 2450 1853 2496 natura:
1903 2450 2111 2497 nostra:

503 2541 811 2614 opinionem
835 2547 981 2604 sunt,
1010 2538 1344 2603 niterentur;
1372 2534 1725 2605 quaestionem
1773 2533 1915 2589 hanc
1941 2533 2111 2588 maxi-

503 2650 592 2691 me
619 2633 999 2697 dissolventes,
1031 2646 1152 2702 quae
1178 2627 1455 2684 saecularis
1504 2625 1785 2696 sapienti-.e
1837 2624 1911 2697 (c)
1943 2624 2111 2680 hebe-

505 2726 691 2783 tudine
715 2725 1075 2788 inVaIescens,
1108 2720 1176 2777 de
1204 2720 1436 2776 Domino
1462 2718 1591 2774 Jesu
1638 2718 1850 2772 ratione
1874 2734 1933 2773 se
1957 2727 2110 2788 putet

504 2821 723 2877 dicere:
753 2816 882 2872 Erat
906 2814 1113 2886 quando
1139 2830 1240 2868 non
1265 2821 1395 2878 erat,
1428 2819 1505 2876 et,
1535 2809 1658 2863 Non
1685 2809 1785 2877 fuit
1810 2818 1927 2863 ante
1955 2825 2108 2877 quam

504 2924 813 2983 nasceretur,
869 2922 945 2979 et,
973 2911 1052 2966 De
1081 2926 1183 2964 non
1208 2907 1524 2963 exstantibus
1551 2908 1722 2976 factus
1742 2914 1816 2961 est
1845 2921 1863 2960 :
1893 2915 1949 2961 ut
1982 2906 2107 2977 quia

503 3011 755 3066 nativitas
777 3022 899 3063 eam
941 3004 1188 3061 videatur
1231 3003 1427 3058 afferre
1468 3004 1710 3068 cauSam,
1741 3011 1800 3055 ut
1824 3007 1972 3057 esset
2017 3000 2106 3071 qui

502 3119 610 3160 non
641 3109 779 3167 erat,
812 3108 1017 3156 etcum
1048 3111 1155 3152 non
1202 3095 1495 3151 exsisteret
1534 3103 1881 3159 nasceretur;
1917 3108 2015 3162 per
2053 3092 2105 3147 id

2218 1880 2303 1935 ubi
2352 1896 2481 1936 vero
2526 1881 2815 1936 creationis
2862 1888 2947 1935 cst
2994 1881 3316 1947 nomen,ibi
3363 1897 3526 1939 causa
3575 1883 3812 1954 ejusdem

2213 1975 2505 2030 crcationis
2546 1975 2784 2030 anterior
2813 1986 2937 2031 est:
2966 1983 3022 2030 et
3064 1991 3185 2030 ('lllll
3213 1986 3341 2031 ante
3379 1977 3563 2032 omnia
3594 1978 3667 2032 sit
3695 1986 3810 2032 nata

2212 2067 2505 2138 Sapientia,
2542 2077 2718 2124 tamen
2764 2069 2886 2139 quia
2916 2069 3077 2125 etiam
3110 2071 3162 2124 in
3206 2085 3292 2126 res
3321 2070 3535 2141 aliquas
3564 2071 3633 2126 sit
3662 2086 3807 2128 crea-

2215 2171 2285 2226 ta,
2324 2177 2431 2217 non
2473 2162 2708 2232 idipsum
2737 2164 2808 2219 sit
2840 2163 2895 2219 id
2917 2164 3060 2234 quod
3091 2174 3218 2220 ante
3244 2165 3423 2219 omnia
3456 2175 3562 2232 est,
3595 2175 3652 2221 ct
3677 2163 3815 2237 quod

2212 2255 2379 2326 coepit
2403 2271 2527 2311 esse
2559 2266 2677 2324 post
2709 2256 2907 2326 aliqua.

2283 2349 2373 2404 56.
2414 2347 2569 2403 Liber
2600 2364 2675 2404 xu
2702 2366 2817 2420 qua:
2845 2350 2908 2404 de
2953 2350 3163 2422 Spiritu
3186 2362 3364 2408 sancto
3387 2354 3682 2424 confitenda
3704 2361 3815 2408 sunt

2210 2444 2392 2515 aperit.
2423 2473 2496 2482 —
2528 2444 2733 2499 Dehinc
2762 2460 3102 2516 consequens
3145 2448 3318 2503 visum
3369 2457 3474 2514 est,
3527 2449 3814 2505 creationis

2198 2536 2432 2591 nomine
2459 2551 2490 2591 a
2520 2535 2646 2604 ﬁde,
2673 2553 2789 2606 qua:
2817 2538 2971 2593 nobis
2993 2538 3061 2594 de
3087 2540 3364 2610 unigenito
3390 2541 3500 2597 Deo
3521 2550 3626 2607 est,
3658 2558 3815 2612 repu-

2210 2630 2376 2694 diato,
2407 2646 2468 2686 ea
2495 2646 2710 2702 quoque
2736 2648 2856 2703 quae
2877 2634 3202 2689 confessioni
3230 2637 3401 2690 sancti
3431 2636 3668 2707 Spiritus
3690 2651 3817 2692 con-

2209 2738 2341 2792 grua
2371 2738 2432 2778 ac
2462 2724 2708 2795 religiosa
2740 2738 2941 2790 essent,
2975 2726 3172 2782 docere
3198 2745 3212 2781 :
3240 2737 3296 2782 ut
3322 2728 3434 2798 jam
3482 2730 3816 2785 confirmatis

2212 2816 2374 2888 longo
2427 2820 2759 2874 anterinrum
2806 2820 3115 2877 libellorum
3162 2821 3515 2893 diligentique
3559 2833 3813 2892 tractatu,

2211 2910 2346 2965 nihil
2377 2910 2445 2967 de
2474 2911 2635 2967 tctius
2663 2912 2783 2968 ﬁdei
2815 2914 3157 2971 absolutione
3194 2916 3431 2985 deesset,
3464 2933 3586 2973 cum
3619 2919 3815 2973 amotis

2211 3003 2520 3058 vitiosarum
2553 3005 2994 3074 praedicationum
3039 3009 3204 3063 etiam
3234 3008 3302 3065 de
3341 3011 3597 3080 opinione
3628 3009 3815 3068 Sancti

2212 3094 2442 3163 Spiritus
2470 3096 2986 3168 irrcligioaitatibus,
3021 3099 3249 3157 illaesum
3297 3110 3459 3173 atque
3488 3102 3815 3158 incontami-

500 3210 715 3268 quoquc
736 3192 1072 3264 unigenitum
1097 3191 1262 3244 Deum
1290 3187 1475 3244 sensui
1500 3197 1804 3258 temporum
1826 3187 2100 3242 subdant:
2132 3177 2177 3242 C
2211 3199 2391 3241 natuzn
2443 3190 2815 3259 regenerantis
2864 3190 3146 3246 Trinitatis
3208 3204 3608 3250 sacramentum
3666 3196 3809 3251 imm

498 3290 675 3365 (quasi
699 3304 830 3345 vero
860 3302 968 3343 non
1015 3286 1182 3342 fuisse
1212 3299 1336 3340 eum
1383 3283 1696 3353 aliquando,
1744 3281 1880 3338 ﬁdes
1907 3282 2022 3353 ipsa
2052 3291 2108 3337 et

501 3385 608 3458 23
635 3383 772 3438 ratio
799 3379 1093 3436 nativitatis
1120 3375 1393 3449 ostendat)
1426 3385 1586 3447 atque
1612 3373 1737 3430 ideo
1772 3391 1836 3430 ex
1867 3388 1935 3431 eo
1961 3372 2107 3446 quod

502 3473 758 3541 nonfuit,
792 3482 974 3528 natum
1017 3486 1140 3528 esse
1178 3469 1381 3533 dicant,
1431 3469 1555 3539 quia
1599 3467 1855 3523 nativitas
1882 3476 2106 3538 prmstet

500 3583 625 3624 esse
650 3566 791 3638 quod
817 3582 922 3622 non
955 3564 1075 3620 l‘uit.
1108 3561 1217 3619 Sed
1248 3577 1347 3616 nos
1392 3560 1710 3630 apostolicis
1751 3569 1914 3631 atque
1942 3576 2107 3615 evan-

499 3660 689 3731 gelicis
732 3656 1053 3712 testimoniis
1092 3669 1308 3725 semper
1340 3652 1554 3708 Patrem
1583 3694 1597 3716 ,
1650 3666 1868 3723 semper
1910 3651 2104 3709 Filium

500 3750 884 3822 praedicantes,
935 3763 1043 3803 non
1094 3755 1215 3818 post
1264 3746 1446 3816 aliqua
1491 3744 1662 3800 Deum
1693 3745 1958 3811 omnium,
2009 3747 2106 3803 sed

502 3851 629 3899 ante
657 3843 838 3899 omnia
867 3855 989 3897 esse
1026 3837 1344 3895 docebimus
1370 3854 1385 3892 :
1418 3852 1596 3908 neque
1627 3836 1867 3893 incidere
1898 3838 1953 3893 in
1980 3854 2105 3894 eum

504 3936 820 4007 irreligiosa:
865 3934 1025 4005 hujus
1073 3931 1454 4002 intelligentia:
1501 3930 1864 3985 temeritatem
1891 3971 1907 3998 ,
1939 3940 2001 3986 ut
2038 3930 2107 3988 de

504 4047 611 4087 non
640 4029 980 4087 exstantibus
1007 4035 1345 4093 nasceretur,
1375 4034 1431 4081 et
1468 4040 1575 4081 non
1601 4025 1768 4081 fuerit
1791 4035 1916 4083 ante
1942 4042 2105 4098 quam

504 4136 662 4181 natus
693 4124 795 4190 sit;
826 4123 921 4179 sed
951 4122 1025 4178 ita
1048 4136 1267 4192 semper
1292 4120 1483 4185 fuisse,
1516 4128 1577 4174 ut
1601 4126 1658 4176 et
1678 4129 1863 4175 natum
1906 4120 2107 4192 prtedi-

504 4232 724 4283 ceruus;
756 4217 830 4272 ita
858 4232 986 4272 vero
1012 4223 1194 4272 natum
1227 4229 1371 4280 esse,
1405 4222 1462 4268 ιιι
1490 4228 1705 4284 semper
1737 4213 1902 4270 fuisse
1932 4215 2105 4271 mani-

504 4310 801 4367 festemus:
831 4310 1008 4382 sitque
1032 4311 1085 4365 in
1118 4324 1184 4364 eo
1207 4323 1312 4364 non
1344 4306 1781 4364 innascibilitatis
1828 4308 2101 4379 exceptio,

504 4403 600 4460 sed
637 4402 930 4459 nativitatis
960 4401 1267 4467 aeternitas;
1312 4399 1437 4471 quia
1468 4409 1521 4455 et
1547 4398 1801 4455 nativitas
1825 4408 2103 4459 auctorem

504 4500 724 4565 habeat,
759 4512 933 4570 neque
951 4505 1135 4553 careat
1160 4495 1462 4551 aeternitate
1489 4493 1766 4550 divinitas.

2208 3279 2579 3337 deﬁnitionem
2624 3282 2915 3339 salutarem
2966 3283 3259 3354 apostolica
3293 3295 3455 3355 atque
3501 3284 3817 3357 evangelica

2208 3376 2502 3431 auctoritas
2527 3376 2832 3432 contineret
2863 3392 2876 3428 :
2908 3392 3083 3447 neque
3102 3376 3214 3447 jam
3245 3393 3339 3448 per
3366 3394 3559 3433 sensus
3591 3377 3815 3433 humani

2208 3469 2530 3525 sententiam
2578 3469 2838 3539 Spiritum
2874 3471 2966 3526 Dei
3018 3471 3160 3526 inter
3205 3481 3484 3528 creaturas
3525 3473 3815 3544 qniSqnam

2207 3561 2432 3618 auderet
2458 3563 2679 3628 referre,
2730 3578 2891 3634 quem
2937 3563 3005 3619 ad
3051 3563 3472 3619 immortalitatis
3517 3565 3736 3637 pignus,
3767 3574 3819 3620 et

2208 3659 2274 3714 ad
2319 3658 2515 3715 divina:
2547 3660 2982 3731 incorruptmque
3015 3669 3219 3716 naturae
3250 3661 3585 3717 consortium
3633 3676 3817 3718 sume-

2209 3768 2412 3809 remus.

2279 3843 2388 3917 24
2425 3846 2514 3901 57.
2559 3844 2741 3901 Gratia
2772 3846 2842 3900 ad
2872 3856 3004 3902 recte
3029 3847 3355 3903 scribendum
3381 3850 3680 3905 necessaria
3710 3850 3815 3903 im-

2207 3938 2461 4010 ploratnr.
2491 3937 2706 4010 —-Ego
2750 3938 2967 4010 quidem
3016 3939 3119 3996 hoc
3168 3940 3254 3996 vel
3303 3943 3636 4013 praecipuum
3690 3942 3819 3998 vita:

2209 4045 2343 4084 mea:
2363 4029 2601 4086 ofﬁcium
2623 4030 2824 4088 debere
2847 4047 2932 4087 me
2956 4031 3072 4093 tibi.
3098 4034 3256 4089 l’ater
3276 4034 3622 4105 omnipotens
3648 4036 3816 4103 Deus,

2207 4122 2456 4179 conscius
2496 4138 2638 4191 sum,
2670 4132 2727 4179 ut
2748 4133 2798 4179 te
2820 4125 2999 4180 omnis
3027 4138 3210 4180 sermo
3239 4141 3392 4181 meus
3416 4135 3473 4182 et
3504 4142 3703 4184 sensus
3733 4126 3817 4183 lo—

2206 4228 2422 4287 quatur.
2454 4215 2640 4286 Neque
2666 4216 2810 4273 enim
2840 4218 3006 4273 ullum
3031 4217 3180 4273 aliud
3210 4219 3384 4289 majus
3416 4221 3705 4290 praemium
3731 4220 3820 4275 hic

2208 4310 2322 4379 ipse
2343 4325 2472 4365 usus
2499 4309 2629 4365 mihi
2651 4325 2681 4365 a
2705 4318 2758 4366 te
2779 4325 3070 4367 concessus
3090 4311 3347 4382 loquendi
3376 4320 3554 4383 potest
3579 4313 3818 4380 referre,

2205 4417 2365 4472 quam
2412 4408 2471 4457 ut
2497 4401 2840 4472 praedicando
2871 4410 2924 4458 te
2968 4402 3061 4458 tibi
3108 4403 3330 4470 serviat,
3364 4412 3523 4475 teque
3553 4405 3701 4477 quod
3733 4421 3820 4470 cs,

2207 4504 2414 4567 patrem
2435 4538 2451 4565 ,
2487 4496 2567 4569 (5)
2595 4506 2804 4569 patrem
2838 4497 3048 4552 scilicet
3086 4496 3347 4568 unigeniti
3378 4497 3504 4565 Dei,
3534 4508 3627 4553 aut
3656 4498 3822 4568 igno-

575 4595 664 4652 ‘55.
708 4592 1057 4666 Exponuntur
1079 4590 1224 4646 verba
1241 4605 1260 4643 :
1282 4588 1542 4645 Dominus
1570 4586 1774 4646 creavit
1795 4603 1905 4655 me,
1932 4598 2104 4645 etc.—
2127 4581 2182 4641 1)
2208 4590 2347 4645 ranti
2374 4588 2596 4657 saeculo,
2631 4598 2723 4644 aut
2749 4589 2966 4660 neganti
2994 4588 3253 4644 heretico
3279 4589 3638 4647 demonstret.
3663 4589 3739 4645 Et
3765 4589 3821 4643 in

577 4738 597 4807 (
608 4734 656 4807 Ι)
697 4734 872 4807 Longo
893 4748 1110 4805 quoque.

602 4801 659 4872 2)
702 4801 1154 4868 Mitt'uniur,'mox
1185 4801 1573 4872 protrahuntur.

577 4872 659 4953 (5)
700 4880 837 4935 Sunt
860 4877 1017 4933 abest
1042 4890 1072 4929 a
1097 4874 1396 4930 Veronensi
1418 4872 1737 4944 exemplari.

507 5023 701 5095 probet
722 5020 953 5095 llilarius
982 5017 1138 5095 nobis
1164 5017 1391 5072 multum
1418 5014 1660 5095 acquiri;
1694 5028 1816 5095 cum
1845 5012 2097 5095 illttjstus

505 5084 867 5155 adscenderit,
920 5100 975 5144 ut
1014 5092 1165 5145 homo
1210 5098 1381 5144 noster
1425 5084 1893 5159 glori/icandttsdin
1934 5084 2096 5159 Deum

506 5164 835 5221 adscenderet
866 5180 879 5217 :
912 5176 1021 5230 quo
1067 5161 1228 5216 modo
1254 5155 1525 5229 superius,
1539 5172 1609 5230 _n.
1649 5156 1934 5230 ll,__dittit,
1973 5155 2101 5210 Ver-

507 5241 624 5293 bum
655 5236 791 5290 Deus
816 5226 1160 5304 rarefactum
1199 5242 1293 5297 est,
1319 5226 1378 5304 ut
1409 5246 1498 5304 per
1524 5227 1697 5304 Deum
1723 5226 1956 5304 _Verbu_m
1982 5243 2099 5281 car-

505 5326 620 5366 nem
646 5298 988 5380 factuntcaro
1019 5303 1284 5372 proﬁceret
1311 5302 1364 5355 in
1396 5298 1573 5380 Deum.
1610 5298 1850 5380 Verbum.
1874 5298 1998 5380 Aut
2013 5312 2099 5380 scf

503 5370 674 5453 quens
726 5377 984 5448 particula
1014 5370 1067 5452 ut
1112 5370 1225 5453 iton
1266 5379 1351 5429 est
1376 5374 1669 5453 causativa,
1726 5370 1819 5453 sed
1873 5370 2098 5453 illudut

504 5443 655 5507 Iiomo
699 5443 888 5509 noster,
940 5443 1165 5515 perinde
1195 5455 1281 5498 est
1320 5458 1404 5504 ac.
1436 5452 1693 5512 tamquam
1737 5446 1887 5495 homo
1916 5450 2102 5515 nostra:

504 5533 704 5576 natura:
733 5535 751 5572 :
781 5510 1063 5587 quod-qui
1089 5515 1272 5587 malet,
1307 5530 1429 5568 mox
1476 5510 1571 5583 pro
1622 5514 1988 5587 adscenderat,
2022 5510 2102 5565 le-

503 5593 734 5666 gendum
767 5582 815 5643 ei
839 5582 1163 5666 adscenderit
1180 5600 1201 5651 ;
1229 5594 1323 5640 aut
1341 5582 1488 5641 certe
1510 5600 1629 5640 eum
1656 5582 1977 5640 Carnutcnsi
2008 5597 2102 5638 co-

499 5658 621 5722 dice
649 5658 933 5717 adscendit.

574 5734 653 5805 (a)
694 5731 767 5788 Ita
796 5730 978 5803 plures
1003 5743 1134 5788 mss.
1181 5728 1289 5787 Alii
1328 5743 1460 5786 vero
1497 5742 1620 5784 cum
1647 5725 1901 5798 vulgatis,
1948 5723 2098 5782 scho-

497 5810 656 5868 tam.

2278 4728 2358 4803 (4)
2403 4730 2457 4786 Μ
2461 4749 2489 4787 e
2509 4731 2736 4787 initium.

2277 4803 2356 4876 (5)
2401 4803 2730 4860 Veronensis
2757 4816 2957 4876 patrem
2984 4821 3089 4863 non
3111 4809 3373 4878 geminat.

2275 5009 2352 5082 (b)
2395 5011 2450 5066 In
2481 5025 2582 5066 ms.
2622 5008 2745 5065 Vat.
2792 5009 2907 5066 bas.
2939 5010 3217 5065 diuinitatis
3246 5018 3557 5082 :corrupte.
3590 5010 3717 5067 Mox
3765 5011 3826 5071 in

2201 5080 2405 5152 aliquot
2432 5084 2574 5145 aliis,
2606 5082 2800 5154 deﬁcit,
2841 5097 2949 5154 _pl'0
2980 5082 3347 5154 deﬁciturgex
3390 5080 3543 5137 scioli
3585 5083 3825 5140 temeri-

2203 5165 2330 5211 tate.
2366 5153 2441 5208 ita
2472 5155 2619 5210 enim
2661 5152 2802 5223 apud
2825 5152 3167 5220 Ciceronem,
3201 5152 3395 5211 Mulier
3436 5155 3665 5209 abundat
3711 5172 3824 5211 au-

2201 5226 2372 5291 dacia,
2406 5225 2624 5280 consilio
2652 5235 2697 5280 et
2720 5224 2919 5279 ratione
2944 5224 3204 5295 deﬁcitur.

2278 5343 2347 5414 (ε)
2391 5341 2611 5417 Veteres
2642 5339 2769 5396 libri
2795 5340 3086 5417 [rebitudine
3112 5358 3125 5394 :
3156 5357 3225 5398 ex
3250 5357 3358 5413 quo
3379 5343 3433 5398 in
3464 5358 3571 5400 uno
3596 5342 3825 5417 Remig.

2210 5412 2377 5488 prave
2404 5414 2708 5469 confectum
2736 5423 2820 5467 est
2850 5412 3168 5468 habitudine.

2282 5507 2360 5578 ((1)
2401 5506 2553 5573 Bad.,
2591 5507 2684 5560 Er.
2716 5513 2769 5560 et
2798 5504 2945 5578 Lips.
2975 5506 3333 5578 initium,sine
3356 5508 3430 5572 in,
3462 5507 3828 5565 consentien-

2209 5576 2351 5634 tibus
2376 5577 2585 5649 aliquot
2610 5578 2845 5646 antiquis
2872 5576 3025 5633 libris
3053 5593 3174 5632 cutn
3196 5577 3362 5634 LXX.
3389 5585 3459 5634 At
3488 5580 3824 5649 particulam

2204 5650 2256 5704 in
2306 5647 2609 5704 addendam
2661 5664 2783 5704 esse
2815 5649 2983 5718 liquet
3032 5658 3143 5704 tum
3173 5665 3238 5705 ex
3289 5647 3568 5717 subnexis,
3597 5662 3713 5706 tum
3750 5667 3830 5709 ex

2206 5721 2300 5804 lib:
2334 5736 2432 5804 itu,
2462 5736 2517 5775 ιι.
2547 5721 2638 5780 35.
2669 5718 2824 5778 Unde
2848 5719 2903 5776 in
2929 5736 3031 5776 ms.
3058 5720 3175 5777 bas.
3210 5719 3330 5777 Vat.
3361 5731 3417 5779 ct
3439 5722 3560 5779 aliis
3587 5723 3826 5794 legitur,

2202 5793 2257 5849 in
2272 5792 2438 5848 initio.
