3960 6202
171 287 238 344 49
1403 287 1490 344 DE
1529 285 1905 345 TRINITATE
1945 287 2152 346 LIBER
2179 291 2244 349 ll.
3393 298 3464 356 50

176 405 270 462 hoc
315 405 528 476 quidem
583 412 789 460 tantum
823 404 1111 460 voluntatis
1160 420 1292 460 mete
1325 405 1590 476 professio
1639 412 1838 470 est:A
1939 411 2250 481 festantibus
2311 429 2479 482 pauca
2539 416 2874 485 praloculus,
2923 418 2993 472 ad
3033 420 3357 477 scribendum
3402 425 3464 478 de

175 510 418 552 caeterum
449 498 572 552 auxi
600 498 634 552 ii
665 510 714 553 et
739 497 1119 554 misericordia:
1145 506 1249 554 tunc
1277 516 1470 554 munus
1491 499 1756 556 orandum

177 601 270 656 εει,
298 601 350 642 ut
381 598 601 645 extensa
632 591 726 644 tibi
754 590 873 644 ﬁdei
905 600 1102 645 nostra:
1138 591 1610 663 confessionisquc
1638 594 1754 647 vela

183 686 299 741 ﬂatu
341 685 570 754 Spiritus
619 687 694 739 tni
727 685 971 754 impleas,
1007 701 1211 755 nosque
1238 687 1291 740 in
1319 701 1536 740 cursum
1563 685 1757 756 praedi-

177 779 389 833 cationis
436 777 580 831 inite
625 778 918 849 propellas.
973 778 1089 833 Non
1122 780 1266 832 enim
1316 780 1474 834 nobis
1523 779 1759 834 inlidelis

178 870 462 940 sponsionis
487 871 639 926 istius
657 883 845 926 auctor
870 880 972 933 est.
1007 872 1192 926 dicens
1219 891 1231 926 :
1267 872 1452 938 Petite,
1479 882 1524 927 et
1553 872 1758 926 dabitur

176 965 334 1030 vobis;
362 965 589 1034 qttterite,
622 975 669 1018 et
711 965 1016 1033 invenietis;
1049 967 1268 1036 pulsate,
1302 978 1349 1020 et
1382 966 1639 1038 aperietur
1669 982 1756 1019 vo-

177 1063 242 1114 bis
270 1059 414 1130 (Luc.
445 1075 517 1125 ΣΙ,
548 1058 630 1130 9).
679 1059 786 1113 Nos
815 1059 1032 1130 quidem
1064 1061 1252 1130 inopes
1282 1075 1344 1113 ea
1387 1059 1582 1128 quibus
1632 1073 1758 1129 ege-

179 1169 290 1206 mus
320 1151 678 1222 precabimur,
711 1152 841 1206 etin
880 1153 1187 1207 scrutandis
1219 1155 1604 1223 prophetarum
1638 1163 1757 1206 tuo-

174 1264 284 1301 rum
312 1247 778 1318 apostolorumqne
819 1246 979 1302 dictis
1005 1249 1241 1301 stmlium
1274 1247 1524 1318 pervicax
1565 1247 1756 1302 alieru-

173 1356 302 1405 mus,
331 1348 384 1394 et
413 1355 599 1395 omnes
639 1341 909 1396 obserata:
937 1341 1308 1412 intelligentia:
1351 1343 1529 1397 aditus
1573 1342 1756 1412 pulsa-

173 1436 365 1488 bimus:
388 1433 477 1488 scd
511 1443 658 1488 tuum
685 1440 789 1498 est,
810 1442 1093 1488 etoratum
1114 1434 1371 1499 tribuere,
1394 1443 1449 1488 et
1465 1435 1752 1504 qnzcsitnm

173 1525 370 1591 adesse,
401 1536 453 1581 et
477 1535 664 1594 patere
696 1526 987 1596 pulsatum.
1019 1527 1320 1596 Torpemns
1343 1527 1487 1580 enim
1517 1525 1752 1595 quodam

175 1630 361 1674 natura:
388 1628 579 1674 nostra:
609 1619 764 1690 pigro
793 1628 1035 1689 stupore,
1068 1630 1122 1675 et
1165 1620 1230 1674 ad
1275 1635 1363 1674 res
1394 1629 1510 1674 tuas
1555 1618 1754 1674 intelli-

173 1713 354 1783 gendas
395 1714 527 1768 intra
561 1714 880 1784 ignorantia:
911 1715 1288 1770 necessitatem
1342 1713 1543 1784 ingenii
1580 1714 1752 1768 nostri

177 1807 522 1861 imbecillitate
544 1806 866 1862 cohibemur
891 1825 902 1860 :
929 1806 1021 1861 sed
1049 1805 1310 1861 doctrina!
1334 1814 1439 1860 tu:c
1469 1805 1645 1860 studia
1682 1804 1749 1859 ad
1781 1811 1829 1871 Β

175 1915 367 1954 sensum
416 1916 512 1954 nos
562 1899 763 1954 divinm
814 1899 1138 1969 cognitionis
1185 1898 1268 1972 (I)
1321 1899 1648 1962 instituunt,
1698 1906 1755 1951 et

178 1995 294 2048 ultra
339 1993 636 2049 naturalem
670 1994 981 2064 opinionem
1015 1992 1137 2047 ﬁdei
1169 1992 1245 2062 (a)
1280 1989 1589 2046 obcdientia
1624 2006 1751 2061 pro-

174 2089 320 2143 vehit.

235 2182 315 2237 38.
357 2183 747 2254 Exspectamus
813 2198 943 2253 ergo
992 2191 1050 2236 ut
1121 2181 1314 2252 trepidi
1377 2182 1538 2252 hujus
1588 2183 1752 2254 ccepti

174 2275 370 2329 exordia
401 2275 612 2340 iucites,
649 2288 703 2330 et
750 2275 992 2344 profectu
1033 2283 1384 2330 accrescente
1431 2275 1749 2341 conﬁrmes,

175 2377 218 2419 et
245 2367 306 2420 ad
329 2368 661 2422 consortium
693 2369 776 2422 vel
821 2368 1153 2438 proiihetalis
1193 2368 1276 2422 vel
1327 2368 1613 2438 apostolici
1639 2369 1751 2437 spi-

175 2461 291 2514 ritus
314 2477 469 2517 voces
495 2479 508 2515 :
541 2463 757 2517 ntdicta
789 2478 974 2518 eorum
1010 2478 1114 2517 non
1144 2464 1249 2518 alio
1270 2479 1432 2534 quam
1461 2463 1558 2533 ipsi
1584 2463 1747 2519 locuti

177 2565 284 2608 sunt
310 2569 463 2610 sensu
512 2555 1010 2626 apprehendamus,
1058 2557 1459 2628 verborumque
1507 2559 1754 2628 proprie—

179 2656 296 2701 lates
333 2647 519 2704 iisdem
568 2665 750 2704 rcrmn
807 2650 1292 2718 signiﬁcationibus
1360 2665 1748 2720 exsequamur.

179 2739 403 2794 Locuturi
429 2743 572 2795 enim
595 2756 804 2807 sumus,
829 2757 953 2810 ane
980 2742 1049 2797 ab
1078 2742 1140 2796 iis
1165 2743 1216 2796 in
1242 2752 1587 2798 sacramento
1615 2758 1753 2812 prce-

179 2833 328 2886 dieata
358 2845 502 2900 sunt,
537 2845 588 2888 te
618 2842 884 2890 :eternum
916 2834 1105 2898 Deum,
1139 2837 1328 2890 :eterui
1370 2836 1628 2906 unigeniti
1656 2837 1751 2890 Dei

181 2935 356 2994 patrem
387 2943 399 2979 :
428 2935 482 2981 et
523 2930 689 2981 uninn
724 2936 775 2980 te
800 2929 916 2982 sine
954 2927 1254 2990 nativitate,
1285 2937 1340 2982 et
1376 2945 1541 2983 unum
1575 2928 1754 2982 Domi-

181 3032 288 3071 num
333 3017 515 3074 lesinn
547 3018 824 3073 Christum
852 3034 918 3074 ex
967 3028 1018 3074 te
1049 3019 1343 3074 nativitatis
1371 3032 1610 3087 aeternae,
1644 3037 1752 3076 non

183 3111 225 3164 in
249 3109 314 3182 (ὁ)
335 3113 556 3168 deorum
589 3127 872 3168 numerum
900 3113 1140 3167 veritatis
1169 3114 1481 3168 diversitate
1510 3113 1754 3170 referen-

1937 514 2042 557 tam
2067 506 2341 560 reconditis
2364 507 2512 562 rebus
2540 508 2754 562 invitum
2777 527 2830 564 se
2864 528 2925 565 ac
2948 521 3250 568 trementem
3273 514 3465 568 adduci

1937 599 2170 668 pluribus
2215 610 2548 670 protestatur.
2595 601 2734 656 Hinc
2780 603 2866 657 ubi
2930 607 3134 675 aperuit
3184 606 3248 660 de
3305 604 3466 661 Patre

1933 692 2056 763 quid
2098 695 2306 758 sentiat,
2359 695 2522 748 rerbis
2563 713 2670 750 rem
2720 706 2772 750 ut
2812 707 2889 752 est
2917 715 3021 753 non
3051 700 3176 754 satis
3215 701 3466 768 explicari

1935 789 2172 841 ostendit.
2203 787 2399 844 Deinde
2428 789 2553 859 quid
2577 791 2641 843 sit
2663 791 2844 860 quidve
2878 808 2980 845 non
3011 792 3074 844 sit
3111 791 3160 845 F
3163 793 3282 847 ilius
3304 809 3465 865 expo-

1934 881 2048 944 nit;
2085 890 2134 932 et
2171 882 2342 952 arguit
2378 898 2484 949 eos,
2514 883 2600 952 qui
2629 883 2801 954 inique
2831 883 3004 952 ferunt
3035 900 3089 938 se
3113 886 3463 955 generationis

1932 975 2075 1028 illius
2106 985 2478 1030 sacramentum
2523 993 2704 1048 capere
2734 994 2837 1031 non
2877 994 3067 1046 posse;
3105 995 3217 1032 cum
3247 988 3320 1032 tot
3339 979 3460 1032 aliis

1933 1069 1987 1120 in
2010 1067 2184 1132 rebus,
2208 1069 2361 1123 etiam
2383 1070 2510 1135 suis,
2539 1069 2892 1139 (equanimiter
2912 1070 3134 1140 imperiti
3159 1071 3281 1126 sint.
3311 1069 3461 1124 Hanc

1931 1176 2048 1213 rero
2073 1159 2469 1214 ineuarrabilem
2501 1161 2628 1215 Filii
2659 1159 2756 1216 Dei
2785 1164 3167 1232 generationem
3209 1164 3429 1233 sapienti
3441 1193 3457 1204 -

1932 1244 2036 1304 bus'
2055 1253 2248 1318 steculi,
2275 1252 2456 1307 scribis
2479 1254 2622 1325 legis,
2650 1265 2696 1306 et
2725 1254 2978 1308 hwreticis
3017 1256 3333 1327 ignoratam,
3377 1257 3462 1311 di-

1933 1345 2050 1398 vina
2076 1346 2217 1399 illius
2248 1357 2432 1400 natura
2474 1348 2618 1417 prius
2658 1348 2837 1417 paucis
2895 1349 3263 1418 dentonstrata,
3299 1351 3464 1406 verbis

1935 1436 2218 1492 Piscatoris
2239 1439 2487 1506 explicat.

1861 1528 2052 1584 Postea
2080 1531 2235 1600 ﬁdem
2279 1531 2566 1601 Scripturis
2610 1534 2880 1605 fundatam
2919 1537 3301 1601 commendans,
3347 1553 3461 1591 eam

1931 1624 2303 1679 medicamento
2352 1637 2616 1697 comparat
2662 1629 2927 1682 medendis
2983 1629 3218 1682 omnibus
3270 1631 3464 1685 morbis

1933 1718 2141 1783 idoneo,
2192 1719 2348 1788 idque
2385 1721 2656 1790 conﬁrmat
2693 1721 2868 1775 allatis
2912 1721 3203 1792 Scriptura?
3232 1723 3461 1776 testimo-

1928 1811 2048 1876 niis,
2086 1811 2270 1881 quibus
2310 1811 2528 1866 Sabellii
2555 1814 2712 1868 simul
2760 1824 2809 1867 et
2853 1811 3096 1868 llebionis
3123 1815 3462 1869 Arianorum-

1926 1919 2023 1973 que
2043 1915 2324 1958 commenta
2353 1904 2694 1958 debellantur.
2759 1904 2882 1960 Non
2931 1916 3061 1959 tacet
3110 1906 3346 1976 qutedam
3397 1909 3462 1960 de

1929 1995 2132 2052 Christo
2159 1998 2211 2052 in
2240 1998 2527 2067 Scripturis
2557 1999 2848 2064 memorari,
2875 2015 2992 2070 qua:
3020 1998 3133 2052 Deo
3148 1999 3360 2070 indigna
3383 2000 3462 2053 vi-

1929 2089 2186 2155 deantur;
2213 2091 2303 2145 sed
2342 2092 2392 2144 in
2419 2092 2482 2144 iis
2511 2092 2660 2160 ipsis,
2687 2108 2802 2162 quw
2825 2093 3035 2145 humani
3077 2092 3278 2162 generis
3303 2108 3462 2146 causa

1931 2184 2201 2251 pertulisse
2229 2193 2494 2248 narratur,
2519 2186 2742 2239 ostendit
2769 2202 2872 2239 non
2897 2187 3072 2239 deesse
3105 2187 3373 2256 potestatis
3401 2203 3463 2240 ac

1929 2279 2192 2349 dignitatis
2216 2279 2383 2349 signa,
2419 2280 2600 2350 quibus
2627 2295 2743 2333 eum
2779 2296 2894 2334 vere
2925 2279 3090 2334 Deum
3124 2296 3230 2335 esse
3269 2281 3460 2336 docea-

1931 2387 2066 2423 mur.

1856 2462 2086 2516 Tandem
2114 2462 2373 2534 Spiritum
2402 2472 2632 2516 sanctum
2671 2464 2889 2519 existere
2932 2481 2964 2518 a
3015 2463 3174 2519 Patre
3218 2475 3268 2519 et
3319 2463 3461 2520 Filio

1929 2554 2226 2610 distinctum
2253 2553 2454 2625 probat,
2482 2563 2531 2608 et
2574 2571 2751 2609 eorum
2806 2557 3110 2628 scrupulum
3161 2555 3315 2623 leuat,
3370 2558 3461 2628 qui

1929 2650 2024 2703 hoc
2050 2657 2141 2702 aut
2170 2649 2409 2720 ignorant
2449 2659 2538 2702 aut
2573 2649 2862 2720 ambigunt,
2899 2651 3022 2719 quia
3060 2651 3295 2717 Spiritus
3337 2666 3459 2704 noce

1930 2744 2140 2798 Patrem
2170 2752 2257 2796 aut
2287 2741 2334 2796 F
2337 2744 2482 2796 ilium
2504 2745 2795 2814 frequenter
2815 2745 3033 2815 intelligi
3059 2744 3282 2798 rideant.
3313 2743 3458 2798 Prw-

1929 2845 2065 2890 terea
2120 2834 2503 2888 demonstratur
2545 2834 2774 2903 Spiritus
2829 2839 2993 2890 sancti
3033 2837 3204 2889 divina
3247 2845 3455 2902 natura,

1929 2929 2185 2999 ofﬁcium,
2217 2945 2372 2998 quam
2401 2933 2749 2987 necessarium
2777 2929 2920 2985 nobis
2949 2931 3012 2984 sit
3037 2930 3179 2984 illius
3220 2931 3444 2996 donum,

1929 3039 2089 3093 quove
2119 3024 2291 3078 studio
2316 3026 2730 3093 promerendum.

1933 3116 1982 3169 1.
2030 3117 2181 3183 Quod
2209 3119 2424 3189 sufﬁciat
2449 3119 2716 3174 Trinitatis
2757 3119 2942 3174 notitia
2984 3121 3039 3174 in
3066 3119 3316 3191 baptismo
3349 3127 3458 3172 tra-

183 3204 324 3260 dum:
351 3223 526 3277 neque
552 3223 660 3262 non
705 3224 772 3262 ex
807 3218 858 3262 te
882 3209 1154 3277 genitum,
1205 3208 1279 3280 (ε)
1321 3209 1410 3277 qui
1445 3209 1584 3263 Deus
1614 3225 1751 3265 unus
1781 3205 1826 3270 C
1859 3209 1986 3264 dita.
2018 3210 2424 3268 —Sul‘ﬁciebat
2467 3214 2815 3270 credentibus
2871 3214 2966 3270 Dei
3018 3229 3218 3277 sermo,
3261 3213 3350 3283 qni
3405 3213 3458 3267 in

185 3311 250 3360 es,
290 3300 715 3368 przcdicandum;
769 3315 941 3368 neque
972 3300 1113 3355 aliud
1146 3317 1304 3370 quam
1351 3303 1518 3354 Deum
1544 3316 1750 3370 verum,
1857 3316 2018 3356 aures
2046 3312 2258 3359 nostras
2283 3304 2641 3374 Evangelistac
2655 3308 2966 3362 testimonio
2987 3306 3460 3376 cumipsaverita-

185 3392 256 3456 qui
278 3406 332 3446 ex
361 3402 409 3447 te
442 3392 529 3463 (:2)
560 3393 669 3447 Deo
701 3407 834 3447 vero
859 3402 1011 3462 patre
1038 3403 1194 3448 natus
1221 3403 1325 3461 est,
1358 3393 1749 3448 conﬁtendum.
1858 3395 1928 3449 tis
1970 3409 2082 3449 sua:
2137 3396 2333 3452 virtute
2380 3398 2681 3454 translusus
2707 3408 2812 3464 est,
2842 3414 2964 3454 cum
2997 3399 3128 3453 dicit
3158 3400 3415 3453 Dominus
3443 3421 3456 3455 :

185 3482 351 3540 Tribue
379 3502 510 3559 ergo
541 3488 697 3544 nobis
724 3489 1012 3542 verborum
1044 3488 1512 3558 signiﬁcationem,
1550 3487 1752 3542 intelli-
1860 3485 2057 3541 Euntes
2083 3505 2219 3542 nunc
2246 3489 2418 3544 docete
2462 3507 2635 3544 omnes
2678 3500 2875 3561 gentes,
2919 3491 3237 3562 baptizantes
3277 3506 3364 3544 eos
3404 3491 3460 3544 in

111 3593 115 3596 ·
186 3582 347 3649 gentia}
390 3585 596 3649 lumen,
644 3582 913 3638 dictorum
944 3582 1224 3647 honorem,
1279 3583 1520 3638 veritatis
1551 3581 1712 3637 ﬁdem
1739 3599 1753 3637 :
1859 3581 2063 3634 nomine
2107 3580 2282 3636 Patris
2308 3592 2352 3636 et
2382 3582 2507 3637 Filii
2533 3593 2580 3637 et
2610 3583 2841 3654 Spiritus
2873 3583 3078 3650 Sancti,
3110 3584 3347 3637 docentes
3374 3599 3460 3636 eos

186 3686 228 3729 et
253 3687 448 3744 przesta,
485 3688 542 3732 ut
568 3678 712 3749 quod
744 3677 1036 3742 credimus,
1071 3688 1125 3732 et
1171 3677 1487 3748 loquamur;
1526 3676 1752 3743 scilicet,
1858 3690 2060 3730 seruare
2083 3677 2253 3729 omnia
2282 3693 2614 3749 qmccumque
2646 3677 2714 3748 (e)
2746 3679 2936 3731 mando
2961 3676 3102 3730 vobis
3128 3687 3348 3732 :etecce
3367 3691 3461 3748 ego

188 3781 232 3822 ut
256 3775 516 3843 contingat
544 3772 723 3836 nobis,
772 3786 939 3825 unum
969 3780 1021 3826 te
1057 3773 1221 3824 Dcnm
1271 3780 1476 3839 patrem
1507 3778 1561 3824 ct
1591 3785 1756 3824 unum
1862 3767 2119 3819 vobiscum
2149 3784 2262 3820 sum
2296 3769 2529 3823 onmibus
2577 3769 2758 3824 diebus
2789 3786 2948 3839 usque
2976 3770 3028 3822 in
3059 3770 3464 3823 consummatio-

190 3861 438 3918 Dominum
469 3864 655 3920 Jesum
684 3863 958 3919 Christum
987 3863 1053 3918 de
1082 3863 1366 3932 PrOphetis
1414 3873 1575 3932 atque
1608 3867 1756 3931 Apo-
1863 3875 1976 3912 nem
2001 3859 2180 3913 sa'culi
2211 3859 2424 3927 (Matth.
2452 3877 2635 3926 xxviii,
2669 3860 2758 3927 i9,
2805 3859 2922 3930 20).
2966 3859 3104 3928 Quid
3130 3858 3274 3915 enim
3295 3859 3377 3932 (5)
3404 3859 3459 3914 in

190 3956 316 4010 stolis
333 3957 802 4028 cognoscentibus,
821 3971 961 4011 nunc
990 3956 1274 4010 adversmn
1305 3967 1562 4024 negantes
1587 3958 1758 4008 haire-
1863 3965 1930 4005 eo
1976 3951 2044 4005 de
2095 3962 2436 4006 sacramento
2483 3953 2552 4023 (f)
2593 3953 2784 4007 salutis
2815 3951 3062 4007 humana:
3085 3967 3189 4006 non
3219 3951 3464 4006 contine-

190 4045 321 4116 ticos,
347 4051 416 4106 ita
444 4050 524 4123 (ά)
555 4051 720 4105 Deum
748 4059 802 4104 et
825 4060 874 4103 te
903 4049 1198 4112 celebrare,
1233 4064 1296 4102 ne
1319 4047 1490 4102 Solum
1515 4064 1528 4112 ;
1562 4055 1615 4102 et
1635 4062 1759 4103 eum
1864 4044 1990 4098 tur?
2012 4051 2104 4097 aut
2129 4043 2254 4114 quid
2284 4053 2387 4110 est,
2424 4046 2565 4114 quod
2594 4045 2662 4098 sit
2690 4045 2955 4115 reliquum
2993 4053 3084 4099 aut
3115 4045 3464 4124 obscurum?

190 4143 472 4209 prmdieare.
507 4159 573 4200 ne
606 4143 822 4198 falsum.
1863 4137 2028 4193 Plena
2057 4146 2181 4192 sunt
2207 4139 2388 4194 omnia
2414 4148 2471 4193 ut
2499 4154 2528 4193 a
2558 4139 2718 4209 pleno
2749 4137 2849 4209 ,(4)
2877 4149 2931 4194 et
2957 4155 2984 4191 a
3011 4137 3253 4208 perfecto
3283 4137 3464 4206 perfe-

519 4281 762 4354 25-26
787 4279 987 4335 “BER
1017 4278 1395 4337 SECUNDUS
1866 4232 2118 4381 ἓξέηιξὲἶέ
2148 4231 3466 4396 ἱῖῗῖιηῗίᾇθῗίἓξὲῒοτῗξΐ’ξῖἒῖἔιῗέπῗῖἳιἲρὲἷὲ

193 4413 256 4469 De
292 4423 491 4475 reritate
529 4419 805 4474 Trinitatis
860 4419 1162 4490 generatim,
1209 4427 1259 4472 et
1315 4417 1378 4472 de
1434 4417 1758 4489 singularum
1866 4418 2274 4488 intelligentiam
2329 4417 2814 4490 comprehendunt.
2867 4417 3148 4488 Baptizare
3191 4417 3349 4486 jussit
3411 4417 3467 4471 in

249 4529 566 4578 personarum
597 4513 846 4584 dignitate
873 4523 920 4566 et
970 4512 1145 4582 ofﬁcio
1187 4511 1493 4565 nominatim
1530 4511 1753 4566 disserit.
1866 4512 2074 4566 nomine
2097 4511 2275 4566 Patris
2299 4521 2346 4567 et
2377 4510 2509 4566 Filii
2553 4522 2601 4566 et
2655 4512 2888 4583 Spiritus
2933 4512 3121 4578 sancti,
3166 4509 3217 4566 id
3254 4519 3360 4573 est,
3411 4509 3468 4563 in

252 4606 315 4659 Ac
357 4609 515 4670 primo
563 4609 771 4677 quidem
810 4607 1039 4660 declarat
1075 4603 1308 4659 Hilarius
1358 4607 1488 4659 tanti
1528 4607 1756 4676 mysterii
1781 4607 1834 4667 D
1861 4607 2202 4662 confessione
2247 4617 2304 4662 et
2352 4608 2611 4675 auctoris,
2662 4618 2717 4661 et
2763 4605 2842 4680 (Ιι)
2885 4605 3168 4674 unigeniti.
3215 4610 3270 4658 et
3314 4600 3466 4656 doni.

252 4704 465 4757 notitiam
492 4706 544 4757 in
569 4704 822 4776 baptismo
843 4701 1086 4755 traditam
1117 4701 1375 4769 sufﬁcere.
1407 4699 1540 4753 Tum
1562 4702 1624 4754 de
1649 4701 1754 4756 Itte—
1862 4703 2066 4756 Auctor
2097 4717 2234 4757 unus
2262 4710 2346 4757 est
2365 4703 2629 4756 omnium.
2664 4700 2814 4758 Unus
2837 4709 2921 4755 est
2943 4699 3087 4756 enim
3116 4697 3257 4752 Deus
3283 4696 3461 4760 Pater,

251 4810 403 4848 mum
434 4796 652 4867 origine,
685 4795 848 4863 deque
887 4793 1138 4847 haereticis
1176 4791 1446 4847 Trinitatis
1483 4792 1640 4862 ﬁdem
1677 4794 1760 4847 in-
1860 4809 1928 4849 ex
1959 4809 2066 4865 quo
2088 4796 2302 4861 omnia;
2333 4804 2387 4850 et
2428 4811 2565 4850 unus
2595 4793 2916 4864 Unigenitus
2969 4791 3230 4847 Dominus
3283 4794 3470 4844 noster

253 4905 268 4974 (
279 4907 321 4976 l)
363 4908 652 4964 Instrnunt.

254 4907 321 4976 (ί)
363 4908 652 4964 Instrnunt.

254 4979 323 5050 (ἓ)
361 4982 414 5036 lu
437 4993 621 5037 nostro
653 4996 753 5036 ms.
783 4980 1137 5052 supprimitur
1172 4994 1277 5035 vox
1303 4979 1430 5034 Deo.

1935 4908 2018 4978 (3)
2059 4907 2126 4963 In
2155 4910 2332 4965 eodem
2353 4911 2714 4966 Sacramenta.

1937 4980 2021 5052 (4)
2063 4979 2132 5034 Et
2161 4988 2385 5052 perfecto
2418 4986 2669 5052 profecta.

1937 4980 2021 5052 (4)
2063 4979 2132 5034 Et
2161 4988 2385 5053 perfecto
2418 4986 2669 5052 profecta.

255 5095 322 5166 (α)
355 5099 406 5152 1η
433 5100 552 5155 cod.
592 5100 711 5154 Vat.
746 5099 861 5154 bas.
889 5098 1226 5152 obedientiam
1248 5096 1573 5166 protrahunt,
1604 5094 1764 5152 male.
1871 5112 2024 5165 teque
2055 5095 2339 5152 referatur.
2373 5096 2490 5150 Mox
2521 5097 2571 5150 in
2603 5095 2827 5150 Carnut.
2876 5103 2933 5150 et
2975 5093 3117 5166 aliis,
3146 5110 3239 5166 nec
3281 5093 3472 5166 solum,

198 5164 445 5232 Quomodo
487 5183 668 5227 autem
727 5173 861 5226 lides
891 5186 990 5224 nos
1016 5164 1278 5240 provehat
1300 5169 1365 5224 ad
1394 5169 1471 5234 id,
1501 5168 1644 5239 quod
1674 5183 1769 5223 na-
1871 5164 1963 5220 nec
2006 5167 2196 5240 falsum
2220 5185 2239 5222 :
2265 5168 2441 5240 minus
2471 5167 2700 5222 sincere.
2731 5167 2845 5221 Hoc
2870 5167 3021 5240 enim
3058 5165 3161 5221 sibi
3215 5164 3366 5240 vult:
3402 5167 3476 5224 ita

203 5240 362 5296 turalis
417 5259 606 5299 sensus
657 5258 765 5297 non
815 5237 1068 5313 attingit,
1125 5243 1376 5311 superius
1423 5237 1533 5310 jam
1582 5240 1768 5295 obser-
1872 5247 1927 5292 et
1956 5246 2007 5292 te
2032 5238 2309 5313 celebrare
2355 5237 2544 5313 Deum,
2576 5247 2632 5292 ut
2678 5253 2783 5293 non
2817 5237 3118 5313 solitarium
3164 5237 3472 5313 credamus,

203 5322 374 5366 vatum.
957 5309 978 5313 '
1197 5309 1206 5311 ⁷
1427 5309 1435 5310 “
1873 5320 1928 5364 et
1954 5323 2077 5363 eum
2109 5309 2400 5378 praedicare
2445 5310 2631 5373 Deum,
2661 5320 2720 5364 ut
2769 5324 2874 5364 non
2922 5309 3114 5364 falsum
3155 5311 3474 5378 cogitemus.

264 5383 326 5450 (ὁ)
361 5385 608 5440 Vetusius
654 5385 828 5440 codex
873 5385 1022 5440 Colh.
1056 5401 1178 5440 cum
1211 5383 1395 5440 Germ.
1429 5383 1505 5436 uti
1533 5395 1766 5452 praemo-
1881 5380 2016 5452 Tum
2045 5381 2100 5435 in
2131 5380 2292 5436 Corb.
2321 5379 2576 5450 adjicitur
2595 5380 2833 5436 clausula
2866 5382 3046 5435 Amen.

209 5455 410 5517 animus.
434 5477 580 5512 num.
614 5458 705 5522 Η,
735 5475 835 5512 non
861 5459 913 5510 in
945 5459 1165 5511 duorum
1196 5471 1488 5510 numerum.
1535 5451 1546 5452 ί
1953 5451 2024 5519 (e)
2065 5452 2228 5518 Editi,
2258 5453 2499 5506 mandavi
2530 5468 2550 5506 :
2571 5452 2960 5507 reluctantibus
2987 5465 3119 5507 mss.

263 5524 324 5598 (ς)
360 5527 451 5583 Ms.
487 5529 603 5584 Vat.
656 5521 795 5589 bas.,
831 5529 954 5598 quia
983 5527 1146 5582 Deus.
1199 5527 1320 5582 Max
1350 5529 1596 5598 Carn._et
1624 5540 1763 5578 non-
1951 5524 2018 5596 (f)
2057 5525 2131 5578 Ita
2168 5539 2298 5598 mss.
2327 5524 2659 5594 antiquioi-es
2686 5525 2864 5587 Colb.,
2895 5521 3083 5592 Carn.,
3112 5522 3325 5591 Germ.,
3369 5533 3478 5581 etc.

212 5596 319 5649 nulli
341 5600 444 5663 alii,
475 5617 638 5671 neque
661 5601 716 5653 in
755 5595 900 5653 aliud
918 5617 936 5666 ;
968 5607 1174 5667 postea,
1205 5599 1292 5653 ubi
1335 5615 1400 5653 ea:
1425 5607 1470 5650 te
1515 5595 1627 5650 Deo
1653 5612 1770 5650 vero
1877 5595 1984 5671 Alii
2015 5612 2139 5671 cum
2173 5597 2500 5671 Vtilgatts,_tit
2525 5600 2699 5671 eodem
2723 5606 3061 5652 sacramento.

214 5679 350 5740 patre,
379 5675 522 5727 abest
551 5667 661 5726 Deo
687 5689 716 5724 a
747 5673 1016 5740 plerisque
1048 5688 1178 5726 mss.
1585 5737 1632 5740 υ
1675 5737 1702 5740 __
1951 5670 2030 5739 (g)
2070 5669 2196 5722 Mss.
2241 5669 2357 5722 bas.
2409 5667 2551 5735 Vat.,
2603 5670 2825 5723 Carnut.
2871 5683 2992 5724 cum
3036 5669 3218 5740 paucis
3265 5667 3410 5736 aliis,
3433 5674 3482 5721 et

271 5737 334 5812 (tl)
371 5741 420 5812 In
442 5752 654 5798 vetusto
682 5737 868 5799 codice
905 5737 1064 5797 Colb.
1107 5743 1180 5797 ita
1207 5751 1254 5796 et
1301 5740 1463 5795 Deum
1484 5749 1549 5792 te.
1584 5737 1774 5812 Melius
1883 5737 2111 5812 perfecto
2134 5742 2384 5812 profecta.

218 5805 289 5860 alii
308 5809 370 5866 ita
393 5811 551 5868 Deum
575 5815 868 5874 collocant.
890 5825 948 5868 ut
971 5814 1085 5867 hinc
1112 5830 1211 5868 vox
1238 5824 1291 5867 et
1316 5813 1386 5867 ad
1419 5822 1464 5864 te
1491 5815 1549 5863 et
1569 5810 1632 5862 ad
1661 5826 1775 5864 eum
1883 5805 1892 5812 ’
1956 5805 2037 5881 (Ir)
2079 5805 2190 5866 Duo
2227 5805 2353 5865 inss.
2400 5811 2552 5867 Coll».
2587 5821 2639 5866 et
2660 5812 2844 5868 Germ.
2870 5812 3119 5883 unigeniti
3141 5809 3257 5862 Der.
