3960 6202
88 116 151 131 Γ.

155 279 222 340 55
1338 277 1431 339 DE.
1466 277 1845 347 TRINI‘I‘ATB
1878 281 2090 343 LIBER
2116 284 2184 342 Il.
3388 305 3462 362 54.

158 393 473 464 concedens,
514 407 627 451 non
662 406 731 450 ex
777 392 887 449 Deo
922 392 1221 461 hominem,
1260 393 1360 451 sed
1408 409 1475 451 ex
1524 395 1746 457 homine
1769 396 1824 461 Α
1850 399 2027 459 omnis
2053 399 2135 472 (2)
2148 414 2344 458 sensus
2372 400 2614 465 incertus
2638 412 2745 463 est.
2761 404 2907 480 Ergo
2925 422 3035 473 non
3050 414 3337 485 praeceptis
3362 417 3463 472 ali-

160 490 317 545 Deum
339 484 612 559 proferat;
635 500 815 558 neque
844 486 1147 544 subsistens
1164 495 1324 545 antea
1344 487 1487 558 quod
1511 488 1562 544 in
1590 487 1746 561 prin-
1850 492 1981 563 quid
2008 492 2316 551 addendum
2343 505 2448 565 est,
2477 498 2575 555 sed
2597 500 2791 557 modus
2814 512 2898 560 est
2922 484 3336 569 constituendus
3363 526 3459 573 au-

164 582 297 653 cipio
321 580 458 651 apud
483 580 654 636 Deum
684 589 801 645 erat
825 578 970 637 Deus
1003 580 1242 639 Verbum
1282 582 1439 655 virgo
1467 581 1547 656 (a)
1569 597 1748 640 susce-
1850 583 2019 643 ducite
2052 605 2066 642 :
2095 597 2152 642 ut
2190 589 2314 659 quia
2352 590 2662 663 malignitas
2696 594 2959 655 instinctu
2992 598 3277 665 diabolicae
3306 600 3458 663 frau.

157 675 307 746 perit,
336 674 431 730 sed
478 688 700 729 carnem
752 673 1001 746 genuerit
1054 689 1150 744 per
1194 674 1456 743 verbum;
1515 675 1640 747 quia
1690 676 1744 731 in
1849 677 2105 736 dulentize
2151 682 2385 741 excitata
2433 687 2709 744 veritatem
2750 705 2935 749 rerum
2980 709 3079 765 per
3111 704 3322 759 naturae
3351 714 3455 754 no-

162 768 326 825 Verbo
349 776 506 823 antea
537 766 632 839 (b),
651 781 759 821 non
782 767 1064 823 existentis
1090 767 1354 839 unigeniti
1382 766 1480 825 Dei
1498 779 1744 824 naturam
1848 773 1995 828 mina
2018 772 2221 843 eludit,
2250 792 2351 834 nos
2378 776 2462 852 (ὅ)
2485 787 2735 839 naturam
2761 786 3042 845 nominum
3072 789 3452 861 proferamus;

160 861 305 927 dicat,
330 859 425 915 sed
452 874 648 915 sonum
675 860 823 916 vocis
848 860 1050 916 elatum
1077 878 1093 916 :
1125 871 1185 916 ut
1218 861 1384 931 aliqui
1410 861 1571 931 hujus
1601 877 1744 917 nunc
1847 872 1903 921 et
1931 865 2110 935 editis,
2142 878 2304 939 prout
2328 872 2380 928 in
2409 873 2591 933 verbis
2619 875 2970 950 habebimus,
2996 880 3263 953 dignitate
3290 859 3453 956 atque

159 954 398 1027 temporis
421 953 831 1026 praedicatores,
858 955 948 1027 qui
974 970 1041 1012 ex
1062 954 1233 1010 nihilo
1254 963 1415 1027 atque
1437 970 1466 1011 a
1501 966 1742 1028 tempore
1844 958 2026 1016 ofﬁcio
2056 960 2268 1032 Patris,
2302 964 2425 1020 Filii
2451 1007 2466 1032 ,
2500 966 2735 1038 Spiritus
2759 971 2956 1040 sancti,
2988 989 3098 1030 non
3130 953 3455 1033 frustrentur

158 1048 372 1104 formam
395 1058 448 1104 et
465 1049 789 1117 sapientiam
820 1059 875 1103 et
899 1046 1153 1104 virtutem
1184 1048 1281 1104 Dei
1312 1048 1648 1119 provehunt;
1673 1065 1741 1106 ne
1845 1062 2051 1111 naturae
2089 1058 2513 1129 proprietatibus
2549 1064 2769 1120 nomina
2792 1107 2808 1134 ,
2840 1067 2936 1123 sed
2964 1067 3106 1124 intra
3143 1081 3350 1128 natura:
3380 1075 3457 1131 si-

156 1141 201 1197 si
229 1156 292 1199 es
318 1141 465 1196 Patre
492 1140 563 1196 sit
588 1139 778 1207 Filius,
810 1140 953 1197 Deus
982 1140 1054 1196 sit
1075 1141 1396 1198 imminutus
1419 1141 1471 1196 in
1500 1141 1735 1210 Filium;
1841 1147 2239 1218 gniticationem
2290 1152 2601 1211 nominibus
2647 1165 2981 1217 coartentur.
3012 1161 3081 1218 Et
3110 1164 3296 1220 nescio
3324 1166 3454 1235 quid

156 1236 355 1294 solliciti
393 1234 640 1304 nimium,
668 1252 738 1293 ne
759 1237 976 1292 Patrem
1020 1236 1191 1292 Filius
1219 1236 1288 1294 ab
1315 1251 1382 1292 eo
1430 1246 1586 1293 natus
1612 1252 1740 1294 eva-
1841 1236 1911 1293 de
1950 1238 2034 1295 his
2068 1241 2233 1298 rebus
2260 1243 2417 1301 aliter
2455 1247 2817 1307 sentientibus
2846 1253 3015 1309 animi
3042 1254 3135 1317 sit.
3165 1234 3449 1313 veritatem

154 1342 268 1389 cuet
297 1351 311 1388 :
337 1341 495 1403 atque
525 1331 729 1397 idcirco
754 1331 867 1388 Deo
893 1332 947 1386 in
971 1331 1063 1387 filii
1086 1332 1366 1389 creatione
1387 1330 1731 1401 subveniant,
1840 1335 2332 1404 corrumpentibus,
2365 1338 2619 1396 tenebras
2649 1341 2732 1415 (ι)
2757 1343 2867 1400 luci
2895 1346 3276 1417 inferentibus,
3309 1348 3455 1406 insc—

154 1440 264 1481 eum
291 1441 353 1480 ex
376 1440 485 1481 non
504 1424 848 1481 exstantibus
866 1424 1252 1494 comparando,
1279 1433 1337 1480 ut
1359 1425 1500 1479 intra
1529 1433 1734 1483 natura:
1839 1424 2030 1482 Cabilia
2062 1426 2440 1488 desecantibus
2460 1474 2476 1501 ,
2506 1432 2818 1506 incorrupta
2869 1441 3276 1509 scindentibus,
3309 1444 3451 1500 indi-

154 1535 255 1575 suze
276 1518 658 1590 perfectionem
701 1519 884 1585 Pater,
920 1518 1043 1589 quia
1088 1518 1218 1574 nihil
1271 1533 1338 1575 ex
1375 1534 1440 1575 eo
1476 1518 1545 1575 sit
1585 1518 1733 1589 geni-
1838 1518 1951 1573 visa
1976 1519 2353 1589 partientibus.
2390 1522 2469 1597 (ῃ)
2498 1526 2706 1595 Quibus
2749 1528 2798 1586 si
2843 1530 2925 1604 (5)
2952 1542 3157 1590 tantum
3198 1534 3346 1597 factu
3371 1538 3451 1592 τί.-

154 1622 271 1679 tum,
296 1623 621 1685 perseveret.
653 1613 773 1671 Jam
789 1630 920 1671 vero
948 1614 1077 1687 quid
1106 1617 1324 1684 mirum,
1356 1624 1416 1672 ut
1439 1616 1506 1673 de
1526 1616 1733 1688 Spiritu
1838 1612 1941 1669 cile
1983 1625 2070 1670 est
2116 1616 2357 1686 perfecta
2396 1633 2729 1693 concerpere
2750 1666 2766 1692 ,
2790 1624 2881 1694 jus
2919 1641 3124 1698 ponere
3165 1632 3441 1701 potestati,

153 1716 319 1764 sancto
364 1708 577 1764 diversa
624 1706 702 1778 (ε)
750 1709 1009 1774 sentiant,
1063 1708 1156 1779 qui
1201 1708 1255 1764 in
1309 1709 1565 1780 largitore
1614 1710 1730 1780 ejus
1836 1707 2053 1764 modum
2100 1711 2548 1770 circumscribere
2583 1715 2797 1773 inﬁnito
2829 1736 2845 1774 :
2876 1717 3011 1775 mihi
3038 1730 3186 1779 certe
3226 1723 3311 1779 his
3357 1740 3446 1781 re-

156 1804 378 1871 creando,
410 1813 467 1859 et
493 1803 851 1871 demutando,
904 1813 960 1859 et
1002 1803 1271 1862 abolendo
1303 1812 1411 1860 tam
1459 1806 1729 1862 temerarii
1762 1808 1811 1869 Β
1837 1800 2125 1869 spondenti
2150 1802 2205 1859 in
2233 1804 2383 1862 curis
2412 1815 2578 1863 aestus
2599 1817 2704 1876 est,
2725 1810 2778 1865 in
2791 1824 2957 1868 sensu
2986 1813 3136 1870 labes
3164 1812 3229 1888 (f.
3265 1818 3444 1890 tabes)

149 1895 244 1951 sint
263 1896 544 1952 auctores?
566 1906 731 1966 atque
761 1895 832 1951 ita
863 1895 1160 1953 dissolvant
1190 1896 1416 1967 perfecti
1445 1897 1605 1967 hujus
1642 1913 1731 1954 sa-
1833 1904 1939 1961 est,
1975 1896 2030 1952 in
2079 1895 2434 1969 intelligentia
2474 1908 2664 1973 stupor
2709 1912 2831 1971 est;
2861 1905 2915 1961 in
2962 1916 3218 1965 sermOne
3259 1918 3441 1966 autem

147 1989 380 2047 cramenti
408 1990 723 2055 veritatem,
747 1987 973 2062 dum(d)
996 1988 1332 2047 substantias
1352 1990 1728 2047 diversitatum
1832 2006 1940 2046 non
1968 1991 2091 2063 jam
2138 1992 2533 2061 infirmitatem,
2564 1997 2660 2053 sed
2706 1998 2981 2055 silentium
3019 2000 3343 2059 confitebor.
3372 2003 3443 2060 Et

145 2082 190 2138 in
233 2082 380 2138 rebus
407 2091 516 2138 tam
571 2082 955 2140 communibus
984 2082 1280 2141 moliuntur
1310 2103 1325 2140 :
1374 2084 1590 2143 Patrem
1633 2101 1729 2141 ue~
1831 2093 1981 2140 certe
2012 2085 2144 2141 mihi
2167 2095 2520 2161 extorquetur
2543 2090 2648 2148 hoc
2667 2092 2828 2161 velle,
2852 2093 2982 2149 dum
3010 2102 3069 2151 et
3095 2095 3335 2153 audaciae
3360 2113 3443 2154 re-

146 2175 316 2246 gando,
347 2175 472 2231 dum
495 2176 638 2232 Filio
663 2176 808 2247 quod
846 2184 932 2232 est
958 2175 1105 2232 filius
1131 2176 1416 2243 adimunt;
1464 2176 1723 2247 Spiritum
1829 2178 2069 2246 sistitur,
2098 2188 2154 2235 et
2178 2183 2351 2239 errori
2381 2185 2715 2253 consulitur,
2741 2196 2799 2244 et
2837 2189 3158 2261 ignorantiae
3184 2193 3439 2263 provide-

144 2277 358 2323 sanctum
386 2269 468 2341 (1)
498 2269 748 2340 negando
781 2268 874 2341 (ε),
907 2268 1038 2325 dum
1065 2278 1120 2326 et
1140 2286 1297 2326 usum
1343 2280 1401 2326 et
1432 2281 1721 2328 auctorem
1828 2279 1935 2329 tur.
1966 2273 2296 2332 Immensum
2337 2286 2422 2335 est
2459 2288 2647 2339 autem
2678 2282 2822 2353 quod
2846 2284 3100 2356 exigitur,
3132 2286 3438 2360 incompre-

143 2362 241 2431 ejus
256 2363 515 2432 ignorant.
536 2361 619 2419 ita
642 2371 699 2418 et
717 2363 1000 2432 imperitos
1022 2362 1276 2434 perdunt,
1298 2364 1427 2422 dum
1451 2367 1720 2427 rationem
1827 2363 2095 2423 hensibile
2135 2379 2219 2424 est
2262 2370 2408 2440 quod
2450 2372 2713 2440 audetur;
2745 2384 2803 2431 ut
2846 2377 2987 2432 ultra
3015 2379 3432 2448 praefinitionem

141 2453 513 2524 prmdicationis
563 2453 727 2524 hujus
755 2453 1063 2522 afﬁrmant;
1098 2463 1154 2513 et
1180 2456 1464 2514 audientes
1505 2456 1718 2525 fallunt,
1827 2459 1944 2525 Dei,
1978 2475 2158 2517 sermo
2197 2462 2267 2520 de
2306 2464 2420 2520 Deo
2446 2466 2536 2521 sit.
2566 2467 2756 2524 Posuit
2795 2476 3002 2527 natum
3044 2473 3264 2528 nomina
3289 2516 3304 2541 ,
3335 2475 3438 2530 Pa-

142 2546 249 2601 dum
277 2557 517 2603 naturam
539 2547 857 2604 nominibus
885 2547 1150 2614 adimunt,
1180 2550 1306 2619 quia
1359 2550 1579 2609 nomina
1608 2565 1717 2611 nou
1826 2561 1960 2613 trem
1982 2596 1998 2621 ,
2030 2554 2225 2611 Filium
2244 2599 2259 2623 ,
2292 2556 2556 2629 Spiritum
2605 2570 2877 2618 sanctum.
2919 2563 3090 2623 Extra
3119 2566 3432 2638 significan-

142 2650 339 2709 possunt
356 2640 570 2697 auferre
597 2648 823 2697 naturzc.
851 2639 1216 2696 Prmtermitto
1246 2641 1452 2712 reliqua
1493 2642 1714 2699 hutnani
1823 2648 1953 2703 tiam
2002 2649 2272 2704 sermonis
2312 2657 2418 2718 est,
2446 2660 2600 2707 extra
2642 2669 2836 2712 sensus
2865 2654 3243 2726 intentionem,
3276 2669 3430 2716 extra

142 2739 337 2807 periculi
358 2739 604 2805 nomina,
628 2738 966 2806 Valentinos,
997 2737 1363 2807 Marcionitas,
1391 2738 1715 2797 Manichaeos
1820 2742 2194 2812 intelligentiae
2214 2744 2652 2815 conceptionem,
2680 2748 2940 2819 quidquid
2962 2750 3103 2806 ultra
3129 2749 3209 2825 (6)
3233 2753 3430 2824 quaeris

143 2839 399 2902 pestesque
421 2843 672 2897 ceteras,
709 2846 832 2902 qua:
858 2830 1130 2889 interdum
1155 2830 1528 2902 imperitorum
1564 2848 1715 2891 men-
1819 2844 1925 2903 tur,
1942 2850 2046 2893 n0u
2078 2837 2409 2903 enuntiatur,
2441 2854 2547 2894 non
2568 2840 2869 2911 attingitur,
2891 2856 3002 2898 non
3025 2852 3261 2899 tenetur.
3292 2845 3427 2901 Ver—

142 2936 209 2981 tes
231 2936 502 2997 occupant,
537 2935 593 2981 et
622 2925 743 2995 ipso
768 2924 1017 2996 contagio
1045 2926 1472 2982 conversationis
1491 2927 1600 3001 29
1627 2928 1712 2983 iu-
1816 2928 2008 2985 borum
2037 2928 2451 2998 signiﬁcantiam
2479 2931 2557 2987 rei
2587 2930 2755 3001 ipsius
2770 2942 2961 2990 natura
2989 2937 3283 3003 consumit,
3300 2951 3430 2994 sen-

141 3019 300 3075 ﬁciunt
325 3038 338 3074 :
364 3020 532 3091 fitque
563 3018 805 3074 omnium
830 3018 946 3073 lues
976 3033 1104 3083 una,
1134 3017 1261 3073 dum
1292 3019 1345 3073 in
1374 3018 1707 3077 audientium
1813 3036 1907 3078 sus
1931 3024 2446 3091 contemplationem
2475 3026 3131 3098 imperspicabile-lumen
3165 3030 3425 3098 obcaecat,

139 3128 324 3169 sensum
352 3113 761 3185 praedicantium
791 3112 1011 3168 morbus
1041 3111 1361 3171 infunditur.
1814 3115 2182 3188 intelligentiae
2207 3118 2319 3190 30
2340 3120 2694 3191 capacitatem
2719 3121 2981 3192 quidquid
3006 3122 3113 3178 fine
3134 3123 3427 3185 nullocon-

197 3204 242 3262 5.
269 3206 340 3261 De
355 3208 546 3263 divinis
578 3222 865 3262 sermonem
891 3222 1047 3278 quant
1072 3223 1206 3279 wgre
1226 3224 1287 3262 ac
1306 3216 1525 3264 tremens
1554 3210 1707 3265 insti-
1734 3211 1780 3275 C
1814 3210 2016 3265 tinetur
2053 3210 2285 3265 excedit.
2332 3210 2437 3266 Sed
2482 3226 2583 3267 nos
2627 3213 2970 3269 necessitatis
3015 3213 3178 3284 hujus
3205 3214 3272 3270 ab
3315 3229 3384 3281 eo
3404 3255 3420 3281 ,

137 3308 227 3354 tuat
250 3300 493 3358 Hilarius.
525 3332 599 3343 —
626 3300 830 3356 Horum
872 3301 1032 3372 igitur
1071 3301 1366 3359 infidelitas
1409 3304 1463 3359 in
1511 3319 1710 3378 anceps
1816 3301 1908 3373 qui
1934 3304 2052 3357 haec
2076 3302 2257 3357 omnia
2279 3310 2398 3372 est,
2427 3303 2638 3365 veniam
2667 3304 3044 3377 deprecantes,
3076 3305 3417 3385 audebimus,

136 3406 219 3446 nos
252 3392 311 3465 (ο
331 3409 389 3450 ac
415 3394 720 3464 periculum
750 3394 1036 3464 protrahit,
1070 3404 1128 3451 ut
1155 3410 1380 3453 necesse
1408 3397 1480 3453 sit
1500 3397 1569 3455 de
1590 3406 1709 3455 tan-
1815 3410 2155 3467 Quaeremus,
2182 3396 2470 3467 loquemur
2499 3415 2513 3451 :
2539 3404 2595 3451 et
2618 3439 2634 3465 ,
2662 3397 2806 3468 quod
2853 3398 3028 3459 solum
3069 3398 3124 3463 in
3158 3408 3303 3463 tanta
3331 3414 3423 3455 fe-

138 3486 192 3539 tis
209 3501 263 3541 ac
289 3496 386 3542 tam
417 3486 718 3543 reconditis
746 3487 909 3542 rebus
937 3487 1136 3557 aliquid
1163 3488 1302 3544 ultra
1331 3493 1704 3563 prmscriptum
1813 3505 1931 3546 rum
1964 3490 2261 3560 quastione
2287 3490 2672 3563 promittimus,
2695 3506 2759 3547 ea
2788 3506 2908 3564 quae
2929 3501 3090 3549 erunt
3115 3493 3415 3564 signiﬁcata

137 3580 321 3638 eteleste
344 3581 608 3652 proferre.
642 3581 865 3637 Dixerat
893 3582 1149 3637 Dominus
1193 3582 1545 3653 baptizandas
1572 3602 1705 3658 gen-
1812 3583 2119 3641 credemus.

137 3679 232 3737 tes,
275 3672 333 3728 In
372 3674 581 3729 nomine
632 3671 812 3727 Patris
860 3682 906 3727 et
958 3672 1087 3728 Filii
1133 3684 1186 3729 et
1232 3674 1463 3748 Spiritus
1513 3681 1697 3735 sancti.
1883 3677 1939 3733 6.
1979 3676 2152 3733 Patris
2189 3678 2439 3734 notio.—-
2466 3679 2628 3736 Pater
2668 3686 2789 3744 est,
2818 3693 2889 3735 ex
2920 3692 3030 3751 quo
3064 3691 3228 3734 omne
3266 3678 3413 3750 quod

136 3760 298 3820 Forma
325 3765 445 3823 fidei
474 3771 625 3823 certa
648 3774 734 3822 est
774 3781 791 3820 :
831 3764 926 3823 sed
980 3774 1241 3838 quantum
1298 3768 1368 3825 ad
1416 3770 1702 3829 haereticos
1811 3781 1895 3833 est
1924 3772 2008 3847 (7)
2039 3773 2287 3830 constitit
2314 3771 2414 3847 (In).
2446 3772 2568 3846 Ipse
2592 3772 2647 3831 in
2687 3770 2904 3831 Christo
2932 3780 2989 3829 et
3015 3786 3113 3846 per
3137 3770 3414 3830 Christum

192 3902 260 3978 (ξ)
294 3905 601 3967 Nesciendo.

1879 3915 1960 3978 f5)
1988 3916 2155 3972 Abest
2184 3923 2400 3971 tantum.

193 3915 260 3978 (η
294 3915 601 3967 Νεδεὲεηάοο
1905 3938 1936 3973 ο
1988 3916 2155 3972 Abest
2184 3923 2289 3971 tant

193 3976 255 4045 (9‘
284 3979 484 4038 Omnes.
1212 4002 1217 4006 ·
2000 3989 2289 4055 Qmeretur.

193 3996 501 4135 [futuras
526 4054 814 4111 nominum.
1878 4060 1933 4135 (7
1989 4060 2253 4117 Consistit.

192 4048 261 4193 (δὲ
278 4049 501 4111 Naturas
526 4054 814 4111 nominum.

192 4119 240 4193 (4
291 4121 513 4185 Lemnii.

688 4070 814 4111 tum.
1989 4048 2252 4117 Consistit.

138 4255 245 4327 mss.
270 4243 382 4327 vat.
411 4247 530 4327 bas.
555 4248 738 4318 Colb.,
770 4247 959 4327 Carm,
1002 4248 1355 4327 etc._Dein_de_
1396 4248 1549 4317 illud,
1594 4267 1697 4307 non
1806 4248 1971 4327 tinus
1986 4246 2079 4327 ille
2105 4245 2256 4327 locus
2276 4242 2505 4327 idoneus
2506 4241 3074 4327 _e_s_t.evinc‘ere.quam
3100 4238 3404 4327 indubitata

139 4313 584 4389 tx‘Deoiltominem,
632 4313 763 4388 etcl,
796 4321 849 4376 id
889 4313 993 4386 est,
1051 4321 1188 4376 nolit
1227 4313 1541 4389 Christum,
1575 4338 1696 4379 cum
1806 4320 2011 4376 Ililario
2037 4317 2197 4372 fuerit
2218 4316 2393 4371 Patris
2421 4324 2476 4371 et
2506 4314 2626 4369 Filii
2678 4321 2733 4370 et
2772 4313 3005 4384 Spiritus
3048 4314 3242 4389 sancti
3268 4330 3403 4371 con-

140 4385 259 4451 prius
297 4388 428 4461 Deus
478 4384 645 4459 esset,
680 4384 877 4447 factum
906 4384 1028 4447 esse
1059 4393 1356 4458 hominem,
1387 4393 1479 4447 sed
1514 4384 1697 4461 postea
1806 4390 2254 4461 substantialitas,
2303 4403 2424 4461 cum
2486 4395 2672 4461 aperte
2699 4394 2941 4461 respuat
2982 4384 3404 4461 substantiarum

140 4470 267 4540 quam
295 4458 584 4540 τηεσε-εει
628 4458 818 4540 homo,
861 4464 1098 4540 evasisse
1128 4464 1430 4540 Deum._A(_i
1464 4458 1695 4540 plurium
1805 4462 2147 4540 diversitates
2168 4460 2220 4514 in
2233 4460 2417 4540 tribus
2443 4460 2607 4540 rebus
2632 4458 2931 4540 sub'SIantia
2961 4459 3405 4540 tam‘comiuuni-

140 4523 341 4587 locorum
364 4533 776 4607 intelligentiam
800 4523 1003 4606 juverit
1030 4534 1166 4591 hanc
1194 4523 1478 4606 particulae
1496 4553 1561 4593 ea:
1588 4539 1694 4592 vim
1724 4574 1777 4607 η
1806 4534 1927 4607 bus.
1965 4533 2116 4607 Unde
2147 4541 2200 4586 et
2231 4530 2367 4607 infra
2396 4546 2553 4607 num.
2576 4531 2828 4607 _5,‘aliter
2854 4529 3167 4607 sentientes
3191 4529 3275 4607 sic
3303 4529 3400 4583 ha-

139 4574 776 4674 εηῃίξιξίῆίψωυδηηωψ
800 4574 1003 4606 μω...
1030 4574 1165 4591 "mw
1196 4574 1278 4606 Vw
1297 4574 1474 4592 "ww
1496 4574 1560 4593 Μ
1724 4574 1777 4635 D
1947 4574 2006 4659 u‘t
2030 4605 2118 4674 qui
2172 4602 2423 4658 tenebras
2450 4603 2556 4657 luci
2584 4574 2819 4658 inferant
2843 4642 2858 4666 ,
2890 4600 3205 4674 insecabilia
3245 4600 3401 4659 dese-

196 4669 262 4743 (It)
295 4675 431 4732 Edit.
466 4678 536 4750 in
578 4695 733 4736 carne
781 4678 1080 4750 susceperit.
1126 4677 1468 4748 Expunctum
1518 4688 1603 4737 est
1641 4682 1694 4737 in
1800 4669 1946 4750 cent,
1978 4669 2577 4750 incorrupta»scindant,
2608 4674 2830 4750 indivisa
2862 4673 3180 4750 partiuntur;

140 4741 264 4822 carae
284 4749 591 4822 auctoritate
621 4766 751 4806 mss.
929 4741 940 4750 ’
1086 4820 1093 4822 Α
1215 4741 1226 4748 ’
1872 4741 1943 4822 (e)
1973 4748 2090 4822 ASic_
2105 4741 2429 4822 vetustiores
2460 4760 2588 4822 mss.
2616 4744 2731 4799 bas.
2769 4741 2914 4809 Vat.,
2946 4742 3128 4822 Colb.,
3148 4741 3395 4822 Carnut.,

199 4812 263 4894 (ὁ)
294 4815 505 4894 Suppie,
528 4839 683 4893 quam
696 4822 869 4877 Maria
888 4820 1118 4892 genuerit
1142 4838 1368 4878 carnem.
1401 4822 1513 4883 Hoc
1534 4839 1695 4889 porro
1799 4811 1935 4876 etc.
1956 4819 2027 4894 At
2051 4817 2230 4894 Cbrb.‘
2256 4826 2311 4873 et
2349 4818 2678 4894 recentiores
2730 4830 2853 4894 cum
2903 4814 3130 4894 vulgatis
3161 4811 3274 4894 hie.
3299 4826 3398 4894 ρξζο

141 4882 219 4938 sibi
243 4882 680 4966 iullfﬂebiénem
722 4894 860 4954 verbi
888 4882 1148 4959 "nomine,
1187 4904 1312 4951 ante
1339 4882 1498 4964 quam
1528 4882 1692 4952 Maria
1799 4893 2062 4966 negando,
2089 4890 2347 4966 exhibent
2391 4887 2686 4966 nesciendo.
2730 4886 2846 4966 Non
2878 4884 3166 4965 obscurum
3199 4893 3282 4937 est
3310 4882 3401 4938 Fi-

141 4961 366 5041 genuerit,
415 4958 715 5041 intelligere
766 4974 1050 5041 externum
1102 4958 1249 5041 vocis
1279 4958 1528 5041 Δείῇιιιιιιι,
1587 4985 1691 5023 ttun
1798 4958 1940 5041 l_iu'rn_
1976 4961 2417 5041 Spiritus_sancti
2465 4967 2741 5041 auctorem
2797 4958 2905 5041 hic,
2935 4958 3399 5041 vosuﬁrigiffis‘lue

141 5029 389 5107 gristentis
425 5050 518 5090 seu
565 5029 913 5092 subsistentis
966 5038 1221 5107 unigeniti
1278 5038 1371 5092 Dei
1424 5029 1689 5099 naturam.
1801 5029 2037 5104 Spiritus
2068 5033 2237 5107 sancti
2279 5046 2453 5090 usum.
2507 5031 2558 5083 id
2603 5037 2707 5107 est,
2749 5029 3083 5107 consortium
3122 5029 3394 5107 ignorare,

144 5095 255 5163 Hine
274 5106 459 5183 rectius
487 5123 607 5183 cum
636 5123 769 5177 mss.
799 5119 949 5163 antea
981 5095 1103 5176 ηοῖἷ,
1132 5124 1290 5183 quam
1313 5124 1433 5165 cum
1461 5095 1691 5183 vulgatis
1800 5095 1891 5183 qui
1924 5107 2116 5183 Filium
2146 5104 2413 5183 ignorant,
2436 5116 2468 5183 ἕξ
2490 5116 2597 5183 (ΙΨ)
2624 5100 2713 5154 me
2732 5107 2816 5153 θεῖ
2835 5110 2900 5151 ³ο
2921 5096 3078 5150 “oms
3106 5096 3284 5152 dam"-

143 5182 223 5249 ’ποῖα
240 5183 376 5249 (ιηζεα
404 5176 486 5232 hic
522 5179 705 5249 legere
739 5187 842 5234 est.
922 5200 939 5217 κ
1148 5176 1166 5180 ’
1248 5178 1251 5185 “
1560 5176 1579 5183 ⁷
1828 5176 1831 5177 ⁷
1873 5178 1939 5247 (Ῑ)
1971 5176 2231 5249 Particulo
2256 5190 2313 5227 ac
2341 5176 2725 5249 restituiturex
2755 5183 2887 5249 mss.

200 5243 259 5310 (ε)
291 5245 424 5325 Editi
451 5238 715 5325 exiti'nico
757 5250 1213 5325 recentiore_ms.
1266 5251 1441 5318 Colb.,
1491 5252 1690 5307 diversa

1985 5246 2270 5325 liecentior
2290 5259 2390 5325 ms.
2414 5238 2941 5325 tiolb._gltissemati_s
2969 5238 3217 5325 foedatus,
3253 5248 3311 5296 et
3331 5258 3400 5325 ex

145 5326 253 5396 πκξῑς
276 5322 497 5396 sentiant.
523 5323 641 5396 Mox
676 5322 834 5387 Butl.,
870 5322 965 5377 Er.
999 5331 1053 5377 ct
1082 5323 1228 5396 Lips.
1263 5339 1330 5378 ex
1361 5311 1551 5378 eodem
1584 5342 1690 5378 IllS.
1799 5311 2041 5396 eo
2086 5326 2142 5371 et
2176 5315 2294 5369 Et'.:
2324 5314 2519 5396 ραὶριςε
2548 5311 2764 5396 δίήῘαεξξι
2792 5311 2946 5396 [ασίίρ
2973 5323 3402 5396 ξδδεινηθυηενεηί

148 5383 280 5468 gtfin
317 5390 548 5468 largitore
575 5395 688 5464 ejus
718 5404 767 5447 et
794 5383 1001 5468 auctore
1042 5383 1280 5468 creando,
1314 5402 1442 5468 Acte.
1494 5396 1688 5450 Filium
1802 5393 2027 5468 perfecta
2077 5401 2398 5454 concrrpere.
2430 5383 2664 5468 Lips..ct
2708 5386 2853 5440 Par.:
2887 5383 3085 5448 Quibus
3132 5385 3283 5466 facile
3326 5396 3404 5440 est

148 5453 514 5519 sl‘iritussancti
538 5453 890 5520 auctoremab
917 5465 1123 5520 Hilario
1149 5453 1325 5521 vocari
1348 5468 1547 5521 certius
1567 5483 1689 5522 mox
1801 5453 2025 5535 'pcr'fccta
2071 5474 2372 5535 concerpere
2413 5472 2432 5511 :
2473 5453 2803 5535 castigantur
2870 5468 2940 5535 ex
2989 5456 3199 5535 caeteris
3256 5471 3396 5535 tnss.

150 5537 198 5577 εἰ
215 5542 458 5605 εοηεεηειι
484 5539 723 5591 omnium
755 5537 868 5591 sive
917 5538 1237 5605 scriptorum
1279 5538 1393 5593 sive
1424 5538 1688 5593 editorum
1799 5525 2005 5591 Deinde
2044 5546 2141 5602 pro
2161 5525 2489 5604 juspouere,
2522 5528 2703 5585 habet.
2735 5527 2858 5584 Vat.
2889 5525 3006 5583 bas.
3039 5528 3211 5583 codex
3241 5528 3397 5599 ﬁnem

380 5608 708 5685 habebimus.
740 5596 1226 5685 H:ec_deA'rianis_,
1265 5626 1370 5664 non
1409 5610 1476 5664 de
1520 5610 1694 5664 Mace-
1799 5596 2057 5685 poneret-
2161 5596 2178 5604 ’
2284 5596 2326 5685 Ἀ
2665 5674 2675 5685 ¹
2806 5670 2850 5685 _
2975 5671 2989 5685 ο

152 5664 358 5750 (lenientis
384 5678 481 5750 diri
503 5679 841 5736 ostendimus
872 5681 923 5734 iu
949 5664 1348 5735 Admoniti'one.
1799 5664 1811 5679 ’
1873 5679 1953 5750 (Ιι)
1977 5678 2066 5733 Sic
2088 5690 2244 5750 mss._,
2279 5682 2331 5727 at
2352 5673 2503 5750 editi,
2536 5673 2783 5750 consistit.
2806 5670 2943 5750 Tum
2973 5671 3028 5750 in
3063 5679 3277 5750 vetusto
3303 5684 3398 5727 co-

304 5744 471 5829 μέδηαι
510 5753 632 5829 quis
685 5750 1091 5806 substantiarum
1120 5823 1132 5829 _
1151 5753 1468 5829 diuersitates
1526 5766 1548 5829 :_
1597 5752 1695 5809 sed
1798 5738 2183 5829 dic‘e'fietuig‘q
2211 5746 2234 5799 Ι
2244 5762 2332 5817 pse
2356 5745 2409 5800 in
2429 5738 2631 5829 Christo
2655 5756 2701 5829 et
2721 5762 2812 5819 per
2842 5746 3115 5829 Spiritum.
3136 5742 3279 5829 Patri
3301 5758 3400 5825 au-

160 5808 283 5876 Ιιιῦτέι
304 5808 595 5891 huiusmodi
616 5830 896 5895 troporum
923 5823 1170 5897 exempla
1198 5824 1310 5895 jam
1342 5808 1692 5883 advertimus.
1801 5833 1909 5880 tem
1955 5808 2255 5894 propiiunt'
2276 5829 2360 5874 est
2399 5832 2521 5875 esse
2546 5808 2808 5890 originem
2839 5808 3101 5883 omnium,
3128 5814 3284 5885 quod,
3314 5815 3399 5868 in-
