3960 6202
509 295 579 357 55
1664 282 1909 343 SANCTI
1960 280 2220 339 HILARII
2263 279 2569 340 EPISCOPI
3751 285 3815 343 56

509 414 662 484 origo
688 412 957 469 omnium.
979 410 1243 467 Caeterum
1270 404 1349 480 (α)
1375 404 1494 477 ejus
1519 403 1600 478 (1)
1627 418 1749 461 esse
1765 403 1819 459 in
1853 408 1976 459 sese
2002 409 2106 469 est,
2139 402 2193 463 Α
2217 399 2339 471 Ipse
2364 400 2635 471 ingenitus
2654 442 2669 466 ,
2698 407 2934 455 :eternus
2954 442 2969 468 ,
2995 400 3201 456 habens
3232 399 3284 454 in
3323 413 3384 456 se
3419 411 3637 465 semper
3659 397 3736 472 (g)
3764 410 3818 456 ut

510 521 619 561 non
646 503 867 562 aliunde
895 502 1037 574 quod
1067 511 1151 557 est
1175 513 1419 568 sumens,
1448 497 1546 555 sed
1576 497 1630 553 id
1658 496 1804 567 quod
1827 504 1928 562 est,
1960 512 2024 553 ex
2054 510 2114 553 se

512 608 674 671 atque
700 599 758 653 in
785 611 846 652 se
871 596 1139 653 obtinens.
1177 591 1446 659 lnﬁnitus,
1478 589 1601 662 quia
1634 606 1742 646 non
1784 589 1901 660 ipse
1925 588 1980 644 in
2014 588 2114 643 ali-

512 707 653 763 quo,
685 690 780 747 sed
827 691 967 745 intra
1012 702 1136 743 eum
1187 687 1406 753 onmia;
1438 699 1655 756 semper
1705 692 1857 741 extra
1898 682 2112 749 locum,

511 788 635 858 quia
676 800 782 841 non
821 782 1130 839 continetur
1170 780 1278 854 (b);
1316 795 1532 851 semper
1570 787 1697 833 ante
1740 792 1948 842 aevum,
1990 777 2116 846 quia

512 890 724 950 tempus
761 876 831 932 ab
860 890 927 931 eo
955 885 1060 931 est.
1092 874 1264 930 Curre
1291 887 1451 929 sensu
1480 871 1530 927 si
1568 869 1695 941 quid
1726 869 1775 924 ei
1803 880 1961 940 putas
1989 866 2116 922 ulti-

513 985 660 1025 tnum
685 983 828 1036 esse,
858 983 981 1023 eum
1020 980 1236 1038 semper
1267 963 1518 1020 invenies
1544 980 1558 1017 :
1582 962 1706 1033 quia
1749 976 1870 1016 cum
1898 975 2119 1030 semper

511 1062 783 1128 intendas,
823 1075 1038 1132 semper
1074 1067 1159 1115 est
1202 1057 1346 1129 quod
1379 1055 1651 1112 intendas.
1679 1054 1909 1125 Semper
1940 1062 2118 1110 autem

512 1153 693 1209 locum
724 1153 842 1221 ejus
869 1151 1150 1207 intendere
1173 1149 1249 1204 ita
1284 1147 1383 1205 tibi
1412 1156 1517 1213 εει,
1552 1157 1611 1202 ιιι
1636 1147 1685 1202 ei
1716 1160 1837 1201 esse
1865 1145 1984 1202 sine
2014 1145 2121 1201 ﬁne

516 1255 619 1301 est.
651 1244 844 1301 Sermo
867 1242 919 1298 in
952 1257 1019 1298 eo
1045 1242 1293 1307 deﬁciet,
1322 1255 1430 1296 non
1461 1248 1650 1294 natura
1676 1238 1976 1293 claudetur.
2011 1236 2118 1291 lte-

517 1353 636 1393 rum
670 1338 887 1393 revolve
918 1344 1184 1405 tempora,
1213 1348 1338 1390 esse
1361 1347 1578 1403 semper
1605 1332 1846 1387 invenies
1879 1348 1892 1385 :
1918 1337 2119 1385 etcum

515 1432 709 1488 calculi
750 1446 1010 1487 numerus
1056 1430 1110 1485 in
1163 1442 1418 1486 sermone
1457 1426 1755 1492 defecerit,
1783 1427 1892 1481 Deo
1941 1435 2121 1479 tamen

515 1539 734 1595 semper
772 1538 894 1579 esse
933 1537 1038 1577 non
1089 1521 1293 1578 delicit.
1339 1519 1760 1589 lntelligeutiam
1806 1531 2118 1580 commove,

516 1624 575 1672 et
599 1626 769 1671 totum
793 1624 974 1671 mente
1003 1613 1400 1684 complectere;
1431 1613 1563 1667 nihil
1593 1619 1766 1666 tenes.
1794 1611 1987 1666 Totum
2017 1609 2121 1664 hoc

519 1709 689 1766 habet
710 1708 1002 1780 reliquum,
1035 1707 1304 1778 reliquum
1332 1715 1511 1761 autem
1552 1706 1656 1760 hoc
1680 1718 1894 1775 semper
1920 1704 1974 1759 in
2010 1712 2125 1758 toto

2218 508 2434 563 semper
2462 495 2551 549 sit.
2588 494 2701 552 Soli
2729 493 2865 550 Filio
2898 505 3055 549 notus
3082 513 3095 549 :
3120 496 3246 565 quia
3267 493 3482 550 Patrem
3503 496 3820 551 nemonovit

2219 589 2318 643 nisi
2350 587 2538 656 Filius,
2563 587 2739 662 et3l
2760 590 2844 644 cui
2879 589 3106 644 voluerit
3145 588 3313 644 Filius
3344 588 3622 654 revelare;
3652 605 3817 659 neque

2220 679 2418 735 Filium
2451 682 2551 736 nisi
2580 680 2744 737 Pater
2774 699 2787 735 :
2823 682 2928 736 illis
2979 682 3205 736 scientia
3242 689 3425 735 mutna
3468 690 3572 745 est,
3606 681 3714 736 illis
3741 682 3819 735 vi-

2220 774 2402 830 cissim
2429 775 2665 845 cognitio
2697 773 2954 845 perfecta.
2985 774 3051 828 Et
3077 775 3201 845 quia
3238 773 3456 829 Patrem
3489 788 3648 828 nemo
3678 774 3822 829 novit

2221 868 2323 923 nisi
2349 866 2540 929 Filius,
2568 867 2636 922 de
2666 867 2821 923 Patre
2847 868 2929 937 (ι)
2966 867 3045 938 (lt)
3072 882 3175 921 una
3207 881 3327 921 eum
3362 868 3635 921 revelaute
3665 865 3820 935 Filio,

2221 961 2311 1030 qui
2343 958 2490 1013 solus
2521 959 2677 1014 testis
2709 957 2883 1014 ﬁdelis
2908 969 3015 1025 est,
3046 960 3365 1014 sentiamus.

2294 1052 2347 1107 7.
2376 1051 2535 1106 Pater
2565 1050 2847 1120 itte/fabilis
2876 1065 2971 1107 est.
3004 1051 3104 1108 Dei
3132 1052 3344 1108 scientia
3369 1056 3614 1126 perfecta.
3645 1085 3716 1095 —
3736 1055 3824 1109 At-

2222 1162 2331 1217 que
2376 1148 2491 1201 haec
2536 1145 2801 1201 senserim
2835 1146 3013 1216 p0tius
3043 1146 3113 1202 de
3141 1146 3302 1203 Patre
3325 1189 3339 1213 ,
3363 1161 3523 1217 quam
3554 1147 3782 1202 dixerim
3810 1165 3822 1203 :

2222 1255 2349 1295 nam
2378 1256 2466 1296 me
2494 1256 2599 1294 non
2633 1238 2711 1312 (5)
2738 1238 2892 1309 fugit,
2923 1241 3065 1310 quod
3092 1241 3158 1295 ad
3188 1257 3248 1295 ea
3274 1256 3395 1312 qua:
3424 1242 3545 1311 ejus
3574 1248 3700 1296 sunt
3718 1243 3825 1296 elo-

2223 1335 2471 1406 quenda,
2525 1348 2707 1389 sermo
2752 1336 2930 1389 omnis
2975 1333 3222 1389 inﬁrmus
3272 1336 3361 1388 sit.
3400 1334 3465 1407 (i)
3506 1334 3821 1390 Sentiendus

2226 1439 2309 1485 est
2339 1428 2645 1494 invisibilis,
2678 1428 3259 1497 incomprehensibilis,
3286 1438 3544 1483 internus.
3567 1429 3824 1483 Cancrum

2226 1523 2401 1591 ipsum
2428 1521 2572 1592 quod
2604 1520 2681 1594 (ϐ)
2712 1522 2789 1595 (j)
2824 1522 2874 1575 in
2918 1521 3213 1591 semetipso
3239 1533 3295 1576 et
3343 1537 3370 1574 a
3398 1522 3691 1591 semetipso
3742 1524 3823 1589 sit,

2226 1623 2282 1669 et
2311 1617 2426 1685 ipse
2454 1630 2552 1685 per
2579 1629 2639 1670 se
2668 1616 2772 1679 sit;
2804 1614 2945 1684 quod
2987 1614 3305 1682 invisibilis,
3338 1612 3419 1685 (7)
3451 1623 3506 1668 ει
3534 1612 3828 1683 incompre-

2230 1708 2536 1775 hensibilis,
2563 1718 2619 1764 et
2644 1708 2719 1782 (lt)
2749 1709 3079 1763 immortalis
3106 1726 3119 1762 :
3156 1708 3209 1762 iu
3243 1707 3327 1764 bis
3356 1707 3573 1779 quidem
3616 1706 3830 1762 honoris

521 1814 626 1862 est.
659 1804 802 1874 Ergo
839 1816 1015 1873 neque
1039 1800 1114 1875 (c)
1141 1810 1313 1858 totum
1334 1842 1349 1868 ,
1380 1800 1470 1856 cui
1500 1799 1769 1869 reliquum
1804 1806 1919 1864 est;
1950 1813 2127 1871 neque
2158 1805 2207 1866 B
2233 1800 2506 1858 confessio
2537 1810 2653 1869 est,
2682 1808 2739 1857 et
2766 1816 2960 1857 sensus
2992 1800 3316 1872 signiﬁcatio
3335 1841 3351 1869 ,
3382 1811 3436 1857 et
3462 1801 3707 1872 quaedam
3734 1800 3831 1855 cir-

520 1899 791 1968 reliquum
831 1905 916 1953 est
955 1894 1036 1970 (Ξ)
1083 1895 1165 1967 (ά)
1210 1908 1402 1961 omne,
1427 1892 1569 1965 quod
1612 1901 1781 1947 totum
1831 1898 1935 1946 est.
1987 1890 2133 1945 Reli-

520 2005 689 2063 quum
728 1990 874 2046 enim
896 2031 912 2056 ,
945 1988 1124 2060 portio
1149 1996 1263 2054 est;
1288 1994 1451 2042 omne
1473 2000 1628 2053 vero,
1656 1984 1802 2056 quod
1825 1992 1997 2039 totum
2025 1994 2127 2039 est.

526 2083 670 2138 Deus
712 2091 893 2137 autem
934 2089 989 2137 et
1030 2079 1233 2149 ubique
1276 2087 1380 2145 est,
1412 2087 1467 2134 et
1499 2085 1643 2133 totus
1672 2078 1997 2149 ubicumque
2026 2085 2130 2132 est.

523 2175 601 2233 lta
632 2175 704 2250 (ε)
744 2177 1020 2247 regionem
1070 2174 1439 2246 intelligentia:
1486 2173 1735 2239 excedit,
1770 2180 1923 2228 extra
1971 2187 2131 2242 quem

476 2284 493 2297 κ
525 2270 659 2325 nihil
683 2277 789 2336 est,
816 2279 874 2326 et
901 2269 988 2324 cui
1028 2278 1113 2325 est
1139 2282 1356 2338 semper
1379 2273 1440 2323 ut
1461 2281 1677 2338 semper
1709 2265 1800 2321 sit.
1833 2265 1960 2321 Haec
1988 2265 2131 2321 veri-

524 2372 611 2419 tas
638 2373 724 2419 est
762 2363 1089 2420 sacramenti
1127 2362 1244 2431 Dei,
1280 2362 1386 2417 hoc
1424 2360 1502 2434 (5)
1544 2360 1997 2432 imperspicabilis
2028 2377 2127 2416 na-

528 2465 664 2511 turae
712 2471 910 2513 nomen
957 2457 1011 2511 in
1056 2456 1238 2513 Patre.
1280 2455 1423 2511 Deus
1460 2455 1783 2523 invisibilis,
1815 2453 2126 2519 ineﬁ'abilis,

528 2552 774 2609 inlinitus
798 2573 809 2606 :
834 2552 901 2609 ad
931 2567 1093 2625 quem
1133 2561 1189 2610 et
1227 2551 1591 2623 eloquendum
1621 2565 1804 2607 sermo
1852 2549 2035 2612 sileat.
2076 2557 2133 2605 ει

527 2646 964 2718 investigandum
1002 2660 1196 2702 sensus
1227 2645 1539 2710 hebetetur,
1571 2653 1626 2700 et
1663 2643 2130 2713 complectendum

529 2741 888 2813 intelligentia
914 2748 1208 2797 coartetur.
1238 2739 1409 2795 Habet
1434 2748 1634 2803 tamen,
1666 2745 1725 2791 ut
1749 2737 2006 2803 diximus,
2037 2752 2134 2791 na-

530 2842 669 2890 turae
689 2850 801 2890 suae
828 2849 1026 2891 nomen
1049 2833 1104 2889 in
1128 2841 1320 2905 patre:
1346 2831 1443 2887 sed
1470 2840 1626 2900 pater
1646 2837 1855 2884 tantqu
1883 2840 1986 2885 est.
2018 2829 2136 2886 Non

530 2927 675 2984 enim
700 2929 935 2985 humano
960 2926 1124 2982 modo
1150 2925 1314 2981 habet
1338 2922 1559 2980 aliunde
1579 2922 1721 2994 quod
1755 2933 1906 2992 pater
1934 2933 2018 2979 est
2045 2922 2135 2996 (f).

631 3040 684 3098 ll
713 3042 928 3098 Excidit
953 3039 1079 3097 εεεε.

631 3043 657 3096 l
713 3042 928 3098 Excidit
953 3040 1079 3097 εεεε.

603 3040 689 3187 (2)
718 3115 815 3169 Ms.
850 3113 1075 3187 Veron;
1123 3111 1207 3167 cui
1249 3119 1296 3166 et
1310 3125 1483 3187 _omne
1507 3108 1646 3187 quod
1675 3117 1838 3187 totum
1880 3119 1973 3187 est.
1994 3110 2138 3187 itec-

534 3180 640 3240 tius
671 3180 777 3254 "pro
822 3193 868 3238 et
906 3184 1157 3255 suppleas
1185 3193 1279 3237 εει.
1310 3180 1371 3255 In
1423 3181 1735 3255 Erasmiana
1788 3183 1867 3237 sic
1904 3183 2138 3253 legitur:

534 3252 696 3326 Erga
709 3270 870 3325 neque
899 3252 1061 3309 totum
1087 3256 1133 3309 ei
1163 3262 1254 3316 est,
1285 3253 1366 3306 cui
1392 3252 1644 3321 reliquum
1683 3262 1789 3320 est;
1813 3252 1977 3326 neque
2013 3255 2137 3309 reli-

535 3343 693 3397 quum
712 3336 808 3397 εει,
832 3327 916 3381 cui
946 3342 1094 3380 omne
1119 3328 1257 3391 quod
1283 3334 1375 3392 εει,
1406 3333 1566 3378 totum
1592 3332 1684 3378 εει.

637 3397 690 3469 5)
713 3394 1153 3469 ηιρενερὶεαρὶιε.

633 3465 690 3537 4)
720 3465 838 3524 Una
865 3465 983 3525 eam
1015 3467 1175 3537 Filio,
1204 3467 1459 3524 revelante
1484 3465 1650 3524 Filio.

535 3589 650 3661 quit
670 3588 1003 3660 Augustinus
1033 3601 1154 3661 ser.
1178 3601 1327 3661 uxr,
1361 3599 1510 3638 num.
1540 3583 1611 3639 26
1639 3601 1663 3661 :_
1685 3584 1759 3638 Ab
1785 3585 1879 3639 illo
1905 3585 1970 3639 sit
1996 3586 2143 3656 origo

539 3656 783 3732 operum:
800 3678 837 3732 a
859 3675 960 3730 quo
978 3668 1055 3714 εει
1073 3658 1342 3732 mittentia
1367 3656 1764 3732 cooperantium
1783 3672 2140 3732 personarum.

614 3729 690 3804 (ιι)
716 3731 788 3786 Ita
811 3726 919 3785 duo
950 3745 1080 3804 mss.
1109 3729 1262 3804 Colb.
1290 3726 1625 3804 totidemque
1653 3726 2141 3804 VatiCani,_u_ecnott

542 3804 599 3859 in
624 3797 882 3873 eicerpto
920 3801 1062 3872 quod
1100 3815 1182 3873 _ex
1228 3799 1332 3854 hoc
1374 3799 1493 3873 loco
1536 3797 1609 3873 ad
1661 3800 1860 3873 calcem
1890 3800 2036 3873 _libri
2088 3799 2140 3854 in

540 3868 917 3930 Constaniium
937 3868 1262 3926 translatum
1304 3875 1406 3923 est.
1438 3871 1504 3923 At
1534 3868 1587 3923 in
1615 3868 1844 3939 vulgatis
1869 3871 2144 3925 desidet-a-

541 3955 631 4000 tur
655 3947 771 4018 ejus
794 3963 812 3999 :
834 3959 971 4018 quae
982 3958 1085 4018 vox
1091 3944 1250 4018 _so|a_.
1273 3942 1550 4018 sineesse,
1585 3950 1761 4018 exstat
1796 3944 1849 4018 i_n
1880 3944 2143 4018 vetustio-

538 4010 695 4072 ribus
716 4010 1059 4079 mss.'Colb.,
1091 4012 1301 4085 Rctnig.
1323 4052 1337 4077 ,
1365 4010 1556 4077 Corb.,
1588 4010 1775 4077 Fatum,
1811 4015 1977 4080 l.’rat.,
2007 4015 2142 4068 Car-

544 4096 662 4143 nut.
690 4086 757 4141 Et
790 4086 842 4141 itt
894 4086 997 4140 hoc
1042 4084 1294 4156 quidem,
1318 4097 1418 4154 pro
1462 4085 1710 4156 ejus,rab.
1733 4085 1947 4154 antiqua
1982 4102 2143 4140 manu

546 4160 783 4214 secunda
812 4154 1110 4228 repositum
1139 4158 1290 4212 estis
1316 4172 1329 4210 :
1355 4154 1574 4228 quodet
1603 4154 1728 4228 inde
1755 4156 1806 4209 in
1832 4157 2143 4225 posteriori-

543 4230 647 4285 bus
697 4245 825 4284 mss.
877 4225 1191 4299 cxpressnm
1235 4235 1339 4284 est.
1362 4225 1487 4280 Mox
1510 4226 1564 4280 in
1595 4227 1824 4297 vulgatis
1856 4228 2141 4297 continens,

543 4315 645 4372 pro
672 4300 923 4356 obtinens.

622 4372 974 4446 (b)_Additum
1018 4380 1105 4446 est
1135 4370 1238 4446 hic
1272 4370 1326 4426 in
1369 4367 1599 4446 vulgatis
1642 4384 1711 4426 ex
1756 4370 2147 4446 recentioribus

547 4440 685 4499 mss.
713 4444 769 4497 in
795 4445 930 4510 loco,
961 4442 1178 4513 majoris
1212 4440 1608 4513 perspicuitatis
1650 4441 1841 4513 gratia.
1873 4442 2008 4497 Tum
2040 4458 2143 4498 ms.

548 4513 666 4569 bas.
695 4514 838 4569 Vat.:
864 4515 1080 4585 Semper
1107 4526 1251 4569 extra
1276 4527 1460 4570 (suum.

623 4585 697 4657 (c)
726 4586 887 4653 Editi,
919 4594 1079 4641 totum
1124 4588 1171 4640 ei
1216 4597 1311 4653 εει,
1335 4586 1439 4641 cui.
1466 4584 1837 4655 Expunximus
1864 4584 1909 4639 ei
1935 4595 2007 4639 εει
2038 4601 2152 4640 me-

548 4657 744 4712 liorum
774 4673 904 4712 mss.
934 4659 1276 4715 auctoritate.

624 4728 702 4803 (d)
756 4728 887 4803 Bad.
919 4728 1049 4803 τευ]
1093 4740 1168 4786 εει
1227 4747 1375 4787 οηιηε
1422 4732 1559 4802 quod
1610 4737 1683 4786 εει
1735 4736 1893 4780 totum
1930 4736 2025 4803 εει.
2056 4725 2148 4780 Er.

548 4798 697 4870 Lips.
729 4810 784 4856 et
831 4802 978 4856 Par.:
1003 4799 1098 4855 Cui
1146 4819 1293 4857 omne
1334 4798 1473 4873 quod
1522 4811 1595 4857 εει
1631 4811 1792 4873 totum
1823 4807 1915 4851 εει.
1946 4798 2152 4873 liecen-

549 4868 715 4926 tiores
738 4887 870 4944 mss.
898 4873 981 4927 cui
1001 4884 1076 4927 est
1096 4890 1244 4930 omne
1267 4868 1403 4944 quod
1427 4883 1588 4929 totum
1614 4884 1709 4928 εει.
1742 4869 1935 4926 Veram
1965 4868 2150 4923 lcetio-

550 4958 683 5014 nem
706 4943 964 5014 exhibent
989 4943 1362 5014 castigatiores
1394 4947 1536 5000 libri.

624 5011 694 5086 (ε)
726 5013 801 5068 Ita
849 5016 1092 5086 plerique
1130 5010 1263 5072 inss.
1305 5032 1426 5072 cum
1457 5016 1620 5080 Bad.,
1653 5015 1744 5086 Er.
1786 5018 1842 5086 et
1886 5010 2037 5086 Lips.
2079 5014 2148 5066 At

551 5082 684 5139 Par.
705 5098 827 5138 cum
850 5082 1080 5140 duobus
1108 5102 1238 5143 tnss.
1267 5088 1423 5144 Colb.
1450 5099 1504 5142 et
1535 5102 1641 5142 uno
1678 5083 1910 5139 Sorbon.
1940 5082 2147 5153 religio-

550 5171 670 5209 nem
701 5155 1076 5225 intelligentiae.
1098 5156 1252 5214 Alius
1276 5175 1404 5216 vero
1426 5157 1582 5215 Colb.
1614 5165 1667 5212 et
1701 5156 1817 5210 Vat.
1843 5155 1957 5211 bas.
1990 5156 2151 5208 ratio-

552 5242 683 5300 nent
698 5226 1065 5300 intelligentiae.

625 5296 693 5373 (Γ)
723 5295 1069 5355 Κειιιύνίωιιε
1096 5301 1243 5369 hinc,
1272 5302 1360 5357 sed
1385 5309 1562 5373 potens
1590 5300 1645 5353 in
1669 5299 1935 5373 semetipso
1966 5295 2152 5373 habere

551 5372 689 5438 quod
715 5379 860 5440 pater
896 5380 971 5425 εει
1000 5388 1019 5426 :
1048 5374 1192 5442 quod
1236 5387 1341 5428 non
1384 5370 1561 5427 exstat
1607 5371 1719 5442 nisi
1748 5371 1801 5424 in
1841 5370 2147 5442 perpaucis,

547 5439 724 5511 iisque
761 5442 960 5497 intimae
999 5439 1176 5499 aetatis
1216 5458 1347 5498 mss.
1398 5443 1589 5508 Porro,
1622 5443 1665 5496 si
1709 5440 1846 5495 bene
1887 5439 2149 5511 sapimus,

551 5510 714 5566 Pater
753 5525 985 5567 aeternus
1028 5514 1116 5569 hic
1164 5514 1484 5583 praedicatur
1533 5528 1640 5569 non
1692 5512 1890 5566 habere
1933 5510 2151 5566 aliunde

553 5597 662 5651 quo
688 5583 779 5646 sit,
803 5592 857 5636 et
884 5585 1103 5642 aliunde
1129 5600 1237 5655 quo
1266 5594 1418 5655 pater
1440 5587 1530 5648 sit,
1557 5583 1653 5639 sed
1674 5598 1740 5638 eo
1758 5583 1889 5655 ipso
1917 5597 2025 5655 quo
2058 5596 2152 5650 pa-

553 5654 862 5725 ter_estiu
912 5664 1099 5708 natura
1128 5651 1222 5709 sua
1263 5651 1546 5722 constitui;
1580 5651 1913 5725 proindeque
1958 5651 2152 5707 abesse

553 5723 623 5775 ab
649 5721 927 5796 hominum
954 5739 1127 5796 nitore,
1157 5727 1247 5795 qui
1278 5742 1387 5783 non
1417 5721 1550 5781 ﬁunt
1572 5721 1750 5796 patres
1779 5723 1960 5780 statim
1990 5732 2152 5794 atque

554 5791 956 5850 constituuntur
984 5791 1253 5853 homines.

2174 4544 2228 4605 D

2235 1896 2586 1967 cumscriptio
2624 1895 2900 1967 opinandi,
2931 1894 3026 1950 sed
3060 1903 3266 1949 naturae
3306 1909 3489 1949 sermo
3518 1892 3829 1959 succumbit,

2235 2000 2290 2045 et
2333 2004 2446 2044 rem
2491 1997 2545 2042 ut
2576 1999 2658 2043 est
2688 1988 2851 2043 verba
2880 2003 2988 2043 non
3018 1987 3313 2058 explicant.
3344 1986 3590 2057 Namque
3617 1988 3754 2056 quod
3783 1986 3830 2039 in

2236 2084 2531 2151 semetipso
2575 2083 2645 2137 sit
2687 2096 2810 2137 cum
2850 2082 3077 2146 audias,
3126 2081 3207 2153 (8)
3247 2080 3310 2152 (ι)
3349 2081 3546 2135 rationi
3595 2080 3832 2134 humana:

2204 2202 2212 2213 ηε
2238 2176 2507 2233 absolutio
2533 2190 2642 2231 non
2670 2176 2947 2243 occurrit;
2982 2175 3181 2231 habere
3210 2177 3351 2229 enim
3393 2174 3691 2243 haberique
3734 2172 3834 2228 dis.

2240 2269 2503 2337 cernitur,
2560 2280 2616 2325 et
2657 2270 2762 2325 erit
2809 2270 3040 2325 alterum
3072 2269 3214 2339 quod
3245 2276 3351 2336 est,
3382 2269 3613 2324 alterum
3653 2268 3706 2323 in
3738 2282 3833 2338 quo

2237 2374 2340 2421 est.
2368 2364 2424 2420 Si
2451 2378 2665 2419 rursum
2691 2363 2834 2436 quod
2860 2378 2888 2417 a
2906 2365 3199 2433 semetipso
3218 2363 3286 2417 sit
3314 2361 3586 2433 accipias;
3624 2362 3718 2435 (γη)
3749 2376 3832 2416 uc-

2239 2474 2329 2514 mo
2354 2459 2454 2515 sibi
2483 2460 2601 2530 ipse
2629 2468 2684 2514 et
2714 2466 3031 2515 muneratur
3058 2469 3113 2514 et
3136 2474 3328 2513 munus
3356 2468 3459 2515 est.
3486 2457 3541 2514 Si
3572 2458 3713 2529 quod
3744 2458 3834 2511 im-

2239 2551 2483 2608 mortalis
2508 2561 2625 2619 est;
2655 2567 2786 2623 ergo
2806 2564 2889 2607 est
2909 2551 3112 2622 aliquid
3140 2566 3246 2606 non
3274 2552 3343 2606 ab
3367 2566 3454 2617 eo,
3487 2548 3566 2623 (n)
3593 2552 3680 2606 cui
3710 2552 3835 2605 alter

2240 2662 2351 2702 non
2379 2645 2470 2701 ﬁat
2495 2646 2799 2701 obnoxius:
2826 2661 2927 2701 nec
2954 2646 3130 2701 solum
3160 2645 3210 2699 id
3241 2655 3343 2711 est,
3386 2645 3527 2715 quod
3558 2659 3653 2713 per
3677 2659 3838 2699 enun-

2240 2742 2517 2797 tiationem
2547 2742 2697 2797 verbi
2731 2742 2888 2812 hujus
2935 2741 3238 2796 vindicatur
3276 2741 3344 2794 ab
3382 2742 3579 2796 altero.
3613 2741 3670 2797 Si
3703 2740 3835 2811 quod

2239 2834 2808 2904 incomprehensibilis
2827 2844 2910 2889 est
2935 2851 2948 2887 :
2974 2848 3236 2902 nusquam
3261 2847 3392 2903 ergo
3423 2833 3545 2899 erit,
3579 2833 3724 2902 quod
3752 2848 3838 2887 ne-

2239 2938 2397 2998 gatur
2426 2928 2638 2998 attingi.
2668 2929 2724 2985 Si
2773 2928 2917 2999 quod
2968 2926 3254 2982 invisibilis
3296 2936 3413 2992 est,
3447 2935 3593 2982 caret
3625 2940 3686 2981 sc
3727 2926 3835 2997 ipso

2319 3041 2399 3118 (5)
2429 3045 2519 3100 Sic
2549 3059 2653 3118 op_e
2697 3045 2864 3100 nostri
2903 3045 3105 3101 codicis
3142 3045 3492 3100 restituimus.
3520 3042 3653 3099 Nam
3687 3055 3831 3099 antea

2244 3115 2521 3189 legebatur
2548 3135 2561 3170 :
2591 3115 2828 3189 Fugerit.

2341 3186 2395 3250 6)
2421 3186 2476 3242 In
2510 3186 2693 3243 nostro
2723 3190 2861 3244 libro
2886 3204 2990 3245 non
3018 3196 3196 3244 exstat
3221 3206 3234 3242 ε
3263 3187 3329 3242 In
3355 3190 3624 3258 semetipso
3654 3198 3722 3244 et.

2341 3258 2397 3331 7)
2433 3259 2664 3315 Additur
2703 3270 2795 3315 est.
2850 3261 2968 3315 Mox
3035 3259 3229 3330 legesis
3274 3271 3493 3316 teter-nus
3544 3275 3670 3318 cum
3734 3259 3842 3316 aliis

2243 3347 2401 3396 mss.,
2436 3347 2540 3385 non
2568 3333 2895 3387 immortalis.

2315 3403 2393 3475 (8)
2418 3402 2574 3458 Ratio
2605 3404 2843 3458 humana:
2879 3401 3217 3460 absolutionis
3239 3405 3486 3458 occurrit.

2322 3584 2402 3658 (g)
2434 3583 2683 3658 E_diti,iut
2725 3593 2873 3654 pater
2914 3598 3111 3651 semper
3140 3584 3250 3636 sit:
3272 3581 3672 3658 refragantibus
3720 3597 3839 3637 mss.

2250 3655 2433 3726 Neque
2453 3656 2567 3725 jam
2598 3657 2759 3712 Pater
2783 3665 2840 3710 ut
2867 3666 3017 3724 pater
3047 3662 3343 3724 spectatur.
3378 3655 3474 3710 sed
3507 3663 3563 3709 ιιι
3591 3667 3839 3710 :eternns.

2324 3748 2404 3875 sit)
2436 3748 2594 3814 Bad.,
2626 3746 2720 3804 Er.
2763 3764 2826 3803 ac
2855 3749 3144 3803 deterioris
3193 3760 3336 3803 nota:
3394 3764 3553 3814 mss.,
3594 3765 3702 3802 una
3739 3766 3842 3804 cum

2346 3822 2393 3874 io
2434 3822 2688 3875 revelante
2717 3819 2858 3874 Filio
2881 3838 2899 3875 :
2925 3821 3067 3875 ouud
3097 3828 3151 3874 et
3185 3820 3236 3873 in
3272 3827 3538 3875 tmstrema
3566 3822 3700 3875 edit.
3728 3819 3838 3875 Par.

2254 3819 2393 3875 Filio
2434 3822 2688 3875 revelante
2717 3819 2858 3874 Filio
2881 3838 2899 3886 ;
2925 3821 3067 3891 quod
3097 3828 3151 3874 et
3185 3820 3236 3873 in
3272 3827 3538 3888 postrema
3566 3822 3700 3875 edit.
3728 3819 3838 3875 Par.

2254 3893 2393 3947 male
2428 3894 2736 3947 restitutum
2767 3902 2902 3946 erat.
2944 3894 3055 3945 lloc
3098 3891 3239 3945 enim
3288 3891 3389 3945 sibi
3422 3894 3537 3946 vult
3562 3912 3576 3947 :
3602 3909 3711 3946 non
3748 3892 3838 3946 alia

2250 3966 2319 4019 de
2363 3964 2520 4019 Patre
2565 3965 2882 4029 sentiamus,
2909 3979 3068 4033 quam
3112 3979 3232 4032 qua:
3265 3962 3433 4017 Filius
3482 3966 3549 4019 de
3596 3979 3664 4019 eo
3695 3979 3838 4020 reve-

2249 4035 2405 4091 lavit.

2251 4142 2303 4256 d'.
2321 4129 2385 4204 (ἰ)
2420 4129 2527 4184 Pro
2551 4128 2851 4184 sentiendus
2877 4138 2974 4195 est,
3002 4127 3165 4185 habet
3196 4144 3298 4185 ms.
3332 4127 3456 4184 Vat.
3490 4128 3636 4197 bas.,
3662 4132 3727 4186 de
3752 4148 3839 4202 quo

2287 4214 2443 4255 totum
2470 4212 2563 4255 est.

2287 4214 2443 4255 totum
2470 4212 2563 4255 est.

2255 4369 2267 4380 .
2324 4296 2397 4372 (j)
2435 4297 2637 4354 Omnes
2677 4313 2806 4354 mss.
2853 4313 2962 4353 uno
3008 4305 3235 4367 excepto
3280 4294 3534 4353 omittunt
3576 4297 3629 4352 in
3675 4306 3843 4353 senta:-

2248 4386 2385 4441 ipso.

2327 4448 2403 4522 (lt)
2435 4448 2492 4503 In
2516 4464 2674 4515 mss.,
2703 4438 2949 4504 internus.

2326 4541 2395 4609 (ι)
2430 4540 2551 4594 Par.
2595 4557 2717 4595 cum
2743 4542 2980 4609 antiquis
3008 4538 3180 4607 libris,
3216 4539 3407 4594 rationi
3430 4538 3674 4595 humanae
3702 4540 3841 4594 abso-

2257 4613 2465 4666 lutionis
2493 4613 2732 4666 occurrit.
2775 4611 2829 4665 In
2861 4627 2990 4665 mss.
3024 4622 3199 4666 tamen
3228 4610 3450 4669 Carnut.
3475 4620 3530 4667 et
3563 4613 3728 4668 Corb.
3760 4626 3846 4681 pro

2256 4684 2444 4737 rationi
2490 4683 2871 4754 superscripsit
2919 4682 3153 4755 secunda
3205 4698 3429 4748 manus,
3473 4684 3610 4737 ratio
3646 4700 3666 4739 :
3695 4697 3843 4755 quam

2259 4755 2542 4809 lectionem
2592 4756 2643 4807 in
2692 4753 3082 4822 poSterioribus
3132 4769 3263 4808 mss.
3311 4756 3637 4824 exscriplam
3686 4753 3845 4809 set-nti

2256 4833 2382 4880 sunt
2422 4825 2577 4896 Bad.,
2622 4825 2714 4880 Er.
2754 4837 2806 4878 et
2849 4825 2997 4896 Lips.
3049 4827 3414 4879 Etuendantur
3447 4840 3511 4880 ex
3548 4834 3847 4896 pervetusto

2254 4899 2441 4969 codice
2469 4895 2588 4950 Vat.
2619 4897 2733 4951 bas.
2781 4895 2948 4969 Porro
2982 4896 3234 4969 absolutio
3266 4896 3368 4969 hic
3413 4895 3558 4951 idem
3600 4907 3686 4953 est
3712 4895 3845 4969 quod

2254 4968 2555 5023 enuntiatio
2580 4970 2728 5023 omni
2755 4968 3103 5039 ambiguitate
3131 4967 3373 5021 absoluta
3392 5010 3406 5033 ,
3434 4984 3555 5036 qum
3583 4971 3658 5025 rei
3694 4967 3843 5023 tiatu-

2251 5056 2367 5094 ram
2392 5041 2538 5094 clare
2564 5054 2629 5094 ac
2654 5040 2908 5094 distincte
2934 5039 3222 5110 exprimat.

2324 5130 2420 5207 (m)
2448 5130 2503 5207 l_d
2535 5140 2649 5207 est,
2676 5131 2888 5207 videtur
2914 5146 3237 5200 repugnare,
3266 5139 3326 5186 ut
3372 5130 3602 5202 idipsum
3629 5133 3730 5190 sibi
3760 5131 3843 5188 det

2251 5201 2583 5264 ess‘e.‘simul
2612 5213 2667 5257 et
2694 5202 2939 5272 accipiat.

2325 5292 2404 5363 (η)
2435 5292 2491 5348 ln
2522 5310 2623 5348 ms.
2658 5293 2771 5348 has.
2809 5292 2924 5346 Vat.
2951 5334 2967 5360 ,
2995 5306 3114 5348 ante
3160 5310 3256 5363 pro
3290 5297 3435 5350 alter.
3471 5295 3528 5351 ln
3559 5298 3841 5354 vetustiore

2253 5365 2408 5438 Colb.
2433 5378 2487 5419 et
2505 5366 2698 5438 perm.
2719 5381 2767 5438 Διι
2788 5374 2855 5420 ιε.
2890 5365 3170 5420 Malletnus
3199 5382 3231 5419 α
3255 5384 3309 5422 se
3334 5383 3352 5421 :
3383 5370 3503 5438 quia
3532 5370 3650 5424 scil.
3686 5369 3842 5424 verbo

2255 5435 2559 5490 immortalis
2594 5433 2927 5506 signiﬁcatur
2964 5452 3110 5491 mors
3139 5448 3387 5504 tauquam
3402 5433 3614 5510 aliquid
3642 5446 3723 5496 cui
3756 5440 3845 5494 Pa-

2256 5517 2336 5562 ter
2360 5523 2426 5562 ex
2455 5518 2641 5582 natura
2668 5523 2762 5561 sua
2792 5525 2896 5562 non
2922 5511 2990 5562 sit
3014 5509 3278 5563 obnoxius
3305 5527 3317 5563 :
3343 5509 3671 5582 proindeqne
3697 5514 3740 5566 si
3763 5525 3843 5564 so-

2253 5584 2362 5633 lum
2396 5579 2540 5632 vocis
2570 5594 2759 5632 sonum
2783 5591 3015 5647 spectas,
3042 5594 3234 5649 pl‘iltler
3263 5581 3474 5635 Patrem
3499 5579 3708 5649 videtur
3732 5596 3843 5636 esse

2257 5650 2368 5718 ipsa
2397 5664 2541 5702 lttOt'S
2568 5666 2593 5700 a
2622 5666 2724 5719 qua
2752 5650 2843 5705 ille
2876 5650 3201 5716 vindicatur;
3231 5668 3327 5720 pro
3350 5668 3458 5720 quo
3481 5654 3644 5710 verbo
3667 5656 3718 5708 in
3743 5668 3836 5707 ms.

2254 5721 2370 5774 bas.
2407 5720 2524 5797 Vat.
2557 5729 2663 5797 est,
2699 5721 2953 5797 uincatur,
2985 5732 3039 5797 et
3062 5722 3115 5775 iu
3148 5724 3440 5797 vetustiore
3469 5722 3677 5797 Remig.
3708 5724 3839 5781 indi-

2254 5801 2400 5846 catur
2428 5795 2492 5845 de
2519 5793 2702 5846 altera.
2735 5792 3031 5849 Retinenda
3062 5792 3481 5863 lectiorvulgata.
