3960 6202
129 287 183 344 57
1270 277 1357 333 DE
1397 273 1774 333 TRINI'I'ATE
1813 275 2018 334 LIBER
2060 277 2122 333 ll.

3298 279 3368 335 58

128 393 342 470 quidquid
371 408 467 448 non
495 407 553 449 ea
571 401 679 447 stat
704 391 769 447 ad
798 392 992 447 visum.
1014 390 1205 447 Deﬁcit
1229 406 1359 463 ergo
1389 392 1441 447 in
1472 406 1671 447 nuncu-
1697 393 1751 452 Α
1775 391 1907 447 Etsi
1941 395 2060 462 quis
2095 396 2232 450 forte
2275 394 2640 467 intelligentiae
2678 409 2789 451 suae
2820 396 3121 467 imputabit,
3148 412 3374 469 genera-

132 490 306 559 patioue
328 485 581 542 confessio
600 526 615 551 ,
640 515 669 541 ι.
686 493 705 525 ι
726 484 981 556 Quidquid
1012 484 1143 539 illud
1170 498 1482 539 sermonum
1520 493 1672 552 apta-

130 584 263 646 bitur,
288 581 435 635 Deum
465 588 519 635 ut
547 589 657 645 est,
680 584 1027 650 qua.“tusque
1063 588 1166 642 est,
1197 593 1303 631 non
1330 578 1412 647 (1)
1452 578 1672 646 eloque-

132 687 216 731 tur.
236 672 449 730 Perfecta
474 671 704 726 scientia
725 679 828 737 est,
854 672 931 726 sic
959 671 1123 725 Deum
1144 670 1306 737 scire,
1334 682 1394 724 ut
1420 670 1545 724 licet
1567 685 1671 725 non

132 768 454 840 ignorabilem,
487 774 669 821 tamen
713 765 1127 831 inenarrabilem
1168 764 1327 819 scias.
1358 761 1672 818 Credendus

134 873 226 927 est,
249 860 599 931 intelligendus
626 870 747 925 est,
779 858 1086 916 adorandus
1128 866 1245 924 est;
1278 866 1335 914 et
1373 858 1458 913 his
1484 856 1673 912 ofﬁciis

132 955 425 1027 eloquendus.

188 1051 235 1106 8.
256 1048 405 1103 Filias
430 1048 555 1118 quid
577 1049 666 1114 sit,
698 1047 824 1118 quid
845 1064 947 1103 non
973 1048 1139 1103 sit.—
1165 1046 1350 1102 Eveeti
1376 1045 1442 1102 de
1472 1046 1674 1115 impor-

134 1142 275 1199 tuosis
300 1142 413 1196 locis
441 1142 491 1195 in
520 1142 690 1195 altum
720 1140 937 1197 turbato
968 1141 1100 1195 mari
1130 1154 1340 1203 sumus,
1367 1146 1424 1194 et
1460 1153 1558 1193 nec
1589 1150 1676 1193 re—

130 1236 283 1306 gredi,
313 1248 398 1290 nec
425 1234 675 1306 progredi
717 1234 834 1289 sine
877 1233 1117 1304 periculo
1158 1233 1319 1289 licet:
1346 1234 1460 1302 plus
1490 1239 1670 1288 tamen

130 1328 408 1384 difﬁcultatis
453 1329 504 1383 in
555 1328 881 1384 emetiendis
924 1337 1025 1393 est,
1074 1344 1232 1397 quam
1278 1328 1532 1383 emensis.
1578 1326 1675 1381 Est

130 1423 258 1478 Pater
281 1431 332 1477 ut
357 1430 452 1488 est,
479 1431 537 1477 et
558 1432 616 1477 ut
639 1430 722 1477 est
742 1435 864 1478 esse
892 1421 1196 1477 credendus
1214 1430 1314 1477 est.
1345 1421 1451 1492 32
1480 1419 1671 1475 Filium

133 1530 260 1572 mens
272 1524 631 1572 constet-natur
650 1517 938 1588 attingere,
960 1525 1016 1571 et
1040 1515 1273 1585 trepidat
1293 1515 1467 1568 omnis
1493 1527 1674 1568 sermo

129 1624 177 1664 se
214 1609 430 1679 prodere.
476 1610 576 1663 Est
618 1610 761 1664 enim
806 1608 1092 1679 progenies
1140 1607 1393 1678 ingeniti,
1425 1621 1562 1660 unus
1607 1620 1671 1658 ex

130 1719 234 1769 uno,
254 1717 393 1758 verus
414 1717 441 1755 a
466 1716 622 1767 vero,
650 1702 801 1756 vivus
825 1716 855 1756 a
884 1702 1024 1765 vivo,
1051 1698 1324 1769 perfectus
1352 1714 1381 1752 ιι
1411 1698 1670 1769 perfecto,

1779 488 1937 543 tionis
1993 489 2151 559 hujus
2197 500 2592 545 sacramentum
2635 506 2739 545 non
2791 506 2949 559 posse
2980 505 3040 546 se
3091 491 3371 562 consequi,

1777 594 1899 637 eum
1932 580 2001 653 (t)
2035 591 2214 638 tamen
2243 592 2295 637 et
2324 582 2487 638 Pater
2514 583 2583 638 sit
2612 583 2856 640 absolute
2888 583 2966 657 (3)
2996 584 3298 639 intellectus
3319 593 3374 639 et

1778 673 1984 739 Filius;
2011 675 2215 743 majore
2242 674 2379 729 istud
2398 673 2629 731 dolorea
2660 691 2744 731 me
2762 676 2943 731 audiet
2973 675 3227 747 ignorari.
3260 676 3375 748 Ego

1778 764 1981 832 nescio,
2018 781 2125 820 tmn
2168 767 2415 835 requiro;
2442 775 2498 822 et
2538 767 2862 823 consolabor
2909 782 2997 823 me
3035 779 3235 823 tamen.
3267 769 3373 824 Ar-

1776 859 2020 929 ehangeli
2062 859 2333 926 nesciunt,
2360 862 2535 931 angeli
2568 876 2675 916 non
2706 861 3016 930 audierunt,
3040 862 3235 917 saecula
3270 877 3374 917 non

1778 961 1993 1022 tenent,
2024 954 2284 1025 propheta
2318 970 2424 1009 non
2463 957 2652 1021 sensit,
2686 956 2964 1026 apostolus
3006 972 3111 1011 non
3145 957 3377 1013 interro-

1775 1047 1940 1118 gavit,
1969 1045 2109 1101 ﬁlius
2138 1048 2253 1118 ipse
2275 1061 2383 1101 non
2408 1047 2596 1104 edidit.
2627 1049 2812 1103 Cesset
2835 1049 2989 1103 dolor
3009 1051 3373 1119 querelarum.

1775 1137 1893 1193 Non
1926 1149 1999 1203 te,
2030 1140 2273 1209 quisquis
2302 1153 2363 1195 es
2396 1141 2487 1211 qui
2527 1141 2643 1195 haec
2666 1139 2746 1214 (4)
2774 1142 3047 1211 requires,
3078 1157 3273 1198 revoco
3321 1144 3371 1198 in

1777 1232 2068 1298 excelsum,
2096 1232 2202 1304 33
2232 1248 2335 1287 non
2354 1233 2403 1287 in
2421 1233 2827 1302 amplitudinem
2845 1235 3026 1301 tendo,
3045 1250 3150 1290 non
3167 1235 3376 1291 deduco

1779 1325 1831 1379 in
1861 1324 2184 1395 profundum
2219 1343 2231 1376 :
2265 1341 2445 1381 nonne
2471 1327 3135 1399 :equanimiterignorabis
3157 1329 3377 1385 Creato-

1778 1420 1855 1473 ris
1905 1419 2268 1485 nativitatem,
2320 1421 2575 1489 ignorans
2623 1422 2886 1491 originem
2937 1422 3378 1479 creaturteﬂioc

1777 1515 1966 1570 saltem
2007 1515 2244 1586 requiro,
2278 1516 2519 1570 Sentisne
2558 1524 2609 1570 te
2653 1515 2922 1585 genitum,
2955 1524 3009 1571 et
3046 1531 3164 1587 qua:
3209 1533 3273 1571 ex
3324 1528 3378 1572 te

1778 1620 2105 1678 generentur
2144 1607 2437 1676 intelligis?
2465 1607 2579 1661 Non
2609 1624 2796 1678 qtnero
2822 1624 3039 1663 sensum
3067 1608 3209 1665 unde
3242 1609 3376 1664 hau-

1777 1699 1946 1765 seris,
1980 1701 2142 1753 vitam
2195 1699 2337 1754 unde
2377 1700 2601 1754 sortitus
2649 1701 2753 1765 sis,
2782 1700 3190 1772 intelligentiam
3230 1702 3376 1757 unde

129 1795 305 1851 virtutis
347 1795 542 1862 virtus,
586 1794 867 1865 sapientiae
915 1794 1206 1865 sapientia,
1238 1794 1404 1864 gloria
1453 1791 1638 1862 gloriae
1661 1832 1676 1856 ,
1710 1796 1756 1856 Β
1792 1793 2017 1862 adeptus
2048 1794 2124 1847 sis
2150 1835 2164 1859 ,
2193 1793 2353 1862 quale
2391 1803 2475 1848 est
2522 1793 2668 1863 quod
2700 1794 2753 1849 in
2790 1803 2841 1849 te
2886 1796 2959 1848 sit
2997 1794 3153 1860 odor,
3189 1808 3382 1849 sensus

130 1887 273 1959 imago
311 1888 591 1943 invisibilis
641 1890 768 1954 Dei,
800 1890 971 1943 forma
1016 1886 1184 1958 patris
1224 1885 1464 1955 ingeniti.
1508 1885 1678 1951 Quam

128 1991 273 2037 autem
298 1983 604 2051 progeniem
634 1982 976 2055 opinabitnur
1004 1982 1262 2053 tmigeniti
1286 1981 1354 2035 ab
1400 1980 1684 2050 ingenito?

133 2072 305 2129 Clamat
330 2078 465 2130 enim
503 2091 657 2146 sirpe
698 2090 924 2131 numero
957 2075 1116 2130 Pater
1157 2074 1223 2129 de
1251 2074 1403 2129 caelis
1435 2090 1447 2127 :
1478 2072 1583 2126 Hic
1612 2082 1687 2126 est

129 2169 240 2235 titius
257 2185 382 2223 meus
409 2169 651 2233 dilectus,
680 2167 758 2240 (a)
786 2169 838 2222 in
861 2184 962 2238 quo
991 2168 1116 2223 bene
1142 2166 1425 2238 complacui
1458 2164 1682 2238 (Matth.

131 2276 195 2327 ιιι,
217 2261 312 2333 i7).
334 2261 444 2318 Non
494 2272 586 2318 est
628 2262 889 2317 abscissio
909 2303 923 2328 ,
955 2271 1046 2315 aut
1074 2260 1269 2315 divisio
1297 2277 1309 2313 :
1341 2259 1687 2329 impassibilis

128 2364 193 2407 est
216 2355 340 2409 enim
387 2355 474 2410 ille
501 2355 597 2425 qui
636 2354 842 2424 genuit,
874 2365 925 2408 et
967 2354 1142 2421 imago
1174 2352 1453 2406 invisibilis
1484 2352 1574 2406 Dei
1605 2357 1690 2406 est.

130 2447 203 2502 ille
232 2452 310 2519 qui
345 2460 503 2505 natus
536 2462 657 2515 est;
686 2458 740 2504 et
785 2456 1009 2505 testatur
1040 2465 1053 2501 :
1091 2446 1221 2512 Quia
1257 2446 1413 2500 Pater
1437 2446 1489 2499 in
1520 2461 1615 2513 tne,
1641 2455 1689 2499 et

128 2558 200 2613 ego
221 2546 267 2595 in
287 2541 432 2599 Patre
460 2542 649 2614 (Joan.
681 2559 737 2609 κ,
768 2541 884 2613 58).
920 2540 1035 2596 Non
1058 2550 1139 2596 est
1170 2539 1505 2609 assumptio:
1530 2554 1688 2594 verus

129 2634 246 2688 enim
278 2636 407 2690 lilius
449 2636 548 2690 Dei
575 2646 680 2702 est,
710 2643 764 2690 et
807 2635 1043 2689 clamat:
1076 2633 1171 2698 Qui
1207 2648 1286 2686 me
1312 2631 1456 2696 vidit,
1490 2630 1610 2684 vidit
1641 2638 1689 2684 et

130 2727 306 2783 Patrem
334 2729 515 2801 (Joau.
548 2745 656 2793 xw,
689 2727 764 2798 9).
800 2727 906 2785 Sed
931 2742 1105 2797 neque
1124 2741 1246 2781 esse
1271 2735 1322 2779 ut
1350 2732 1542 2780 caetera
1571 2723 1690 2795 jus-

129 2834 205 2876 sus
222 2833 325 2877 est:
345 2837 578 2891 namque
596 2820 912 2892 Unigenitns
934 2836 995 2875 ex
1024 2835 1132 2872 uno
1156 2830 1258 2883 est,
1283 2827 1337 2872 et
1365 2818 1415 2871 in
1442 2831 1502 2871 se
1532 2815 1692 2870 habet

126 2914 283 2979 vitam,
304 2926 356 2969 ut
382 2914 550 2970 habet
578 2915 628 2968 in
658 2927 719 2969 se
741 2913 903 2967 vitam
933 2912 1023 2967 ille
1049 2911 1137 2982 qui
1171 2908 1380 2979 genuit;
1405 2908 1472 2962 ait
1505 2908 1646 2962 enim
1675 2924 1687 2961 :

129 3004 248 3060 Sicut
283 3005 418 3063 habet
462 3006 629 3062 Pater
656 3007 812 3060 vitam
848 3005 900 3058 in
941 3004 1242 3072 semetipso,
1272 3004 1342 3055 ita
1381 3001 1520 3055 dedit
1555 2999 1692 3054 Filia

126 3096 280 3154 [tubere
316 3101 463 3154 vitam
515 3100 569 3153 in
615 3099 883 3170 semetipso
925 3096 1104 3169 (Jomt.
1142 3110 1192 3161 v,
1226 3094 1340 3165 ‘26).
1371 3094 1477 3150 Sed
1520 3108 1693 3164 neque

1788 1889 1958 1953 visus,
1990 1887 2237 1952 auditus;
2269 1901 2415 1943 eerte
2445 1905 2604 1943 nemo
2630 1887 2773 1959 quod
2806 1887 2931 1943 facit
2961 1888 3169 1943 nescit:
3195 1902 3381 1958 quaero

1786 1980 1928 2035 unde
1954 1982 2051 2034 ista
2078 1981 2145 2035 iis
2166 1995 2301 2051 quos
2326 1995 2553 2050 generes
2586 1981 2885 2051 indulgeas,
2907 1980 3137 2051 qualiter
3158 1994 3377 2035 sensum

1789 2073 2017 2141 inseras,
2043 2074 2230 2128 oculos
2263 2075 2528 2129 acceudas
2547 2117 2560 2139 ,
2591 2089 2685 2129 cor
2716 2073 2922 2145 alligas.
2959 2074 3104 2141 Haec,
3130 2074 3174 2130 si
3204 2085 3378 2146 potes,

1787 2183 1999 2223 enarra.
2028 2168 2203 2224 Habes
2225 2184 2355 2239 ergo
2377 2168 2456 2242 (5)
2483 2185 2602 2240 quae
2632 2169 2900 2234 nescis,et
2927 2169 3114 2225 tribuis
3129 2184 3245 2239 quae
3274 2184 3381 2223 non

1790 2262 2044 2329 inteliigis
2075 2280 2087 2315 :
2113 2261 2488 2330 mquanimiter
2531 2263 2811 2333 imperitus
2846 2262 2896 2317 in
2932 2262 3058 2328 tuis,
3090 2262 3385 2318 insolenter

1790 2355 1841 2409 in
1878 2356 1966 2409 Dei
1998 2356 2160 2410 rebus
2187 2356 2422 2424 ignarus.

1862 2447 1950 2501 it).
1987 2445 2260 2501 Ceneratio
2290 2445 2384 2499 Dei
2415 2446 2504 2516 qui
2531 2447 2613 2517 pie
2640 2456 2685 2500 et
2710 2463 2812 2517 quo
2834 2449 3004 2517 fructu
3030 2447 3378 2518 investigatur.

1789 2569 1860 2579 ——
1891 2539 2026 2594 Audi
2058 2538 2220 2610 igitttr
2260 2539 2473 2593 Patrem
2507 2539 2822 2609 ingenitum,
2878 2539 3002 2595 andi
3050 2541 3384 2609 unigenitum

1793 2632 2025 2698 Filium;
2077 2633 2198 2686 audi
2230 2649 2242 2684 :
2278 2630 2436 2685 Pater
2464 2633 2631 2702 major
2659 2649 2738 2685 me
2762 2642 2834 2685 est
2863 2630 3052 2704 (Joan.
3086 2649 3195 2698 xw,
3224 2632 3339 2705 28)
3372 2650 3387 2700 ;

1790 2729 1915 2783 audi
1942 2746 1955 2782 :
1984 2726 2098 2799 Ego
2119 2737 2164 2781 et
2188 2728 2347 2781 Pater
2372 2742 2530 2779 unum
2558 2742 2732 2779 smnus
2759 2724 2938 2797 (Joan.
2961 2743 3017 2791 κ,
3045 2727 3149 2798 50)
3176 2743 3190 2793 ;
3224 2727 3344 2781 audi
3371 2744 3385 2780 :

1795 2821 1898 2889 Qui
1922 2835 2003 2874 me
2024 2820 2171 2885 vidit,
2197 2820 2322 2873 vidit
2351 2828 2397 2873 et
2427 2817 2635 2872 Patrem
2677 2818 2875 2890 (Joan.
2906 2834 3020 2882 xiv,
3074 2819 3147 2887 9)
3176 2834 3190 2883 ;
3223 2819 3346 2873 audi
3373 2836 3386 2872 :

1793 2914 1955 2970 Pater
1991 2916 2045 2968 in
2069 2930 2150 2968 me
2190 2924 2285 2976 est,
2336 2921 2382 2967 et
2410 2929 2503 2983 ego
2561 2913 2616 2965 in
2664 2912 2820 2965 Patre
2852 2911 3052 2983 (Joan.
3117 2927 3169 2977 ιι,
3236 2911 3302 2965 38
3330 2909 3386 2983 );

1793 3010 1915 3066 audi
1950 3027 1964 3065 :
1996 3008 2109 3080 Ego
2137 3009 2201 3063 de
2249 3007 2407 3062 Patre
2449 3007 2580 3062 exivi
2610 3006 2809 3079 (.loan.
2856 3021 2965 3071 ενι,
3007 3003 3123 3074 28)
3156 3022 3170 3070 ;
3206 3005 3287 3077 (g)
3313 3013 3387 3070 et,

1801 3103 1901 3170 Qui
1929 3112 2003 3158 est
2031 3104 2085 3155 in
2109 3102 2224 3154 sinu
2253 3099 2430 3155 Patris
2456 3116 2474 3166 ;
2497 3108 2570 3163 et,
2602 3100 2787 3153 Omnia
2816 3113 2929 3166 quia
2973 3098 3119 3151 habet
3161 3095 3239 3168 (h)
3288 3094 3393 3151 Pa-

128 3205 228 3258 pars
250 3191 407 3247 Patris
437 3192 523 3263 (ὁ)
574 3193 629 3247 in
678 3191 816 3246 Filio
858 3200 981 3255 est;
1015 3197 1241 3244 testatur
1289 3188 1430 3243 enim
1485 3186 1687 3241 Filius:

1799 3211 1894 3262 ter,
1927 3197 2009 3267 (6)
2041 3196 2255 3251 tradidit
2310 3193 2495 3261 Filio;
2549 3205 2622 3256 et.
2669 3192 2833 3247 Vitam
2884 3191 3052 3245 Filius
3107 3192 3159 3245 iu
3207 3200 3392 3245 semet-

129 3283 285 3338 Onmia
318 3301 429 3354 qua:
459 3284 645 3339 Patris
669 3295 809 3349 sunt,
843 3300 955 3337 mea
981 3292 1099 3338 sunt
1130 3282 1310 3354 (Joau.
1343 3297 1453 3347 xw,
1482 3283 1606 3350 ib):
1640 3291 1695 3334 et

125 3392 305 3432 rursum
330 3398 342 3433 :
369 3379 432 3435 Et
484 3396 602 3434 mea
647 3379 819 3432 omnia
873 3386 960 3431 tua
994 3386 1135 3443 sunt,
1169 3387 1214 3431 et
1252 3385 1340 3430 tua
1372 3392 1481 3429 mea
1510 3372 1690 3449 (Joan.

126 3486 245 3531 ml.
282 3472 395 3544 i0);
427 3485 483 3528 et
520 3490 533 3527 ε
568 3472 649 3544 (‘2)
686 3472 756 3543 (ε)
793 3471 1134 3539 Qua‘cumqne
1172 3469 1315 3524 habet
1346 3468 1524 3530 Pater.
1555 3467 1695 3521 dedit

129 3561 279 3631 Filio;
307 3578 533 3621 testatur
577 3575 634 3620 et
661 3563 956 3633 Apostolus
984 3581 996 3616 :
1029 3562 1166 3630 Quia
1196 3564 1250 3616 in
1290 3563 1402 3631 ipso
1443 3559 1695 3615 inhabitat

125 3664 260 3713 anatis
296 3660 559 3727 plenitudo
605 3659 885 3713 divinitatis
916 3657 1250 3728 corporaliter
1273 3654 1494 3727 (Coloss.
1528 3670 1588 3715 ιι,
1612 3652 1693 3723 9).

127 3751 278 3821 Neque
318 3766 509 3810 natura
540 3754 702 3810 habet
730 3753 909 3807 omnia
948 3767 1091 3816 esse,
1123 3752 1199 3824 (d)
1223 3751 1363 3822 quod
1389 3752 1562 3819 portio
1590 3757 1694 3805 est.

125 3844 366 3902 Perfectus
393 3859 580 3903 autem
612 3862 640 3900 a
674 3846 912 3915 perfecto
938 3855 1021 3899 est
1048 3861 1061 3897 :
1085 3846 1210 3912 quia
1245 3843 1335 3914 qui
1382 3843 1541 3898 habet
1580 3858 1698 3897 om-

129 3939 225 4005 uia,
253 3943 389 3997 dedit
426 3942 635 3997 omnia.
667 3939 851 4009 Neque
889 3937 1281 3992 existimandus
1332 3949 1414 3991 est
1460 3952 1563 3991 non
1605 3936 1699 3991 de-

130 4032 274 4101 tlisse,
305 4037 422 4105 quia
454 4034 690 4098 habeat;
726 4032 808 4085 vel
841 4046 947 4085 non
991 4029 1209 4096 habere,
1246 4030 1366 4097 quia
1399 4028 1624 4083 dederit.

183 4126 233 4181 9.
264 4127 379 4182 Filii
410 4126 510 4182 Dei
536 4124 797 4198 generatio
829 4134 1032 4193 captam
1068 4123 1350 4175 humanum
1378 4130 1604 4190 superat.
1633 4150 1704 4161 —

129 4217 307 4275 llaltent
341 4220 411 4293 (e)
460 4220 628 4290 igitur
649 4216 943 4272 nativitatis
966 4214 1123 4285 hujus
1154 4221 1380 4284 uterque
1409 4220 1699 4269 secretum.

185 4383 256 4447 tt)
285 4382 559 4449 Loquetur.

186 4454 252 4525 (Ξ)
285 4446 630 4525 Quaecumque
670 4453 817 4525 habet
857 4448 1015 4525 Pater
1043 4450 1180 4503 dedit
1212 4447 1351 4502 Filio
1378 4464 1396 4501 :
1440 4446 1700 4503 exhiben-

125 4521 366 4579 tnr'verba
398 4529 514 4580 bare
545 4521 599 4579 in
628 4524 811 4587 editis,
842 4522 934 4576 sed
966 4521 1019 4574 in
1049 4536 1149 4575 ms.
1180 4533 1368 4574 nosuo
1396 4534 1500 4573 non
1532 4535 1698 4588 appa~

126 4607 253 4655 rent;
283 4614 376 4650 nee
403 4597 623 4651 aliunde
651 4605 805 4650 eruta
833 4594 1100 4657 videntur,
1133 4607 1293 4661 quam
1322 4607 1384 4644 ex
1416 4592 1572 4644 .lnan.
1604 4607 1697 4657 ιιι,

122 4668 198 4731 3‘5,
223 4671 305 4721 ubi
340 4670 501 4723 hodie
533 4669 609 4721 sic
636 4668 865 4731 legimus
890 4683 901 4719 :
928 4662 1086 4718 Pater
1112 4664 1251 4717 dedit
1275 4662 1445 4716 omnia
1467 4662 1520 4716 in
1543 4679 1699 4717 manu

122 4741 213 4809 «jus
240 4739 310 4809 (id
342 4752 425 4795 est
457 4739 629 4808 Filii).
656 4736 905 4792 Concinit
929 4750 1137 4806 graecus
1166 4743 1361 4789 textus.

148 4876 245 4998 ἰ(τι)
273 4878 439 5001 lliuliii,
463 4879 516 4932 in
539 4893 638 4947 quo
670 4875 796 4929 mihi
820 4874 963 4938 bene,
993 4885 1125 4940 etc.,
1159 4871 1521 4927 renitentibus
1555 4880 1704 4926 vete-

150 4966 251 5001 tms
300 4953 453 5001 ibris.

124 4953 251 5003 ribus
281 4953 453 5005 libris.

179 5042 244 5109 (ὁ)
275 5043 371 5095 .tls.
407 5042 525 5095 bas.
558 5039 679 5095 Vat.
711 5054 834 5095 cum
892 5036 1079 5103 Carm,

121 5124 179 5163 est
202 5128 219 5165 :
239 5132 339 5167 ttnu
371 5115 537 5168 male.

178 5208 245 5273 t’c)
277 5208 389 5261 Νοιι
437 5215 623 5261 extant
677 5207 813 5270 tunc,
848 5204 1198 5272 Quacumque
1225 5199 1372 5254 habet
1401 5198 1582 5265 Pater,
1616 5200 1706 5254 de-

123 5278 181 5328 dit
209 5278 360 5337 Filio.
394 5279 499 5331 nisi
532 5281 582 5331 in
610 5277 844 5346 vulgatis
871 5289 920 5329 et
954 5276 1166 5329 duobus
1198 5287 1327 5326 mss.

180 5350 253 5416 (ά)
276 5350 397 5405 Sola
431 5350 600 5405 editio
625 5343 771 5411 Pati,
803 5349 1065 5417 praportio
1094 5356 1163 5399 est
1194 5360 1212 5397 :
1242 5343 1395 5396 male.

1136 5051 1256 5106 pars
1305 5033 1479 5089 Patris
1534 5033 1580 5086 F
1584 5034 1704 5089 ilius

183 5442 606 5511 (e)lteposuerat
662 5440 904 5510 Lipsius,
959 5437 1130 5511 habet,
1165 5434 1550 5511 reluctantibus
1588 5432 1708 5487 aliis

130 5506 275 5565 libris.
307 5506 408 5567 llic
455 5506 742 5580 reSpiritnr
776 5512 901 5567 illttd
930 5509 1156 5572 Christi,
1204 5506 1588 5580 l’att'ent_ttemtt
1617 5521 1701 5556 no-

127 5583 183 5635 rit
202 5584 297 5637 nisi
320 5582 373 5638 [δ’
375 5585 518 5643 ilius.
547 5576 709 5654 neque
741 5580 788 5635 Ρ
792 5584 937 5636 ilium
959 5582 1073 5653 quis
1102 5581 1241 5634 novit
1267 5579 1365 5631 nisi
1401 5576 1575 5641 Pater,
1596 5585 1702 5631 etc.

187 5674 250 5745 ιη
278 5674 433 5731 Unus
474 5674 640 5729 codex
677 5671 857 5737 Cnlh.,
882 5690 997 5727 cum
1045 5682 1164 5724 tunc
1209 5680 1399 5724 tamen.
1433 5667 1551 5745 Mox
1578 5665 1707 5745 editi

132 5736 245 5797 eum,
264 5747 660 5802 recentioribus
687 5761 817 5799 mss.
846 5736 1229 5814 intelligendus.
1269 5746 1421 5796 ltect.
1450 5742 1507 5814 in
1540 5736 1710 5814 tribus

135 5816 273 5871 ιιδιι..
316 5832 529 5877 necnon
568 5816 817 5875 Carnut..
850 5815 967 5868 Vat.
1002 5811 1153 5872 liam.
1187 5814 1370 5868 (ἔνι-ιιι.
1396 5850 1411 5872 ,
1445 5811 1711 5874 Sorhott.,

1727 4726 1783 4786 D

1795 3293 1908 3363 ipso
1960 3290 2128 3350 habet,
2160 3289 2291 3343 sicut
2324 3298 2371 3341 et
2401 3286 2561 3341 Pater
2591 3287 2738 3340 habet
2780 3287 2834 3339 in
2876 3285 3148 3353 semetipso
3202 3283 3393 3355 (Joan.

1795 3402 1851 3451 v,
1881 3382 1976 3453 26)
2000 3401 2015 3449 ;
2043 3382 2166 3438 audi
2191 3383 2381 3437 Filium
2411 3382 2719 3453 imaginem,
2745 3381 3081 3450 Sapientiam,
3114 3381 3389 3445 virtutem,

1795 3476 2020 3547 gloriam
2067 3475 2156 3530 Dei
2192 3492 2205 3527 :
2256 3485 2309 3530 et
2338 3474 2573 3544 intellige
2605 3474 2682 3543 (7)
2713 3472 2776 3541 (ἱ)
2806 3473 3224 3541 proclamantem
3268 3469 3394 3537 Spi-

1797 3570 1959 3624 ritum
2006 3575 2249 3622 sanctum
2300 3584 2313 3621 :
2364 3565 2755 3620 Generatiouem
2809 3567 2919 3636 ej-ts
2970 3563 3085 3633 quis
3140 3561 3399 3616 enarrabit

1797 3660 1974 3730 (Esa.
2006 3676 2119 3723 Lm.
2173 3658 2303 3731 8)?
2353 3667 2407 3713 et
2455 3659 2676 3726 ohjttrga
2731 3657 3010 3711 Dominum
3065 3664 3348 3708 testantem
3380 3670 3396 3706 :

1804 3750 1970 3807 Nemo
1987 3752 2121 3806 novit
2146 3748 2194 3804 F
2200 3751 2345 3804 ilium
2367 3752 2466 3803 nisi
2497 3749 2667 3810 Pater,
2698 3764 2860 3817 neque
2889 3744 3097 3800 Patrem
3120 3747 3232 3817 quis
3260 3745 3399 3798 novit

1801 3847 1899 3901 nisi
1942 3843 2135 3909 Filius,
2168 3855 2217 3899 et
2244 3846 2327 3898 cui
2388 3844 2599 3897 voluerit
2653 3840 2825 3895 Filius
2879 3839 3106 3895 revelare
3156 3838 3394 3908 (Matth.

1805 3955 1876 4003 st,
1906 3938 1976 3992 27
2012 3956 2025 3992 :
2058 3948 2111 3993 et
2139 3939 2314 3992 insere
2343 3946 2395 3991 te
2423 3938 2473 3990 in
2510 3937 2609 3989 hoe
2639 3944 2932 3999 St‘Cl‘Clttm,
2958 3940 3012 3986 et
3062 3932 3203 3987 inter
3236 3947 3397 3986 unum

1812 4033 2105 4102 ingenitum
2133 4032 2320 4097 Deum,
2352 4042 2406 4087 et
2438 4046 2599 4085 tinum
2630 4028 2960 4098 unigenitum
2989 4026 3178 4090 Deum,
3204 4041 3404 4080 arcano

1813 4136 1865 4181 te
1896 4126 2238 4196 inopinabilis
2262 4125 2553 4180 nativitatis
2583 4124 2864 4192 immerge.
2888 4119 3089 4191 Incipe,
3123 4134 3405 4190 procurro,

1816 4220 2043 4287 persiste
2075 4238 2089 4273 :
2121 4219 2222 4274 etsi
2265 4236 2371 4276 non
2407 4228 2793 4291 perventurum
2826 4217 3014 4280 sciam,
3061 4224 3238 4269 tamen
3282 4227 3405 4285 gra-

1881 4381 1957 4449 (5)
1987 4379 2379 4451 Intelligendus.

1880 4453 1960 4527 (4i
1987 4455 2241 4527 Requiris-

1880 4525 1962 4593 (5)
1997 4525 2146 4591 Quod
2168 4526 2352 4580 nescis.

1880 4530 1940 4593 (5
1997 4530 2170 4591 Quod;

1880 4530 1962 4669 (ὕ)
1993 4595 2170 4651 Dedit.

1882 4662 1959 4744 (ἲ)
1990 4669 2092 4723 Per
2113 4668 2414 4740 praphetam
2442 4666 2745 4722 clamantem
2768 4662 3020 4735 Spiritum
3041 4668 3296 4716 sanctum.

1809 4870 2046 4943 Retnig.,
2080 4870 2389 4943 intellectus.
2429 4866 2753 4922 Luculenter
2791 4864 2932 4943 enim
2978 4861 3190 4943 Patrem
3221 4868 3279 4941 et
3308 4858 3399 4913 Fi-

1810 4944 1938 4999 lium
1966 4930 2221 5013 priedicat
2245 4942 2617 5013 Evangelium,
2642 4934 2881 5005 quamvis
2903 4930 3276 5012 generationis
3292 4945 3409 4983 mo-

1810 5017 1934 5071 dum
1966 5002 2201 5069 'silentio
2248 5002 2421 5081 tegat:
2443 5009 2627 5078 Itaque
2663 5002 2919 5059 tenemus
2956 5018 3101 5067 rem,
3133 5002 3404 5056 nescimus

1808 5088 2048 5141 modum.

1882 5156 2113 5230 (g)_Mss_.
2148 5169 2256 5230 uno
2281 5160 2659 5230 exceptohnon
2694 5147 2894 5230 habent
2922 5188 2937 5209 ,
2992 5153 3061 5207 et,
3094 5144 3198 5230 Qui
3237 5153 3310 5198 est
3349 5144 3403 5197 in

1810 5216 2151 5282 siu‘itul’atris.
2183 5226 2277 5279 Hic
2306 5216 2456 5277 locus
2482 5223 2639 5275 aliter
2670 5218 2891 5274 alTertur
2923 5233 3070 5271 ttttttt.
3096 5216 3187 5270 ‘25.

1889 5304 1977 5369 (Ιι)
2000 5297 2195 5351 Vocem
2246 5294 2399 5369 Pater
2443 5292 2697 5369 ot_nittttttt
2744 5290 2985 5369 plerique
3013 5302 3160 5369 .ltt-SS.
3204 5287 3406 5369 Deinde

1814 5358 1911 5438 pro
1943 5358 2103 5433 Filio,
2158 5383 2288 5423 mss.
2330 5365 2445 5420 Vat.
2491 5366 2624 5438 ba_s._
2659 5358 3202 5438 et_Car_n._eshihent
3254 5359 3400 5438 mihi.

1819 5428 1972 5498 llnnc
2019 5428 2191 5494 locum
2246 5454 2349 5492 non
2397 5435 2566 5491 semel
2617 5435 2794 5487 laudat
2847 5431 3111 5485 llilarins:
3164 5437 3219 5483 at
3266 5428 3411 5483 unde

1820 5513 2022 5576 laudet,
2056 5516 2336 5564 incertum.
2369 5507 2547 5561 Videri
2580 5517 2761 5575 posset
2808 5502 2934 5557 illud
2959 5502 3154 5576 Matth.
3182 5516 3233 5555 xt
3258 5542 3271 5562 ,
3300 5499 3404 5554 ‘25:

1822 5587 2007 5640 Omnia
2052 5584 2176 5637 mihi
2200 5582 2388 5637 tradita
2414 5587 2533 5633 sunt
2580 5597 2611 5633 ιι
2654 5577 2835 5642 Patre,
2887 5575 2971 5628 vel
3002 5588 3065 5628 ex
3096 5589 3259 5628 sensit
3293 5585 3411 5626 tan-

1818 5672 1929 5711 tttm
1954 5657 2039 5709 vel
2070 5670 2134 5709 ex
2181 5654 2434 5721 singulari
2460 5651 2709 5705 versione
2755 5660 3090 5721 memorare,
3138 5645 3241 5699 nisi
3274 5644 3409 5698 intra

1821 5730 1915 5783 lib.
1945 5744 2018 5792 vi.
2054 5744 2107 5780 n.
2136 5724 2229 5792 Ἠ,
2262 5719 2315 5779 et
2345 5724 2472 5777 alibi
2509 5723 2788 5777 nobiscum
2815 5719 3164 5792 consentiret.

1897 5790 1958 5869 (i)
1995 5784 2066 5853 ita
2095 5784 2227 5853 mss:
2257 5800 2325 5851 At
2350 5793 2481 5852 editi
2511 5834 2528 5857 .
2558 5810 2652 5861 per
2682 5790 2983 5863 prophetam
3009 5784 3329 5841 clamantem;
