3960 6202
514 289 586 347 59

1724 282 1970 342 SANCTI
2013 279 2270 340 lllLARli
2309 277 2620 340 EPISCOPI
3748 287 3771 340 ί
3783 287 3817 339 0

515 404 729 463 tutabor
778 402 1167 476 profecturum.
1198 402 1297 471 Qui
1330 402 1474 458 enim
1526 401 1615 471 pie
1661 398 1872 455 infinita
1925 399 2343 469 perse-Atiam
2366 396 2511 452 enim
2560 396 2655 453 Dei
2693 396 3137 468 reprohaverunt.
3195 397 3444 455 Scribam
3498 414 3628 471 ergo
3676 401 3806 471 legis

517 499 724 572 quitur,
758 498 858 555 etsi
889 512 996 554 non
1058 496 1335 566 contingat
1384 493 1695 566 aliquando.
1743 500 1923 549 tamen
1955 492 2119 561 proli-

517 594 627 650 ciet
667 592 1007 665 prodeundo.
1048 590 1170 649 Stat
1219 590 1274 646 in
1325 590 1428 646 hoc
1471 589 1552 662 (α)
1606 586 1965 659 intelligentia
2011 586 2121 643 flue

519 686 833 745 verborum.

596 781 681 836 11.
716 778 843 833 Filii
860 787 1069 833 natura.
1093 775 1247 832 Fidei
1284 776 1599 848 oﬂirium.-—
1627 774 1720 830 Est
1743 772 1916 829 Filius
1946 770 2022 843 (ὁ)
2054 772 2123 829 ab

523 890 591 931 co
654 883 807 943 patre
859 873 950 943 qui
1008 881 1120 939 est,
1155 871 1460 942 unigenitus
1491 868 1559 926 ab
1615 868 1872 938 ingenito,
1929 880 2123 937 proge-

519 969 637 1024 nies
667 983 696 1021 a
728 975 973 1036 parente,
1008 965 1163 1021 vivus
1188 980 1216 1021 a
1245 965 1387 1020 vivo.
1421 963 1492 1019 Ut
1521 962 1664 1018 Patri
1692 963 1800 1018 vita
1831 960 1885 1016 in
1924 968 2124 1016 semet-

517 1060 656 1128 ipso,
711 1059 785 1117 ita
814 1068 870 1114 et
896 1057 1036 1113 Filio
1081 1057 1206 1113 data
1252 1065 1333 1112 est
1380 1055 1489 1111 vita
1532 1055 1589 1111 in
1643 1054 1959 1123 semetipso.
1993 1053 2124 1108 Per-

520 1151 691 1206 fectus
725 1167 757 1207 a
786 1154 1047 1221 perfecto,
1082 1150 1207 1221 quia
1235 1158 1381 1205 totus
1407 1165 1437 1204 a
1465 1159 1618 1217 toto;
1651 1163 1758 1203 non
1812 1147 2006 1203 divisio
2029 1156 2122 1202 aut

519 1244 793 1311 discissio,
826 1243 951 1315 quia
981 1243 1051 1315 (c)
1082 1244 1220 1299 alter
1243 1244 1296 1297 in
1327 1242 1524 1307 altero,
1578 1252 1632 1297 et
1662 1240 1938 1310 plenitudo
1983 1239 2120 1294 divi-

522 1338 708 1394 nitatis
740 1340 793 1394 in
822 1338 963 1395 Filio
1007 1345 1109 1394 est.
1170 1335 1741 1407 lncomprchensibilis
1796 1336 1865 1389 ab
1913 1334 2122 1389 incom-

521 1431 914 1503 prehensibili;
963 1430 1112 1485 novit
1158 1429 1300 1484 enim
1334 1444 1530 1496 nemo,
1584 1428 1686 1483 nisi
1738 1426 1991 1482 invicem.
2036 1426 2123 1482 ln-

522 1525 751 1582 visibilis
791 1525 860 1580 ah
891 1522 1180 1577 invisibili:
1343 1523 1467 1591 quia
1509 1523 1685 1590 imago
1714 1520 1807 1576 Dei
1839 1517 2124 1575 invisibilis

520 1625 607 1674 est
635 1635 650 1682 ;
679 1629 732 1672 et
762 1617 885 1688 quia
917 1616 1008 1685 qui
1039 1614 1170 1668 vidit
1216 1614 1437 1676 Filium,
1463 1613 1597 1668 vidit
1625 1624 1681 1669 et
1704 1614 1942 1669 Patrem.
1971 1613 2124 1668 Alius

521 1712 589 1765 ab
618 1710 726 1764 alio
757 1726 773 1776 ;
816 1708 938 1777 quia
969 1718 1123 1778 pater
1150 1718 1204 1762 et
1237 1707 1380 1764 filius
1412 1724 1425 1761 :
1460 1722 1567 1762 non
1609 1716 1797 1763 natura
1827 1707 2122 1762 divinitatis

2223 493 2502 548 consulam
2530 492 2552 547 ?
2582 491 2688 549 Sed
2718 492 2928 563 ignorat
2956 509 2971 559 ;
3004 493 3208 564 quiaoci
3236 508 3371 548 crux
3418 492 3619 551 Christi
3663 510 3813 552 scan-

2221 585 2403 641 dalum
2441 594 2544 641 est.
2578 584 2846 640 llortabor
2871 584 3010 641 forte
3037 600 3136 640 vos
3171 584 3466 641 connivere
3515 596 3568 641 et
3617 595 3809 653 tacere,

2221 679 2346 750 quia
2389 676 2457 732 ad
2487 679 2894 735 venerationem
2926 678 3060 733 satis
3089 677 3161 733 sit
3190 677 3306 748 ejus
3332 678 3421 749 qui
3469 679 3808 749 prmdicatiir,

2222 771 2466 841 leprosos
2510 770 2832 826 emundatos
2878 770 3065 837 fuisse,
3098 771 3290 826 surdos
3336 770 3574 838 audisse,
3604 771 3815 827 claudos

2220 867 2546 932 cucurrisse,
2596 867 2922 938 paralyticos
2950 864 3281 932 constitisse,
3310 880 3488 920 caecos
3522 866 3601 935 (ὃ)
3640 866 3811 921 lumen

2221 960 2521 1029 recepisse,
2576 974 2777 1014 caecum
2848 958 2917 1013 ab
2975 967 3129 1014 utero
3175 958 3363 1014 oculos
3418 969 3804 1026 consecutum,

2223 1052 2499 1108 daemonas
2551 1053 2785 1124 fugatos,
2857 1061 3092 1122 aegrotos
3134 1050 3501 1116 'revaluisse,
3576 1062 3810 1106 mortuos

2223 1146 2478 1203 vixisse?
2528 1147 2635 1204 Sed
2710 1147 2826 1202 hate
2897 1146 3135 1202 haeretici
3186 1146 3530 1214 confitentur,
3592 1155 3647 1201 et
3701 1162 3817 1217 (er-

2224 1248 2373 1297 eunt.

2302 1334 2390 1389 15.
2420 1331 2614 1387 Eadem
2641 1333 2884 1404 piscatori
2909 1332 3153 1388 revelata.
3186 1331 3410 1387 Verbum
3436 1341 3510 1387 est
3540 1348 3572 1387 (ι
3603 1341 3821 1403 tempore

2224 1427 2890 1497 liberum.—Ex5pectate
2921 1428 3103 1498 itaque
3141 1425 3271 1481 nihil
3300 1426 3480 1482 minus
3511 1426 3819 1481 claudorum

2223 1536 2406 1587 cursu,
2429 1535 2697 1576 emcorum
2725 1520 2864 1586 visu,
2915 1519 3037 1590 fuga
3071 1518 3402 1585 dmmonnm,
3430 1520 3536 1573 vita
3586 1528 3821 1575 mortuo-

2220 1630 2360 1670 rum.
2387 1613 2468 1683 (4)
2496 1610 2752 1668 Con~istit
2775 1613 2919 1667 enim
2956 1627 3188 1681 mecum,
3234 1613 3287 1667 in
3334 1613 3688 1682 patrocinium
3717 1613 3825 1667 edi-

2227 1719 2399 1764 tarum
2422 1709 2669 1777 superius
2697 1706 3096 1774 difficultatum,
3129 1707 3362 1777 piscator
3377 1721 3561 1777 egens,
3581 1707 3658 1778 (5)
3678 1705 3825 1777 igna-

520 1802 624 1857 alia
671 1810 725 1855 et
754 1800 899 1865 alia;
933 1800 1055 1869 quia
1083 1798 1243 1857 ambo
1270 1814 1456 1856 unum.
1490 1800 1631 1855 Deus
1660 1814 1690 1853 a
1715 1799 1844 1864 Deo,
1894 1799 1963 1854 ab
2009 1813 2117 1853 uno
2146 1793 2195 1857 Β
2220 1816 2334 1869 rus,
2390 1800 2655 1866 indoctus,
2708 1800 2955 1855 manibus
3006 1800 3112 1854 lino
3162 1797 3242 1870 (6)
3302 1809 3620 1869 occupatus,
3673 1809 3816 1853 veste

523 1890 763 1963 ingenito
795 1891 903 1955 Deo
943 1905 1083 1946 unus
1138 1890 1445 1961 unigenitus
1491 1890 1667 1956 Dens;
1716 1905 1821 1945 non
1873 1889 1949 1945 dii
1990 1889 2118 1960 duo,

522 1986 621 2041 scd
644 2000 782 2041 unus
811 1983 881 2039 ab
904 1999 1045 2053 uno;
1077 1998 1184 2041 non
1226 1984 1447 2055 ingeniti
1478 1985 1608 2049 duo,
1659 1984 1782 2055 quia
1837 1992 1995 2039 natus
2040 1994 2125 2040 est

525 2080 595 2134 ab
624 2080 807 2133 innato
832 2095 847 2144 ;
876 2078 1014 2133 alter
1042 2078 1110 2133 ab
1139 2078 1311 2133 altero
1342 2067 1482 2132 nihil
1531 2078 1810 2145 differens,
1842 2078 1964 2147 quia
2014 2078 2124 2132 vita

543 2172 777 2231 viventis
841 2170 893 2225 in
945 2170 1068 2226 vivo
1117 2181 1221 2227 est.
1294 2170 1421 2227 Haec
1465 2171 1534 2225 de
1591 2180 1783 2227 natura
1828 2170 2126 2227 divinitatis

531 2266 615 2335 (1)
638 2262 932 2335 attigimus,
958 2278 1064 2317 non
1088 2278 1351 2318 summam
1379 2263 1741 2333 intelligentiae
1760 2263 2123 2331 comprehcn-

526 2357 741 2425 dentes,
768 2354 1238 2426 sedintelligentes
1265 2370 1386 2411 esse
1409 2355 1973 2425 incomprehensibilia
2004 2371 2126 2426 qua:

525 2450 832 2521 loquamur.
859 2448 1076 2504 Nullum
1100 2464 1249 2519 ergo,
1286 2447 1367 2520 (2)
1400 2448 1558 2512 dicis,
1591 2447 1829 2504 officium
1862 2459 1946 2505 est
1976 2449 2121 2515 fidei,

523 2544 569 2599 si
628 2542 759 2599 nihil
808 2542 1007 2613 poterit
1051 2542 1462 2613 comprehendi.
1515 2543 1684 2598 Inituo
1733 2542 1834 2598 hoc
1884 2543 2123 2599 officium

522 2635 659 2693 fides:
708 2635 1044 2705 profiteatur,
1094 2635 1150 2691 id
1195 2636 1338 2692 unde
1386 2636 1652 2707 quaeritur
1709 2637 2126 2707 incomprehen-

521 2728 681 2783 sibile
704 2728 805 2783 sibi
829 2742 951 2784 esse
992 2743 1052 2785 se
1086 2729 1250 2785 scire.

596 2821 682 2879 12.
710 2822 986 2878 Generatio
1015 2822 1142 2879 Filii
1169 2823 1297 2891 Dei,
1327 2826 1506 2897 ignota
1552 2824 1870 2895 sapientibus
1919 2827 2120 2893 mundi,

520 2916 700 2971 scribis
728 2917 885 2989 legis,
930 2918 1200 2972 miraculis
1230 2933 1332 2975 non
1360 2918 1485 2973 satis
1506 2919 1741 2986 probata.
1772 2947 1844 2960 —
1862 2918 2127 2990 Superest

517 3009 587 3066 de
639 3010 992 3067 inenarrabili
1041 3009 1392 3080 generatione
1459 3009 1580 3067 Filii
1636 3010 1814 3067 adhuc
1878 3012 2123 3084 aliquid,

520 3101 688 3156 immo
717 3101 923 3173 aliquid
980 3101 1110 3157 illud
1163 3102 1339 3160 adhuc
1379 3110 1548 3159 totum
1580 3112 1684 3163 est.
1713 3104 1931 3172 Alstuo,
1970 3105 2125 3163 diffe-

2225 1894 2406 1957 uvida,
2436 1892 2663 1962 pedibus
2704 1893 2834 1947 limo
2857 1892 3081 1957 oblitus,
3114 1899 3257 1945 totus
3283 1906 3314 1945 e
3336 1893 3477 1946 navi.
3506 1891 3740 1960 Quaerite
3763 1899 3817 1947 et

2226 1986 2525 2055 intelligite,
2547 1984 2613 2058 (ι’)
2632 1993 2808 2040 utrum
2830 1984 3133 2040 mirabilius
3155 1983 3314 2038 fuerit
3329 1984 3408 2055 (7)
3434 1984 3826 2038 mortuosexci—

2227 2088 2392 2144 tasse,
2413 2094 2479 2133 an
2496 2078 2744 2147 imperito
2757 2078 3036 2133 scientiam
3060 2076 3320 2132 doctrina:
3345 2077 3501 2132 istius
3533 2076 3823 2132 intimas=e.

2225 2173 2317 2227 Ait
2346 2171 2488 2226 enim
2517 2188 2530 2225 :
2572 2170 2680 2244 35
2716 2168 2779 2223 In
2807 2170 3059 2243 principio
3084 2179 3193 2223 erat
3228 2169 3444 2223 Verbum
3474 2170 3654 2239 (Joau.
3688 2185 3725 2233 l,
3758 2170 3823 2236 1).

2225 2263 2365 2332 Quid
2384 2263 2644 2328 estistud,
2669 2263 2724 2317 in
2741 2263 2996 2334 principio
3008 2262 3154 2316 erat?
3176 2262 3544 2317 Transeuntur
3564 2272 3824 2331 tempora,

2228 2358 2308 2433 (8)
2330 2359 2405 2432 (gl
2440 2358 2881 2413 transmittuntur
2909 2358 3127 2422 sa-cnln,
3162 2357 3421 2413 tolluntur
3450 2365 3656 2412 mutes.
3687 2357 3829 2411 Pone

2225 2454 2440 2524 aliquod
2463 2452 2603 2523 quod
2630 2452 2777 2507 voles
2795 2461 2882 2505 tua
2911 2450 3164 2521 opinione
3184 2450 3659 2519 principiumznon
3681 2460 3829 2504 tenes

2229 2554 2495 2615 tempore,
2519 2554 2625 2598 erat
2654 2544 2796 2599 enim
2826 2541 2970 2597 unde
3000 2550 3281 2597 tractatur.
3316 2539 3545 2610 Respice
3582 2540 3647 2594 ad
3677 2556 3832 2593 mun-

2226 2640 2374 2707 dnm,
2427 2640 2665 2710 intelligo
2694 2637 2822 2709 quid
2867 2624 2947 2703 de!
2981 2652 3047 2692 eo
3098 2636 3355 2705 scriptum
3403 2634 3515 2690 sit:
3581 2632 3649 2687 in
3688 2637 3833 2703 prin-

2226 2736 2362 2806 cipio
2388 2735 2508 2805 fecit
2531 2732 2673 2789 Deus
2704 2731 2887 2789 cretum
2907 2742 2954 2787 et
2977 2741 3166 2787 terram
3200 2730 3219 2802 (
3248 2729 3378 2785 Gen.
3412 2746 3451 2795 ι,
3479 2729 3553 2798 1).
3586 2728 3675 2784 Fit
3701 2743 3830 2800 ergo

2228 2830 2281 2884 in
2312 2830 2575 2900 principio
2604 2829 2746 2899 quod
2786 2836 3021 2892 creatur,
3047 2835 3101 2881 et
3131 2824 3209 2898 (9)
3236 2825 3317 2897 (lt)
3342 2833 3502 2880 mtate
3545 2824 3832 2879 continens

2228 2924 2368 2996 quod
2398 2924 2450 2979 in
2476 2924 2740 2995 principio
2786 2922 3095 2978 continetur
3135 2930 3193 2975 ut
3233 2920 3404 2974 fieret.
3452 2918 3601 2974 Meus
3651 2928 3828 2972 autem

2231 3020 2468 3090 piscator
2500 3018 2831 3083 illitteratus,
2882 3014 3153 3081 indoctus,
3184 3014 3320 3068 liber
3360 3027 3389 3067 a
3420 3021 3686 3081 tempore,
3746 3026 3833 3066 $0-

2227 3112 2373 3168 lutus
2398 3127 2427 3165 a
2458 3111 2671 3167 szrculis
2696 3121 2803 3177 est,
2835 3110 3140 3164 vicitomne
3163 3105 3518 3177 principium:
3547 3114 3655 3159 erat
3686 3107 3830 3159 enim

518 3211 632 3259 ror,
669 3194 752 3266 (ά)
807 3196 1060 3262 bebesco,
1092 3204 1148 3254 et
1194 3196 1336 3251 unde
1377 3196 1626 3265 incipiam
1671 3199 1877 3261 nescio.
1928 3198 2125 3255 Nescio

2238 3205 2371 3275 quod
2400 3214 2506 3271 est,
2538 3218 2714 3275 neque
2768 3203 2821 3257 in
2877 3210 3124 3272 tempore
3164 3201 3345 3270 aliquo
3393 3198 3736 3255 concluditur
3778 3209 3834 3252 ut

525 3289 671 3344 enim
720 3288 938 3358 quando
995 3299 1152 3345 natus
1208 3290 1279 3346 sit
1332 3289 1545 3358 Filius;
1594 3302 1651 3348 et
1695 3294 1850 3349 nefas
1880 3296 1964 3352 est
1993 3295 2125 3351 mihi

521 3383 736 3439 nescire
765 3382 906 3454 quod
936 3395 1096 3440 natus
1140 3382 1230 3439 sit.
1276 3383 1446 3451 Quem
1495 3386 1807 3455 imprecer?
1837 3403 1995 3456 quem
2027 3387 2129 3443 im-

522 3477 778 3547 plerem?
807 3492 870 3532 ex
902 3477 1099 3547 quibus
1130 3476 1284 3537 libris
1315 3477 1384 3533 ad
1432 3487 1701 3532 tantarum
1743 3479 2121 3538 difficultatum

521 3574 922 3630 enarrationem
968 3573 1132 3629 verba
1172 3573 1550 3640 pratsumam?
1603 3574 1859 3630 Evolvam
1910 3591 2128 3632 omnem

525 3665 748 3729 Grzecire
790 3666 1083 3721 scholam?
1130 3666 1235 3723 Sed
1284 3666 1390 3737 legi
1443 3683 1456 3720 :
1508 3667 1606 3722 Ubi
1650 3668 1998 3743 sapiens?(e)
2044 3671 2133 3726 ubi

523 3760 841 3827 eouquisitor
875 3760 1051 3814 urenti
1083 3758 1101 3830 (
1129 3757 1149 3813 l
1180 3758 1300 3814 Cor.
1335 3775 1373 3825 ι,
1423 3758 1581 3829 20)?
1623 3760 1678 3815 lu
1727 3759 1832 3817 hoc
1879 3778 2009 3832 ergo
2042 3779 2133 3818 so-

522 3851 718 3923 phista:
749 3849 938 3909 mundi
964 3860 1018 3907 et
1048 3849 1319 3921 sapientes
1347 3852 1532 3908 saeculi
1564 3853 1696 3908 muti
1726 3862 1883 3922 sum;
1916 3856 2130 3927 sapien-

626 3991 674 4065 1)
700 3991 1038 4065 iAttingimus.

622 4064 679 4136 2)
688 4064 986 4127 Diees,mox
1000 4072 1256 4134 qmeretur
1266 4064 1777 4136 incomprelrensibile
1788 4085 1897 4125 esse
1908 4085 1962 4125 se
1972 4069 2121 4127 scire.

602 4136 681 4207 (ὅ)
711 4136 911 4195 Lumen
937 4136 1145 4191 vidisse.

596 4206 678 4273 (⁷4)
710 4209 964 4263 Constitit.

602 4279 682 4346 (5)
705 4280 795 4335 Sic
815 4295 879 4334 ex
900 4278 1210 4334 ms.Veron.
1243 4276 1487 4349 legimus,
1510 4296 1615 4337 non
1638 4282 1926 4351 ignotus,ut
1944 4293 2127 4342 antea.
2154 4274 2165 4279 ’

528 4346 659 4420 Nam
680 4351 837 4419 paulo
857 4361 975 4419 post
1000 4351 1240 4416 sequitur
1265 4370 1276 4404 :
1298 4346 1521 4420 piscator
1534 4346 1857 4416 illittératus.’
1869 4358 2122 4413 indoctus.

598 4419 927 4494 Manibus
939 4423 1044 4476 lino
1058 4424 1337 4492 occupatis.
1348 4423 1568 4494 Deinde,
1578 4426 1788 4494 pedibus
1802 4428 1924 4482 limo
1937 4428 2126 4484 oblitis.

598 4490 680 4634 (7;
721 4491 1005 4548 Mortuum.

601 4563 656 4625 (8
733 4563 1005 4619 Trascendt

733 4563 1170 4621 Trascenduutur.

608 4637 685 4703 (9)
713 4634 894 4690 zEtate
922 4638 1203 4692 continens.

602 4707 717 4779 (10)
738 4707 1071 4764 Veronensis
1094 4710 1250 4777 liber,
1281 4718 1330 4764 et
1346 4720 1508 4766 sumet
1527 4711 1725 4768 sibimet
1747 4714 1885 4785 quod
1913 4714 2129 4770 liberum

602 4819 969 4898 (a)Par._cum
1009 4835 1140 4898 mss.
1169 4818 1324 4876 Colb.
1376 4832 1433 4898 et
1459 4822 1646 4898 Germ.
1689 4866 1716 4898 ,_
1742 4824 2123 4898 intelligentia.

527 4892 628 4948 llic
663 4893 784 4960 pius
825 4892 1028 4948 Prcesnl
1072 4897 1337 4948 rationem
1384 4894 1599 4949 videtur
1626 4896 1887 4962 reddere,
1918 4892 2031 4952 'cur
2060 4897 2125 4951 ad

527 4964 888 5033 cognitionem
916 4964 1097 5017 arcani
1122 4965 1391 5019 neminem
1414 4976 1793 5034 perventurum
1817 4983 1939 5022 esse
1960 4967 2122 5034 dicat,

534 5037 657 5104 quia
686 5034 940 5089 videlicet
984 5035 1411 5104 investigationis
1461 5037 1605 5091 illius
1639 5038 1757 5093 finis
1787 5040 1892 5093 erit
1928 5039 2129 5093 intelli-

533 5107 710 5176 gentia
737 5107 1056 5168 vcrborum,
1101 5118 1223 5176 puta
1255 5108 1396 5176 quod
1448 5108 1498 5161 in
1533 5108 1642 5162 Deo
1674 5110 1745 5163 sit
1764 5125 1927 5164 verus
1968 5110 2129 5165 Pater

532 5187 588 5232 et
613 5192 774 5231 verus
805 5176 972 5248 Filius
999 5178 1236 5248 ejusdem
1264 5194 1384 5232 cum
1411 5179 1570 5234 Patre
1593 5191 1830 5235 naturae:
1863 5182 1959 5235 sed
1989 5182 2125 5237 ultra

531 5249 781 5321 progredi
814 5247 885 5321 ad
906 5247 1276 5321 generationis
1306 5250 1521 5305 modum
1555 5268 1662 5305 non
1709 5253 1946 5309 dabitur.

609 5318 682 5389 (ὁ)
720 5320 835 5385 Ern,
865 5319 1014 5387 Lips.
1047 5331 1099 5374 ct
1127 5321 1249 5375 Par.
1286 5321 1346 5373 ab
1368 5339 1425 5375 eo
1450 5324 1538 5388 qui
1565 5322 1718 5377 Pater
1740 5334 1847 5391 est;
1871 5326 2127 5380 obniten-

531 5391 676 5466 tibus
703 5393 822 5446 aliis
851 5391 1022 5446 libris.
1057 5391 1204 5466 Idem
1236 5392 1487 5466 loquendi
1522 5395 1713 5448 modus
1741 5396 1999 5466 deinceps
2029 5414 2132 5450 sn!-

537 5464 667 5535 pius
682 5473 922 5535 recurret
944 5505 958 5528 ,
983 5471 1037 5535 et
1066 5464 1207 5517 aliud
1234 5465 1360 5535 quid
1393 5475 1568 5520 sonat.
1599 5466 1663 5520 V.
1698 5466 1789 5522 lib.
1823 5483 1880 5522 Ill
1903 5511 1916 5533 ,
1941 5464 2002 5522 ‘n.
2034 5468 2128 5522 ‘22.

607 5533 684 5657 (c)I
708 5534 836 5588 Mss.
859 5533 985 5588 Vat.
1018 5533 1135 5588 bas.
1169 5543 1224 5589 et
1260 5534 1481 5591 Carnnt.
1520 5538 1650 5593 alter
1679 5539 1740 5592 ab
1783 5540 1977 5594 altero:
2028 5541 2130 5594 mi-

607 5619 641 5656 (ὃ
692 5620 826 5657 lene.

541 5615 641 5658 IIIIS
673 5615 826 5659 bene.

610 5674 690 5746 (d)
716 5677 816 5754 Alii
850 5688 979 5729 mss.
1008 5674 1207 5754 habent
1237 5678 1494 5746 erubesco,
1527 5680 1615 5735 alii
1654 5682 1876 5754 tabesco,
1907 5697 1972 5738 ex
2005 5681 2126 5754 qui-

533 5746 638 5802 bus
678 5746 1028 5823 confirmatur
1069 5750 1378 5823 conjectura
1428 5761 1609 5805 nostra
1658 5753 1943 5823 legendum
2006 5746 2128 5814 esse

538 5833 692 5874 num.
720 5819 776 5885 5,
803 5818 859 5881 in
886 5833 1037 5874 sensu
1059 5819 1197 5879 tabes
1225 5831 1298 5878 est
1321 5862 1335 5891 ,
1364 5836 1472 5881 non
1509 5823 1647 5881 labes
1675 5818 1768 5879 est.

2227 3297 2494 3367 coeperit.
2533 3296 2676 3367 quod
2721 3304 2839 3351 erat
2887 3295 3067 3367 potius
3096 3295 3150 3348 in
3198 3293 3477 3364 principio,
3517 3307 3678 3363 quam
3737 3294 3830 3346 fic-

2230 3390 2340 3445 bal.

2305 3483 2388 3540 M.
2442 3482 2570 3537 Non
2616 3490 2693 3536 est
2731 3490 2899 3536 tamen
2946 3482 3256 3537 solitarium.
3299 3511 3372 3522 —-
3414 3478 3523 3536 Sed
3568 3478 3838 3534 excidisse

2234 3578 2373 3635 forte
2402 3578 2469 3633 ab
2504 3576 2692 3632 ordine
2723 3576 3016 3645 proposita:
3056 3574 3455 3630 distributionis
3504 3573 3834 3643 piseatorem

2234 3680 2483 3728 nostrum
2514 3668 3016 3740 deprehendemus:
3052 3667 3284 3722 Verbum
3316 3668 3460 3723 enim
3494 3676 3739 3735 tempore
3768 3665 3837 3720 li-

2234 3765 2460 3829 beravit,
2491 3762 2609 3835 (10)
2642 3761 2706 3834 (i)
2732 3772 2785 3818 et
2817 3777 2974 3816 suum
3025 3770 3107 3817 est
3145 3762 3386 3832 sibique,
3437 3760 3577 3830 quod
3606 3760 3836 3815 liberum

2233 3866 2336 3924 est,
2390 3865 2447 3911 et
2491 3855 2791 3911 solitarium
2842 3864 2898 3910 et
2951 3853 3332 3925 obtemperans
3383 3852 3608 3909 nemini.
3658 3854 3837 3907 Aures

2229 4008 2304 4056 est
2334 4014 2353 4054 :
2380 3997 2520 4063 quod
2578 3998 2632 4053 in
2663 3996 2805 4053 idem
2838 3995 3046 4052 recidit.
3082 3995 3213 4051 Nam
3250 3996 3294 4049 si
3343 3994 3578 4050 Verbum
3621 4008 3649 4048 a
3699 4002 3839 4048 tem-

2230 4087 2363 4142 pore
2394 4072 2622 4126 liberum
2663 4079 2771 4142 est,
2819 4083 3160 4142 consequens
3189 4067 3433 4142 videtur,
3480 4066 3838 4142 quodusmnet

2230 4137 2428 4198 sibimet
2450 4145 2583 4212 quod
2612 4141 2828 4196 liberum
2856 4150 2954 4208 est,
2987 4140 3038 4194 id
3070 4149 3151 4193 est
3173 4140 3252 4193 sui
3274 4139 3411 4207 juris
3437 4152 3561 4212 esse
3587 4137 3688 4212 sibi
3719 4138 3843 4190 vin-

2231 4208 2471 4277 dicabil,'
2499 4224 2554 4269 et
2580 4213 2878 4268 solitarium
2933 4227 3057 4266 esse
3107 4220 3269 4281 atque
3307 4226 3335 4262 a
3386 4209 3603 4263 nemine
3635 4208 3843 4277 depen-

2233 4287 2387 4341 dens.
2423 4286 2592 4352 Quam
2637 4282 3247 4354 quidemohjectionem
3277 4281 3435 4354 diluit
3462 4295 3528 4354 ex
3577 4281 3839 4354 subnexis

2234 4350 2477 4427 Apostoli
2511 4350 2789 4415 verbis.et
2844 4353 3063 4427 Verbum
3117 4364 3223 4427 erat
3267 4352 3406 4427 apud
3444 4350 3639 4427 petitu.
3674 4350 3840 4405 Aures

2157 4413 2217 4495 Ῑ),
2236 4413 2529 4498 erigamus,
2573 4413 2777 4498 inquit,
2820 4435 2925 4481 etc.
2980 4424 3238 4498 Tametsi_
3259 4413 3402 4478 enim
3444 4422 3690 4498 Vcrhnm‘
3728 4434 3838 4475 (rut

2238 4494 2363 4557 ante
2392 4494 2769 4569 tcmpusferat
2812 4506 2989 4569 tamen
3032 4496 3172 4563 apud
3192 4494 3471 4569 Detinuet
3512 4495 3597 4569 qui
3638 4494 3778 4569 abest
3807 4514 3839 4548 α

2238 4567 2626 4640 ιοηψοτεζηοη
2665 4570 2803 4623 abest
2842 4568 2902 4623 ab
2933 4579 3159 4623 auctore.
3190 4568 3265 4625 Ita
3304 4581 3533 4640 namque
3564 4567 3617 4619 in
3646 4567 3839 4640 eodem

2240 4637 2487 4712 legimus.
2536 4641 2776 4697 [labetur
2816 4640 2902 4695 hic
2948 4641 3000 4694 in
3042 4639 3236 4702 eodem
3272 4637 3459 4693 codice
3497 4653 3679 4703 etans,
3719 4639 3842 4692 loco

2236 4723 2329 4772 τοῦ
2360 4716 2445 4785 qui
2476 4721 2605 4770 erat.

2304 4825 2378 4895 (ε)
2406 4825 2460 4880 1η
2494 4824 2730 4895 vulgatis
2758 4822 2975 4878 aduttnr
3017 4822 3102 4878 hic
3130 4822 3214 4876 ubi
3240 4819 3447 4895 scriba?
3477 4819 3618 4889 quod
3645 4819 3842 4895 melius

2232 4893 2385 4952 abest
2411 4913 2439 4951 a
2470 4893 2668 4951 mssfsi
2687 4896 2904 4966 quidem
2948 4896 3139 4949 scriba:
3179 4894 3399 4948 nomine
3438 4908 3544 4945 non
3578 4893 3797 4962 gentilis
3821 4936 3836 4958 ,

2231 4969 2326 5023 sed
2360 4970 2491 5038 legis
2520 4968 2709 5023 doctor
2737 4969 3091 5037 significatur.

2307 5039 2375 5111 (ί)
2397 5033 2492 5095 llic
2506 5033 2913 5111 vnlg.adjiciunt
2928 5036 3324 5111 circumspicite:
3337 5033 3477 5111 quod
3493 5035 3644 5088 abest
3660 5049 3690 5087 a
3706 5050 3842 5091 mss.

2397 5106 2709 5186 Complures
2727 5106 2861 5186 mss.
2886 5126 3005 5186 cum
3033 5108 3137 5163 Bad
3150 5152 3159 5161 .
3172 5149 3183 5170 ,
3200 5107 3375 5186 r._e_t
3397 5106 3541 5186 liips.
3559 5116 3840 5186 transcen-

2235 5176 2449 5243 dttiititr.
2484 5176 2604 5240 Mox
2648 5185 2697 5237 in
2727 5181 2959 5251 vulgatis
2990 5196 3118 5248 pone
3159 5176 3742 5251 αιῑιμιίάτ(λυπῇηιῖιιδ
3790 5182 3841 5232 ί¹¹

2231 5272 2363 5313 mss.
2397 5255 2602 5325 aliquod
2625 5296 2637 5317 .
2667 5255 2787 5309 scil.
2826 5247 3170 5323 principium.
3225 5249 3427 5305 Deinde
3474 5248 3525 5303 in
3559 5247 3684 5305 Vat.
3718 5249 3836 5305 has.

2233 5345 2338 5385 ms.
2363 5370 2374 5385 .
2402 5328 2724 5390 Opinatione,
2759 5340 2865 5380 non
2896 5325 3153 5389 opinione.

2306 5400 2384 5470 (Ιι)
2426 5398 2555 5452 Bad.
2588 5396 3101 5470 tetaternAcon‘tiuens.
3136 5393 3410 5470 Editiones
3449 5390 3845 5470 alizt‘._,“(platmn

2234 5462 2452 5528 continet
2478 5485 2497 5523 :
2519 5485 2548 5522 e
2571 5481 2700 5521 mss.
2725 5467 2812 5520 alii
2840 5466 3055 5530 habent,
3080 5474 3252 5518 a’lttft’s
3276 5463 3517 5526 continet,
3542 5462 3632 5517 alii
3663 5474 3846 5517 returns

2237 5538 2621 5606 continent,alii
2648 5547 2795 5593 aelate
2824 5538 3107 5591 continens.
3147 5535 3336 5591 \‘crius
3363 5541 3475 5589 tres
3505 5533 3844 5606 antiquiores

2238 5625 2387 5670 (vtato
2439 5605 2709 5665 contines:
2744 5610 2886 5678 qnod
2926 5608 3212 5678 opponitur
3270 5607 3511 5675 proxime
3561 5605 3722 5660 dietis
3773 5608 3845 5663 de

2236 5686 2450 5741 Verbo:
2484 5698 2585 5753 non
2616 5690 2752 5753 tenes
2785 5692 3025 5753 tempore.

2315 5751 2574 5829 (ἢκ-Αωιά
2614 5751 2761 5829 Lips.
2794 5760 2849 5807 et
2886 5747 3041 5819 'Par.,
3072 5760 3120 5803 et
3148 5750 3302 5829 sumit
3331 5748 3428 5803 sibi
3448 5747 3596 5829 quod
3627 5748 3849 5829 liberum

2234 5838 2285 5887 et
2311 5820 2663 5890 solitariuutet
2685 5820 3036 5900 obtemperans
3072 5821 3262 5883 nemini
3289 5829 3406 5883 est:
3446 5820 3502 5877 in
3540 5835 3648 5878 ms.
3677 5821 3845 5882 Corb.
