3960 6202
91 322 139 375 (il
1292 312 1378 369 ΙὶΕ
1417 310 1793 371 TBINITA‘I‘E
1834 311 2040 370 LIBER
2078 314 2144 372 ll.
3283 318 3352 374 6‘3

89 442 327 509 erigamus
354 434 409 490 in
426 443 644 489 exitura.
680 430 798 487 Ait:
829 430 893 486 Et
930 429 1149 489 Verbum
1179 439 1289 487 erat
1315 429 1457 497 apud
1479 428 1647 487 Deum
1673 435 1728 496 Α
1826 430 1915 485 l6.
1950 429 2062 486 Nec
2110 431 2251 487 lwdit
2284 430 2537 488 unitatem
2555 431 2673 495 Dei.
2694 461 2763 473 —-
2786 430 2892 488 Sed
2925 430 3134 501 trepido
3160 432 3213 486 in
3249 433 3355 485 ἀξο-

94 532 258 601 (lous.
298 543 335 595 t,
375 526 467 597 ί).
496 525 617 581 Jam
651 526 771 581 sine
816 523 1080 595 principio
1132 532 1218 579 est
1261 521 1406 593 apud
1453 520 1652 589 Deum,

90 622 209 693 quod
231 628 341 676 erat
387 626 510 675 ante
550 617 898 689 principium.
948 611 1046 675 Est
1084 630 1217 686 ergo
1258 612 1337 688 (a)
1383 614 1471 685 qui
1511 623 1655 683 erat,

90 716 206 789 apud
254 711 460 767 Deum:
501 722 557 769 et
596 714 687 783 qui
740 711 894 767 abest
943 727 972 765 a
1018 708 1342 782 cognitionis
1388 717 1651 780 tempore,

89 825 179 865 non
204 807 431 864 abcstsb
457 814 701 862 auctore.
756 804 1001 862 Piscator
1045 812 1232 861 noster
1280 802 1452 860 evasit
1496 820 1511 857 :
1556 802 1654 859 sed

89 903 207 957 forte
240 900 449 956 lnerebit
487 900 540 956 in
569 898 807 955 cmteris.

153 996 226 1052 l5.
270 997 344 1051 An
390 995 457 1049 sit
509 1011 669 1050 sonus
731 993 871 1049 vocis
917 995 1074 1065 juxta
1121 991 1427 1049 Hebionem.
1504 989 1664 1048 Vocis

90 1107 197 1144 sono
220 1106 317 1146 non
343 1089 572 1162 congruit
625 1097 762 1145 erat.
802 1087 1021 1144 Verbum
1048 1087 1191 1143 Deus
1239 1098 1333 1143 est.
1363 1118 1435 1130 —
1464 1084 1544 1159 (l)
1575 1086 1665 1140 Di-

96 1200 175 1243 ces
219 1186 349 1241 enim
405 1202 419 1240 :
467 1184 706 1241 Verbum
749 1199 917 1239 sonus
946 1184 1097 1239 vocis
1140 1192 1243 1248 est,
1284 1192 1339 1238 et
1365 1181 1664 1238 enuntiatio

88 1280 424 1351 negotiorum,
472 1289 530 1333 et
579 1278 815 1334 elocutio
883 1277 1291 1349 cogitationum.
1347 1276 1461 1332 Hoc
1513 1274 1655 1345 apud

88 1372 232 1428 Deum
278 1378 406 1435 erat.
437 1370 580 1427 etin
609 1370 877 1441 principio
923 1378 1041 1425 erat
1084 1386 1099 1424 :
1159 1371 1285 1440 quia
1334 1383 1516 1425 sermo
1563 1382 1658 1424 eo—

88 1463 329 1535 gitationis
347 1470 580 1520 aeternus
619 1471 866 1529 cst,cunt
893 1462 983 1534 qui
1025 1462 1229 1534 cogitat
1279 1462 1351 1517 sit
1400 1469 1659 1517 mternus.

92 1556 158 1625 (9.)
185 1554 486 1625 Respondeo
526 1554 625 1611 tibi
650 1554 867 1611 interim
894 1569 992 1625 pro
1016 1555 1285 1626 piscatore
1312 1568 1433 1609 meo
1454 1554 1660 1623 paucis.

88 1650 194 1703 dum
221 1648 515 1704 videbimus
539 1648 814 1719 quomodo
848 1648 1205 1704 rusticitatem
1236 1662 1389 1703 suam
1417 1649 1536 1718 ipse
1563 1647 1657 1703 de-

91 1740 262 1796 fendal.
287 1740 479 1800 Sermo
508 1741 560 1797 in
590 1751 782 1796 natura
807 1740 969 1797 habet
990 1751 1184 1797 utesse
1206 1743 1398 1813 possit,
1424 1756 1659 1812 sequens

1758 532 1835 592 to,
1870 532 1926 579 et
1968 540 2055 581 me
2092 525 2331 581 insoleth
2383 542 2565 581 sermo
2619 538 2948 581 commovet.
3008 524 3232 581 Audio:
3287 523 3357 578 Et

1759 617 1903 674 Deus
1946 627 2055 674 erat
2098 617 2342 686 Verbum,
2385 618 2462 692 (ά)
2501 619 2587 675 cui
2633 634 2799 673 unum
2855 618 3023 672 Deum
3080 616 3357 687 propltetzn

1759 711 2158 767 nuntiaverunt.
2209 712 2317 767 Sed
2372 728 2439 767 ne
2504 726 2612 782 quo
2668 712 2808 767 ultra
2879 710 3162 779 trepidatio
3229 725 3353 769 mea

1759 805 2009 877 progredi
2034 804 2222 874 possit,
2239 804 2406 862 redde
2428 804 2757 862 sacramenti
2780 806 2910 860 tanti
2933 806 3168 876 piscator
3195 820 3350 863 meus

1759 899 2241 971 dispensationem,
2271 908 2328 956 et
2358 900 2502 957 refer
2520 900 2587 956 ad
2636 917 2798 956 unum
2829 901 3009 955 omnia
3060 900 3176 955 sine
3224 914 3357 955 con-

1763 995 2000 1061 tumelia,
2028 993 2149 1050 sine
2172 993 2483 1059 abolitione,
2520 995 2635 1048 sine
2660 1002 2926 1065 tempore.
2959 994 3044 1048 Ait
3070 1012 3084 1048 :
3106 993 3218 1048 Hoc
3242 1002 3359 1048 erat

1758 1086 1813 1141 in
1830 1086 2084 1159 principio
2104 1086 2243 1157 apud
2267 1085 2451 1142 Deum.
2477 1085 2608 1142 Cum
2636 1086 2733 1140 hoc
2744 1096 2853 1140 erat
2878 1086 2930 1139 in
2950 1085 3224 1156 principio,
3248 1102 3354 1140 non

1760 1189 1977 1236 tenetur
1997 1181 2053 1235 in
2084 1190 2356 1252 tempore;
2389 1195 2512 1234 cum
2538 1179 2679 1235 Deus
2721 1188 2827 1246 cst,
2869 1193 2975 1234 non
3019 1178 3255 1234 refertur
3290 1180 3357 1233 ad

1761 1290 1986 1339 vocem;
2015 1290 2137 1330 cum
2169 1285 2250 1331 est
2273 1275 2415 1344 apud
2438 1272 2603 1329 Deum
2625 1274 2698 1344 (e)
2728 1273 2864 1330 nilnil
2904 1289 3005 1329 nec
3034 1273 3345 1335 tilfendilur,

1762 1387 1864 1428 nec
1887 1371 2158 1428 aufertur:
2191 1386 2314 1426 nam
2348 1385 2448 1425 nec
2492 1369 2740 1427 aboletur
2777 1369 2831 1424 in
2867 1370 3096 1424 alterum
3128 1376 3183 1422 et
3218 1367 3359 1437 apud

1764 1481 1926 1521 unum
1954 1465 2252 1537 ingenitum
2294 1465 2493 1532 Deum,
2523 1479 2591 1519 ex
2636 1478 2745 1534 quo
2771 1463 2886 1536 ipse
2931 1477 3071 1519 unus
3115 1460 3362 1533 unigeni-

1764 1568 1848 1616 tus
1898 1559 2040 1614 Deus
2067 1569 2169 1624 est,
2212 1557 2551 1629 prmdicatur.

1837 1655 1925 1710 i7.
1953 1651 2178 1726 Tempus
2223 1650 2287 1705 ab
2321 1667 2379 1706 eo
2409 1661 2499 1714 est,
2544 1660 2746 1719 tempus
2772 1649 3361 1721 quid.—Expectamus

1764 1750 1938 1805 adhuc
1960 1764 1986 1800 a
2013 1757 2084 1810 te,
2109 1746 2363 1817 piscator,
2382 1742 2769 1813 plenitudinem
2786 1742 2971 1798 Verbi.
3002 1742 3361 1813 Eratqttitlcm

87 1848 239 1889 autem
258 1833 402 1889 eiest
427 1842 485 1889 ut
510 1833 710 1900 fuerit;
738 1845 821 1890 est
840 1849 973 1889 vero
1022 1844 1227 1889 tantum
1265 1849 1388 1889 cum
1412 1834 1651 1889 auditur.
1682 1829 1730 1889 Β
1760 1846 1810 1899 in
1852 1842 2137 1914 principio,
2168 1840 2263 1895 sed
2309 1839 2484 1910 potuit
2510 1852 2616 1892 non
2671 1851 2793 1892 esse
2841 1844 2966 1890 ante
3013 1834 3358 1906 principium.

90 1926 146 1982 Et
171 1926 421 1997 quomodo
455 1927 515 1982 in
541 1927 797 2000 principio
827 1938 957 1994 erat,
983 1927 1126 1998 quod
1158 1942 1334 1996 neque
1355 1935 1483 1983 ante
1515 1935 1653 1982 tem-

87 2034 188 2089 pus.
213 2034 371 2090 neque
410 2028 538 2089 post
578 2028 796 2090 tempus
845 2018 971 2075 est?
997 2018 1065 2075 Et
1090 2017 1276 2076 nescio
1314 2034 1381 2074 an
1412 2019 1496 2074 vel
1534 2018 1654 2089 ipso

88 2126 190 2167 esse
215 2113 372 2183 possit
392 2112 444 2168 in
470 2120 764 2183 tempore:
797 2112 1133 2184 loquentium
1162 2113 1305 2167 enim
1345 2128 1526 2169 sermo
1560 2128 1656 2165 ne-

88 2218 174 2273 que
195 2212 268 2259 Cal
304 2212 429 2260 ante
477 2219 644 2276 quam
696 2204 1004 2275 loquantur,
1054 2213 1109 2260 et
1155 2205 1469 2260 cumlocuti
1497 2212 1656 2260 erunt

89 2310 175 2350 non
202 2297 330 2364 erit;
363 2297 415 2353 in
443 2312 518 2353 eo
543 2309 725 2353 autem
750 2298 867 2367 ipso
889 2297 999 2370 36
1021 2296 1165 2367 quod
1188 2297 1499 2368 loquuntur,
1526 2296 1652 2352 dum

91 2392 266 2456 finiunt,
290 2392 396 2463 jam
429 2408 541 2448 non
568 2391 676 2447 erit
704 2391 756 2447 id
798 2393 940 2447 unde
968 2401 1271 2461 coeperunt.
1323 2391 1451 2447 lltec
1481 2406 1510 2445 a
1537 2406 1650 2457 me,

88 2495 132 2538 ut
168 2485 228 2538 ab
252 2499 352 2540 uno
378 2500 444 2541 ex
468 2485 710 2540 ceteris.
735 2483 843 2541 Sed
875 2485 1113 2555 piscator
1141 2483 1300 2539 aliter
1327 2498 1423 2551 pro
1453 2499 1512 2539 se
1538 2500 1551 2537 :
1590 2493 1645 2539 ct

88 2578 352 2649 objurgabit
390 2586 443 2634 te
472 2578 646 2649 prius,
678 2592 777 2633 cur
822 2577 1157 2649 negligenter
1202 2577 1461 2634 audieris.
1520 2576 1654 2633 Nam

87 2673 168 2727 etsi
197 2674 511 2728 sententiam
543 2671 775 2743 primam
814 2671 965 2727 rudis
1008 2670 1226 2726 auditor
1254 2670 1552 2727 amiseras:
1587 2671 1656 2727 In

88 2765 302 2837 principio
330 2775 437 2821 erat
500 2763 727 2819 Verbum
750 2806 766 2830 ,
818 2762 888 2819 de
926 2765 1174 2834 sequenti
1216 2763 1345 2834 quid
1381 2763 1653 2834 quereris,

88 2858 141 2913 Et
172 2859 372 2917 Verbum
399 2870 513 2916 erat
542 2860 683 2932 apud
709 2859 913 2914 Deum?
963 2856 1235 2930 Numquid
1288 2857 1558 2920 audieras,
1593 2854 1654 2913 in

93 2953 183 3006 Deo
223 2955 295 3024 (et
332 2970 440 3010 non
487 2952 638 3023 apud
688 2948 990 3020 Deum),ut
1014 2965 1320 3008 sermonem
1359 2950 1657 3009 reconditae

86 3047 385 3117 cogitationis
411 3046 699 3116 acciperes
737 3045 761 3099 ?
788 3053 881 3099 aut
907 3043 1175 3100 fefellerat
1212 3042 1497 3106 rusticum,
1523 3043 1652 3114 quid

88 3150 204 3195 esset
251 3140 428 3213 (5)0)
489 3141 642 3196 inter
704 3139 885 3195 inesse
922 3145 979 3194 et
1025 3137 1218 3193 adesse
1258 3137 1555 3194 momenti?
1593 3137 1649 3193 ld

1757 1936 1933 1993 Etiam
1974 1936 2063 1991 hic
2095 1935 2187 1989 tibi
2217 1932 2415 2004 aliquid
2450 1947 2546 2003 pro
2597 1932 2868 2002 piscatore
2919 1944 3042 1984 meo
3087 1927 3350 1999 profero:

1756 2029 1908 2100 Quod
1938 2038 2209 2097 erat,non
2237 2025 2414 2097 potuit
2470 2039 2576 2080 non
2627 2023 2841 2090 fuisse;
2892 2030 3001 2077 erat
3056 2021 3201 2075 enim
3255 2035 3364 2076 non

1760 2122 1922 2177 habet
1946 2121 2000 2176 in
2045 2128 2288 2190 tempore
2340 2133 2445 2173 non
2493 2116 2680 2171 fuisse.
2710 2115 2820 2173 Sed
2851 2114 2978 2186 quid
3007 2128 3104 2185 pro
3135 2128 3195 2169 se
3225 2112 3365 2169 ille?

1760 2217 1947 2274 Omnia
1978 2233 2067 2287 per
2095 2232 2210 2271 eum
2254 2217 2392 2286 facta
2412 2222 2530 2269 sunt
2560 2212 2750 2286 (Ibid.,
2777 2211 2811 2267 5
2839 2210 2879 2282 ).
2941 2212 3082 2281 Ergo
3111 2208 3193 2282 (4)
3221 2208 3289 2280 if)
3319 2207 3362 2263 si

1758 2308 2040 2365 nibilsine
2071 2307 2164 2362 illo
2208 2316 2330 2372 est;
2376 2320 2472 2376 per
2500 2320 2660 2375 quem
2717 2303 2969 2357 universa
3026 2301 3130 2374 37
3185 2315 3366 2370 coepe-

1757 2411 1886 2460 runt
1910 2418 1925 2467 ;
1958 2413 2014 2458 et
2042 2400 2379 2455 inintlnitum
2403 2408 2505 2462 est,
2533 2412 2630 2469 per
2649 2412 2807 2467 quem
2840 2394 2980 2466 quod
3007 2404 3266 2450 estomne
3294 2393 3365 2447 sit

1758 2498 1978 2553 factum.
2015 2494 2093 2568 (ῃ)
2117 2493 2351 2563 Tempus
2377 2492 2519 2546 enim
2547 2499 2629 2545 est
2655 2488 2835 2558 spatii,
2867 2501 2972 2541 non
3004 2486 3057 2540 in
3088 2486 3209 2542 loco
3228 2524 3241 2549 ,
3266 2485 3363 2540 sed

1760 2590 1812 2645 in
1844 2599 2002 2644 aetate
2018 2586 2289 2642 manentis
2310 2582 2607 2656 significata
2636 2580 2956 2637 moderatio.
2990 2579 3196 2634 Etcum
3216 2577 3282 2632 ab
3298 2593 3364 2633 eo

1757 2682 1956 2747 omnia,
1978 2694 2066 2736 res
2087 2678 2229 2733 nulla
2244 2691 2347 2733 non
2367 2677 2435 2731 ab
2454 2691 2519 2731 eo
2543 2691 2556 2727 :
2577 2684 2630 2730 et
2651 2674 2851 2730 idcirco
2869 2682 3080 2743 tempus
3098 2671 3246 2727 abeo
3259 2680 3362 2726 est.

1833 2776 1923 2832 l8.
1953 2773 2175 2828 Verbum
2203 2787 2305 2826 non
2328 2781 2399 2825 est
2426 2766 2917 2824 solitarium—Sed
2948 2767 3147 2821 dicitur
3173 2765 3267 2820 tibi
3296 2765 3365 2819 ab

1759 2867 1965 2937 aliquo.
2000 2856 2238 2938 piscator
2265 2879 2456 2920 meus:
2479 2863 2712 2918 Nimium
2742 2861 2919 2917 facilis
2945 2871 2999 2916 et
3020 2859 3365 2932 promiscuus

1758 2959 1847 3015 hic
1873 2959 2041 3025 fuisti;
2074 2958 2248 3013 omnia
2262 2973 2351 3028 per
2367 2972 2480 3011 eum
2502 2959 2641 3027 facta
2654 2963 2775 3009 sunt
2802 2968 2909 3008 non
2939 2952 3101 3007 habet
3121 2951 3362 3009 modum.

1759 3053 1856 3109 Est
1884 3053 2173 3124 ingenitus,
2203 3050 2296 3121 qui
2351 3050 2521 3105 iactus
2564 3065 2593 3103 a
2628 3048 2845 3104 nemine
2883 3056 3007 3103 est:
3040 3053 3127 3102 est
3166 3054 3222 3101 et
3249 3045 3366 3116 ipso

1758 3147 1973 3220 genitus
2002 3147 2070 3202 ab
2096 3145 2301 3200 innato.
2328 3143 2459 3200 Sine
2491 3142 2811 3212 exceptione
2859 3148 2987 3195 sunt
3033 3139 3209 3193 omnia
3237 3180 3253 3206 ,
3310 3148 3367 3192 et

88 3232 225 3297 θηῖιπν
250 3233 379 3303 (ιιιοά
429 3235 485 3288 in
543 3232 810 3303 Ρτίηοίβὶο
858 3240 995 3299 erat,
1038 3245 1148 3287 non
1177 3230 1230 3285 in
1283 3230 1458 3287 altero
1508 3246 1653 3295 esse,
1682 3225 1729 3289 C
1763 3238 1895 3294 nihil
1921 3237 2064 3309 quod
2096 3247 2246 3293 extra
2275 3236 2344 3291 sit
2374 3234 2778 3305 derelinquunt.
2811 3233 2918 3291 Sed
2946 3232 3073 3287 dum
3106 3230 3241 3285 nihil
3287 3231 3369 3283 ut-

88 3329 291 3384 sedeutn
329 3331 511 3386 altero
554 3328 902 3399 praedicatur.
937 3326 1043 3383 Sed
1075 3327 1145 3381 de
1180 3325 1551 3395 superioribus
1574 3326 1655 3380 ni-

90 3420 325 3488 hilstnno,
354 3425 841 3498 (c)consequentia
879 3425 980 3480 sibi
1014 3424 1225 3489 adsint;
1264 3432 1462 3479 statum
1496 3422 1657 3480 Verbi

88 3523 131 3566 et
168 3529 343 3571 nomen
389 3527 678 3587 exspecta.
733 3517 873 3572 Dicit
924 3531 1204 3588 namque:
1240 3515 1307 3571 Et
1354 3513 1495 3572 Deus
1548 3527 1661 3572 erat

94 3604 299 3662 Verbum.
352 3608 552 3666 Cessat
589 3625 760 3664 sonus
816 3610 1002 3676 vocis,
1047 3619 1104 3664 et
1146 3610 1491 3680 cogitationis
1537 3611 1655 3665 elo-

89 3700 257 3767 quiutn.
290 3703 528 3761 Verbum
562 3703 667 3759 hoc
694 3719 782 3759 res
803 3715 911 3765 est,
944 3718 1049 3760 non
1078 3717 1278 3770 sonus;
1310 3712 1522 3774 natura,
1547 3719 1657 3762 non

88 3806 262 3861 sermo;
294 3796 461 3864 Deus,
494 3812 609 3854 non
640 3797 870 3854 inanitas
890 3809 993 3855 est.

244 3934 606 4079 fliaﬁondebo.
637 4006 871 4072 Exinde,
901 4009 1023 4063 dum
1042 4006 1293 4065 videmus.

146 4077 213 4149 (5)
247 4077 383 4133 tum
410 4097 526 4135 esse
544 4122 559 4145 ,
586 4089 635 4134 et
660 4081 793 4134 inter
818 4082 983 4135 inesse
1006 4089 1055 4136 et
1079 4081 1256 4136 adesse
1278 4082 1537 4137 momenti.

146 4148 212 4219 (4)
246 4152 426 4208 Sinon
450 4160 640 4211 exstat
668 4152 723 4209 itt
752 4151 949 4210 Veron.

92 4298 290 4367 {tremet
329 4291 534 4367 sibimet
570 4289 709 4367 quoa
748 4288 994 4367 liberum,
1027 4298 1133 4367 etc.
1169 4289 1390 4367 Rectius
1434 4290 1486 4347 in
1537 4290 1656 4367 aliis

94 4356 241 4423 libris,
269 4370 325 4415 ut
358 4366 408 4416 in
450 4356 628 4417 textu.
663 4362 988 4431 Proponitur
1021 4363 1163 4417 enim
1205 4363 1509 4432 objectum:
1541 4363 1597 4419 Si
1625 4379 1655 4419 a

94 4439 294 4512 tempore
318 4434 554 4512 liberum
583 4442 701 4512 est,
740 4434 825 4512 sui
845 4433 981 4502 juris
1007 4441 1095 4512 est
1114 4473 1129 4500 ,
1162 4434 1215 4512 in
1243 4450 1303 4490 se
1330 4443 1415 4491 est
1447 4445 1502 4491 et
1529 4436 1656 4512 soli-

95 4504 281 4565 tarium,
310 4521 411 4577 nec
439 4504 512 4560 ab
538 4504 658 4577 alio
691 4506 924 4573 pendet:
953 4506 1016 4558 ad
1047 4506 1188 4575 quod
1218 4521 1342 4560 mox
1374 4510 1656 4577 responsio

93 4580 187 4639 est,
208 4590 302 4628 non
324 4576 464 4630 abest
490 4575 555 4631 ab
581 4582 809 4630 auctore.

150 4642 214 4715 (ιι)
249 4646 348 4701 Pro
366 4648 459 4715 qui
492 4656 632 4711 erat,
664 4650 715 4701 in
741 4647 961 4703 vetustis
985 4646 1263 4704 codicibus
1287 4646 1466 4713 Colb.,
1496 4647 1651 4706 Rem.

94 4727 142 4767 ac
174 4715 337 4772 Germ.
383 4720 586 4787 legitur
625 4734 796 4773 orans.
827 4720 995 4773 Abest
1033 4720 1195 4774 etiam
1242 4721 1520 4775 relativum
1569 4724 1656 4789 qui

94 4797 115 4835 τι
150 4790 344 4862 (iamut.
377 4790 589 4845 Deinde
629 4792 769 4856 apud
814 4789 946 4844 Bud.
996 4800 1052 4845 et
1090 4790 1183 4845 Er.
1214 4801 1262 4845 et
1299 4793 1420 4862 quia
1468 4793 1661 4849 abesto

95 4860 342 4940 conditione
360 4862 613 4940 temporis
636 4877 655 4914 :
673 4862 911 4940 pessime
930 4862 1052 4940 quia
1076 4878 1176 4940 pro
1188 4863 1296 4940 qui.
1311 4860 1477 4933 'Apud
1505 4864 1653 4931 Lips.

97 4936 135 5004 ςι
158 4928 263 5004 Ιζειτ.
290 4947 387 4986 nec
418 4928 530 4988 non
559 4933 612 4987 in
637 4928 839 5001 aliquot
866 4928 996 4987 tns's.
1023 4928 1176 5004 et'qui
1196 4933 1334 4987 abest
1355 4928 1386 4987 ἁ
1412 4928 1654 5004 tempore.

98 4994 359 5073 lnCarnttt.
409 5018 516 5058 tus.
552 5021 584 5056 a
627 4994 915 5072 cognitione
961 4994 1222 5073 temporis.
1259 4994 1656 5073 Legimuscnm

98 5068 272 5147 duobus
302 5075 497 5141 Colli.‘,
537 5068 722 5130 Germ.
755 5091 818 5130 ac
847 5068 1077 5130 Sol-bon.
1111 5093 1143 5130 a
1192 5068 1495 5147 cognitionis
1534 5088 1659 5139 tem-

100 5155 221 5218 pore,
261 5145 361 5201 hoc
397 5155 515 5215 est,
559 5164 588 5199 a
623 5147 864 5215 quolibet
904 5156 1145 5212 tempore
1185 5145 1325 5216 quod
1366 5150 1657 5218 excogitari

98 5212 235 5291 Valeat
254 5218 416 5291 :_qnia
444 5212 535 5291 est
557 5212 677 5270 ante
706 5218 846 5291 quod
868 5218 1018 5291 voles
1052 5229 1137 5272 tua
1165 5212 1421 5287 opinione
1454 5212 1653 5289 ponere

100 5288 395 5365 principium.
450 5288 760 5365 Aliquando
806 5290 965 5343 etiam
1034 5291 1302 5365 placuerat
1353 5307 1384 5343 a
1433 5288 1655 5365 tempore

102 5356 393 5427 cond'uionis,
446 5356 604 5431 quasi
645 5374 675 5413 a
727 5368 969 5430 tempore
1020 5356 1162 5432 quod
1210 5363 1371 5416 rebus
1426 5356 1655 5420 conditis

103 5435 324 5488 (operuit.

153 5495 216 5569 (ὃ)
244 5500 299 5557 In
339 5502 922 5575 vulgatis,iinter'esse
960 5511 1008 5559 et
1053 5503 1188 5559 inter
1225 5503 1390 5558 inesse
1439 5514 1487 5560 et
1531 5504 1660 5561 inter

103 5566 243 5646 adstas
264 5566 509 5646 momenti
538 5566 822 5646 :abundat
862 5578 1130 5640 interesse,
1174 5590 1275 5631 nec
1319 5576 1515 5631 habent
1563 5591 1659 5646 po—

104 5644 235 5707 tiores
259 5660 385 5700 mss.
418 5644 656 5701 Hilarius
683 5655 863 5700 autem
889 5648 1144 5704 observat
1170 5645 1405 5703 Verbum
1436 5664 1542 5702 non
1564 5644 1658 5707 so-

104 5706 367 5809 hmiacsse
388 5718 444 5772 in
478 5716 663 5785 Patre,
676 5720 843 5809 rvelut
859 5718 911 5797 in
936 5719 1226 5809 principio;
1245 5718 1341 5785 sed
1363 5729 1417 5774 et
1442 5719 1656 5787 adesse,

104 5786 216 5860 apud
238 5801 640 5860 quemisemper
675 5790 794 5845 fuit.

163 5852 223 5927 (ε)
254 5852 368 5915 Vat.
398 5859 520 5923 bas.
541 5852 739 5929 codex,
768 5877 882 5919 cum
903 5862 1180 5935 sequentia,
1207 5861 1423 5925 duobus
1453 5861 1653 5925 verbis.

1764 3344 1841 3388 tra
1870 3332 2053 3387 dicere
2081 3331 2362 3395 audemus,
2394 3339 2487 3384 attt
2532 3328 2669 3384 forte
2700 3328 2827 3383 dum
2862 3328 3046 3383 dicere
3092 3326 3363 3388 molimur,

1762 3424 1841 3499 (5)
1872 3425 1953 3498 (It)
1997 3439 2223 3480 occurre
2251 3442 2264 3478 :
2290 3422 2357 3477 Et
2388 3426 2499 3477 sine
2527 3439 2588 3477 eo
2616 3426 2809 3493 factum
2847 3431 2921 3475 est
2967 3420 3115 3473 nihil.
3168 3418 3367 3474 Reddi-

1760 3521 1885 3576 disti
1958 3531 2277 3584 auctorem,
2343 3534 2464 3573 cum
2519 3516 2726 3572 socium
2767 3514 3046 3587 professus
3098 3527 3178 3568 es.
3228 3509 3362 3566 Cum

1761 3618 1904 3671 enim
1963 3613 2096 3669 nihil
2145 3614 2254 3667 sine
2310 3628 2403 3677 eo,
2467 3609 2708 3681 intelligo
2779 3623 2888 3664 non
2962 3607 3169 3671 solum;
3241 3607 3362 3675 quia

1759 3710 1896 3763 alius
1923 3716 2007 3763 est
2057 3722 2154 3778 per
2201 3721 2360 3778 quem
2383 3747 2396 3771 ,
2430 3703 2568 3759 alius
2589 3701 2673 3775 (ti)
2699 3712 2780 3758 est
2809 3702 2930 3757 sine
2956 3715 3062 3770 quo
3095 3717 3107 3753 :
3138 3711 3366 3770 utroque

1759 3800 2082 3857 discernitur
2128 3799 2446 3871 significatio
2494 3807 2549 3853 et
2599 3795 3009 3853 intervenientis
3034 3803 3090 3850 et
3132 3792 3361 3864 agentis.

1836 3938 1915 4015 (ὅ)
1947 3937 2225 4001 Librarius
2250 3944 2435 3993 noster
2464 3936 2613 4006 prius
2637 3936 2929 4006 scripserat
2957 3944 3230 4015 occurret,
3252 3949 3365 3989 ma-

1759 4007 1856 4082 gis'
1887 4007 2009 4080 apte
2039 4017 2095 4082 et
2130 4024 2373 4082 conuexe
2413 4024 2575 4078 quam
2616 4024 2825 4082 occurre
2863 4024 2890 4082 :_
2926 4007 3237 4062 emendavit
3280 4022 3364 4061 se-

1761 4079 1935 4138 cunda
1968 4081 2062 4151 sed
2091 4081 2307 4149 antiqua
2339 4093 2549 4148 manus,
2579 4080 2800 4133 occurrit
2834 4079 3008 4151 plane.

1834 4153 1915 4229 (6)
1942 4150 2037 4209 Est
2058 4154 2345 4210 omittitur.

1758 4291 1896 4349 Aliis
1931 4292 2074 4349 favet
2112 4291 2240 4351 illud
2273 4290 2366 4347 lib.
2399 4305 2503 4355 vtt,
2536 4306 2592 4345 η.
2632 4287 2704 4344 εει
2731 4304 2743 4343 :
2775 4287 2923 4342 Adsit
2968 4287 3063 4341 sibi
3090 4288 3276 4343 divimr
3305 4288 3368 4343 de

1761 4381 1814 4419 se
1841 4365 2106 4420 sententia:
2132 4363 2498 4419 testimonium.

1835 4433 1917 4508 (ιι)
1956 4436 2097 4508 Edili
2116 4478 2131 4502 ,
2156 4452 2340 4491 cum...
2367 4432 2732 4508 nuntiaverint.
2751 4431 3065 4505 Elegantius
3094 4447 3225 4487 mss.
3249 4433 3363 4499 cui,

1758 4506 1901 4574 etc},
1924 4507 2066 4579 qunti
2095 4510 2161 4563 de
2187 4524 2245 4563 se
2271 4509 2411 4579 dicit
2433 4506 2683 4561 llilarins.

1832 4575 2020 4653 (eL—In
2044 4580 2273 4649 vulgatis
2295 4622 2308 4638 .
2338 4578 2468 4653 nihil
2509 4594 2597 4632 nec
2639 4577 2972 4649 confunditur
2991 4592 3132 4653 ,_nec
3162 4575 3367 4641 confer-

1760 4649 1863 4705 tur".
1885 4649 2138 4706 Verbum
2171 4651 2521 4723 confunditur,
2551 4659 2740 4723 exstat
2774 4658 2977 4723 tantum
3021 4649 3072 4701 in
3111 4662 3217 4723 uno
3257 4661 3360 4700 ms.

1761 4722 1911 4778 Coll).
1942 4726 2009 4776 At
2036 4723 2085 4777 in
2117 4718 2329 4778 cameris
2349 4763 2363 4788 ,
2394 4722 2523 4776 nihil
2544 4738 2636 4776 nec
2660 4720 2960 4787 offenditur.
2986 4736 3076 4772 nec
3096 4718 3366 4786 aufertur:

1761 4809 1882 4862 qua:
1915 4795 2022 4847 duo
2053 4794 2211 4849 verba
2242 4795 2307 4848 ad
2338 4795 2442 4849 alia
2473 4793 2579 4847 duo
2618 4793 2925 4862 superiora,
2958 4791 3066 4844 sine
3106 4797 3365 4862 conatum-

1763 4860 1853 4939 lia,
1882 4866 2293 4939 sineabolitione
2329 4866 2571 4939 apposite
2602 4860 2927 4939 refl-runtur.
2964 4862 3129 4913 l‘orro
3170 4860 3221 4939 in
3255 4871 3361 4939 _vo-

1762 4928 1913 4991 cibus
1954 4938 2086 4991 nihil
2125 4954 2247 4999 nec,
2295 4928 2411 4991 non
2448 4935 2646 5002 duplex
2692 4937 2903 5002 negatio
2934 4940 3045 5002 est,
3079 4929 3183 5002 sed
3219 4928 3364 4997 pleo-

1763 5023 1980 5062 nasmus
2018 5006 2222 5063 Gra’cis
2254 5007 2460 5079 ipsique
2497 4999 2707 5079 Hilario
2734 4999 3031 5079 tatniliaris.
3078 4999 3230 5054 Hunc
3268 5014 3363 5079 ea-

1764 5094 1889 5134 vere
1918 5094 2046 5133 mss.
2078 5071 2289 5149 Βοηιίςῖ
2310 5071 2596 5132 ειὟΙιεοᾶ.
2621 5077 2710 5149 qui
2742 5091 2856 5149 pro
2882 5073 3016 5126 nihil
3049 5089 3174 5149 nec),
3205 5071 3357 5149 exiti.

1764 5150 1891 5205 bent
1923 5149 2054 5203 nihil
2094 5152 2147 5203 in
2178 5144 2257 5205 eo:
2289 5150 2341 5202 Si
2376 5149 2497 5218 quis
2538 5144 2685 5199 malit
2726 5145 2856 5199 nihil
2901 5160 3002 5218 nec»
3033 5144 3366 5218 confunditur

1762 5238 1855 5275 nec
1876 5225 2138 5287 aufertur,
2171 5214 2548 5290 propter—illud
2582 5217 2675 5271 lib.
2707 5232 2779 5270 vn
2802 5257 2818 5283 ,
2850 5234 2905 5270 η.
2942 5216 3005 5269 21
3038 5232 3051 5269 :
3082 5214 3201 5290 lVon
3245 5232 3366 5268 con-

1762 5293 1995 5363 funditur
2024 5287 2195 5359 itaque
2222 5287 2308 5345 aut
2336 5290 2567 5344 aboletur
2592 5297 2775 5343 natura
2790 5305 2809 5355 ;
2841 5302 2935 5358 per
2958 5303 3055 5342 nos
3081 5287 3258 5342 liceat.

1854 5385 2286 5460 (n‘Particulam
2335 5386 2380 5440 si
2422 5384 2670 5460 additnus
2721 5384 3039 5460 auctoritate
3096 5383 3364 5455 potiorum

1762 5457 1909 5514 mss.
1930 5458 2049 5514 Mox
2080 5459 2347 5514 vocula’ct
2375 5472 2472 5529 pro
2497 5457 2651 5511 etiam
2679 5459 2917 5527 ponitur.

1837 5551 1913 5626 (g)
1935 5551 2094 5626 Solus
2122 5551 2251 5626 Vat.
2286 5552 2400 5607 bas.
2431 5550 2626 5617 codex,
2657 5548 2879 5626 Tempus
2917 5550 3234 5626 enint‘spatii
3265 5567 3366 5626 non

1762 5624 1820 5679 in
1844 5621 1953 5680 loco
1984 5624 2073 5679 sed
2113 5625 2166 5678 in
2206 5632 2356 5679 a'tate
2398 5632 2566 5676 manet
2603 5622 2866 5677 moderata
2905 5623 3232 5694 signiﬁcatio.
3268 5621 3366 5678 Cui

1763 5695 2034 5751 consentit
2061 5695 2284 5751 Carnut.
2315 5696 2368 5751 in
2393 5695 2606 5750 duobus
2636 5695 2923 5766 postremis
2953 5695 3149 5749 verbis.

1860 5788 1919 5861 h)
1941 5787 2106 5855 Editi,
2136 5788 2627 5861 occurrit,occurrit
2649 5788 3091 5861 planeggetmox,
3123 5785 3359 5861 Piscator

1767 5858 2042 5922 reddidisti
2068 5878 2082 5919 :
2106 5858 2504 5931 refragantibus
2530 5860 2803 5919 veteribus
2826 5858 2995 5915 libris.
