3960 6202
567 302 639 361 63
1773 301 2022 360 SANCTI
2062 300 2322 360 HILARII
2360 301 2669 360 EPISCOPI
3806 302 3864 361 64
3942 330 3943 333 η

642 419 731 476 i9.
764 420 887 478 Non
916 430 1112 477 tantum
1134 421 1300 494 adfuit
1326 420 1537 493 facienti
1556 421 1748 487 omnia,
1775 420 1865 475 sed
1883 430 1930 475 et
1957 421 2173 492 [ecia—
2199 422 2249 481 Α
2279 418 2461 493 (Joan.
2483 436 2537 485 v,
2559 418 2679 493 26).
2712 419 2871 486 lliuc,
2897 418 3065 475 Nemo
3090 419 3227 475 novit
3246 418 3440 475 Filium
3461 419 3563 475 nisi
3592 417 3765 490 Pater,
3787 442 3863 478 nc-

568 512 675 571 Sed
706 514 785 589 (l)
810 516 886 591 (a)
909 517 1144 573 sollicito
1183 516 1253 572 de
1295 526 1539 583 auctore,
1572 515 1663 587 qui
1711 530 1853 570 unus
1901 515 2171 586 ingenitus

570 626 679 683 est,
711 626 778 668 ne
809 612 861 666 iu
890 626 956 666 eo
981 609 1125 680 quod
1157 609 1331 664 omnia
1356 608 1587 676 diceres,
1620 607 1751 663 nihil
1792 616 1937 662 esset
1976 621 2175 677 excep-

570 718 707 775 tum,
735 703 943 762 solvisti
972 712 1175 757 metum
1222 701 1488 759 dicendo:
1524 702 1593 757 Et
1631 702 1739 756 sine
1778 716 1837 756 eo
1876 700 2071 771 factum
2098 709 2174 753 est

575 800 727 856 nihil.
754 796 956 853 Verum
979 793 1284 851 confundor
1309 804 1365 850 et
1393 795 1581 850 turbor
1607 793 1662 850 in
1693 809 1780 862 eo,
1817 794 1960 865 quod
1982 793 2094 848 sine
2116 808 2174 847 eo

574 896 773 964 factum
802 900 875 946 est
903 889 1056 945 nihil.
1082 890 1177 945 Est
1200 904 1330 960 ergo
1350 888 1551 959 aliquid
1576 904 1672 958 per
1691 888 1918 944 alterum
1949 888 2171 956 factum,

573 982 716 1056 quod
743 991 922 1037 tamen
956 997 1061 1036 non
1090 980 1162 1036 sit
1182 982 1299 1036 sine
1330 995 1396 1036 eo
1419 979 1616 1037 factum
1644 997 1658 1036 :
1689 988 1746 1033 et
1773 979 1822 1034 si
1845 979 2045 1051 aliquid
2082 995 2177 1049 per

570 1078 826 1141 alterum,
852 1072 930 1146 (2)
966 1072 1093 1128 licet
1121 1087 1228 1127 non
1256 1073 1373 1127 sine
1392 1086 1497 1138 eo;
1524 1071 1634 1142 jam
1663 1084 1767 1126 non
1796 1086 1895 1141 per
1921 1086 2043 1125 eum
2063 1086 2177 1124 om-

576 1169 697 1235 nia;
746 1168 869 1238 quia
900 1165 1046 1220 aliud
1071 1173 1155 1220 est
1184 1164 1396 1229 fecisse,
1428 1162 1573 1218 aliud
1602 1172 1686 1219 est
1714 1163 2070 1219 intervenisse
2092 1162 2176 1218 fa-

577 1261 762 1317 cienti.
794 1259 910 1315 Non
942 1258 1116 1314 habeo
1147 1256 1257 1324 hic,
1288 1255 1525 1326 piscator
1547 1270 1722 1322 meus,
1760 1263 1820 1310 ut
1846 1256 1899 1309 in
1924 1256 2137 1311 emteris
2159 1294 2178 1321 ,

579 1355 721 1427 quod
744 1371 809 1410 ex
849 1369 971 1409 meo
1000 1352 1268 1423 proferam
1296 1368 1311 1416 ;
1345 1366 1375 1405 a
1404 1362 1495 1405 tuo
1529 1350 1711 1405 statim
1743 1348 2178 1420 respondendqu

581 1459 686 1516 est,
735 1446 923 1503 Omnia
970 1462 1061 1517 per
1099 1461 1213 1499 eum
1250 1444 1388 1514 {actu
1435 1451 1571 1497 sunt.
1632 1440 1839 1498 Sentio.
1889 1440 2182 1512 Apostolus

579 1546 723 1601 enim
747 1543 1026 1617 (5)docuit
1054 1560 1067 1596 :
1095 1540 1332 1596 Visibilin
1353 1547 1399 1594 et
1421 1537 1716 1606 invisibilia,
1735 1535 2186 1600 siveThroni,sive

578 1637 991 1703 Dominationes,
1020 1636 1125 1689 sive
1149 1632 1481 1703 Principatus
1500 1674 1515 1699 ,
1543 1634 1648 1687 sive
1679 1629 1987 1696 Potestates,
2013 1631 2184 1684 omnia

578 1749 672 1806 per
690 1733 881 1802 ipsum,
914 1740 962 1785 et
982 1730 1037 1785 in
1063 1729 1174 1799 ipso
1206 1725 1432 1801 (Coloss.
1458 1742 1497 1789 ι.
1530 1723 1645 1797 16).

2275 530 2374 583 que
2425 513 2639 569 Patrem
2670 513 2749 584 (6)
2772 514 2871 567 nisi
2902 512 3071 568 Filius
3100 514 3315 584 (Matth.
3350 531 3402 569 ιι
3428 556 3443 581 ,
3480 514 3601 582 27).
3634 516 3784 583 Hinc,
3810 518 3865 575 In

2272 610 2386 675 ipso
2429 608 2680 663 inhabitat
2728 609 2895 663 omnis
2937 608 3202 679 plenitudo
3232 609 3521 664 divinitatis
3551 615 3866 682 corporaliter

2278 699 2503 773 (Coloss.
2534 718 2595 767 tt,
2619 701 2700 772 9).

2345 794 2436 848 21.
2482 793 2629 848 Verbi
2649 795 2909 865 generatio
2930 793 3159 849 humana
3186 795 3387 850 ratione
3406 813 3509 851 non
3534 798 3773 868 capitur;
3799 808 3864 855 te-

2279 886 2449 940 nenda
2469 886 2627 959 igitur
2649 887 2771 956 ﬁde.
2803 916 2876 928 —
2904 886 3028 941 llaec
3051 887 3159 941 vita
3189 888 3286 942 lux
3317 888 3597 943 hominum
3627 899 3726 953 est,
3759 890 3857 946 hare

2280 959 2372 1032 lux
2401 978 2654 1033 tenebras
2679 978 3010 1033 illuminans.
3035 979 3105 1034 Et
3125 988 3184 1034 ut
3210 979 3698 1050 impossibilitatem
3719 998 3868 1053 gene-

2280 1070 2507 1125 rationis
2542 1070 2662 1140 ejus
2686 1071 3005 1127 enarranda:
3042 1071 3339 1127 secundum
3366 1073 3686 1144 prophetam
3710 1076 3870 1146 pisca-

2282 1173 2365 1217 tor
2386 1163 2760 1219 consolaretur
2785 1164 2935 1237 (lt‘sa.
2960 1179 3072 1229 Lm,
3101 1165 3415 1236 8);adjecit,
3450 1165 3519 1221 Et
3546 1169 3760 1224 tenebrtz
3774 1186 3871 1225 eam

2283 1274 2385 1313 non
2414 1258 2913 1327 comprehenderunt
2942 1260 3119 1332 (Jonn.
3152 1278 3191 1325 ι,
3215 1264 3293 1329 4).
3319 1261 3496 1318 Cessit
3531 1279 3715 1321 sermo
3735 1278 3868 1322 natu-

2284 1367 2382 1417 rae,
2421 1359 2475 1405 ct
2502 1366 2606 1407 nOu
2645 1352 2805 1408 habet
2842 1368 2947 1422 quo
2976 1364 3256 1421 excurrat;
3289 1365 3345 1411 et
3377 1367 3553 1412 tamen
3586 1358 3692 1415 hoc
3717 1360 3873 1428 pisea-

2286 1450 2371 1496 tor
2400 1443 2502 1499 iste
2532 1444 2800 1499 recubans
2831 1445 2883 1499 in
2916 1446 3130 1501 Domini
3167 1456 3355 1518 peetus
3391 1451 3621 1520 accepit.
3666 1449 3778 1506 Non
3802 1460 3873 1506 est

2286 1535 2390 1590 iste
2409 1535 2594 1590 saeculi
2619 1550 2820 1602 sermo;
2853 1538 2979 1608 quia
3003 1538 3072 1594 de
3099 1554 3203 1610 qua
3228 1540 3426 1610 agitur,
3460 1557 3567 1596 non
3592 1542 3774 1597 smculi
3798 1558 3872 1598 res

2287 1636 2391 1682 est.
2421 1627 2625 1682 Edatur
2653 1628 2881 1698 aliquid,
2918 1631 2961 1684 si
2994 1630 3045 1684 in
3077 1630 3471 1701 signiﬁcatione
3496 1632 3777 1687 verborum
3803 1649 3875 1688 re-

2289 1720 2455 1790 periri
2490 1730 2682 1796 potest.
2710 1724 2847 1777 ultra
2879 1739 3039 1793 quam
3086 1724 3291 1780 dictqu
3324 1725 3393 1779 sit
3424 1744 3437 1779 :
3470 1733 3524 1781 et
3549 1728 3594 1780 si
3628 1742 3731 1797 qua
3767 1737 3873 1781 sunt

651 1825 745 1879 20.
780 1823 882 1890 Qui
910 1823 1084 1877 onmia
1109 1823 1163 1876 in
1189 1819 1357 1876 Verbo
1375 1828 1568 1875 creata.
1606 1818 1828 1875 Verbum
1852 1835 1956 1874 non
1983 1835 2185 1874 succes-
2214 1809 2261 1869 Β
2288 1814 2390 1870 alia
2415 1816 2678 1886 exposita:
2705 1830 2735 1869 a
2784 1815 2944 1872 nobis
2990 1823 3199 1871 natura:
3228 1820 3445 1872 nomina
3470 1860 3484 1883 ,
3528 1819 3869 1888 proferantur.

578 1919 704 1985 sive,
727 1916 819 1971 sed
844 1914 1099 1972 nascendo
1122 1919 1399 1985 perfectum
1421 1912 1826 1967 existit.—Cum
1856 1926 1986 1982 ergo
2011 1912 2183 1965 omnia

584 2025 678 2081 per
724 2010 931 2082 ipsum,
973 2007 1199 2063 subveni
1255 2015 1311 2062 et
1363 2018 1587 2073 enarra,
1620 2004 1747 2076 quid
1789 2019 1895 2060 non
1950 2003 2066 2059 sine
2116 2018 2183 2059 eo

591 2102 686 2177 (4)
716 2102 912 2157 factum
939 2103 1028 2156 sit.
1062 2100 1136 2173 (b)
1171 2100 1321 2167 Quod
1360 2102 1547 2171 factum
1577 2109 1652 2154 est
1687 2100 1740 2153 in
1762 2115 1841 2166 eo,
1882 2100 1985 2153 vita
2014 2097 2083 2170 (e)
2114 2107 2187 2153 est

597 2195 780 2271 (Joan.
813 2211 851 2260 ι,
888 2193 969 2267 4).
1005 2194 1119 2249 Hoc
1149 2193 1311 2265 igitur
1335 2209 1443 2249 non
1465 2194 1584 2249 sine
1612 2207 1701 2259 eo,
1731 2192 1874 2262 quod
1904 2192 1956 2247 iu
1980 2206 2045 2247 eo
2071 2191 2183 2247 fae-

587 2298 700 2343 tum
724 2298 806 2344 est
838 2306 851 2342 :
880 2303 1002 2342 nam
1032 2287 1082 2342 id
1101 2286 1243 2358 quod
1266 2286 1318 2341 in
1337 2302 1402 2342 eo
1418 2287 1615 2341 factum
1633 2293 1739 2351 est,
1763 2283 1926 2340 etiam
1944 2299 2039 2355 per
2059 2299 2181 2339 eum

578 2382 781 2437 factum
799 2389 900 2435 est.
921 2380 1115 2435 Omnia
1131 2379 1275 2435 enim
1292 2395 1387 2449 per
1401 2381 1572 2450 ipsum
1588 2386 1644 2434 et
1665 2380 1716 2433 in
1732 2378 1848 2449 ipso
1868 2386 2044 2433 creata
2059 2385 2186 2432 sunt

590 2470 813 2540 (Coloss.
841 2487 878 2535 ι,
919 2467 1031 2542 16).
1062 2469 1116 2524 lu
1148 2470 1265 2540 ipso
1284 2480 1461 2525 autem
1504 2478 1719 2538 creata,
1768 2469 1891 2540 quia
1927 2469 2187 2524 nasceba-

596 2576 681 2620 tur
693 2575 906 2621 ereator
926 2563 1201 2621 Deus.Sed
1215 2563 1375 2620 etiam
1408 2578 1475 2619 ex
1507 2563 1608 2618 hoc
1628 2563 1746 2618 sine
1759 2577 1824 2618 eo
1838 2561 1969 2618 nihil
1986 2560 2182 2616 factum

587 2673 689 2722 est.
712 2662 919 2729 quodin
942 2678 1007 2718 eo
1027 2661 1220 2717 factum
1244 2670 1347 2728 est,
1366 2662 1489 2732 quia
1514 2674 1744 2716 nascens
1764 2660 1904 2714 Deus
1921 2659 2025 2714 vita
2038 2667 2184 2713 erat:

587 2764 643 2811 et
678 2753 758 2828 (d)
785 2756 873 2824 qui
907 2756 1011 2810 vita
1043 2762 1179 2821 erat,
1205 2769 1309 2809 non
1342 2764 1523 2824 postea
1563 2768 1721 2822 quam
1747 2760 1832 2806 est
1859 2761 2035 2813 natus,
2078 2749 2188 2820 38

590 2846 818 2903 ellectus
843 2854 928 2903 est
948 2848 1086 2912 vita;
1118 2862 1223 2903 non
1279 2847 1422 2899 enim
1452 2845 1505 2898 in
1550 2858 1616 2899 eo
1644 2842 1788 2896 aliud
1832 2850 1917 2897 est
1944 2839 2018 2912 (e)
2047 2841 2186 2909 quod

585 2948 767 2994 natuut
825 2948 928 3003 est,
961 2947 1016 2993 et
1068 2937 1212 2992 aliud
1241 2944 1324 2992 est
1346 2934 1484 3005 quod
1517 2943 1673 2989 natus
1700 2934 1926 3002 accepit.
1951 2931 2067 2988 Non
2095 2930 2190 2986 ha-

589 3031 718 3085 bent
769 3032 910 3085 inter
950 3044 1010 3085 se
1040 3037 1251 3099 tempus
1290 3038 1341 3084 et
1370 3027 1621 3082 nativitas
1653 3035 1707 3081 et
1737 3024 2030 3095 profectus.
2079 3022 2187 3079 Sed

587 3123 719 3179 nihil
783 3122 863 3195 (5)
893 3123 1012 3178 sine
1067 3138 1127 3178 se
1153 3120 1405 3177 ﬁebatex
1456 3121 1520 3176 iis
1566 3134 1687 3190 qua:
1733 3119 1787 3173 in
1841 3134 1908 3173 eo
1958 3117 2182 3185 ﬁebant,

2286 1906 2418 1974 Quae
2442 1909 2486 1961 si
2517 1921 2623 1962 non
2642 1916 2790 1975 sunt,
2816 1908 2981 1963 immo
3007 1909 3130 1979 quia
3161 1924 3266 1964 non
3290 1921 3438 1974 sunt;
3469 1910 3731 1966 miremur
3752 1912 3872 1966 hanc

2288 2001 2340 2055 in
2374 2001 2641 2068 piscatore
2679 2000 3004 2067 doctrinam,
3045 2010 3101 2056 et
3129 2002 3183 2057 in
3211 2017 3278 2057 eo
3304 2005 3383 2075 (g)
3407 2004 3624 2075 eloquia
3650 2004 3739 2059 Dei
3766 2019 3872 2059 seu.

2287 2100 2484 2150 tiamus
2516 2112 2530 2148 :
2561 2093 3071 2166 confessionemque
3114 2096 3288 2151 Patris
3313 2106 3368 2153 et
3398 2096 3557 2162 Filii,
3587 2097 3805 2169 ingeniti
3828 2108 3872 2153 et

2290 2186 2548 2257 uuigeuiti
2579 2186 3030 2254 iuenarrahilem,
3064 2195 3120 2243 et
3156 2188 3508 2244 excedentem
3546 2191 3869 2260 complexum

2288 2295 2503 2335 omnem
2540 2290 2594 2337 et
2624 2281 2896 2336 sermonis
2923 2292 2979 2336 et
3004 2295 3228 2347 sensus,
3261 2292 3541 2338 teneamus
3565 2290 3727 2355 atque
3753 2284 3870 2337 ado-

2290 2388 2473 2430 remus
2510 2392 2523 2428 :
2579 2381 2635 2428 et
2680 2373 2735 2427 in
2781 2373 3009 2428 Domino
3052 2373 3217 2439 Jesu,
3267 2375 3522 2445 exemplo
3558 2374 3795 2440 Joannis,
3825 2384 3872 2429 ut

2290 2465 2407 2520 haec
2447 2466 2717 2537 possimus
2742 2465 2946 2521 sentire
2971 2476 3025 2521 et
3055 2467 3315 2539 colloqui,
3349 2469 3680 2525 accubamus
3705 2468 3869 2544 (Joan.

2288 2575 2407 2625 xm,
2438 2559 2557 2631 25).

2359 2652 2451 2707 22.
2485 2652 2860 2709 ereticorum
2897 2663 3035 2709 artes
3083 2663 3263 2709 contra
3311 2655 3466 2725 ﬁdem
3512 2671 3678 2712 vane.
3733 2656 3873 2712 Fides

2290 2761 2395 2800 una
2423 2748 2578 2801 vincit
2599 2764 2770 2802 onmes
2802 2746 3041 2801 hmreses.
3074 2777 3145 2787 -—
3173 2746 3532 2803 Commendat
3555 2759 3737 2805 autem
3762 2750 3870 2805 (ἱόοί

2291 2838 2453 2910 hujus
2473 2840 2854 2911 integritatem,
2880 2841 3255 2911 etevangelica
3272 2842 3589 2908 auctoritas,
3608 2853 3875 2914 etaposto-

2290 2932 2388 2987 lica
2411 2933 2523 3004 39
2550 2932 2817 2994 doctrina.
2847 2941 2904 2988 et
2925 2932 3486 3003 circumstrepentium
3520 2937 3758 3007 undique
3783 2940 3875 2992 hae-

2289 3025 2580 3080 reticorum
2616 3026 2693 3097 (7)
2728 3024 2810 3098 (h)
2840 3026 3012 3081 otiosa
3051 3025 3427 3082 fraudulentia.
3459 3028 3579 3084 Stat
3617 3032 3759 3085 ettim
3790 3030 3875 3086 hoc

2290 3118 2698 3174 fundamentum
2749 3119 2984 3175 validum
3048 3130 3104 3176 et
3144 3121 3423 3176 immotum
3474 3123 3738 3180 adversus
3777 3140 3878 3179 om-

583 3217 706 3287 quia
760 3218 863 3271 vita
908 3225 992 3271 est
1061 3215 1269 3287 (supple
1322 3216 1390 3285 is)
1440 3214 1492 3269 in
1540 3229 1648 3286 quo
1693 3214 1913 3278 hebant,
1941 3223 1997 3268 et
2046 3213 2188 3269 Deus
2213 3204 2259 3270 C
2294 3226 2390 3267 nes
2416 3221 2628 3280 ventos,
2664 3212 2873 3281 pluvias
2896 3254 2912 3280 ,
2967 3220 3275 3280 torrentes,
3305 3229 3409 3270 non
3440 3215 3659 3273 flatibus
3691 3219 3877 3290 pellen-

588 3310 680 3380 qui
734 3324 762 3362 a
821 3309 932 3365 Deo
976 3317 1133 3364 natus
1190 3317 1317 3373 est,
1399 3322 1508 3363 non
1568 3316 1750 3377 postea
1818 3321 1979 3377 quam
2032 3314 2190 3360 natus

588 3411 673 3458 est
697 3444 711 3468 ,
758 3400 829 3475 (Γ)
884 3402 977 3458 sed
1011 3402 1283 3457 nascendo
1325 3402 1468 3457 Deus
1507 3400 1731 3456 exstitit.
1764 3398 2004 3455 Naseens
2039 3398 2185 3453 enim

588 3511 618 3550 a
653 3497 867 3553 vivente
917 3498 1110 3562 vivus,
1163 3513 1193 3551 a
1221 3510 1349 3552 vero
1376 3511 1560 3561 verus,
1611 3510 1639 3548 a
1682 3493 1925 3565 perfecto
1977 3493 2188 3564 perfec-

589 3598 706 3654 tus,
747 3605 852 3644 non
905 3590 1024 3645 siue
1070 3598 1339 3660 potestate
1389 3587 1684 3643 nativitatis
1735 3602 1849 3643 sua:
1900 3595 2055 3641 natus
2080 3595 2183 3652 est,

586 3682 921 3736 nativitatem
956 3682 1204 3737 videlicet
1232 3696 1385 3736 suam
1415 3697 1522 3736 non
1562 3691 1747 3752 postea
1782 3680 2057 3747 sentiens,
2091 3681 2185 3735 sed

587 3787 649 3827 se
681 3772 847 3827 Deum
902 3774 953 3828 in
996 3788 1063 3829 eo
1105 3776 1222 3843 ipso
1250 3773 1393 3844 quod
1423 3774 1561 3829 Deus
1602 3788 1671 3829 ex
1731 3774 1840 3829 Deo
1868 3772 2190 3829 nascebatur

586 3865 910 3936 intelligens.
946 3866 1059 3921 Hoc
1079 3866 1386 3936 unigenitus
1416 3866 1484 3921 ab
1506 3867 1782 3937 ingenito:
1818 3865 1952 3931 hoc,
2008 3864 2120 3938 Ego
2145 3875 2191 3920 et

591 3957 753 4012 Pater
779 3975 935 4011 unum
961 3976 1136 4014 sumus
1160 3958 1339 4028 (Joan.
1373 3975 1427 4026 ιι,
1452 3958 1546 4029 50)
1582 3976 1596 4012 :
1629 3957 1732 4014 ltoc
1763 3958 1819 4012 in
1847 3957 2192 4014 confessione

592 4051 770 4106 Patris
794 4061 851 4107 et
889 4051 1008 4107 Filii
1039 4052 1180 4107 Deus
1208 4069 1345 4106 unus
1377 4070 1390 4105 :
1423 4052 1523 4107 huc
1555 4051 1711 4106 Pater
1742 4051 1795 4107 in
1823 4049 1983 4117 Filio,
2012 4060 2070 4107 et
2098 4049 2189 4106 Fi-

593 4144 695 4199 lius
727 4143 778 4198 in
811 4145 991 4200 Patre.
1022 4145 1193 4209 Hinc,
1244 4146 1347 4213 Qui
1384 4162 1465 4199 me
1503 4145 1663 4210 vidit,
1709 4145 1834 4198 vidit
1879 4155 1926 4198 et
1982 4142 2187 4201 Patrem

588 4235 770 4309 (Joan.
802 4254 923 4306 xw,
968 4238 1045 4307 9).
1082 4239 1236 4306 lliuc,
1274 4238 1461 4293 Omnia
1485 4255 1599 4301 qua:
1640 4237 1789 4293 habet
1828 4238 2019 4302 Pater,
2049 4240 2189 4294 dedit

593 4327 735 4383 Filio
757 4328 941 4402 (Joan.
969 4346 1082 4397 xvt,
1112 4332 1132 4384 Ἰ
1145 4330 1222 4401 5).
1257 4330 1407 4396 Hinc,
1432 4332 1579 4387 Sicut
1606 4330 1754 4386 habet
1786 4330 1943 4387 Pater
1966 4333 2120 4387 vitam
2137 4334 2191 4387 in

588 4422 890 4494 semetipso,
933 4423 1005 4477 ita
1035 4423 1175 4477 dedit
1225 4422 1368 4477 Filio
1399 4424 1549 4481 vitam
1606 4424 1792 4479 habere
1827 4426 1880 4479 in
1924 4426 2192 4498 semetipso

659 4549 739 4620 (l)
770 4550 1016 4615 Solliciti,
1047 4565 1204 4620 aeque
1230 4550 1389 4607 bene.

659 4620 741 4691 (2)
774 4622 914 4706 Heio;
952 4624 1313 4704 interponitur
1344 4626 1561 4694 factum.
1606 4623 1801 4681 Postea
1837 4626 2192 4697 supprimitur

588 4703 660 4748 est
691 4706 817 4749 ante
843 4703 1192 4749 intervenisse.

663 4764 742 4831 (5)
770 4765 1002 4821 Additur
1033 4763 1257 4820 Paulus.

662 4836 741 4907 (4)
775 4836 995 4892 ("actum
1023 4846 1115 4891 est.

661 4908 739 4978 (5)
774 4910 899 4963 Sine
918 4928 995 4965 eo.

660 4979 740 5053 (6)
765 4980 818 5035 lu
846 4982 1032 5039 codice
1056 4988 1243 5037 nostro
1262 4982 1574 5053 adiungitur
1606 5002 1620 5040 :
1648 4985 1761 5057 quis
1788 4986 1947 5055 novit,
1978 4985 2077 5042 sed
2104 4999 2192 5041 se—

661 5097 737 5175 _(a)
767 5098 839 5175 Ita
856 5099 1141 5175 eleganter
1161 5107 1380 5175 optima:
1400 5115 1540 5159 uotae
1561 5119 1691 5159 mss.
1714 5106 1874 5157 tacita
1893 5116 2023 5157 voce
2050 5101 2198 5165 mihi,

590 5168 707 5223 scil.
736 5172 930 5226 solvisti
951 5168 1160 5229 metum.
1194 5168 1264 5231 At
1290 5179 1343 5231 iu
1376 5177 1607 5245 vulgatis
1630 5176 1906 5229 sollicitor.

664 5259 743 5327 (b)
777 5261 923 5332 Lips.
967 5272 1022 5318 ct
1049 5264 1169 5318 Par.
1205 5282 1322 5333 post
1348 5269 1438 5321 Er.
1481 5267 1566 5322 hic
1592 5266 1813 5331 addunt,
1837 5265 1974 5335 quod
2003 5267 2197 5331 factum

588 5331 673 5396 sit,
717 5331 910 5400 prteter
936 5337 1092 5391 tidem
1120 5331 1359 5393 \‘t-terum
1392 5339 1674 5393 librorum.

660 5426 731 5496 (ε)
757 5425 996 5508 liursum
1029 5430 1114 5484 hic
1150 5429 1674 5508 editi_pra:fercbatit
1698 5431 1801 5484 vita
1849 5441 1957 5485 erat
1984 5446 2002 5484 :
2030 5444 2190 5498 repu.

586 5502 874 5572 gtiantitptls
904 5517 1033 5555 mss.
1083 5513 1137 5554 ut
1165 5513 1221 5556 et
1246 5503 1337 5557 lib.
1372 5519 1409 5569 ι,
1442 5520 1496 5556 ιι.
1524 5502 1609 5556 10.
1636 5503 1971 5572 Quamquam
2003 5518 2064 5555 ex
2100 5517 2190 5555 se-

589 5569 882 5640 quentibus
909 5573 1170 5640 suspicari
1217 5573 1341 5627 licet
1368 5575 1504 5627 haue
1531 5569 2048 5628 lectionem—Hilario
2081 5589 2189 5628 non

586 5634 764 5716 fuisse
785 5634 1101 5716 inauditam.
1140 5646 1457 5700 Ambrosius
1484 5661 1697 5716 quoque
1731 5645 1821 5700 lib.
1853 5660 1911 5699 tu
1942 5645 2009 5698 de
2058 5642 2191 5700 Fide

586 5720 635 5761 c.
667 5706 721 5773 6,
753 5709 898 5778 legit,
930 5712 1028 5765 vita
1059 5725 1149 5768 est.

658 5797 740 5868 (tl)
764 5798 838 5853 Ita
873 5798 1128 5858 meliores
1160 5808 1289 5860 mss.
1323 5802 1391 5861 At
1421 5801 1573 5869 editi,
1603 5816 1649 5861 et
1672 5802 1794 5871 quia
1821 5806 1924 5860 vita
1950 5814 2078 5859 erat.

2294 3304 2448 3372 dum,
2479 3320 2583 3362 non
2616 3305 2909 3361 stillicidiis
2938 3308 3354 3377 penetrandum,
3388 3324 3493 3363 non
3524 3311 3876 3365 inundationi-

2296 3400 2394 3456 bus
2423 3401 2485 3470 (i)
2507 3400 2864 3455 subluendum
2898 3399 3089 3472 (Matii.
3117 3417 3189 3457 vu
3211 3443 3227 3468 ,
3249 3402 3383 3472 ‘25):
3412 3411 3470 3458 et
3496 3404 3759 3474 optimum
3784 3411 3871 3466 est,

2293 3494 2553 3565 quidquid
2584 3506 2613 3543 a
2653 3495 2897 3565 plurimis
2928 3496 3257 3551 incursatum
3280 3538 3296 3561 ,
3332 3511 3362 3550 a
3396 3498 3541 3550 nullo
3572 3508 3748 3553 tamen
3793 3514 3877 3567 po-

2294 3588 2422 3644 terit
2460 3587 2687 3659 impelli.
2738 3588 2807 3644 Ut
2850 3597 3030 3644 autem
3071 3588 3320 3658 quaedam
3370 3591 3877 3645 medicamentorum

2294 3696 2491 3751 genera
2534 3689 2663 3738 sunt
2693 3682 2763 3736 ita
2794 3689 3142 3750 comparata,
3191 3690 3250 3735 ut
3288 3696 3393 3735 non
3436 3682 3665 3753 singulis
3689 3693 3878 3737 tantum

2293 3773 2702 3844 mgritudinibus
2733 3774 2880 3828 utilia
2924 3775 3066 3844 sint,
3116 3773 3210 3829 sed
3239 3776 3488 3830 omnibus
3527 3776 3582 3830 in
3608 3791 3879 3831 eomnmne

2294 3867 2653 3932 medeantur,
2710 3867 3047 3937 habeantque
3094 3868 3146 3922 in
3207 3882 3268 3923 se
3318 3869 3569 3923 virtutem
3627 3869 3879 3939 generatis

2293 3960 2483 4015 auxilii
2515 3976 2529 4014 :
2565 3959 2635 4013 ita
2665 3967 2718 4014 et
2742 3959 2875 4014 lides
2901 3960 3166 4017 catholica
3196 3974 3303 4015 non
3329 3959 3618 4015 adversum
3658 3962 3881 4033 singulas

2297 4068 2497 4129 pestes,
2531 4055 2626 4112 sed
2643 4066 2831 4112 contra
2859 4071 3051 4112 outnes
3071 4056 3291 4112 morbos
3310 4071 3467 4126 opem
3489 4057 3714 4111 medela:
3745 4072 3882 4112 com-

2298 4151 2478 4206 munis
2522 4151 2803 4221 impertit,
2861 4167 2965 4205 uou
3022 4149 3343 4205 inﬁrmanda
3379 4165 3601 4219 genere,
3633 4166 3739 4205 non
3780 4152 3883 4205 viu-

2299 4244 2470 4301 ceuda
2495 4259 2741 4310 numero,
2767 4259 2873 4298 non
2901 4243 3215 4301 diversitate
3246 4241 3477 4297 fallenda
3505 4259 3519 4308 ;
3550 4242 3644 4299 sed
3672 4259 3779 4298 una
3810 4254 3882 4297 at-

2298 4353 2405 4409 que
2452 4338 2642 4393 eadem
2691 4338 2978 4393 adversum
3029 4336 3238 4408 singula
3284 4337 3575 4407 omniaque
3624 4337 3882 4392 consistit.

2301 4428 2550 4501 Magnum
2594 4438 2680 4484 est
2707 4430 2882 4493 enim;
2917 4427 2998 4502 (8)
3029 4437 3108 4484 tot
3134 4428 3188 4484 iu
3216 4444 3280 4482 ea
3311 4443 3416 4483 una
3460 4427 3699 4483 remedia
3739 4441 3882 4491 esse,

2220 4558 2471 4631 Deunda
2511 4560 2848 4615 recensione.
2881 4559 3187 4616 Coneordat
3227 4559 3453 4631 Vulgata
3506 4569 3687 4615 nostra
3735 4571 3887 4631 atque

2297 4629 2522 4687 Graecus
2550 4640 2747 4686 textus.

2367 4703 2445 4772 (7)
2489 4702 2565 4757 Ita
2609 4703 2835 4773 legtmus
2862 4699 2916 4756 iu
2942 4712 3129 4760 nostro
3158 4702 3327 4769 libro;
3354 4702 3608 4759 secundis
3632 4702 3779 4757 curis
3799 4718 3884 4772 ap-

2296 4775 2531 4844 positum
2553 4784 2660 4842 est,
2691 4775 2888 4830 odiosa.

2294 4916 2348 4970 d.
2373 4843 2451 4917 (8)
2483 4846 2536 4900 lu
2560 4846 2921 4902 auterioribus
2947 4846 3297 4914 editionibus,
3327 4854 3400 4900 tot
3435 4845 3491 4900 in
3518 4862 3622 4901 una
3648 4862 3706 4901 ea
3735 4860 3889 4901 reme-

2331 4933 2382 4970 ια
2408 4933 2535 4970 esse.

2331 4933 2382 4971 ια
2408 4933 2535 4973 8888.

2374 5098 2449 5168 (e)
2479 5098 2642 5165 Editi,
2666 5100 2803 5169 quod
2824 5109 2972 5155 natus
2999 5110 3072 5155 est
3103 5118 3116 5155 :
3147 5100 3533 5157 dissidentibus
3560 5116 3692 5156 mss.

2337 5171 2443 5294 l(r)
2471 5170 2525 5225 lu
2553 5187 2656 5226 ms.
2687 5171 2813 5228 Vat.
2846 5171 2959 5227 bas.
2986 5172 3074 5227 hic
3090 5171 3361 5242 adjicitur,
3385 5175 3599 5246 effectus
3613 5182 3686 5227 est
3721 5171 3892 5230 Dens:

2358 5257 2590 5294 osseum.

2358 5257 2590 5297 OSSCIIIR.

2301 5257 2603 5385 Βὲίξέῗρῧιὲί.
2632 5314 2752 5370 bas.
2792 5315 2964 5370 codex
2990 5329 3112 5371 cum
3142 5315 3312 5372 altero
3338 5315 3509 5371 Vatic.
3544 5325 3601 5370 et
3645 5317 3888 5380 Carnut.,

2299 5383 2639 5450 eloquentiam
2672 5385 2786 5441 Dei.

2370 5453 2451 5527 (lt)
2497 5456 2553 5511 lu
2579 5457 2805 5527 vulgatis
2835 5459 3037 5513 odiosa.
3082 5457 3272 5527 Aptius
3322 5460 3371 5511 iu
3405 5474 3545 5516 mss.
3582 5459 3764 5512 oriosa.
3797 5457 3890 5526 Qui

2297 5537 2478 5582 autem
2509 5529 2681 5582 otiosa
2713 5539 2764 5583 et
2788 5532 2962 5584 inanis
2990 5532 3081 5590 sit.
3110 5532 3364 5584 continuo
3390 5530 3718 5584 declaratur.

2366 5596 2432 5667 (i)
2459 5597 2697 5666 Quatuor
2732 5616 2863 5655 mss.
2905 5601 3224 5663 solvendum.
3268 5599 3461 5662 Corh.,
3500 5602 3670 5660 l’rat..
3706 5601 3889 5663 Faue,

2294 5669 2665 5723 subruendum.
2697 5671 3056 5727 lietiueudum
3085 5684 3167 5728 est
3207 5673 3569 5739 sublueantm,
3601 5684 3658 5727 ut
3686 5682 3891 5727 ecustat

2295 5754 2359 5794 ex
2386 5755 2509 5827 cap.
2544 5739 2578 5796 6
2604 5741 2657 5797 iu
2683 5741 2872 5798 Matth.
2895 5760 2952 5799 ιι.
2980 5746 3034 5810 6,
3062 5739 3122 5800 ‘et
3149 5760 3213 5799 ex
3241 5750 3396 5799 tract.
3442 5744 3493 5798 in
3526 5745 3663 5813 psal.
3711 5749 3889 5803 'vauu

2296 5827 2350 5865 ΙΙδ
2385 5828 2440 5865 η.
2854 5846 2866 5862 κ
