3960 6202
139 320 198 379 69
1304 318 1389 378 DE
1428 312 1800 381 TNNITATE
1846 318 2052 382 LIBER
2084 316 2155 382 ΙΙ.
3338 337 3409 394 70

140 453 240 505 quo
265 444 338 492 est
362 449 542 492 cursus
572 436 771 493 :ctatis.
802 435 934 493 Nam
979 451 1141 495 omne
1181 445 1427 511 tempus,
1471 440 1698 512 quodin
1728 450 1773 512 Α
1803 445 1986 499 mundi
2028 445 2352 514 accepimus,
2394 444 2487 501 sed
2519 443 2775 518 Spiritum
2822 450 2909 520 qui
2964 465 3027 505 ea:
3068 450 3177 506 Deo
3203 461 3279 507 est
3303 494 3316 518 ,
3356 465 3410 507 ut

140 532 329 587 homine
350 533 479 601 egit,
505 533 558 587 in
592 531 672 606 (1)
705 532 799 588 Dei
844 534 1097 604 operibus
1122 536 1377 604 extulerit.
1411 537 1485 593 Dc
1513 538 1697 608 singu—

140 626 302 681 lisnOu
330 637 403 681 est
441 636 650 695 tempus
681 626 895 684 dicere:
930 637 1133 683 tantum
1168 629 1297 684 illud
1343 630 1394 684 in
1428 630 1700 687 universis

138 718 359 773 virtutum
400 730 453 773 et
480 719 818 775 curationum
849 721 1139 792 generibus
1183 724 1549 779 contuendum
1577 734 1698 791 est,

136 812 182 867 in
207 813 358 867 carnis
377 812 740 883 assumptione
766 814 1064 882 hominem,
1100 815 1267 871 Deum
1298 828 1428 872 vero
1460 816 1514 871 in
1536 821 1702 888 gestis

137 903 274 957 rebus
297 904 565 959 exsistere.

196 995 274 1052 29.
297 996 536 1065 Spiritum
574 1007 810 1053 sanctum
835 1016 963 1056 esse.
1010 1030 1082 1042 —
1133 1000 1208 1057 De
1257 1000 1466 1072 Spiritu
1520 1012 1700 1057 autem

139 1098 302 1144 sancto
328 1103 414 1145 nec
438 1097 616 1145 tacere
643 1102 890 1162 Oportet,
922 1108 1025 1149 nec
1045 1093 1195 1164 loqui
1222 1109 1445 1151 necesse
1466 1104 1579 1151 est:
1607 1096 1700 1151 sed

139 1184 268 1238 sileri
292 1198 319 1237 a
344 1183 505 1249 nobis,
537 1199 725 1241 eorum
758 1201 918 1242 causa
950 1188 1040 1258 qui
1064 1188 1331 1256 nesciunt,
1362 1203 1467 1244 non
1500 1197 1700 1259 potest.

136 1275 283 1348 Loqui
304 1289 464 1333 autem
490 1277 558 1335 de
587 1295 654 1335 eo
686 1295 792 1335 non
821 1296 1047 1339 necesse
1072 1292 1183 1351 est,
1218 1281 1298 1356 (2)
1332 1282 1405 1355 (a)
1429 1283 1520 1355 qui
1545 1284 1704 1340 Patre

136 1379 179 1424 et
208 1368 322 1424 Filio
349 1370 673 1438 auctoribus,
705 1373 1048 1430 confitendus
1070 1384 1170 1430 est.
1209 1375 1273 1431 Et
1300 1376 1515 1447 quidem
1549 1385 1700 1447 puto,

139 1478 196 1516 an
220 1464 300 1531 sit,
330 1478 425 1517 non
454 1478 574 1520 esse
616 1467 977 1521 tractandum.
1011 1467 1109 1523 Est
1129 1467 1307 1535 enim;
1342 1469 1556 1539 quando
1584 1469 1703 1539 qui-

139 1553 246 1609 dem
273 1554 511 1623 donatur,
541 1557 833 1628 accipitur,
859 1559 1162 1627 obtinetur;
1187 1569 1239 1616 et
1262 1562 1349 1631 qui
1376 1560 1701 1616 confessioni

141 1649 286 1705 Patris
307 1660 354 1705 et
370 1650 482 1705 Filii
508 1666 788 1708 connexus
810 1663 929 1721 est,
964 1669 1069 1710 non
1096 1664 1274 1725 potest
1302 1669 1332 1710 a
1361 1655 1703 1711 Confessioue

143 1743 284 1797 Patris
305 1755 349 1798 et
375 1743 488 1798 Filii
522 1746 785 1815 separari.
832 1746 1214 1816 Imperfectum
1253 1746 1398 1802 enim
1441 1753 1525 1802 est
1547 1746 1705 1802 nobis

1802 537 2026 590 sciamus
2050 554 2165 609 qua:
2207 555 2238 591 a
2259 536 2372 593 Deo
2412 539 2605 593 donata
2635 550 2751 593 sunt
2793 542 2935 596 nobis
2967 543 3009 615 (l
3039 543 3159 600 Cor.
3188 561 3224 599 ll
3247 588 3261 611 ,
3298 545 3411 614 1'2).

1806 628 1870 683 Et
1892 644 2107 684 rursum
2136 647 2148 682 :
2189 629 2295 684 Vos
2332 640 2501 684 autem
2526 643 2627 686 non
2654 632 2771 687 estis
2814 634 2865 687 iu
2895 651 3048 689 carne
3071 677 3086 702 ,
3114 637 3203 690 sed
3231 637 3283 689 iu
3307 638 3415 709 spi-

1802 720 1942 785 ritu;
1974 720 2054 793 (5)
2086 722 2158 796 (ε)
2186 725 2227 777 si
2259 732 2427 778 tamen
2455 724 2685 795 Spiritus
2708 724 2807 781 Dei
2843 728 2896 782 in
2919 729 3057 784 vobis
3083 741 3176 785 est.
3209 729 3271 785 Si
3299 732 3415 800 quis

1805 824 1972 866 autem
2004 814 2263 884 Spiritum
2291 816 2481 871 Christi
2521 834 2621 871 non
2663 817 2852 887 habet,
2902 820 2984 873 hic
3034 837 3139 876 non
3179 832 3253 877 est
3299 823 3415 893 ejus

1806 907 1985 979 (Rom.
2020 924 2114 964 vm
2137 952 2150 973 ,
2184 907 2262 983 9).
2296 911 2363 965 Et
2410 927 2657 969 rursum:
2691 912 2753 967 Si
2804 924 2976 968 autem
3004 913 3233 985 Spiritus
3262 916 3412 985 eius,

1805 1001 1893 1071 qui
1916 1000 2385 1058 suscitavitJesum
2429 1022 2462 1058 a
2501 1006 2738 1071 mortuis,
2777 1006 2974 1060 habitat
3017 1009 3071 1062 in
3099 1007 3275 1074 vobis,
3322 1008 3412 1079 qui

1804 1094 2069 1149 suscitavit
2100 1094 2168 1166 (Γ)
2194 1094 2453 1149 Christum
2499 1113 2531 1150 a
2578 1096 2822 1164 mortuis,
2853 1098 3124 1168 oiviﬁcabit
3153 1107 3200 1153 et
3222 1110 3417 1154 morta-

1807 1186 1879 1240 lia
1909 1203 2130 1253 corpora
2155 1199 2324 1243 vestra
2354 1201 2564 1262 propter
2593 1189 2854 1261 Spiritum
2893 1206 3043 1247 suum
3082 1193 3171 1263 qui
3220 1193 3414 1248 habitat

1808 1283 1860 1332 in
1890 1278 2029 1333 vobis
2055 1278 2218 1352 (Ibid.
2272 1281 2382 1352 Η).
2416 1280 2572 1338 Unde
2603 1283 2727 1354 quia
2770 1290 2856 1338 est
2880 1326 2894 1351 ,
2940 1292 2997 1340 et
3046 1284 3283 1340 donatur
3308 1327 3322 1350 ,
3362 1294 3418 1342 et

1806 1370 2067 1440 habetur,
2092 1381 2148 1427 et
2176 1374 2268 1428 Dei
2302 1383 2412 1439 est;
2446 1384 2626 1431 cesset
2669 1374 2794 1431 hinc
2848 1392 3029 1432 sermo
3056 1379 3415 1433 calumnian-

1810 1465 1964 1520 tium.
2000 1466 2136 1521 Cum
2168 1466 2355 1523 dicunt
2386 1482 2485 1539 per
2510 1486 2669 1540 quem
2697 1471 2807 1538 sit,
2840 1481 2893 1528 et
2920 1473 2991 1527 ob
3021 1473 3149 1543 quid
3177 1473 3286 1541 sit,
3329 1474 3417 1530 vel

1809 1558 1984 1625 qualis
2013 1560 2123 1613 sit:
2159 1557 2235 1632 (θ)
2269 1559 2315 1615 si
2340 1562 2624 1631 responsio
2655 1572 2836 1617 nostra
2880 1562 3189 1634 displicebit
3224 1566 3414 1622 dicen-

1812 1654 1986 1717 tium,
2020 1653 2123 1708 Per
2152 1669 2311 1723 quem
2344 1656 2524 1710 omnia
2552 1697 2566 1722 ,
2601 1654 2680 1727 (h)
2711 1666 2764 1711 et
2792 1672 2861 1713 ex
2906 1670 3013 1728 quo
3059 1660 3238 1713 omnia
3271 1666 3416 1728 sunt,

1810 1753 1867 1800 et
1897 1745 2019 1815 quia
2042 1744 2274 1815 Spiritus
2292 1756 2371 1801 est
2399 1746 2529 1814 Dei,
2563 1747 2764 1802 donum
2790 1747 3031 1804 ﬁdelium
3053 1765 3068 1816 ;
3094 1750 3419 1821 displiceant

147 1845 306 1902 totum,
332 1837 372 1891 si
399 1837 595 1909 aliquid
626 1840 819 1895 desita
867 1850 1003 1897 t0to.
1037 1841 1109 1898 De
1136 1856 1242 1913 quo
1272 1842 1319 1897 si
1350 1842 1471 1913 quis
1501 1841 1702 1897 intelli-
1736 1852 1788 1919 Β
1814 1848 1869 1894 et
1900 1838 2146 1909 Apostoli
2170 1848 2222 1894 et
2254 1838 2539 1911 Propheta:
2569 1882 2581 1904 ,
2610 1839 2717 1897 hoc
2746 1850 2951 1897 tantum
2981 1842 3048 1897 de
3072 1857 3139 1898 eo
3161 1843 3303 1915 quod
3333 1861 3423 1900 es-

146 1934 309 2001 gentia:
334 1944 522 1987 nostrae
549 1948 773 1989 sensum
797 1934 1056 2006 requiret,
1089 1939 1141 1990 in
1185 1935 1449 2006 Apostolo
1479 1935 1707 2007 legimus

143 2029 305 2091 ambo.
334 2028 580 2095 Quoniam
608 2031 729 2084 estis
761 2030 859 2100 filii
901 2030 1023 2097 Dei,
1074 2032 1214 2085 misit
1262 2030 1401 2085 Deus
1446 2030 1706 2101 Spiritum

146 2121 225 2183 ﬁlii
249 2123 316 2173 sui
358 2123 405 2175 iu
450 2124 607 2176 corda
646 2121 725 2195 (b)
755 2133 931 2178 nostra
983 2127 1323 2191 clamantem,
1373 2122 1517 2177 Abba
1563 2132 1709 2192 pater

146 2213 307 2281 (Halat.
334 2230 400 2281 tv,
428 2214 502 2285 6).
532 2215 600 2269 Et
620 2231 834 2270 rursum
859 2232 873 2269 :
910 2214 1089 2272 Nolite
1109 2216 1416 2270 contristare
1443 2215 1704 2285 Spiritum

142 2320 337 2361 δαιιτικιη
368 2305 482 2373 Dei,
506 2312 559 2363 in
587 2326 688 2379 quo
726 2310 914 2381 signati
949 2310 1069 2364 estis
1092 2309 1166 2380 (ε)
1200 2308 1418 2381 (Ep/tes.
1468 2324 1522 2363 tv
1543 2349 1557 2375 ,

146 2401 196 2455 Et
232 2402 406 2457 iterum
447 2419 461 2456 :
505 2401 617 2458 Nos
647 2411 818 2457 autem
864 2418 966 2458 non
999 2402 1242 2475 spiritum
1297 2401 1376 2475 (d)
1413 2401 1569 2475 hujus
1596 2398 1708 2473 Μ

199 2592 265 2663 (l)
308 2592 461 2677 Eoi-te
485 2593 691 2651 rectius
718 2594 773 2651 in
818 2605 1008 2652 nostro
1046 2594 1235 2652 codice
1264 2591 1694 2663 praetermittitur

143 2675 416 2737 prmposmo
440 2675 519 2721 iu.

140 2824 363 2902 lt'tmilitas
389 2846 419 2902 n
458 2828 630 2900 Magis
679 2830 899 2887 adorata
942 2840 1015 2886 est
1041 2873 1055 2897 ,
1088 2840 1133 2885 et
1166 2829 1392 2902 mysticis
1430 2843 1699 2883 munerum

140 2899 359 2971 “lacubus
383 2898 633 2955 honorata
656 2944 673 2968 ,
697 2920 796 2958 non
825 2902 1092 2971 adaptato.
1128 2898 1299 2957 Penes
1331 2918 1428 2956 nos
1452 2910 1534 2955 est
1566 2902 1702 2954 liber

139 2970 437 3041 t;nt-lieieitsis
492 2987 620 3028 ante
699 2989 868 3028 annos
928 2970 1032 3030 800
1095 2975 1328 3041 scriptus
1398 2983 1700 3039 postremas

142 3036 273 3093 hasce
295 3044 520 3111 syllabas
540 3054 715 3113 ptatur
742 3048 860 3101 loco
885 3047 1081 3103 abraso
1109 3036 1375 3100 exhibens
1392 3036 1411 3109 ;’
1436 3043 1537 3098 etsi
1562 3042 1702 3097 mala

142 3114 324 3165 torsitau
348 3116 468 3179 ﬁde,
503 3132 610 3170 non
646 3126 824 3173 tamen
854 3120 994 3172 male
1020 3118 1350 3187 adscriptum
1376 3125 1460 3171 est
1479 3116 1701 3181 adopta-

143 3196 240 3254 tizr:
265 3201 408 3254 quam
440 3188 731 3242 lectionem
786 3189 1002 3245 codices
1029 3188 1180 3244 Colb.
1218 3198 1270 3243 ct
1313 3187 1536 3241 (larunt.
1574 3194 1701 3241 ante

142 3252 306 3331 Felicis
346 3274 513 3312 mrum
541 3260 746 3331 exarati
772 3301 788 3326 ,
821 3260 1022 3331 aliique
1050 3276 1183 3315 sano
1230 3274 1453 3331 prorsus
1481 3268 1536 3314 et
1564 3260 1696 3312 inle-

139 3342 217 3393 gm
241 3327 343 3381 loco
371 3331 648 3385 exhibent.
694 3330 879 3401 Neque
919 3327 1196 3401 adoptatur
1234 3327 1382 3384 aliud
1427 3329 1515 3383 hic
1543 3336 1702 3401 sonat

142 3412 273 3473 quam
297 3403 599 3456 assumitur.
632 3402 714 3457 Ex
761 3399 827 3457 eo
851 3404 993 3457 enim
1024 3399 1164 3473 quod
1189 3401 1427 3456 ostendit
1465 3399 1701 3456 Hilarius

140 3469 362 3545 Christo,
419 3473 584 3527 etiam
632 3482 948 3545 postquam
998 3469 1177 3530 czn'nis
1228 3473 1702 3545 humilitatem‘as-

146 3544 356 3612 sumpsit,
387 3544 598 3599 divinos
629 3542 868 3600 honores
899 3545 1106 3600 delatos
1134 3544 1201 3599 ab
1231 3545 1435 3612 angelis
1468 3585 1481 3606 ,
1513 3558 1543 3598 a
1592 3542 1701 3611 Ma-

142 3611 224 3686 gis.
243 3613 459 3686 Spiritus
481 3618 656 3670 sancti
688 3616 1019 3682 testiumnio,
1046 3627 1177 3681 etc.,
1211 3616 1453 3686 apprime
1479 3616 1701 3686 conclu-

140 3683 201 3735 dit
222 3684 514 3755 itignitatem
541 3689 756 3741 deitatis
779 3705 884 3742 non
906 3689 1099 3749 amitti.
1126 3683 1259 3741 duin‘
1274 3683 1453 3741 carnis
1483 3685 1702 3740 humili-

141 3762 207 3805 tas
228 3758 521 3830 assumitur,
553 3773 651 3813 seu
701 3759 868 3814 Deum
902 3761 1137 3830 potentia
1168 3773 1263 3813 sua
1306 3773 1421 3830 non,
1458 3758 1697 3830 cadere,

140 3840 237 3880 cum
264 3827 412 3883 homo
440 3830 689 3884 inﬁrmus
717 3847 837 3885 esse
870 3827 1057 3896 incipit
1084 3873 1099 3896 ,
1130 3832 1246 3896 cui,
1292 3838 1351 3883 ut
1379 3829 1453 3883 ait
1478 3831 1529 3883 in
1560 3828 1698 3898 psal.

142 3912 195 3949 LV
215 3940 228 3962 .
265 3917 314 3965 η,
340 3902 400 3955 5:
432 3902 746 3955 exinanieitti
790 3919 843 3956 se
868 3918 930 3956 ea:
960 3904 1130 3973 [arma
1160 3902 1288 3955 servi
1326 3903 1560 3954 virtutem
1604 3898 1705 3953 Dei

140 3979 260 4033 atpze
284 3983 509 4026 natumut
558 3978 729 4042 forma
772 3974 969 4028 servilis
996 3991 1095 4027 non
1124 3974 1352 4026 abstulit.
1387 3973 1457 4028 At
1482 3975 1526 4027 si
1561 3986 1706 4041 prte-

142 4043 296 4096 tuleris
322 4046 584 4111 aduratur,
618 4060 724 4099 non
748 4061 817 4099 ex
852 4046 1100 4100 omnibus
1130 4045 1378 4111 snperius
1402 4044 1702 4112 assumptis

141 4114 519 4185 criticonclusio,
548 4118 642 4170 sed
679 4125 884 4171 tantum
908 4132 973 4171 ex
1000 4116 1256 4185 proximis
1284 4115 1483 4178 verbis,
1524 4113 1698 4168 Pauui

140 4184 350 4263 sordent:
381 4187 517 4242 Deus
549 4184 1020 4268 ndoratur._lt_nluo
1046 4203 1114 4243 ex
1159 4187 1258 4268 hac
1285 4187 1699 4268 as-sutttp-tione,

141 4255 180 4306 in
204 4272 292 4325 qua
323 4273 420 4313 n0n
451 4260 761 4314 continetur
794 4260 895 4313 nisi
927 4261 1091 4313 Dettm
1144 4257 1354 4313 adorari
1381 4298 1395 4325 ,
1424 4258 1567 4311 nulla
1592 4256 1701 4312 erit

141 4329 395 4399 conclusio,
424 4347 544 4398 qua:
571 4330 752 4386 carnis
783 4329 1135 4386 humilitatem
1180 4330 1393 4384 adorari
1442 4327 1705 4399 praedica-

143 4410 225 4451 ret.
251 4398 417 4472 Itaque
438 4418 546 4457 non
574 4403 645 4456 ait
682 4402 913 4456 llilarius
941 4404 1121 4457 carnis
1143 4402 1559 4472 Immilitatema
1586 4400 1697 4453 illa-

141 4474 207 4535 gis
233 4471 495 4528 adoratam
532 4515 546 4537 ,
578 4473 673 4528 sed
706 4490 771 4528 ex
805 4474 1077 4543 Magorum
1108 4473 1425 4527 adoratione
1474 4471 1703 4543 aliisque

142 4548 430 4608 argumentis
460 4546 715 4600 deitatem
764 4546 865 4599 sub
892 4545 1070 4600 carnis
1100 4545 1399 4598 humilitate
1437 4543 1700 4599 latentem

143 4610 456 4687 demonstrat.
489 4618 607 4671 Duc
630 4624 840 4685 spectat
870 4616 1011 4687 quod
1041 4616 1092 4669 in
1140 4616 1272 4687 psal.
1308 4630 1518 4679 cxxvn,
1543 4631 1695 4669 num.

145 4684 187 4743 8,
212 4689 437 4755 corporis
472 4684 783 4743 assumendi
823 4684 1156 4758 propositum
1184 4699 1342 4741 vocat
1372 4686 1701 4756 adoptionem

143 4760 339 4832 fortioris
373 4760 506 4832 quod
552 4759 835 4832 exivit-giae
887 4767 1295 4832 prtcsuntpturus
1324 4769 1481 4832 esset.
1540 4758 1609 4813 At
1655 4761 1702 4832 si

146 4826 256 4900 hinc
269 4831 488 4899 quodam
523 4831 686 4885 modo
713 4826 999 4886 excusatur
1029 4826 1209 4896 Felix;
1247 4831 1364 4899 quis
1394 4844 1550 4900 aequo
1580 4831 1705 4885 ani-

146 4913 214 4951 mo
238 4898 367 4957 ferre
396 4904 574 4957 valeat
598 4945 613 4966 ,
660 4918 781 4957 eum
826 4902 1048 4957 haeresis
1077 4917 1190 4955 sum
1219 4898 1499 4971 patronum
1554 4917 1703 4970 qua:-

275 4988 336 5028 ac
375 4976 571 5029 citasse
618 4973 913 5039 Hilarium,
946 4973 1035 5044 qui
1059 4974 1258 5043 ubique
1301 4973 1606 5043 adoptionis
1650 4973 1705 5029 in

146 5038 329 5100 Christo
364 5062 558 5100 nonum
586 5038 1048 5107 cxhorresciL'ac
1092 5038 1423 5098 nominatim
1451 5054 1561 5099 toto
1609 5044 1704 5100 lib.

148 5126 203 5177 η,
226 5128 325 5170 non
345 5118 654 5186 adoptivum
675 5119 770 5171 sed
793 5132 978 5171 verum
996 5132 1058 5171 ac
1082 5116 1353 5186 proprium
1378 5116 1542 5169 tilium
1572 5130 1700 5170 eum

146 5191 867 5259 essescerrimeapmpuguat.
920 5188 1157 5259 Denique
1207 5187 1707 5259 bunclocumimi-

150 5262 261 5314 latus
277 5259 489 5316 videtur
538 5258 857 5317 Ambrosius
889 5261 980 5314 lib.
1015 5276 1033 5315 ι
1074 5258 1153 5313 ide
1200 5258 1305 5314 [ide
1331 5274 1381 5313 c.
1412 5260 1445 5313 4
1466 5299 1480 5321 ,
1510 5258 1598 5313 ubi
1638 5273 1708 5315 ex

148 5324 383 5399 ligurum
410 5333 729 5387 adoratione
766 5372 783 5397 ,
835 5332 1137 5386 humilitate
1167 5344 1452 5395 cunarum,
1483 5330 1705 5400 angelo-

151 5403 546 5473 nuuobseqnio,
576 5417 682 5459 etc.
709 5445 724 5469 ,
752 5404 1062 5458 concludit:
1099 5400 1184 5455 Ita
1218 5417 1311 5455 nec
1340 5402 1567 5471 dignitas
1615 5418 1710 5455 ua-

151 5472 298 5529 lmlis
324 5478 609 5548 majestatis
638 5476 908 5545 amittitur,
938 5483 986 5529 et
1013 5483 1287 5546 assumpta:
1323 5474 1496 5528 carnis
1525 5474 1713 5528 ueritas

151 5549 492 5617 uagabatur.

172 5704 185 5717 θ
205 5636 271 5711 (ι)
293 5638 432 5725 ﬁniti
455 5656 525 5725 ei
552 5640 1034 5725 unicqmsngolb.
1064 5640 1262 5725 nullius
1285 5640 1397 5725 fere
1422 5639 1715 5725 auctorita-

378 5713 447 5799 s?
476 5712 666 5799 ιῖαιῖει
696 5713 824 5799 MSS:
854 5713 1040 5799 εονδκι
1072 5712 1182 5799 dus
1207 5709 1716 5799 munitet.

378 5782 906 5868 Vitql.,_Silv.,_etc._,
940 5774 1085 5868 quia
1116 5783 1293 5868 [ζωινε.
1316 5774 1717 5868 Malletnus'qui

157 5863 245 5919 9η
265 5842 434 5916 Patre.
462 5842 576 5915 Sed
597 5862 668 5914 ex
691 5842 1000 5916 veterrimis
1016 5856 1256 5916 omnium
1279 5853 1557 5915 codicibus
1586 5842 1711 5911 Vat.

1813 1940 1897 1987 set
1926 1930 2243 2001 loquentes;
2274 1940 2328 1987 et
2355 1942 2481 2003 post
2510 1933 2629 1989 hmo
2661 1933 2820 1990 Pater
2854 1944 2908 1990 et
2931 1934 3100 1991 Filius
3130 1932 3195 2009 (i)
3234 1936 3425 2007 displi-

1814 2036 1875 2079 CC
1885 2025 1979 2079 bit.

1884 2114 1974 2172 50.
2005 2115 2071 2171 Et
2103 2115 2259 2173 Pater
2284 2127 2331 2172 et
2362 2113 2535 2173 Filius
2561 2128 2634 2174 est
2671 2127 2877 2174 sanctus
2914 2118 3165 2193 Spiritus.
3198 2151 3270 2165 —
3308 2121 3423 2178 Ma-

1814 2224 1945 2265 nere
1971 2221 2147 2265 autem
2180 2209 2309 2265 hinc
2336 2210 2598 2281 quosdam
2644 2211 2698 2267 in
2727 2212 3028 2284 ignorantia
3053 2225 3215 2287 atque
3238 2217 3419 2273 ambi-

1814 2304 2021 2374 guitate
2070 2304 2351 2370 existimo,
2385 2304 2530 2376 quod
2586 2304 2691 2361 hoc
2729 2307 2966 2374 tertium,
3001 2308 3051 2363 id
3111 2319 3223 2379 est,
3278 2311 3423 2381 quod

1817 2396 1884 2467 (j)
1934 2395 2240 2452 nominatur
2268 2395 2501 2467 Spiritus
2522 2408 2769 2467 sanctus,
2802 2400 3022 2483 videant
3044 2416 3140 2472 pro
3168 2402 3331 2460 Patre
3365 2411 3423 2461 et

1876 2582 1958 2730 ΣΞ)
1991 2584 2094 2652 Qui
2119 2603 2151 2640 a
2174 2583 2368 2643 Patre:
2398 2602 2506 2644 non
2535 2588 2697 2646 male.

1908 2660 1966 2729 5)
1990 2658 2052 2714 Si
2081 2658 2313 2730 quidem.

1908 2660 1966 2729 5)
1990 2658 2052 2714 Si
2081 2658 2313 2730 quidem.

1811 2820 1951 2895 bas.,
1992 2817 2149 2876 Colb.
2180 2830 2235 2877 et
2275 2822 2461 2891 Carn.,
2494 2838 2524 2878 a
2551 2823 2748 2895 quibus
2767 2823 3035 2882 dissidere
3062 2830 3415 2887 consentien-

1747 2898 1765 2916 ’
1810 2893 1953 2946 tibus
1985 2909 2089 2946 non
2114 2902 2197 2947 est
2222 2903 2392 2949 tutum
2415 2937 2429 2961 ,
2458 2893 2665 2949 necnon
2701 2912 2765 2951 ex
2801 2899 2988 2953 Germ.
3024 2914 3132 2954 uno
3177 2901 3416 2957 Sorbon.

1809 2961 1915 3016 alio
1937 2962 2092 3037 Coll).
2126 2967 2461 3021 restiluimus
2483 2969 2570 3037 qui
2607 2964 2782 3032 Patre,
2812 2970 2861 3022 id
2892 2980 3005 3037 est,
3039 2970 3083 3025 si
3113 2982 3295 3027 nostra
3319 2990 3422 3029 nos

1809 3050 1919 3109 non
1952 3036 2087 3089 fallit
2117 3038 2324 3108 opinio,
2355 3039 2444 3109 qui
2472 3036 2594 3093 cum
2623 3038 2836 3093 Patrem
2865 3054 2918 3096 et
2942 3036 3140 3096 Filium
3175 3054 3427 3101 auctores

1812 3106 2030 3175 habeat,
2060 3106 2405 3183 conﬁtendus
2434 3117 2542 3165 est.
2571 3110 2734 3183 Certe
2763 3110 2959 3168 Filium
2984 3112 3224 3183 Spiritus
3250 3118 3428 3171 sancti

1809 3189 2088 3233 auctorem
2117 3182 2297 3235 vocari
2338 3180 2448 3249 jam
2482 3182 2785 3237 audivimus
2816 3200 2963 3239 num.
3001 3180 3042 3239 4‘
3087 3195 3142 3240 et
3182 3186 3321 3241 infra
3368 3195 3431 3243 ut

1729 3240 1776 3304 C
1810 3249 2150 3325 per‘Patrem
2182 3252 2253 3305 ita
2286 3240 2357 3325 et'
2373 3268 2466 3321 per
2494 3252 2689 3307 Filium
2718 3270 2838 3311 esse
2870 3256 3132 3325 Spiritum
3172 3240 3423 3315 sanctum

1810 3321 2121 3394 declaratur
2142 3363 2157 3388 ,
2200 3324 2342 3394 quod
2393 3325 2552 3394 paulo
2602 3336 2721 3394 post
2752 3337 2877 3382 nota
2910 3321 2944 3380 h
2974 3329 3350 3387 ostendemus.

1884 3391 1958 3465 (b)
1994 3393 2132 3447 Editi
2154 3434 2169 3458 ,
2199 3391 2408 3461 uestra}
2439 3391 2797 3453 renitentibus
2827 3414 2958 3453 mss.

1884 3464 1957 3536 (ε)
1985 3465 2338 3541 subiungitur
2388 3469 2439 3521 in
2476 3484 2607 3523 mss.
2645 3467 2761 3524 Vat.
2815 3469 2929 3526 bas.
2979 3478 3034 3525 et
3071 3470 3293 3529 Carnut.
3318 3513 3334 3541 ,
3368 3474 3423 3530 iu

1809 3534 1945 3590 diem
1975 3538 2358 3604 redemptionis.

1885 3606 1963 3679 ((1)
1994 3608 2299 3682 Pronptnen
2320 3610 2475 3682 hujus
2496 3609 2582 3664 hic
2604 3620 2657 3665 et
2684 3609 2844 3679 infra,
2879 3628 2931 3665 n.
2967 3613 3063 3681 55,
3092 3615 3248 3672 abest
3271 3633 3301 3672 a
3334 3633 3425 3675 ve-

1812 3686 1956 3756 tusto
1984 3678 2273 3756 ms._Colb.
2300 3691 2350 3736 et
2378 3678 2635 3756 German.
2663 3678 2876 3756 {attente
2905 3678 3086 3756 grteco
3119 3697 3290 3744 textu.

1886 3750 2149 3831 (elnCen-b.
2176 3768 2278 3831 ms.
2306 3767 2432 3831 cum
2460 3755 2673 3809 duobus
2719 3750 2932 3827 lletnig:
2973 3768 3027 3813 et
3054 3758 3176 3814 aliis
3195 3802 3209 3826 ,
3239 3762 3284 3815 si
3310 3763 3427 3831 qui-

1814 3821 1928 3875 dem
1962 3821 2189 3893 Spiritus
2219 3822 2337 3877 Dei.

1885 3892 1952 3964 (f)
2001 3892 2085 3970 ita
2149 3894 2586 3970 juxtaggrtecum
2664 3914 2795 3954 tnss.
2852 3900 3144 3970 meliores,
3207 3903 3298 3958 ubi
3372 3904 3427 3961 in

1813 3967 2065 4046 vulgatis,
2089 3968 2463 4047 quinsuscitavit
2487 3970 2688 4047 (esum.
2720 3971 2929 4047 illuxit:
2957 3989 3062 4047 uno
3103 3967 3205 4029 ms.
3240 3975 3423 4047 Colb.,

1811 4048 2033 4113 propter:
2047 4037 2413 4113 inhabitantem
2442 4041 2680 4110 spiritum
2707 4044 2820 4113 ejus
2852 4045 2903 4097 iu
2929 4045 3089 4099 vobis.

1885 4109 1967 4179 (θ)
2004 4109 2133 4185 Sola
2171 4111 2336 4185 editio
2382 4109 2505 4168 Par.
2535 4154 2549 4178 ,
2581 4115 2655 4166 sic
2686 4109 2971 4185 responsio.
3028 4116 3227 4173 Deinde
3245 4117 3424 4176 dicen-

1810 4179 1936 4232 tium
1968 4182 2195 4236 rel'ertur
2223 4182 2288 4236 ad
2321 4194 2516 4247 nostra,
2546 4185 2688 4255 quod
2719 4179 2893 4241 instar
2913 4197 2994 4242 est
3032 4199 3288 4246 nostrum.

1884 4271 1963 4353 (It)
1990 4273 2151 4353 Editi,
2179 4275 2240 4353 in
2260 4293 2383 4353 quo.
2411 4275 2602 4353 Melius
2626 4292 2757 4335 mss.
2784 4295 2848 4334 ea:
2866 4296 2967 4353 quo
2998 4282 3205 4353 omnia:
3234 4284 3431 4353 quibus

1811 4346 1995 4424 verbis
2017 4345 2668 4424 iliiarius‘Filium,sicut
2693 4357 2748 4405 et
2766 4345 3140 4424 superioribus
3167 4345 3430 4424 perquem

1810 4418 1989 4494 onmitt
2017 4416 2228 4494 Patrem
2254 4420 2399 4494 solet
2443 4418 2705 4477 indicare.
2760 4416 2852 4479 sui
2882 4437 3046 4494 supra
3075 4442 3127 4480 ιι.
3167 4416 3245 4480 ’12
3280 4416 3429 4483 Unus

1811 4498 1885 4566 est
1910 4487 2044 4566 enim
2074 4486 2214 4566 Deus
2244 4488 2401 4546 Pater
2431 4508 2494 4548 ea:
2522 4509 2622 4564 quo
2649 4494 2856 4559 omnia,
2888 4486 3092 4550 “unus
3120 4494 3429 4566 Unigenitus

1808 4556 1882 4612 Β.
1915 4557 1986 4612 Ν.
2013 4558 2070 4615 J.
2105 4559 2163 4614 (Ι.
2191 4579 2446 4640 perquem
2485 4556 2697 4633 omnia;
2732 4574 2788 4620 et
2809 4556 2971 4637 paulo
2994 4578 3114 4637 post
3146 4586 3160 4622 :
3192 4556 3310 4624 Una
3338 4588 3434 4640 po-

1728 4643 1782 4704 p
1810 4641 1968 4710 gestas
1996 4649 2083 4710 per
2105 4638 2476 4710 quam_omnia
2500 4676 2516 4704 ,
2550 4653 2653 4691 uua
2693 4640 2959 4709 progenies
2985 4655 3050 4693 ea:
3085 4656 3189 4710 qua
3233 4638 3427 4694 omnia.

1812 4703 1873 4757 In
1900 4703 2209 4777 ltisigitur,
2257 4704 2361 4763 Per
2383 4724 2536 4776 quem
2564 4703 2735 4763 omnia
2785 4703 2835 4764 Et
2858 4726 2922 4765 ea:
2958 4726 3060 4774 quo
3097 4703 3301 4777 omina,
3342 4727 3430 4768 re-

1815 4776 2038 4853 spoqsio
2056 4775 2295 4853 habetur
2325 4775 2722 4853 ad’iustitutam
2770 4782 3121 4853 quaestionem
3151 4798 3242 4853 per
3278 4775 3429 4853 quem

1816 4850 1882 4900 sit
1929 4847 2162 4922 Spiritus
2182 4860 2422 4915 sanctus,
2481 4852 2632 4922 quasi
2662 4847 2868 4907 diceret
2897 4870 2911 4906 :
2948 4851 3052 4906 Per
3078 4847 3192 4906 cuiu
3224 4847 3300 4907 esi
3338 4871 3430 4916 per

1815 4935 1969 4995 quem
1999 4920 2205 4995 quinia,
2239 4923 2371 4975 sicut
2400 4931 2448 4976 et
2470 4920 2562 4995 per
2586 4939 2702 4976 eum
2731 4938 2914 4993 exquo
2940 4923 3133 4995 omnia.
3158 4922 3243 4995 illa
3272 4933 3327 4979 et
3354 4927 3424 4980 ad

1820 4991 1954 5064 duas
1972 4992 2104 5064 alios
2130 4996 2457 5062 quaestiones
2471 4991 2875 5064 'subsequeutes
2909 5012 2922 5047 :
2957 4993 3019 5047 ob
3039 4994 3166 5064 quid
3208 4997 3274 5049 sit
3302 5038 3316 5060 ,
3346 4999 3426 5053 uel

1819 5063 1993 5131 qualis
2016 5063 2102 5126 sit,
2127 5064 2306 5118 sobrie
2327 5063 2708 5133 respondetur,
2743 5063 2976 5132 Spiritus
2997 5075 3069 5119 est
3094 5063 3213 5131 Dei,
3235 5068 3429 5124 donum

1824 5134 2086 5212 ﬁdelium;
2117 5134 2335 5212 nequid
2364 5146 2658 5202 asseratur,
2682 5134 2826 5206 quod
2864 5152 2893 5190 a
2923 5136 3204 5207 prophetis
3225 5149 3431 5212 etopu-

1817 5204 1975 5276 stolis
1995 5220 2104 5276 non
2128 5206 2200 5259 sit
2228 5214 2531 5276 acceptum.

1923 5276 1959 5344 ἱ)
1982 5273 2201 5348 Carnut.
2215 5346 2220 5348 _
2236 5273 2373 5343 ms.,'
2394 5277 2761 5348 displicebant.

1920 5349 1977 5422 ᾔ)⁸
1997 5347 2120 5402 Sula
2161 5346 2329 5403 editio
2357 5346 2847 5422 Par._domiuatur:
2877 5350 3028 5422 lapsu
3063 5353 3429 5414 librariorum.

1820 5417 1980 5487 Apud
2002 5434 2138 5497 quos
2156 5429 2335 5497 autem
2373 5436 2472 5497 pro
2494 5420 2651 5476 Patre
2693 5431 2748 5476 et
2798 5417 2945 5478 Filio'
2975 5425 3212 5497 Spiritus
3255 5431 3435 5486 sancti

1825 5507 2020 5563 tioinen
2053 5489 2276 5561 intelligi
2308 5492 2500 5555 soleat,
2525 5508 2988 5563 supervacaneum
3018 5489 3105 5553 est
3143 5512 3430 5558 annotare.

1824 5560 1916 5617 Sic
1945 5562 2090 5641 enim
2133 5560 2442 5641 promiscue
2488 5560 2607 5620 hoc
2634 5566 2953 5641 Vo_eabu|um
2993 5580 3256 5641 usurpant
3292 5573 3431 5631 Her-

1827 5649 1967 5711 mas,
2007 5632 2288 5711 Justinus,
2344 5635 2613 5704 Irenzeus,
2637 5636 2968 5711 _'_l‘atianus,
3019 5632 3389 5702 Terinlliauus
3415 5686 3431 5711 ,

1828 5707 2139 5791 Lactantius
2165 5750 2197 5791 λ
2244 5709 2582 5791 βχρτίερῃιξε,
2636 5709 2966 5767 Pboabadius
2993 5755 3008 5779 ,
3041 5707 3427 5791 ﬁpiplianius,

1823 5778 1968 5848 apud
1994 5793 2131 5849 quos
2157 5778 2384 5859 Spiritus
2409 5780 2643 5859 divinam
2700 5792 2945 5844 naturam
2986 5778 3435 5859 tribus'persouis

1824 5864 2173 5908 communem
2205 5852 2404 5925 passim
2440 5853 2729 5926 signiﬁcat.
