3960 6202
560 296 623 355 7i
1266 294 1272 302 ’
1802 292 2047 353 SANCTI
2088 290 2343 349 lllLARIl
2381 291 2686 350 EPISCOPI
3799 289 3863 352 ’Β

560 417 634 471 lio
670 414 977 485 frequenter
1022 412 1264 484 intelligi.
1317 412 1373 467 ln
1396 424 1504 480 quo
1564 410 1693 467 nihil
1750 410 1983 479 scrupuli
2032 420 2153 465 est:
2187 409 2445 486 Amabat
2486 425 2500 463 :
2557 406 2700 479 quod
2754 407 2994 464 Samaria
3044 404 3113 461 ad
3177 392 3513 460 adorandum
3548 404 3713 460 Deum
3774 419 3862 471 per

569 508 684 563 sive
713 509 856 561 enim
885 506 1064 571 Pater,
1098 504 1210 559 sive
1242 503 1429 570 Filius,
1470 502 1551 577 (Ι)
1600 502 1678 574 (a)
1728 512 1782 558 et
1827 503 2059 573 Spiritus
2110 513 2164 558 et

568 613 787 658 saueius
815 609 916 656 CSl.

639 693 746 766 5,5
797 695 887 749 5|.
936 692 1051 760 Qua
1080 691 1276 746 ratione
1295 691 1486 745 dictum
1512 690 1597 754 sit,
1642 687 1782 742 Deus
1813 689 2042 758 Spiritus
2069 697 2162 742 est.

569 788 731 843 Error
751 787 1097 843 Samaritana:
1118 785 1284 842 Deum
1301 785 1490 853 templo
1512 784 1588 838 vel
1611 792 1775 837 monte
1787 783 2168 836 claudentis.—

563 881 669 937 Sed
700 880 751 935 id
783 879 926 952 quod
954 880 1005 933 in
1038 877 1344 950 Evangeliis
1381 879 1605 949 legitur,
1633 876 1767 944 Quia
1799 874 1935 929 Deus
1956 874 2168 944 spiritus

561 986 635 1031 est
651 973 829 1044 (Joau.
853 990 929 1042 tv,
958 974 1076 1043 ‘24),
1102 973 1385 1043 diligenter
1411 982 1493 1028 est
1515 971 1877 1026 contuendum
1898 966 2168 1039 quomodo

566 1078 620 1124 et
650 1083 755 1139 qua
795 1067 1008 1123 ratione
1055 1066 1126 1121 sit
1178 1064 1406 1120 dictum.
1462 1063 1635 1118 Omne
1687 1063 1831 1119 enim
1881 1062 2081 1117 dictum
2112 1070 2170 1116 ut

561 1160 773 1216 dicatur
823 1176 894 1216 ex
922 1174 1081 1216 causa
1114 1168 1232 1224 est,
1284 1168 1341 1213 et
1378 1157 1509 1213 dicti
1542 1156 1679 1212 ratio
1725 1172 1794 1210 ex
1850 1170 2013 1210 seuin
2063 1154 2169 1209 erit

564 1251 916 1324 intelligenda
946 1251 1027 1322 (b)
1058 1250 1271 1307 dicendi
1293 1267 1307 1314 ;
1333 1265 1400 1304 ne
1424 1250 1545 1319 quia
1576 1262 1898 1318 reSpousum
1926 1262 1956 1300 a
1986 1246 2170 1302 Domi-

567 1363 635 1400 no
666 1357 768 1410 est,
817 1346 1045 1417 Spiritus
1077 1344 1214 1399 Deus
1240 1353 1344 1405 est,
1377 1342 1578 1397 idcirco
1606 1356 1727 1395 cum
1785 1341 1957 1395 sancti
1993 1338 2166 1408 Spiri-

564 1449 649 1495 tus
680 1439 897 1494 nomine
918 1446 973 1493 et
1001 1452 1129 1492 usus
1162 1445 1387 1507 negetur
1408 1442 1464 1491 et
1492 1435 1715 1489 donum.
1748 1430 1883 1487 Cum
1929 1430 2170 1487 Samari-

566 1543 687 1588 tana
743 1533 970 1587 Domino
1024 1540 1143 1586 erat
1171 1545 1351 1585 sermo
1392 1546 1405 1583 :
1442 1537 1665 1585 venerat
1689 1527 1833 1582 enim
1866 1525 2167 1594 redemptio

571 1626 973 1681 universorum.
1021 1624 1118 1679 Cui
1164 1633 1282 1692 post
1313 1622 1541 1676 multum
1581 1635 1884 1675 sermonem
1912 1619 1984 1689 (c)
2014 1632 2167 1685 aqua:

571 1718 730 1784 vivae,
778 1727 833 1773 et
875 1717 1111 1787 quinque
1149 1717 1425 1773 virorum.
1480 1724 1534 1769 et
1564 1728 1708 1769 nunc
1761 1715 1880 1782 ejus
1910 1714 1998 1783 qui
2023 1716 2169 1765 esset

2271 502 2754 573 transgressionem
2788 501 2921 569 legis
2948 501 3123 555 locum
3153 498 3356 552 montis
3383 498 3659 568 elegerat,
3687 495 3862 551 Judaei

2267 612 2398 651 vero
2428 597 2683 666 templum
2710 610 2741 649 a
2774 594 3067 651 Salomone
3084 592 3360 647 conditum
3386 591 3661 660 religionis
3681 588 3860 644 sedem

2267 688 2681 743 existimabant:
2714 702 2946 757 quorum
2974 695 3329 756 utrorumque
3359 683 3707 755 prtesumptio
3734 722 3751 748 ,
3780 693 3863 735 aut

2268 780 2425 835 collis
2469 779 2635 847 edito,
2666 787 2758 834 aut
2800 788 3096 835 exstructa:
3144 777 3339 833 domus
3391 790 3666 840 concavo,
3701 775 3859 830 Deum

2268 872 2407 928 intra
2439 889 2600 943 quem
2656 873 2835 928 omnia
2893 880 2947 925 ct
2993 880 3141 927 extra
3178 884 3338 941 quem
3373 868 3507 923 nihil
3555 868 3669 939 ejus
3698 883 3858 939 Capax

2270 974 2383 1028 est,
2423 964 2754 1018 continebat.
2800 962 2943 1032 Ergo
2970 962 3092 1030 quia
3128 962 3267 1017 Deus
3315 958 3626 1027 invisibilis,
3662 959 3860 1014 incom-

2271 1055 2670 1128 prehensibilis,
2693 1056 2988 1111 iuuncnsus
3008 1052 3118 1126 46
3138 1060 3240 1120 est;
3271 1054 3347 1107 ait
3367 1050 3625 1106 Dominus
3656 1053 3860 1107 venisse

2271 1157 2505 1220 tempus,
2524 1158 2581 1203 ut
2609 1166 2713 1203 non
2748 1150 2800 1203 in
2834 1158 3018 1203 monte
3040 1149 3118 1203 vel
3143 1147 3344 1217 templo
3374 1147 3514 1201 Deus
3537 1147 3609 1200 sit
3635 1145 3859 1199 adorau-

2271 1242 2406 1299 dus:
2441 1243 2562 1313 quia
2586 1243 2798 1313 spiritus
2829 1240 2968 1295 Deus
3006 1251 3079 1295 est
3101 1283 3115 1307 ,
3167 1251 3219 1293 et
3243 1240 3463 1309 Spiritus
3503 1254 3603 1292 nec
3639 1237 3860 1292 cireum-

2271 1337 2549 1403 scribitur,
2581 1350 2681 1392 nec
2705 1342 2948 1401 tenetur,
2979 1333 3060 1406 (cl)
3086 1334 3172 1403 qui
3207 1347 3303 1401 per
3331 1340 3534 1386 natura:
3560 1345 3669 1385 sua:
3701 1331 3861 1383 virtu-

2272 1438 2378 1485 tem
2409 1431 2607 1500 ubique
2651 1438 2766 1497 est,
2816 1443 2991 1498 neque
3024 1442 3248 1496 usquam
3296 1425 3483 1488 abest,
3519 1423 3570 1478 in
3621 1424 3860 1477 omnibus

2271 1526 2451 1581 omnis
2495 1525 2839 1579 exuberans:
2886 1523 2983 1579 bos
3010 1521 3171 1592 igitur
3201 1535 3358 1575 veros
3383 1534 3503 1574 esse
3532 1518 3859 1581 aduratur-es,

2270 1620 2362 1690 qui
2395 1620 2446 1673 in
2492 1620 2694 1689 Spiritu
2718 1628 2772 1673 et
2800 1616 3027 1671 veritate
3057 1617 3167 1670 sint
3207 1613 3507 1669 adoraturi.
3553 1611 3861 1667 Adoraturis

2271 1725 2451 1771 autem
2484 1714 2538 1769 in
2572 1714 2777 1784 Spiritu
2809 1713 2977 1767 Deum
3002 1711 3263 1780 Spiritum
3289 1750 3303 1773 ,
3330 1708 3401 1780 (ε)
3427 1707 3564 1761 alter
3593 1707 3642 1760 in
3669 1706 3859 1768 cilicio,

568 1810 1101 1882 alienus(1bid.,‘20),
1127 1808 1318 1863 mulier
1338 1807 1643 1878 respondit:
1670 1805 1908 1873 Domine,
1927 1803 2166 1859 animad-
2196 1827 2247 1888 Β
2273 1808 2409 1863 alter
2439 1807 2491 1861 in
2524 1806 2728 1862 honore
2759 1816 2835 1861 ρει
2862 1823 2875 1871 ;
2907 1803 3031 1874 quia
3076 1802 3370 1857 discretum
3398 1809 3482 1855 est
3505 1800 3558 1853 in
3595 1815 3698 1867 quo
3727 1797 3862 1867 quis-

571 1914 709 1960 verto
739 1905 874 1975 quod
920 1900 1172 1975 praplteta
1217 1917 1289 1956 es.
1319 1900 1499 1955 Patres
1554 1899 1717 1971 nostri
1762 1899 1816 1951 in
1868 1906 2037 1951 monte
2073 1897 2171 1949 Itoc

570 1997 913 2051 adoraverunt
930 2012 949 2061 ;
977 2004 1022 2049 et
1053 2010 1139 2048 vos
1168 1993 1337 2047 dicitis
1361 1992 1605 2064 quoniam
1645 1991 1696 2044 in
1727 1988 2070 2059 Jerosolymis
2096 1995 2172 2041 est

571 2089 714 2144 locus
737 2087 820 2142 ubi
847 2086 1068 2141 adorare
1099 2093 1318 2157 oportet.
1356 2084 1616 2140 Dominus
1659 2081 1938 2151 respondit
1968 2099 1981 2136 :
2008 2078 2173 2136 Crede

578 2180 726 2249 mihi,
750 2181 955 2248 mulier,
982 2181 1226 2252 quoniam
1253 2180 1384 2234 venit
1409 2179 1558 2245 liora,
1591 2177 1796 2245 quando
1823 2190 1984 2245 neque
2001 2174 2056 2228 in
2073 2173 2173 2228 isto

575 2285 765 2342 monte,
796 2290 957 2344 neque
981 2273 1034 2326 in
1059 2271 1401 2343 Jerosolymis
1449 2269 1728 2324 adorabitis
1786 2266 2012 2321 Patrem.
2066 2265 2172 2319 Vos

571 2367 800 2421 adoratis
846 2366 983 2436 quod
1035 2366 1262 2429 nescitis,
1319 2381 1410 2419 nos
1450 2363 1728 2417 adoramus
1777 2360 1917 2432 quod
1941 2360 2170 2425 scimus,

572 2462 816 2533 quoniam
843 2460 988 2516 salus
1026 2476 1090 2514 ex
1126 2457 1330 2513 ludatis
1368 2467 1462 2512 est.
1496 2458 1601 2514 Sed
1626 2456 1760 2510 venit
1782 2454 1931 2521 liora,
1962 2463 2011 2506 et
2037 2468 2175 2507 nunc

567 2566 671 2622 est,
699 2572 813 2609 cum
842 2555 944 2610 veri
980 2555 1285 2608 adoratores
1338 2551 1628 2606 adorabunt
1658 2549 1868 2604 Patrem
1890 2549 1944 2602 in
1970 2546 2177 2614 Spiritu

570 2658 620 2703 et
646 2649 897 2703 ueritate:
923 2648 1106 2703 etenim
1144 2646 1298 2701 Pater
1328 2646 1453 2700 tales
1479 2645 1663 2715 qua’ril
1687 2646 1775 2715 qui
1792 2645 2010 2698 adorent
2037 2657 2172 2695 eum.

578 2740 807 2813 Spiritus
851 2740 986 2795 enint
1010 2738 1151 2795 Deus
1175 2750 1251 2793 est
1276 2782 1291 2806 ,
1322 2748 1369 2793 et
1394 2738 1671 2793 adorantes
1701 2753 1852 2802 eum,
1882 2737 1937 2789 in
1969 2735 2174 2803 Spiritu

572 2845 620 2889 et
640 2835 847 2889 ueritate
865 2843 1063 2906 oportet
1079 2832 1297 2887 adorare
1315 2873 1330 2896 ,
1353 2833 1473 2903 quia
1490 2831 1631 2886 Deus
1652 2832 1860 2901 spiritus
1884 2839 1956 2884 est
1982 2828 2032 2901 (1
2040 2829 2173 2895 bid.,

573 2928 641 2983 ‘21
674 2938 720 2984 et
750 2928 940 3002 seqq).
973 2928 1164 2984 Mulier
1194 2927 1354 2997 igitur
1401 2926 1745 2981 traditionem
1772 2940 1980 2980 memor
2001 2932 2179 2993 pater-

577 3037 805 3086 narum,
858 3023 944 3078 vel
997 3033 1267 3091 tamquam
1299 3018 1540 3076 Samaria
1593 3019 1644 3073 in
1675 3030 1887 3085 monte,
1922 3018 2008 3074 vel
2043 3027 2179 3073 tam-

578 3132 739 3188 quam
771 3116 1073 3172 Jerusalem
1103 3115 1155 3169 iu
1181 3114 1380 3185 templo
1418 3113 1750 3170 adorandum
1782 3114 1949 3170 Deum
1995 3114 2178 3171 exiSti-

654 3254 733 3329 (l)
767 3252 833 3307 Et
860 3251 1091 3324 Spiritus
1118 3260 1322 3306 sanctus
1349 3258 1441 3305 est.

2270 1918 2376 1973 que
2402 1902 2820 1957 sitadoraudus.
2853 1899 2969 1954 Non
2998 1898 3143 1954 enim
3177 1896 3319 1952 tollit
3346 1895 3515 1949 sancti
3543 1892 3773 1962 Spiritus
3817 1898 3864 1945 et

2276 2013 2475 2053 nomen
2507 2006 2559 2050 ct
2583 1996 2812 2061 donum,
2842 1995 2965 2065 quia
2991 1993 3193 2048 dietum
3219 2002 3304 2047 est
3323 2031 3337 2054 ,
3367 1989 3503 2044 Deus
3532 1988 3761 2059 Spiritus
3778 1995 3860 2042 est.

2276 2090 2615 2162 Responsum
2640 2097 2820 2144 autem
2846 2098 2926 2142 cst
2951 2086 3161 2141 mulieri
3192 2084 3357 2139 Deum
3391 2081 3593 2150 templo
3615 2089 3666 2134 et
3694 2088 3863 2133 monte

2273 2187 2568 2254 elaudenti,
2596 2200 2716 2241 esse
2748 2183 2928 2238 omnia
2952 2182 3004 2236 in
3032 2183 3138 2237 Deo
3159 2220 3174 2246 ,
3204 2179 3368 2234 Deum
3399 2179 3449 2230 iu
3472 2174 3789 2243 semetipso,
3819 2180 3865 2225 ct

2281 2279 2603 2333 invisibilem
2658 2287 2820 2345 atque
2870 2270 3469 2339 incomprelieusibilcm
3530 2269 3582 2322 in
3640 2267 3702 2321 iis
3759 2280 3865 2335 qua.-

2282 2371 2570 2427 invisibilia
2613 2380 2668 2425 et
2718 2364 3289 2437 incomprehensibilia
3346 2369 3474 2418 sunt
3523 2358 3863 2414 adorandum.

2280 2466 2457 2533 Atque
2481 2464 2552 2517 ita
2584 2470 2771 2515 natura
2799 2467 2856 2513 et
2881 2458 3119 2512 muneris
3147 2467 3203 2511 et
3232 2455 3454 2508 honoris
3485 2452 3555 2523 (Γ)
3587 2450 3865 2522 significata

2283 2565 2395 2620 est,
2426 2571 2548 2612 cum
2580 2555 2631 2609 iu
2673 2554 2877 2623 Spiritu
2935 2552 3101 2613 Deum
3151 2548 3414 2620 Spiritum
3440 2546 3625 2601 docuit
3648 2543 3863 2599 adoran-

2285 2649 2410 2703 dum
2431 2692 2445 2716 ,
2479 2657 2533 2702 et
2562 2647 2865 2702 libertatem
2890 2660 2951 2700 ac
2973 2644 3256 2700 scientiam
3279 2640 3643 2704 adorantium,
3664 2650 3722 2693 et
3752 2640 3868 2692 ado-

2279 2743 2433 2799 randi
2467 2741 2545 2815 (g)
2595 2742 2938 2806 inlinitatem,
2977 2738 3103 2793 dum
3153 2737 3205 2792 in
3238 2735 3442 2806 Spiritu
3478 2734 3618 2790 Deus
3648 2732 3868 2802 Spiritus

2278 2838 2570 2905 adoratur,
2603 2838 2687 2908 (It)
2715 2837 3030 2893 ostendens.

2353 2932 2442 2987 52.
2462 2930 2647 2987 Simile
2672 2931 2793 2985 huic
2814 2930 2979 2985 etiam
3001 2928 3128 2983 illud
3145 2926 3387 2999 Apostoli
3411 2933 3491 2981 est
3514 2944 3526 2980 :
3551 2924 3683 2992 Quia
3706 2919 3870 2975 Domi-

2283 3043 2380 3080 nus
2409 3025 2638 3096 Spiritus
2666 3037 2760 3090 est,
2791 3024 2874 3079 ubi
2918 3035 3089 3078 autem
3142 3023 3368 3094 Spiritus
3414 3019 3623 3075 Domini
3678 3028 3775 3085 est,
3812 3013 3876 3068 ibi

2283 3117 2491 3173 libertus
2513 3127 2585 3173 est
2614 3116 2681 3192 (ll
2711 3116 2831 3173 Cor.
2860 3133 2940 3184 ut,
2974 3116 3088 3187 l7).
3128 3113 3397 3171 Discrevit
3419 3114 3485 3168 ad
3515 3109 3867 3182 intelligentiae

654 3368 733 3443 (α)
765 3367 951 3443 “me?
997 3382 1131 3420 ωδε·
1178 3379 1299 3420 cum
1327 3365 1587 3443 νιιιεαεὲε,
1618 3376 1680 3443 εξ,
1720 3364 1947 3443 ξρὶτὶικε
1964 3376 2178 3443 fandi“
2204 3369 2249 3433 C
2282 3370 2337 3443 in
2358 3389 2415 3427 eo
2445 3372 2647 3443 quidem
2696 3373 2917 3428 maxime
2962 3389 3062 3425 non
3094 3379 3422 3443 comparatur
3461 3386 3554 3443 nec
3596 3378 3870 3443 corripiatur

581 3437 674 3497 est;
710 3439 1053 3496 Pratferimus
1097 3453 1219 3492 cum
1266 3454 1372 3491 uno
1402 3437 1589 3492 codice
1640 3437 1835 3500 V'atic..
1885 3450 1930 3493 et
1954 3439 2181 3500 Spiritus

581 3524 629 3569 et
649 3526 857 3569 sanctus
878 3521 984 3576 est,
1017 3509 1118 3564 nisi
1151 3508 1306 3563 malis
1326 3524 1447 3563 eum
1478 3520 1663 3565 vetere
1692 3509 1845 3565 Colb.
1871 3525 1935 3565 ac
1964 3508 2177 3566 Germ.:

580 3586 684 3640 sive
714 3584 885 3638 Filius
911 3592 985 3637 est
1012 3590 1219 3636 sanctus
1250 3580 1500 3648 Spiritus.

651 3654 727 3728 (b)
773 3656 933 3728 Etliti,
968 3653 1204 3706 dicentis.
1239 3650 1547 3728 Legendum
1580 3667 1701 3728 esse
1738 3652 1950 3728 dicendi
1971 3653 2181 3728 passive

587 3723 987 3797 ωὴιτροιιοτυιμ
1020 3739 1152 3797 mea.
1183 3723 1496 3797 auctoritas,
1538 3731 1646 3797 tum
1681 3723 1795 3779 hree
1823 3724 2051 3797 suadent
2083 3725 2175 3779 lib.

586 3813 663 3863 tv,
698 3794 754 3851 ti.
794 3797 894 3851 με
939 3794 1288 3863 Intelligentia
1335 3795 1469 3847 enim
1519 3795 1773 3848 dictorum
1823 3812 1887 3850 ea:
1915 3796 2082 3851 causis
2110 3806 2184 3851 est

582 3867 891 3924 assumenda
919 3864 1163 3921 dicendi:
1194 3866 1312 3935 quia
1344 3882 1443 3919 non
1472 3867 1691 3921 sermoni
1732 3884 1830 3933 res,
1863 3868 1952 3921 sed
1990 3868 2063 3921 rei
2105 3880 2182 3923 est

583 3957 746 4012 sermo
773 3941 1047 4012 subjectus.

660 4010 732 4083 (c)
780 4009 834 4083 lu
858 4007 1024 4083 'mss.
1056 4007 1274 4080 Optimae
1317 4014 1480 4076 notze,
1510 4024 1658 4079 aqua
1684 4008 1819 4077 uiue,
1847 4020 1901 4065 et
1941 4026 2067 4065 mox
2094 4016 2184 4082 qui

585 4082 719 4139 esset
740 4082 913 4137 alieni.

664 4155 745 4229 (ά)
783 4152 1049 4229 ΙῖυηηᾳιιίΔ
1063 4166 1196 4207 mss.
1227 4167 1350 4229 cum
1380 4151 1560 4229 editis,
1588 4152 1727 4229 quia.
1772 4152 2062 4222 Sequimur
2087 4169 2185 4224 po-

586 4222 774 4283 tiores.
804 4224 1007 4280 Deinde
1035 4223 1089 4278 in
1119 4238 1217 4278 ms.
1254 4222 1371 4278 Vat.
1402 4223 1515 4278 bas.
1541 4233 1596 4277 et
1621 4223 1763 4280 Vict.
1797 4240 1970 4280 omnes
1994 4222 2183 4292 exupe-

584 4314 726 4352 rans.
761 4296 973 4352 Habent
1000 4294 1159 4351 etiam
1175 4295 1414 4365 plerique
1442 4294 1527 4349 alii
1554 4312 1747 4361 omnes,
1783 4312 1920 4350 unus
1947 4299 2179 4351 Sorbun.

586 4386 752 4432 ontne,
788 4370 876 4422 alii
908 4379 1019 4423 tres
1048 4368 1240 4422 omnia.
1272 4366 1412 4420 Nihil
1443 4367 1753 4422 mutandum
1787 4367 2018 4423 videtur.
2050 4368 2185 4423 Ver-

586 4441 712 4495 bum
736 4440 982 4504 exubero,
1035 4439 1122 4493 ubi
1153 4438 1221 4493 de
1252 4438 1451 4506 Spiritu
1498 4453 1680 4493 sermo
1729 4450 1834 4506 est,
1869 4440 2072 4495 Hilario
2102 4451 2184 4494 est

586 4512 871 4567 familiare.
908 4512 982 4567 De
1009 4510 1103 4565 illo
1132 4510 1295 4564 habet
1331 4523 1451 4580 cap.
1479 4511 1546 4566 10
1578 4511 1629 4564 in
1672 4509 1883 4575 Maltli.,
1918 4528 2067 4565 num.
2100 4511 2135 4563 2
2165 4527 2179 4565 :

589 4583 973 4652 Quantumlibet
1003 4591 1298 4635 assumatur
1323 4599 1354 4635 a
1397 4582 1613 4648 cunctis,
1665 4582 1732 4635 ad
1763 4582 2089 4652 largiendum
2131 4599 2185 4637 se

584 4665 753 4710 tamen
792 4671 991 4727 semper
1019 4652 1381 4727 exuberat._Et
1421 4666 1542 4727 cap.
1592 4653 1682 4715 15,
1721 4670 1775 4727 u.
1814 4656 1919 4710 10:
1953 4654 2183 4726 Spiritus

532 4746 537 4751 '
581 4729 731 4798 capia
756 4723 1151 4798 iudicatur,__cui
1172 4723 1309 4798 quod
1333 4723 1587 4798 largiatur
1611 4725 1866 4798 exuberet.

2290 3439 2466 3498 Filius
2492 3444 2657 3508 Patri,
2695 3446 2817 3498 dum
2862 3443 3096 3498 subditus
3127 3439 3217 3512 per
3243 3441 3545 3497 obedienticv
3571 3439 3868 3510 obsequelatn

2285 3526 2380 3576 est.
2413 3516 2536 3569 dum
2564 3516 2633 3571 ad
2660 3516 2921 3571 dexteram
2966 3513 3067 3567 Dei
3107 3526 3215 3567 tum
3242 3514 3491 3579 consedit,
3543 3528 3661 3566 cum
3706 3512 3799 3565 sibi
3826 3518 3868 3561 ut

2287 3589 2571 3643 consideret
2599 3588 2792 3642 dictum
2833 3588 2918 3652 sit,
2952 3587 3075 3639 dum
3105 3587 3338 3642 mittitur.
3370 3583 3494 3637 dum
3529 3584 3738 3653 accipit,
3766 3583 3868 3653 dunt

2284 3658 2340 3732 in
2363 3659 2601 3732 omnibus
2627 3659 2877 3713 voluntati
2908 3651 3023 3732 ejus
3065 3658 3150 3726 qui
3176 3675 3229 3732 se
3254 3656 3392 3732 misit
3417 3651 3731 3732 obsequitur.
3780 3651 3869 3732 8rd

2287 3730 2491 3799 pietatis
2515 3731 2759 3795 subiectio
2787 3746 2890 3783 non
2928 3723 3005 3783 cst
3037 3723 3271 3781 essentne
3300 3729 3593 3799 diminutio,
3641 3742 3732 3779 nec
3767 3723 3870 3778 reti-

2285 3798 2452 3872 gionis
2472 3802 2693 3872 oﬁicium
2714 3801 3007 3871 degenerem
3025 3800 3171 3870 efﬁcit
3191 3810 3448 3872 naturam.
3472 3798 3534 3853 Et
3560 3807 3867 3872 post_pauca,

2290 3868 2724 3939 Habensnnomen,
2760 3868 2847 3927 sed
2887 3876 2997 3944 ejus
3028 3868 3267 3944 cujusiet
3296 3871 3558 3944 filiusest.
3585 3869 3643 3939 ﬁt
3671 3868 3814 3944 Patri
3834 3873 3869 3918 el

2287 3944 2523 4013 obsequio
2551 3944 2808 4014 subjectus
2852 3940 3151 3997 et'nomiiie.
3186 3943 3409 4014 Demum
3446 3941 3538 4014 lib.
3576 3956 3649 4014 tv,
3697 3940 3872 4014 solem:

2289 4015 2373 4069 uis
2400 4007 2482 4071 est
2510 4007 2785 4071 distinctio
2834 4015 2926 4071 Dei
2971 4014 3198 4069 dicentis
3250 4030 3344 4068 seu
3390 4012 3666 4080 julieutis,
3700 4022 3754 4065 et
3796 4007 3871 4063 Dei

2288 4086 2598 4154 eflicieutis,
2625 4103 2853 4157 quorum
2883 4097 3061 4141 tamen
3088 4101 3191 4140 una
3222 4096 3409 4157 natura
3442 4081 3871 4157 prtedicaturllta

2288 4158 2450 4213 etiam
2480 4160 2568 4214 Itic
2586 4152 2682 4214 ubi
2726 4159 2981 4229 Spiritum
3011 4167 3255 4229 sanctum
3286 4171 3314 4209 a
3343 4152 3473 4229 Deo,
3520 4154 3573 4209 id
3603 4165 3708 4229 est,
3732 4152 3871 4229 a_Pa-

2288 4236 2393 4294 tre,
2416 4240 2471 4286 et
2492 4248 2518 4283 a
2545 4225 2795 4296 Domino,
2824 4231 2925 4285 hoc
2951 4241 3055 4293 est,
3085 4244 3114 4282 a
3144 4226 3303 4294 Filio,
3326 4226 3660 4282 subsistendi
3686 4225 3872 4296 ratione

2288 4301 2449 4357 alium
2474 4318 2593 4359 esse
2617 4294 2895 4358 ostenSum
2924 4311 3028 4367 ρει,
3054 4310 3240 4354 natura
3267 4315 3370 4353 non
3401 4298 3543 4352 aliud
3567 4313 3688 4351 esse
3711 4294 3872 4367 multis

2289 4373 2710 4428 demonstratur.
2746 4374 2884 4440 Quid
2916 4364 3058 4427 enim
3089 4371 3232 4425 aliud
3264 4371 3365 4425 sibi
3396 4369 3533 4434 vult,
3570 4370 3735 4423 Deum
3765 4364 3869 4420 ltili-

2289 4446 2482 4513 nitttm,
2516 4445 2861 4510 iuvisibilem,
2894 4442 3519 4513 iucouiprelieusibilem,
3544 4442 3869 4513 immensum,

2289 4532 2409 4571 cum
2431 4511 2485 4571 iu
2509 4516 2709 4586 Spiritu
2733 4522 3006 4579 aduratur,
3031 4514 3143 4583 jam
3171 4513 3379 4568 infinita
3403 4512 3636 4586 ratione,
3671 4511 3868 4586 ubique.

2291 4588 2342 4641 in
2370 4587 2436 4642 iis
2461 4584 2581 4657 qua:
2610 4586 2899 4657 invisibilia
2923 4597 2978 4640 et
3020 4584 3585 4657 iucoinprebeusibilia
3619 4593 3761 4657 sunt.
3790 4584 3871 4657 im:

2291 4673 2381 4713 mo
2412 4649 2786 4728 in'semetipso
2842 4656 3087 4722 adorari;
3137 4649 3287 4728 quid,
3342 4656 3581 4728 inquam,
3635 4649 3869 4728 boc_sibi

2291 4730 2422 4798 vult,
2454 4730 2556 4784 nisi
2589 4724 2906 4785 ltouorantis
2931 4741 2985 4784 et
3014 4724 3312 4783 honorandi
3360 4727 3593 4798 Spiritus
3623 4724 3869 4779 oiiininio-

659 4800 743 4882 te),
774 4797 832 4853 In
897 4813 1001 4882 ηιξ·
1021 4775 1156 4882 'Ya}.
1184 4775 1342 4882 ’Μῦν
1385 4775 1517 4882 ειῗεεν
1530 4796 1620 4882 ἐκ,
1640 4795 1894 4882 obsequio,
1925 4795 2181 4882 .quod_de
2206 4775 2262 4837 Ῑ)
2286 4775 2422 4882 diu},
2452 4775 3590 4882 EtEt'_:5it'i;6‘.iii;né;n"f"satiasse;"at
3625 4775 3868 4851 illius.“

582 4866 788 4939 Spiritu
814 4879 1002 4925 saneto
1023 4868 1247 4932 dictum,
1271 4874 1330 4939 ut
1350 4867 1416 4939 ab
1443 4881 1508 4921 eo
1530 4866 1731 4939 Spiritu
1758 4867 1848 4937 qui
1872 4866 2181 4939 adorandus

581 4936 665 4997 est
689 4942 852 4996 alium
880 4956 1003 4997 eum
1035 4954 1158 4995 esse
1184 4936 1523 5002 conﬁciatur,
1555 4938 1723 4992 videri
1758 4936 1939 5005 posset
1962 4937 2181 4993 Arionis

581 5013 784 5077 favere,
815 5013 1077 5079 Spiritum
1129 5020 1373 5065 sanctum
1429 5009 1601 5064 Patris
1628 5019 1681 5063 et
1720 5007 1844 5063 Filii
1874 5010 2178 5064 ministrum

581 5083 967 5140 efliitientibus.
1023 5086 1092 5137 At
1137 5082 1227 5136 illo
1273 5080 1526 5149 loquendi
1573 5080 1733 5135 modo
1781 5091 1987 5135 tantum
2022 5081 2182 5136 habet

582 5154 819 5211 Hilarius
858 5154 1120 5209 rationem
1162 5152 1545 5223 prooessiouis,
1576 5168 1671 5209 seu
1714 5152 2179 5207 snbordinatiouis

583 5242 684 5295 qua
732 5226 966 5296 Spiritus
993 5234 1213 5279 sanctus
1244 5223 1524 5293 subjicitur
1570 5224 1834 5294 principio
1860 5239 1889 5278 a
1916 5239 2024 5296 quo
2056 5239 2178 5294 pro-

581 5298 744 5354 cedit.
779 5297 869 5353 Sic
895 5297 963 5351 de
988 5296 1148 5360 Filio,
1184 5302 1417 5350 testante
1444 5310 1503 5350 se
1526 5312 1633 5351 non
1659 5310 1815 5364 posse
1838 5295 2125 5366 quidquam
2148 5312 2177 5349 a

583 5384 645 5424 se
687 5371 866 5425 facere
910 5367 1015 5423 nisi
1060 5367 1255 5422 viderit
1303 5367 1515 5422 Patrem
1568 5369 1886 5429 facientem,
1935 5369 1987 5421 in
2034 5367 2178 5421 Psal.

581 5455 840 5503 cxxxvnt,
874 5457 1022 5494 num.
1051 5439 1144 5502 28,
1173 5439 1442 5508 loquitur:
1475 5436 1826 5493 Contestatam
1852 5438 1914 5493 de
1933 5455 1988 5493 se
2014 5449 2183 5505 potes-

580 5520 733 5565 tatem
776 5527 870 5583 per
895 5511 1186 5583 reverentia:
1209 5509 1525 5583 honorentei
1568 5511 1649 5563 cui
1678 5511 1851 5564 omnia
1880 5510 2176 5583 meminerat

581 5579 871 5651 conﬁtenda
894 5582 1123 5653 subjecit,
1159 5596 1261 5635 non
1286 5580 1384 5653 sibi
1405 5581 1633 5635 adintens
1657 5583 1793 5650 quod
1816 5580 2006 5653 similia
2027 5579 2176 5653 Patri

652 5650 773 5719 sset,
803 5654 893 5707 sed
919 5650 1035 5707 eum
1054 5669 1145 5723 per
1163 5668 1313 5722 quem
1330 5652 1529 5723 similia
1550 5663 1718 5721 posset
1744 5652 2031 5707 ostendens.
2060 5650 2171 5717 Sic,

602 5722 685 5795 ib.
704 5724 772 5779 de
806 5722 1136 5795 Synodq’n.
1183 5722 1275 5788 51,
1307 5722 1549 5795 diversas
1587 5733 1875 5795 enumerat
1913 5724 2169 5795 rationes,

579 5794 773 5865 quibus
803 5792 992 5862 Filius,
1020 5796 1183 5852 etiam
1205 5810 1311 5867 qua
1342 5794 1507 5863 Deus,
1535 5794 1820 5866 subjicitur
1849 5793 1995 5850 Patri
2020 5809 2034 5849 :
2073 5792 2171 5848 Vel

2286 4874 2575 4943 perfectam
2600 4874 2623 4927 ’ἰ

2357 4969 2428 5040 (f)
2453 4967 2527 5022 Ita
2554 4967 2814 5040 mss._nisi
2843 4969 2984 5040 quod
3019 4968 3071 5021 in
3102 4966 3348 5029 Carnut,
3384 4964 3704 5040 amplissintu
3728 4959 3871 5040 signi-

2284 5035 2497 5110 ﬁcantia
2537 5050 2629 5094 est.
2679 5038 2751 5096 At
2796 5035 3157 5110 iii—vulgatis,
3208 5054 3447 5110 expressa
3509 5046 3603 5090 est.
3656 5035 3870 5110 Spiritus

2284 5101 2526 5176 sanctus,
2558 5112 2648 5182 qui
2696 5126 2881 5181 supra,
2928 5101 3086 5182 u.'2,
3130 5101 3307 5182 dictus
3334 5115 3421 5164 est
3461 5124 3658 5162 munus
3686 5101 3818 5182 quod
3844 5115 3869 5151 ει

2284 5183 2397 5238 Deo
2425 5175 2741 5253 accipimus,
2766 5175 2927 5237 'nunc
2953 5180 3166 5236 videtur
3207 5180 3310 5235 dici
3340 5195 3536 5253 munus
3585 5177 3725 5253 quod
3756 5175 3871 5253 lien

2287 5248 2602 5311 deferimus.
2655 5255 2851 5323 Reipsa
2875 5269 3033 5324 quem
3066 5268 3092 5307 a
3141 5254 3251 5307 Deo
3294 5252 3611 5324 accepimus
3631 5248 3868 5324 Spiritqu

2288 5326 2338 5381 ei
2366 5326 2662 5388 reddimus,
2693 5320 2813 5381 eum
2847 5320 2954 5380 non
3004 5333 3212 5391 nostro,
3243 5323 3340 5379 sed
3389 5323 3536 5378 illius
3580 5320 3778 5391 Spiritu
3807 5320 3871 5366 vi-

2286 5407 2474 5453 ventes
2501 5399 2548 5453 ei
2578 5397 2920 5453 famulamur.

2360 5487 2437 5562 (ει)
2482 5490 2606 5544 llaec
2649 5488 2907 5562 adorandi
2951 5488 3190 5562 infinitas
3219 5502 3340 5562 eum
3388 5494 3668 5555 repetatur
3710 5498 3770 5538 ex
3817 5491 3872 5533 co

2284 5564 2337 5615 in
2366 5561 2473 5631 quo
2520 5561 2815 5629 aduratur,
2869 5561 3132 5631 Spiritum
3182 5561 3452 5615 inlinitum
3494 5572 3619 5613 esse
3668 5562 3872 5610 necesse

2283 5641 2389 5686 88L

2354 5721 2434 5850 (I2
2474 5720 2532 5776 In
2576 5720 2757 5788 editis,
2803 5723 3040 5806 ostendit.
3076 5726 3147 5780 At
3192 5725 3249 5779 in
3291 5721 3546 5795 scriptis,
3600 5719 3867 5778 ostendens:

2355 5811 2387 5850 0
2453 5791 2687 5850 refertur
2710 5793 2779 5850 ad
2805 5795 3004 5850 docuit.

2279 5791 2424 5867 quod
2453 5791 2687 5850 refertur
2710 5793 2779 5850 ad
2805 5795 3004 5851 docuit.
