3960 6202
556 282 628 345 75
1763 272 2007 338 SANCTI
2044 268 2303 335 HlLARiI
2352 264 2662 335 EPISCOPI
3799 260 3859 337 ‘l6

560 402 799 476 Spiritus
824 397 903 476 (α)
929 396 1194 468 hauserit,
1215 395 1436 455 habebit
1462 395 1679 468 quidem
1707 402 1954 451 naturam
1981 394 2152 451 Deum
2180 405 2238 465 Α
2330 392 2573 462 firmitate
2621 391 2974 459 moderantur,
3018 389 3110 448 sed
3154 384 3439 448 secundum
3495 389 3857 464 omnipotentis

558 494 915 568 intelligendi,
948 494 1041 551 sed
1068 494 1249 549 lumen
1283 491 1529 549 scientiae
1550 505 1658 545 non
1689 489 1928 545 habebit.
1963 487 2155 545 Munus

558 599 741 646 autem
795 587 935 660 quod
986 586 1039 643 in
1088 583 1306 641 Christo
1355 592 1459 651 est,
1513 594 1675 639 omne
1718 581 1970 638 omnibus
2012 587 2159 652 patet

560 700 725 743 unum
750 700 763 738 :
785 690 840 739 et
867 680 1009 753 quod
1040 680 1242 752 ubique
1272 694 1382 735 non
1411 677 1586 745 deest,
1612 677 1665 731 in
1687 683 1891 731 tantum
1922 672 2158 729 daturin

560 786 816 850 quantum
850 775 970 847 quis
999 774 1079 847 (1)
1123 774 1270 829 volet
1314 786 1564 838 sumere;
1599 770 1651 825 in
1686 778 1891 825 tantum
1936 765 2159 834 residet,

557 870 611 928 in
643 882 900 943 quantum
930 869 1054 942 quis
1080 868 1226 923 volet
1255 864 1575 937 promereri.
1607 860 1720 919 Hoc
1745 874 1914 933 usque
1946 859 1999 914 in
2030 874 2162 914 con-

555 962 972 1022 summationem
1016 958 1204 1015 saeculi
1248 957 1552 1023 nobiscum,
1580 954 1687 1011 hoc
1738 948 2161 1023 exspectationis

554 1068 755 1116 nostra:
769 1054 1041 1121 solatium,
1063 1055 1188 1121 hoc,
1217 1050 1274 1107 in
1297 1051 1563 1107 donorum
1591 1045 1997 1121 operationibus
2014 1042 2163 1099 futu-

550 1168 627 1209 rae
648 1151 759 1221 spei
787 1150 978 1222 pignus
1004 1156 1088 1204 est
1113 1146 1218 1203 hoc
1241 1146 1503 1202 mentium
1529 1143 1735 1209 lumen,
1768 1139 1856 1194 hic
1899 1135 2161 1210 splendor

559 1245 865 1302 ultimorum
895 1251 996 1299 est.
1031 1241 1127 1297 Hic
1156 1256 1288 1312 ergo
1320 1238 1554 1310 Spiritus
1578 1244 1797 1292 sanctus
1826 1230 2164 1304 expetendus

567 1349 672 1407 est,
705 1334 1097 1410 promerendus
1138 1342 1243 1401 est,
1285 1333 1360 1408 (b)
1408 1338 1462 1388 et
1489 1330 1745 1400 deinceps
1768 1334 2163 1401 praeceptorum

572 1431 677 1490 ﬁde
706 1442 866 1505 atque
895 1427 1277 1488 observatione
1308 1424 1644 1482 retinendus.

1040 1580 1152 1663 ω
1185 1582 1394 1645 Lmen
1418 1578 1740 1641 TERTIUS.

567 1726 843 1785 {Eternam
878 1723 1033 1781 Verbi
1073 1721 1450 1795 generationem
1476 1717 1737 1784 adstruit,
1786 1729 1970 1787 eosque
1991 1720 2172 1769 retun-

2335 490 2538 544 oirtutis
2560 488 2868 560 inﬁnitatem
2896 487 3211 559 expendunt.

2337 611 2389 665 ι.
2410 608 2609 665 Filium
2633 609 2689 664 in
2707 606 2888 676 Patre,
2920 615 2967 664 et
2994 608 3238 676 vicissim,
3272 624 3449 664 sensus
3476 608 3733 665 Mettus
3757 626 3850 666 non

2260 703 2420 773 capit.
2442 731 2513 742 —
2540 700 2716 757 Affert
2740 701 3013 772 plerisque
3039 700 3433 758 obscuritatem
3462 716 3649 759 sermo
3676 702 3850 758 Domi-

2263 797 2341 864 ni,
2369 811 2491 852 cutn
2512 795 2676 851 dicit:
2704 794 2887 867 Egoin
2914 793 3092 863 Patre,
3118 802 3166 850 et
3186 794 3347 850 Pater
3364 794 3419 849 in
3439 811 3521 851 nte
3547 793 3728 868 (Josn.
3756 810 3857 863 atv,

2266 889 2377 963 ll),
2392 900 2447 947 et
2460 906 2566 946 non
2585 890 2892 958 immerito;
2918 900 3109 947 natura
3132 890 3278 947 enim
3292 888 3665 960 intelligentiae
3678 889 3857 945 huma-

2264 1000 2350 1043 ns:
2381 987 2645 1042 rationem
2670 984 2804 1041 dicti
2848 986 3003 1041 istius
3036 1000 3146 1041 non
3190 984 3358 1054 capit.
3389 983 3620 1040 Videtur
3641 996 3858 1055 namque

2265 1092 2377 1134 non
2410 1093 2572 1149 posse
2606 1076 2769 1144 effici,
2799 1085 2859 1132 ut
2879 1075 3023 1148 quod
3042 1074 3097 1131 in
3126 1076 3297 1132 altero
3316 1076 3410 1143 sit,
3443 1088 3598 1146 teque
3623 1075 3673 1130 id
3702 1074 3859 1146 ipsum

2263 1180 2417 1227 extra
2461 1171 2688 1227 alterum
2727 1170 2829 1237 sit;
2859 1179 2913 1226 et
2939 1184 3062 1225 cum
3100 1183 3329 1226 necesse
3360 1168 3431 1225 sit
3456 1183 3547 1235 ea,
3569 1167 3641 1224 de
3669 1168 3852 1239 quibus

2270 1263 2470 1333 agitur,
2518 1277 2628 1317 non
2655 1261 2897 1317 solitaria
2924 1260 3025 1316 sibi
3050 1275 3198 1329 esse,
3228 1275 3513 1317 numerum
3537 1258 3610 1333 (c)
3639 1273 3705 1315 ac
3747 1268 3846 1315 sta-

2264 1362 2381 1411 tum
2437 1364 2617 1411 tamen
2643 1370 2823 1421 suum,
2880 1354 2933 1410 in
2973 1369 3079 1425 quo
3128 1353 3257 1419 sint,
3311 1357 3713 1416 conservantis,
3764 1366 3856 1411 non

2273 1462 2435 1520 posse
2457 1463 2517 1503 se
2542 1450 2775 1504 invicem
2797 1447 3080 1505 continere
3102 1486 3119 1517 ,
3143 1457 3203 1503 ut
3219 1448 3308 1519 qui
3329 1447 3533 1519 aliquid
3557 1447 3703 1505 aliud
3734 1449 3861 1504 intra

2269 1556 2329 1598 se
2370 1541 2587 1610 habeat,
2616 1548 2780 1613 atque
2812 1540 2892 1614 (ά)
2932 1542 3007 1598 ita
3050 1549 3269 1598 maneat
3297 1554 3637 1614 monensque
3665 1557 3861 1615 semper

2269 1636 2532 1703 exterior,
2554 1636 2605 1691 ei
2635 1636 2899 1705 vicissim,
2924 1648 3087 1709 quem
3124 1637 3263 1691 intra
3300 1651 3361 1693 se
3403 1636 3624 1705 habeat,
3655 1645 3855 1693 maneat

2269 1742 2426 1799 atque
2454 1742 2670 1799 semper
2698 1728 2944 1785 interior.
2974 1727 3104 1784 Haec
3131 1727 3350 1800 quidem
3370 1742 3569 1786 sensus
3597 1729 3857 1786 hominum

636 1821 711 1877 dit
770 1819 857 1890 qui
909 1817 1137 1872 humana
1180 1810 1423 1870 adversus
1478 1804 1635 1867 illam'
1672 1808 1870 1864 ratione
1912 1806 2162 1863 nituntur.

2280 1837 2380 1879 non
2410 1831 2794 1893 consequetur,
2821 1836 2924 1878 nec
2947 1822 3254 1892 exemplum
3278 1822 3500 1894 aliquod
3537 1823 3703 1879 rebus
3740 1822 3862 1878 divi-

658 1912 732 1969 Ac
756 1914 925 1988 primo
966 1913 1170 1985 quidem
1197 1910 1305 1965 haec
1327 1906 1455 1963 Filii
1480 1906 1650 1971 verba,
1682 1903 1798 1976 Ego
1820 1902 1873 1956 in
1902 1901 2086 1969 Patre,
2106 1908 2167 1954 et

632 2008 794 2065 Pater
836 2007 893 2062 in
937 2021 1047 2074 me,
1076 2005 1162 2060 ubi
1199 2019 1375 2059 sensus
1423 1999 1637 2055 humani
1684 2005 1892 2068 captum
1920 2009 2166 2065 superare

634 2099 1021 2166 demonstrauit,
1076 2113 1141 2152 ex
1189 2097 1303 2168 ipsa
1354 2092 1749 2162 Scripturarutn
1801 2089 1865 2145 de
1915 2085 2072 2140 Patre
2114 2095 2165 2139 et

647 2194 785 2250 Filio
815 2193 1047 2250 doctrina
1104 2190 1389 2246 luculenter
1436 2186 1681 2259 explicat.
1714 2182 1912 2239 Deinde
1943 2197 2008 2236 ex
2032 2180 2166 2234 mira

645 2303 789 2358 aqute
824 2288 881 2341 in
919 2286 1093 2341 vinum
1131 2283 1479 2348 conversione,
1524 2290 1573 2336 et
1613 2295 1677 2335 ea:
1706 2279 1928 2348 quinque
1970 2290 2164 2349 panum

638 2380 985 2448 incrementis,
1022 2378 1207 2434 evincit
1248 2377 1412 2431 multa
1460 2373 1630 2429 Deum
1672 2388 1844 2443 posse,
1886 2371 1939 2425 in
1982 2368 2165 2441 quibus

643 2474 847 2544 deﬁciat
873 2474 1115 2528 humanae
1140 2471 1322 2526 mentis
1350 2468 1504 2525 acies.
1528 2467 1664 2522 Tum
1687 2469 1911 2539 affertur
1938 2467 2165 2519 humana

634 2568 789 2633 ratio.
842 2584 943 2639 qua
989 2566 1185 2622 nullam
1218 2580 1282 2621 ea:
1328 2562 1436 2618 Deo
1490 2561 1802 2616 nativitatem
1852 2576 1962 2614 esse
2017 2574 2168 2631 posse

634 2660 971 2729 contendunt,
1002 2657 1613 2731 multisqueexploditur
1650 2673 1664 2709 :
1719 2653 1776 2710 1⁸
1825 2654 1948 2726 quia
1995 2663 2167 2708 ortum

634 2752 783 2808 habet
828 2770 891 2809 ex
944 2753 1173 2808 humana
1219 2751 1493 2824 sapientia,
1541 2765 1696 2819 quam
1742 2763 1797 2801 se
1842 2745 2167 2817 perditurum

636 2843 780 2901 Deus
810 2844 1120 2919 propheticis
1146 2852 1196 2899 et
1222 2841 1519 2916 apostolicis
1541 2839 1769 2894 oraculis
1806 2838 2162 2914 declty‘averit.

637 2940 696 2995 2°
729 2941 862 3007 Quia
898 2950 1108 3011 prastat
1150 2937 1331 2992 audire
1368 2935 1647 3002 Christum,
1677 2934 1747 2988 ad
1776 2933 1872 2988 hoc
1903 2934 2161 2988 hominem

644 3036 877 3106 factum;
932 3043 989 3088 ut
1015 3049 1186 3088 rerum
1214 3031 1503 3085 diuinarum
1534 3028 1677 3084 nobis
1707 3028 1847 3083 testis
1877 3036 2007 3082 esset
2034 3025 2164 3100 (Hic

641 3128 1004 3201 expenduntur
1052 3126 1223 3194 verba,
1255 3123 1437 3196 quibus
1472 3122 1866 3195 dispensationis
1894 3137 2002 3177 sua:
2039 3138 2166 3194 opus

2271 1917 2358 1972 nis
2374 1917 2710 1988 comparatio
2735 1916 2969 1972 humana
2994 1916 3306 1986 praestabit:
3334 1916 3432 1973 sed
3458 1916 3604 1986 quod
3628 1915 3862 1973 inintelli-

2268 2010 2436 2083 gibile
2463 2019 2547 2065 est
2593 2009 2820 2078 hontini,
2862 2009 2971 2066 Deo
3008 2024 3131 2065 esse
3173 2009 3433 2080 possibile
3477 2018 3582 2066 est.
3617 2008 3731 2065 Hoc
3773 2024 3862 2064 non

2267 2118 2301 2159 a
2342 2119 2427 2160 me
2464 2104 2533 2159 ita
2562 2102 2869 2169 dictumsit,
2889 2111 2947 2157 ut
2987 2102 3056 2159 ad
3084 2102 3351 2159 rationem
3396 2100 3526 2158 dicti
3554 2101 3629 2175 (e)
3660 2115 3724 2159 ea
3766 2111 3863 2157 tan-

2271 2204 2381 2251 tum
2400 2195 3157 2266 sulﬁciataaetoritas,quoda
3176 2198 3287 2252 Deo
3308 2194 3512 2252 dictum
3533 2197 3626 2252 sit.
3652 2195 3864 2265 Cognos-

2269 2287 2498 2343 cendnm
2528 2287 2710 2359 itaque
2733 2295 2897 2357 atque
2954 2286 3365 2359 intelligendum
3394 2297 3478 2343 est
3520 2285 3655 2358 quid
3682 2285 3865 2359 “sit

2269 2381 2401 2437 illud
2428 2398 2443 2435 :
2473 2378 2588 2454 Ego
2603 2383 2657 2435 in
2688 2378 2867 2444 Patre,
2892 2390 2941 2434 et
2961 2378 3120 2435 Pater
3142 2382 3197 2435 in
3212 2392 3327 2448 me;
3350 2381 3398 2436 si
3425 2388 3607 2437 tamn
3637 2390 3864 2450 campre-

2270 2473 2510 2531 hendere
2562 2472 2667 2529 hoc
2715 2474 2785 2529 ita
2824 2481 2886 2528 ut
2908 2482 2997 2529 est
3044 2473 3377 2529 valebimus:
3430 2484 3490 2530 ut
3518 2473 3665 2545 quod
3694 2481 3864 2529 natura

2265 2581 2447 2623 rerum
2479 2567 2591 2638 pati
2618 2582 2726 2622 non
2750 2579 2913 2638 posse
2938 2567 3304 2635 criminatur,
3328 2565 3384 2622 id
3400 2566 3608 2623 divinae
3639 2566 3865 2624 veritatis

2277 2664 2417 2719 ratio
2446 2671 2830 2733 consequatur.

2339 2757 2395 2811 2.
2454 2756 2670 2829 Cognito
2704 2756 2859 2812 Patre
2884 2765 2934 2812 et
2964 2754 3105 2811 Filio
3121 2757 3279 2831 juxta
3302 2755 3606 2827 Scriptura
3633 2796 3649 2823 ,
3678 2754 3865 2827 [acidus

2266 2851 2399 2906 illud
2420 2851 2718 2922 percipitur.
2742 2850 2885 2918 Quid
2911 2848 3090 2907 Pater.
3112 2876 3183 2891 -ο
3204 2851 3382 2920 Atque
3404 2858 3464 2904 ut
3482 2849 3699 2905 facilius
3727 2847 3866 2904 intel-

2268 2944 2543 3016 ligentiam
2572 2943 2913 3000 difﬁcillima:
2938 2944 3095 2999 istius
3124 2943 3440 3014 quaestionis
3471 2944 3735 3015 consequi
3760 2956 3867 3013 pos-

2267 3038 2460 3105 simus,
2488 3038 2635 3109 prius
2663 3038 2881 3095 Patrem
2925 3047 2980 3095 et
3018 3037 3216 3094 Filium
3240 3036 3543 3093 secundum
3568 3036 3865 3092 divinatum

2278 3131 2679 3201 Scriptorum
2706 3130 3007 3187 doctrinam
3035 3131 3289 3203 cognosci
3319 3142 3350 3185 a
3376 3130 3534 3187 nobis
3565 3138 3794 3201 oportet,
3817 3132 3866 3181 ut

635 3231 683 3277 et
719 3221 937 3293 ofﬁciunt
973 3221 1232 3293 exposuit,
1263 3235 1326 3272 ac
1366 3234 1538 3274 veram
1587 3235 1651 3274 ea:
1686 3217 1800 3273 Deo
1844 3217 2161 3274 natiuitatem
2190 3211 2237 3277 C
2267 3224 2336 3283 de
2388 3226 2620 3297 cognitis
2668 3241 2732 3281 ac
2784 3224 3140 3282 familiaribus
3196 3225 3502 3281 absolutior
3554 3236 3742 3281 sermo
3789 3222 3862 3277 sit.

636 3329 784 3369 suam
826 3314 1001 3369 multis
1039 3311 1357 3384 argumentis
1385 3319 1623 3366 testatum
1653 3308 1817 3383 fecit).
1850 3310 1909 3365 δ”
1941 3309 2079 3379 Quia
2102 3326 2166 3365 ne

639 3406 1062 3480 conspicabilium
1088 3405 1292 3477 quidem
1323 3403 1515 3459 Christi
1544 3411 1826 3475 gestorum,
1856 3402 2000 3458 illius
2028 3418 2078 3457 υ.
2110 3420 2163 3475 g.

636 3500 704 3555 ad
734 3500 1012 3574 discipulos
1049 3498 1228 3571 januis
1254 3498 1446 3553 clausis
1487 3497 1746 3569 ingressu,
1775 3495 2165 3567 intelligentiam

641 3593 975 3663 assequimar.
1014 3589 1080 3645 4°
1110 3590 1341 3661 Denique
1388 3589 1510 3659 quia
1535 3604 1594 3642 ea
1617 3596 1693 3642 est
1720 3586 1903 3640 mentis
1929 3588 2170 3641 humante

647 3695 854 3752 natura,
886 3694 937 3738 ut
981 3701 1099 3737 cum
1138 3692 1308 3738 creata
1352 3681 1720 3753 etimperfecta
1764 3680 1852 3747 sit,
1898 3678 2168 3749 concipere

637 3790 742 3831 non
766 3776 933 3830 valeat
959 3775 1235 3846 perfectum
1256 3784 1302 3830 et
1346 3772 1640 3829 Creatorem
1679 3788 1853 3827 suunt.
1893 3771 2191 3831 Postremo.

640 3868 889 3926 laudatur
916 3869 1119 3940 sapiens
1144 3867 1367 3922 stultitia
1391 3866 1645 3937 ﬁdelium,
1674 3865 1764 3936 qui
1793 3863 1890 3920 sibi
1931 3865 2167 3936 diﬂidunt

638 3971 693 4020 ut
719 3963 829 4020 Deo
865 3962 1095 4030 credant,
1136 3977 1228 4017 nec
1263 3960 1440 4015 divina
1466 3974 1532 4014 ea:
1572 3959 1798 4031 propriae
1830 3959 2048 4015 rationis
2076 3962 2164 4016 in-

641 4125 822 4203 (l)_AIn
868 4141 989 4203 _ms._
1024 4124 1176 4193 uolet,
1222 4121 1319 4180 sed
1358 4120 1570 4191 eadem,
1615 4130 1674 4178 ut
1701 4120 1933 4190 videtur,
1977 4138 2168 4182 manus

570 4198 778 4257 addidit
795 4198 1030 4255 uoluerit.

648 4363 724 4438 (a)
740 4363 814 4448 _ln
832 4362 1040 4419 duobus
1058 4373 1188 4416 mss.
1206 4357 1357 4415 Colb.
1371 4400 1384 4426 ,
1404 4356 1615 4426 Germ.,
1637 4354 1826 4424 Corb.,
1846 4350 2019 4424 Prat.,
2041 4365 2174 4424 etc.,

573 4449 823 4581 Milium
882 4520 983 4560 ms.
1035 4500 1453 4572 Silvae-majoris
1504 4500 1719 4556 additur
1771 4499 1890 4568 hic,
1940 4499 2173 4555 adoran-

576 4583 1031 4723 duslc‘iuhddimlts
1058 4644 1235 4723 bicﬂac
1272 4642 1806 4723 statumauctor.ilale
1846 4640 2176 4723 mss'-Tel-l-'-’

579 4714 732 4780 Colb.
763 4737 826 4776 ac
870 4720 1098 4777 Snrbon.
1136 4718 1311 4773 Status
1340 4717 1556 4770 nomine
1601 4714 1956 4769 substantiam
1986 4715 2181 4769 intelli-

580 4800 654 4867 git
679 4793 1045 4867 Tertullianus
1072 4800 1257 4844 contra
1283 4788 1539 4867 Praxenm
1563 4785 1692 4867 ιι.
1718 4786 1805 4841 ubi
1830 4784 1897 4840 de
1918 4784 2182 4867 Trinitate

579 4856 681 4921 ait:
715 4865 839 4921 Tres
880 4871 1049 4918 autem
1096 4878 1197 4915 non
1226 4859 1494 4925 statu,.sed
1524 4856 1688 4927 gradu
1712 4873 1732 4910 :
1761 4867 1815 4911 et
1850 4857 2008 4925 paulo
2036 4866 2179 4928 post,

582 4939 734 4993 unius
761 4947 929 4991 autem
956 4933 1275 4997 substantias,
1305 4931 1459 4985 unius
1485 4941 1669 4994 status,
1694 4928 1848 4982 unius
1890 4930 2179 4994 potestatis.

586 5012 654 5065 At
683 5011 766 5063 hic
805 5007 982 5077 potius
1022 5004 1286 5058 existendi
1344 5002 1605 5077 rationem
1654 5015 1718 5054 ac
1745 5001 1933 5077 _sitnm_
1962 5010 2175 5077 .sonat.

582 5081 704 5135 Mox
728 5071 950 5134 verbum
984 5077 1264 5141 continere,
1295 5073 1499 5143 regitur
1524 5086 1555 5126 a
1577 5072 1857 5141 superiore
1886 5071 2107 5126 videtur.

657 5171 735 5244 (d)
755 5171 887 5244 Tres
911 5184 1040 5244 mss.
1058 5167 1412 5244 recentiores,
1434 5174 1582 5235 atque
1593 5173 1736 5218 extra
1757 5172 1959 5244 maneat
1974 5181 1992 5218 ιτ
2019 5163 2182 5244 maler

588 5234 701 5298 llo‘c
720 5234 871 5296 enim
900 5240 1003 5295 sibi
1050 5240 1161 5294 vult
1187 5257 1200 5293 :
1229 5239 1441 5293 videtur
1466 5234 1573 5290 non
1608 5250 1768 5306 posse
1796 5234 1960 5300 efﬁci,
2002 5244 2062 5290 ut
2090 5236 2180 5305 qui

590 5314 736 5369 aliud
785 5320 921 5368 intra
950 5327 1007 5365 se
1038 5312 1217 5377 habet,
1246 5309 1388 5380 quod
1427 5322 1643 5377 semper
1673 5307 1752 5380 sic
1791 5317 2003 5380 maneat
2038 5306 2179 5360 intra

591 5403 670 5452 se,
703 5401 801 5440 nec
846 5393 1043 5439 statum
1088 5378 1280 5444 mutet,
1309 5382 1381 5434 ita
1421 5380 1498 5452 sit
1536 5379 1773 5452 exterior
1793 5378 1845 5432 ei
1882 5378 1988 5444 rei,
2018 5392 2177 5448 quam

590 5449 727 5512 intra
752 5472 812 5512 se
849 5456 1006 5510 habet
1039 5463 1094 5509 ut
1120 5454 1167 5509 ei
1194 5452 1429 5507 vicissim
1458 5449 1527 5504 sit
1553 5450 1797 5503 interior.

666 5528 735 5600 (ιθ)
765 5527 823 5581 In
851 5526 1060 5600 duobus
1083 5541 1214 5580 mss.
1244 5541 1303 5600 ea
1325 5534 1510 5577 tanien.
1539 5519 1597 5600 l_n
1626 5520 1746 5575 aliis
1776 5519 1948 5600 libris,
1973 5536 2034 5574 ea
2062 5528 2178 5573 lan-

593 5591 739 5652 tum}
769 5597 910 5667 quod
942 5595 1390 5667 subsequentibus
1425 5591 2043 5667 magisconsentanenm
2071 5601 2175 5646 est.

595 5671 717 5723 time
738 5659 805 5723 ab
836 5667 1038 5721 Hilario
1061 5659 1297 5737 pressius
1311 5665 1477 5737 dicta,
1507 5659 1675 5737 fusius
1695 5662 1944 5737 edisserit
1965 5659 2179 5737 Augusg

589 5733 1154 5808 tinusepist.cxx.ubi
1185 5735 1559 5808 Consentium,
1590 5733 1713 5808 fidei
1743 5742 1947 5808 totum,
1976 5735 2174 5808 rationi

586 5811 722 5867 nihil
751 5800 1139 5867 cbnccdentem
1173 5824 1277 5865 non
1304 5805 1567 5880 probans,
1595 5804 1671 5863 ait
1695 5818 1846 5861 num.
1877 5805 1911 5861 4
1944 5821 1957 5860 :
1990 5800 2172 5861 Monet

2275 3318 2575 3374 Alternitss
2645 3317 2844 3388 Patris,
2912 3327 2969 3373 ut
3051 3318 3191 3374 libro
3256 3321 3537 3375 anteriore
3618 3316 3863 3375 tractavi-

2271 3424 2414 3473 mus,
2456 3407 2539 3481 (2)
2595 3408 2669 3481 (ι’)
2716 3410 2904 3479 locos,
2937 3421 3202 3481 tempora,
3249 3410 3506 3482 speciem,
3542 3416 3601 3468 et
3626 3406 3866 3482 quidquid

2270 3503 2403 3560 illud
2450 3502 2688 3558 humano
2733 3517 2896 3559 sensu
2944 3503 3159 3573 concipi
3203 3509 3425 3573 poterit,
3467 3503 3708 3560 excedit.
3765 3502 3866 3574 Ipse

2272 3606 2425 3652 extra
2455 3595 2636 3650 omnia
2672 3604 2727 3651 et
2757 3594 2811 3649 in
2850 3594 3125 3658 omnibus,
3167 3596 3388 3667 capiens
3434 3596 3691 3652 universa
3719 3602 3770 3650 et
3795 3607 3868 3648 ca-

2273 3688 2502 3759 piendus
2527 3703 2557 3742 a
2584 3686 2822 3756 nemine,
2853 3702 2963 3742 non
2992 3702 3213 3743 accessu
3244 3682 3541 3745 decessuve
3563 3682 3861 3751 mutabilis;

2273 3780 2368 3837 sed
2403 3779 2690 3835 invisibilis
2726 3789 2831 3848 est,
2872 3779 3462 3851 incomprehensibilis,
3512 3782 3733 3854 plenus,
3760 3795 3864 3852 per-

2274 3872 2472 3941 fectus,
2520 3882 2782 3940 aeternus,
2808 3872 2893 3944 (g)
2935 3888 3043 3929 non
3075 3873 3293 3930 aliunde
3326 3873 3455 3945 quid
3503 3889 3750 3945 sumens,
3786 3870 3867 3930 sed

2277 3965 2419 4022 adid
2443 3965 2593 4038 quod
2620 3966 2695 4022 ita
2722 3974 2907 4023 manet
2930 3966 3036 4023 sibi
3065 3966 3186 4039 ipse
3212 3966 3509 4027 sufﬁciens.

2349 4128 2430 4203 (Si)
2458 4128 2673 4186 Locum.

2286 4355 2554 4426 apostolus
2606 4350 2795 4411 Petrus
2845 4364 3048 4424 paratos
3076 4372 3169 4411 nos
3206 4371 3315 4413 esse
3368 4355 3548 4415 debere
3576 4358 3649 4414 ad
3676 4374 3868 4429 respon—

2284 4430 2477 4501 sionem
2498 4430 2634 4501 omni
2653 4429 2883 4501 poscenti
2911 4444 3003 4483 nos
3032 4430 3280 4484 rationem
3301 4428 3364 4484 de
3378 4429 3484 4500 ﬁde
3501 4441 3552 4486 et
3574 4448 3666 4501 spe
3689 4439 3865 4485 nostra.

2286 4498 2354 4556 Et
2376 4515 2523 4555 num.
2553 4500 2621 4554 ὅς
2650 4498 2794 4553 Absit
2830 4516 3067 4565 namque.
3091 4511 3146 4554 ut
3174 4501 3269 4555 hoc
3286 4502 3338 4554 in
3364 4498 3508 4556 nobis
3526 4498 3671 4557 Deus
3697 4501 3865 4566 oderit,

2204 4572 2336 4634 Din
2366 4588 2466 4642 quo
2507 4584 2598 4624 nos
2636 4570 2845 4642 reliquis
2877 4572 3220 4626 animantibus
3258 4571 3646 4629 excellentiores
3673 4573 3863 4629 creauit.

2283 4640 2490 4712 Quibus
2535 4642 2763 4714 aliisque
2791 4640 3066 4714 Consentii
3092 4658 3333 4700 errorem
3374 4645 3617 4714 depellit,
3655 4645 3867 4713 ﬁdeique

2285 4711 2719 4783 intelligentiam,
2741 4711 2811 4766 ad
2839 4731 2992 4784 quam
3018 4716 3151 4768 ratio
3176 4731 3295 4788 vera
3325 4711 3581 4788 perducit,
3614 4717 3743 4788 ﬁdes
3766 4711 3870 4769 ani-

2285 4802 2427 4840 ntum
2448 4793 2733 4857 praeparat,
2756 4788 3170 4857 pra‘p‘nnendam
3192 4787 3371 4853 docet,
3400 4804 3456 4842 ιι.
3481 4787 3516 4842 6
3537 4798 3591 4843 et
3612 4792 3669 4855 8,
3698 4802 3868 4856 quam-

2286 4858 2373 4912 vis
2428 4855 2603 4930 tanten
2634 4855 2955 4930 rationabile
2986 4867 3324 4930 praeceptum
3357 4856 3448 4925 sit,
3478 4868 3536 4913 ut
3585 4860 3654 4911 ad
3698 4855 3867 4930 magna

2287 4929 2547 5001 qnazdatn1
2577 4942 2691 4998 qutL’
2712 4929 2828 5001 capi
2854 4929 3079 4983 nondum
3106 4939 3339 5001 possunt,
3367 4930 3494 4999 ﬁdes
3516 4929 3869 5001 pratcedatra-

2287 5002 2497 5054 tionem.
2529 4998 2674 5065 Ιιιιο,
2708 5000 2898 5072 inquit,
2925 5016 2986 5072 γη.
3023 5001 3057 5054 5
3079 4998 3204 5072 {Si
3231 5000 3334 5056 hoc
3364 4998 3687 5072 princeptunr
3729 5001 3867 5055 ratio-

2291 5072 2581 5144 nabilqest,
2616 5069 2966 5144 proculdubio
2991 5069 3456 5144 quantulacumque
3480 5069 3633 5135 ratio.
3656 5089 3768 5144 qum
3785 5074 3870 5126 hoc

2291 5142 2584 5212 persuadet,
2610 5142 2913 5213 etiamiipsa
2941 5142 3189 5196 antecedit
3226 5142 3401 5212 ﬁdem.
3433 5143 3621 5200 Fidem
3651 5142 3789 5200 enim
3811 5155 3866 5197 ea

2290 5214 2731 5286 prter-editratio,
2765 5212 2875 5268 Deo
2905 5214 3021 5286 scil.
3054 5215 3143 5283 qui
3179 5228 3277 5267 nec
3299 5215 3415 5286 lalli
3448 5232 3547 5272 nec
3576 5215 3759 5272 fallere
3778 5229 3865 5286 po-

2292 5294 2415 5350 test,
2449 5285 2776 5339 credendum
2806 5298 2946 5340 esse.
2985 5285 3132 5339 Hanc
3163 5285 3400 5353 regulam
3433 5288 3483 5341 in
3515 5287 3764 5342 omnibus
3783 5285 3865 5339 ’se-

2288 5367 2442 5411 cutus
2482 5367 2564 5411 est
2591 5354 2847 5426 Hilarius,
2892 5356 3066 5426 primo
3096 5357 3188 5410 Dei
3228 5357 3386 5411 dictis
3413 5356 3718 5415 ﬁrmiSsime
3756 5371 3866 5412 ore-

2290 5427 2445 5491 dens,
2475 5443 2537 5482 ac
2564 5437 2672 5480 tum
2694 5424 2815 5481 ﬁdei
2843 5424 2954 5482 suae
2971 5425 3232 5483 rationem
3259 5427 3486 5486 reddere
3506 5446 3613 5487 non
3637 5438 3868 5487 contem-

2289 5514 2444 5554 nens.
2484 5498 2689 5553 Videsis
2710 5498 2802 5552 lib.
2829 5514 2944 5565 vut,
2975 5514 3122 5554 num.
3148 5513 3187 5565 ι,
3214 5507 3321 5554 etc.

2365 5590 2432 5666 (ι’)
2469 5591 2644 5655 Editi,
2687 5594 2854 5648 locum
2873 5612 2892 5666 ς
2934 5595 3356 5666 repugnantibus
3400 5612 3534 5653 mss.
3590 5597 3687 5653 Sic
3722 5605 3777 5653 et
3816 5594 3864 5649 is

2288 5665 2424 5730 psal.
2456 5677 2722 5730 cxxsvnt,
2749 5681 2804 5721 n.
2837 5665 2929 5732 18,
2960 5665 3136 5723 Patris
3164 5675 3353 5723 natura
3383 5668 3583 5725 dicitur
3608 5670 3748 5724 ultra
3766 5681 3865 5721 ont-

2290 5749 2378 5788 nes
2405 5734 2542 5787 locos
2569 5748 2713 5791 esse.

2358 5803 2434 5876 (g)
2464 5805 2541 5862 Ita
2571 5820 2700 5862 mss.
2732 5808 2801 5863 At
2826 5808 2976 5880 editi,
3007 5826 3110 5866 non
3136 5810 3352 5868 aliunde
3386 5812 3525 5881 quod
3544 5821 3618 5869 est
3647 5823 3861 5869 sumens.
