3960 6202
116 293 176 349 81
1298 283 1384 340 DE
1421 280 1684 339 TRINITA

1794 319 1797 336 ι
1824 280 2027 337 LIBER
2064 279 2156 338 Ill.
3317 278 3389 334 82

120 409 293 466 dedisti
311 408 409 475 illi,
441 408 520 462 drt
550 408 595 461 ei
621 408 775 462 vitam
799 416 1060 461 mternam.
1110 404 1235 461 Hart:
1270 414 1344 461 est
1382 415 1551 460 autem
1579 405 1683 459 vita
1710 406 1767 467 Α
1788 418 1913 460 eum
1944 403 2035 475 qui
2064 401 2359 459 moriturus
2386 411 2504 457 erat
2549 400 2689 456 intra
2730 414 2789 454 se
2819 406 3118 455 contestata
3157 412 3264 452 non
3296 411 3386 452 ca-

119 515 314 564 a'terna,
344 512 394 553 ut
418 508 725 570 cognoscant
762 510 807 554 te
833 498 1003 561 solum
1027 498 1192 553 Deum
1234 514 1428 563 rerum,
1458 507 1508 552 et
1537 513 1683 568 quem

120 595 288 650 misisti
309 591 476 648 Iesum
515 592 795 646 Christum.
838 590 953 662 Ego
984 601 1031 646 te
1074 590 1357 662 clariﬁcavi
1384 607 1540 662 super
1577 600 1680 645 ter-

118 708 240 753 ram,
264 704 400 757 apere
417 696 768 741 consummato
791 688 927 757 quod
949 686 1134 739 dedisti
1153 686 1279 740 mihi
1304 695 1358 739 ut
1377 686 1587 757 faciam.
1617 683 1683 739 Et

119 799 244 837 nunc
286 779 500 849 tlariﬁra
545 795 627 832 me
676 777 835 833 Pater
888 778 1028 844 apud
1077 779 1397 850 temetipsum
1448 778 1684 833 claritate

120 895 258 948 quam
283 874 443 940 habui,
476 875 623 944 prius
651 890 804 944 quam
845 876 1069 927 mundus
1098 883 1250 938 esset,
1280 875 1419 943 apud
1448 882 1512 925 te.
1555 870 1678 925 Ma-

120 970 333 1041 uifestari
375 984 551 1022 nomen
594 976 736 1021 tuum
785 967 1095 1032 hominibus,
1146 981 1274 1036 quos
1317 964 1507 1019 dedisti
1554 965 1681 1019 mihi

120 1060 286 1129 (Joan.
323 1075 441 1126 sm,
476 1060 500 1114 l
536 1068 584 1113 et
628 1059 822 1130 seqq.).
860 1058 1053 1115 Verbis
1092 1057 1348 1114 brevibus
1390 1068 1443 1112 et
1495 1056 1680 1127 paucis

118 1169 270 1208 omne
293 1166 410 1222 opus
435 1150 595 1206 ofﬁcii
636 1152 720 1206 sui
749 1160 805 1206 et
833 1151 1252 1220 diSpensationis
1282 1148 1551 1220 exposuit,
1599 1151 1681 1204 ui-

121 1247 226 1301 hilo
254 1248 409 1316 minus
430 1245 554 1301 ﬁdei
586 1245 665 1317 (a)
693 1245 980 1301 veritatem
1014 1245 1119 1319 55
1150 1244 1434 1300 adversum
1462 1259 1677 1300 omnem

119 1340 492 1408 inSpiratiouem
539 1338 824 1394 diabolica:
865 1338 1244 1393 fraudulentite
1280 1339 1675 1393 communiens.

117 1432 382 1487 Curramus
405 1448 532 1505 ergo
558 1447 660 1505 per
678 1431 921 1503 singulas
947 1434 1213 1487 sermonis
1241 1433 1324 1486 sui
1354 1433 1604 1488 virtutes.

185 1525 264 1580 10.
295 1524 419 1593 Quid
435 1525 657 1594 postulet
678 1524 885 1590 dicens,
910 1525 1201 1580 CLARIFICA
1231 1512 1631 1580 Fiunt—Ait
1662 1541 1675 1578 :

119 1616 280 1683 Pater,
315 1618 433 1677 venit
453 1616 603 1683 hora,
637 1617 871 1685 clari/ica
896 1617 1062 1685 ﬁlium
1091 1625 1255 1684 tuum,
1304 1624 1359 1670 ut
1385 1615 1525 1686 ﬁlius
1561 1626 1679 1670 tuus

118 1711 336 1779 clariﬁcet
358 1719 419 1764 te.
450 1709 567 1764 Non
609 1709 781 1774 diem,
825 1725 932 1764 non
967 1718 1198 1779 tempus,
1244 1710 1338 1764 sed
1369 1709 1555 1764 horam
1587 1724 1680 1765 ve-

1788 511 1938 568 pere.
1968 494 2238 567 Numquid
2259 503 2315 551 et
2340 495 2641 565 portionem
2665 508 2817 549 suam
2838 507 3001 563 rupes
3022 499 3080 547 et
3102 505 3229 546 saxa
3255 505 3385 545 con-

1784 588 2028 645 cedunt?
2057 587 2164 645 Sed
2194 598 2347 659 rupta
2373 587 2666 654 dissiliunt,
2714 593 2771 641 et
2802 593 3047 639 naturam
3078 598 3233 639 suam
3263 596 3386 653 per-

1785 683 1940 748 dunt.
1964 697 2268 753 cassamque
2290 697 2356 738 ex
2380 698 2440 737 se
2460 695 2641 736 arcam
2668 677 3090 735 incontinentem
3118 675 3386 733 condendi

1785 778 2031 846 corporis
2055 775 2402 831 conﬁtentur.

1859 869 1947 924 Η.
1975 866 2209 924 Christus
2232 868 2470 938 praprius
2500 875 2573 921 est
2595 865 2691 921 Dei
2712 865 2950 936 ﬁlius.—
2973 863 3111 933 Quid
3140 862 3207 917 ad
3238 861 3389 917 haec?

1785 963 2092 1019 Proclamat
2118 976 2333 1033 quoque
2372 963 2616 1016 centurio
2658 958 2921 1019 cohortis.
2954 969 3011 1013 et
3048 958 3226 1012 crucis
3256 972 3385 1011 cus-

1785 1064 1891 1120 los,
1941 1070 2053 1108 uere
2082 1052 2181 1107 Dei
2225 1052 2333 1124 56
2365 1051 2531 1107 Filius
2559 1060 2665 1105 erat
2695 1051 2790 1104 iste
2829 1048 3044 1121 (Matth.
3075 1063 3242 1111 xxv",
3267 1045 3384 1118 54),

1782 1148 2043 1202 Creatura
2081 1146 2471 1200 intercessione
2517 1144 2674 1214 hujus
2713 1142 2909 1213 piaculi
2948 1141 3245 1203 liberatur;
3289 1138 3384 1194 ﬁr-

1783 1241 2025 1295 mitatcm
2057 1250 2108 1295 et
2130 1244 2383 1293 virtutem
2412 1252 2540 1293 saxa
2578 1252 2684 1292 non
2720 1235 2976 1292 retinent.
3004 1233 3105 1301 Qui
3137 1235 3281 1289 cruci
3310 1233 3390 1289 af-

1782 1334 2033 1398 ﬁxeraut,
2063 1346 2191 1387 vere
2237 1331 2328 1386 Dei
2364 1329 2557 1385 Filium
2605 1330 2933 1385 conlitentur
2965 1346 2979 1382 :
3017 1326 3384 1397 prtcdicationi

1782 1423 2052 1480 consentit
2072 1422 2315 1478 effectus.
2352 1422 2609 1477 Dominus
2639 1420 2849 1476 dixerat
2877 1437 2889 1473 :
2914 1418 3161 1490 Clariﬁca
3182 1416 3386 1472 Filium

1783 1527 1950 1572 tuum.
1984 1516 2100 1570 N0n
2131 1516 2304 1571 solum
2336 1516 2553 1569 nomine
2581 1521 2916 1569 contestatus
2952 1518 3037 1567 est
3078 1525 3198 1566 esse
3227 1524 3287 1565 se
3322 1511 3383 1563 ll-

1783 1610 1938 1678 liuut,
1958 1610 2051 1665 sed
2078 1619 2134 1666 et
2152 1610 2502 1680 proprietate,
2530 1624 2634 1679 qua
2661 1608 2860 1662 dicitur
2883 1617 3051 1660 tuum.
3075 1605 3224 1660 Multi
3242 1604 3384 1659 enim

1782 1720 1883 1760 nos
1910 1703 2005 1759 ﬁlii
2033 1705 2147 1767 Dei.
2174 1704 2268 1759 sed
2297 1718 2404 1758 non
2428 1703 2549 1757 talis
2579 1702 2665 1757 hic
2686 1701 2850 1756 ﬁlius.
2873 1700 2967 1755 llic
2992 1701 3134 1755 enim
3158 1710 3213 1753 ct
3230 1714 3390 1753 verus

120 1802 249 1856 uisse
271 1800 403 1855 dicit.
443 1799 500 1854 In
525 1799 658 1855 hora
689 1800 797 1856 dici
839 1801 1018 1870 portio
1053 1809 1153 1856 est.
1181 1800 1249 1856 Et
1286 1815 1407 1871 qua:
1431 1800 1548 1856 haec
1578 1801 1678 1855 erit
1710 1803 1759 1863 Β
1785 1796 2106 1867 etproprins
2123 1805 2205 1850 est
2224 1796 2387 1862 ﬁlius,
2411 1794 2643 1865 origine,
2665 1810 2770 1848 nou
2793 1793 3119 1864 adoptione;
3141 1792 3385 1856 veritate,

118 1891 266 1946 hora?
286 1892 472 1962 Nempe
506 1894 619 1955 illa,
643 1894 710 1947 tle
740 1908 843 1964 qua
876 1894 928 1948 in
953 1901 1198 1962 tempore
1233 1892 1500 1963 passionis
1522 1894 1682 1949 disci-

119 1984 256 2055 pulos
290 1984 608 2040 conﬁrmaus
645 1986 858 2039 locutus
897 1995 981 2040 est
1027 2004 1039 2040 :
1071 1984 1207 2039 Ecce
1245 1986 1378 2039 venit
1419 1985 1578 2053 liora,
1627 1994 1683 2039 ut

117 2076 239 2146 ﬁlius
277 2078 484 2133 hominis
532 2079 851 2151 clariﬁcetur
895 2077 1075 2152 (Joan.
1103 2079 1311 2152 “1.28)
1345 2080 1510 2136 :lltec
1551 2094 1681 2149 ergo

120 2171 232 2224 hora
258 2180 353 2237 est,
381 2172 432 2224 iu
457 2186 564 2242 qua
604 2185 666 2227 se
714 2187 743 2225 a
782 2172 943 2228 Patre
988 2172 1271 2227 clarilicari
1312 2179 1453 2236 orat,
1496 2180 1554 2226 ut
1582 2171 1683 2225 Pa-

121 2272 232 2318 trem
261 2264 366 2334 ipse
386 2264 663 2320 clariﬁcet.
682 2264 789 2321 Sed
816 2264 941 2335 quid
972 2275 1051 2319 est
1088 2265 1230 2320 ismd
1252 2265 1276 2318 ‘l
1297 2262 1595 2319 Clariﬁcari
1622 2277 1681 2319 se

120 2354 471 2412 clariﬁcaturus
504 2366 810 2427 exspectat,
850 2367 903 2412 et
933 2357 1193 2412 h0norem
1224 2356 1535 2412 redditurus
1581 2372 1679 2412 ex-

121 2449 348 2519 timulat,
374 2457 427 2506 et
450 2461 576 2521 eget
607 2449 710 2505 hoc
738 2450 879 2520 quod
905 2466 1121 2504 rursum
1150 2448 1459 2519 impertiet?
1491 2448 1559 2504 Et
1596 2449 1682 2504 hic

121 2555 370 2601 occurrant
405 2546 664 2617 sophistre
714 2543 899 2600 mundi
935 2552 989 2599 et
1030 2544 1302 2613 sapientes
1338 2542 1582 2606 Graeciaa,
1625 2551 1683 2598 et

120 2638 411 2709 syllogismis
466 2639 583 2692 suis
640 2637 922 2692 veritatem
974 2634 1242 2691 irretiaut.
1291 2634 1575 2700 Quomodo
1627 2644 1682 2690 et

122 2730 242 2784 unde
276 2743 325 2785 et
362 2728 486 2801 quid
522 2744 705 2783 causa:
743 2730 815 2783 sit
848 2737 1093 2798 qumraut
1121 2744 1133 2779 :
1165 2736 1220 2782 et
1248 2742 1370 2782 cum
1404 2726 1678 2794 haeserint,

122 2823 330 2892 audiant,
355 2824 486 2893 Quia
514 2823 679 2878 stulta
721 2822 906 2876 mundi
937 2820 1102 2891 elegit
1132 2822 1270 2874 Deus
1294 2818 1371 2892 (ὁ)
1403 2819 1449 2890 (l
1479 2818 1602 2874 Cor.
1638 2835 1676 2881 ι.

122 2912 218 2984 27).
244 2914 374 2985 Ergo
397 2929 496 2985 per
515 2914 801 2970 stultitiam
828 2923 1066 2967 nostram
1088 2911 1444 2980 intelligamus
1467 2910 1682 2965 inintcl-

124 3006 309 3075 ligibilia
345 3007 678 3077 sapientibus
704 3005 910 3061 mundi.
938 3005 1156 3059 Dixerat
1184 3004 1465 3069 Dominus,
1500 3001 1679 3070 Pater,

125 3102 236 3155 venit
276 3100 435 3155 liora:
462 3102 652 3155 horam
707 3098 975 3169 passionis
1016 3098 1325 3153 ostenderat
1361 3113 1375 3163 ;
1405 3112 1526 3151 nam
1568 3096 1683 3151 hmc

1785 1902 1893 1943 non
1933 1888 2363 1957 nuncupatione;
2406 1888 2708 1951 nativitate,
2752 1901 2861 1941 non
2902 1885 3195 1940 creatione.
3243 1883 3389 1953 Ergo

1785 1989 1909 2052 post
1935 1978 2376 2035 clariﬁcationem
2405 1979 2547 2051 ejus,
2578 1979 2860 2035 veritatem
2895 1977 3167 2034 confessio
3199 1991 3394 2032 conse-

1784 2080 1904 2128 cuta
1933 2080 2035 2127 est.
2064 2070 2198 2126 Nam
2230 2087 2415 2128 verum
2444 2072 2540 2127 Dei
2569 2071 2736 2125 Illiqu
2778 2073 3026 2126 centurio
3056 2070 3381 2134 conﬁtetur;

1786 2167 1990 2235 nequis
2020 2166 2357 2221 credentium
2388 2165 2710 2236 ambigeret,
2741 2164 2818 2238 (ά)
2844 2164 2985 2237 quod
3009 2163 3174 2220 homo
3203 2176 3390 2234 perse-

1783 2261 2065 2331 quentium
2095 2276 2202 2314 non
2232 2267 2499 2330 negasset.

1859 2351 1946 2407 12.
1982 2349 2207 2407 Claritas
2251 2349 2395 2405 Filio
2432 2350 2606 2405 danda
2649 2361 2695 2406 et
2743 2350 2888 2406 Patri
2932 2353 2996 2406 ab
3024 2368 3083 2408 eo
3124 2353 3387 2408 reddenda

1782 2444 1982 2499 virtutis
2007 2444 2061 2498 in
2101 2452 2316 2513 utroque
2341 2443 2589 2498 unitatem
2617 2444 2896 2515 signiﬁcat.
2923 2475 2995 2483 —
3022 2443 3130 2501 Sed
3154 2443 3292 2502 forte
3320 2462 3381 2501 ea

1782 2541 2171 2598 clariﬁeatioue
2217 2539 2296 2611 (l)
2327 2540 2570 2595 creditur
2610 2540 2822 2610 eguisse
2870 2538 3037 2594 Filius
3066 2556 3224 2610 quam
3264 2557 3385 2596 ora-

1783 2636 1875 2691 bat
1904 2651 1919 2689 :
1943 2641 2002 2690 et
2030 2633 2277 2690 inﬁrmus
2300 2634 2624 2703 reperietur,
2652 2632 2779 2688 dum
2808 2633 3250 2690 clariﬁcationem
3290 2651 3383 2707 po-

1786 2729 1940 2789 tioris
1986 2737 2283 2799 exspectat.
2331 2726 2399 2781 Et
2440 2727 2562 2796 quis
2599 2742 2705 2781 non
2747 2726 2961 2782 Patrem
2993 2727 3066 2799 (ε)
3110 2728 3379 2797 potiorem

1783 2820 2147 2885 conﬁtebitur,
2182 2828 2240 2874 ut
2260 2820 2553 2889 ingenitum
2582 2834 2612 2874 a
2637 2820 2842 2890 genito,
2871 2830 2927 2873 ut
2958 2828 3166 2891 patrem
3191 2836 3220 2875 a
3250 2820 3380 2888 ﬁlio,

1785 2926 1841 2969 ιιι
1872 2930 1993 2970 eum
2026 2915 2115 2985 qui
2138 2913 2345 2967 miserit
2372 2911 2441 2966 ab
2465 2928 2530 2967 eo
2554 2913 2643 2983 qui
2672 2911 2869 2967 missus
2899 2912 2988 2976 sit,
3019 2922 3075 2965 ut
3109 2913 3381 2967 volentem

1783 3009 1852 3063 ab
1888 3023 1954 3063 eo
1991 3007 2081 3076 qui
2112 3005 2374 3062 ohediat'l
2413 3005 2479 3060 Et
2517 3006 2633 3075 ipse
2673 3007 2829 3061 nobis
2871 3006 2973 3060 erit
3004 3007 3193 3061 testis:
3223 3004 3385 3059 Pater

1783 3104 1953 3173 major
1983 3115 2061 3153 nte
2089 3108 2159 3153 est
2183 3096 2365 3168 (Joan.
2397 3113 2509 3164 XIV,
2532 3096 2647 3169 28).
2668 3097 2793 3153 Haec
2821 3098 2892 3152 ita
2917 3107 2975 3152 ut
3004 3108 3151 3164 sunt,
3184 3098 3383 3152 intelli-

126 3197 208 3247 suh
249 3204 511 3249 momento
548 3208 616 3248 eo
645 3191 967 3262 loquebatur
1000 3209 1012 3244 :
1041 3188 1235 3245 deinde
1262 3189 1483 3259 adjecit,
1512 3188 1681 3245 Clari—
1705 3193 1751 3256 ο
1784 3192 1957 3265 genda
1996 3200 2157 3247 sunt:
2183 3190 2277 3246 sed
2318 3191 2618 3247 cavendum
2656 3201 2762 3257 est,
2805 3205 2873 3247 ne
2916 3190 3057 3262 apud
3103 3191 3384 3262 imperitos

128 3287 207 3355 βω
230 3288 378 3357 ﬁlium
409 3298 574 3342 tuum.
602 3285 711 3342 Sed
735 3286 1006 3355 quomodo
1035 3281 1411 3339 clarilieaudus
1449 3291 1562 3338 erat
1590 3282 1675 3337 Fi-

129 3379 243 3433 lius?
264 3379 501 3451 Namque
559 3388 718 3433 natus
748 3392 813 3431 ex
845 3376 1077 3447 virgine,
1117 3390 1146 3429 a
1177 3375 1330 3429 cunis
1367 3383 1423 3427 et
1459 3372 1683 3428 infantia

130 3486 269 3542 usque
300 3473 363 3527 ad
404 3478 840 3527 consummatum
887 3469 1058 3523 virmn
1102 3477 1324 3523 venerat
1353 3485 1367 3523 ε
1392 3481 1488 3537 per
1538 3479 1683 3521 som-

129 3565 474 3631 uum,faruem,
505 3563 673 3629 sitim,
697 3560 1093 3629 lassitudinem,
1121 3560 1385 3631 lacrymas
1408 3559 1684 3613 hominem

129 3666 300 3725 egeno,
328 3658 491 3711 etiam
523 3670 668 3710 nunc
697 3652 1102 3723 conspuendus,
1148 3650 1522 3721 ﬁagellandus,
1562 3663 1687 3704 cru-

132 3748 401 3819 ciﬁgendus.
458 3748 601 3816 Quid
640 3746 816 3818 ergo?
861 3745 1027 3800 Nobis
1089 3744 1261 3799 solum
1307 3743 1579 3798 hominem
1631 3743 1685 3797 in

131 3838 313 3896 Christo
341 3843 454 3897 haec
500 3851 658 3896 erant
685 3847 1077 3893 contestatura.
1112 3837 1218 3893 Sed
1255 3851 1362 3891 non
1396 3834 1685 3890 confundi-

133 3949 230 3987 tnur
250 3949 418 3999 cruce,
437 3949 549 3990 non
589 3931 817 4003 flagellis
860 3931 1315 4001 przcdamuamur,
1359 3944 1466 3984 non
1516 3928 1687 3999 sputis

132 4026 447 4083 sordidamur.
496 4023 774 4082 Clariﬁcat
830 4024 988 4079 Pater
1043 4022 1261 4078 Filium.
1316 4022 1435 4089 Quo
1490 4021 1688 4077 modo?

133 4116 331 4175 Tandem
370 4120 645 4191 sufﬁgitur
671 4119 839 4174 cruci.
882 4117 1083 4173 Deinde
1124 4118 1250 4188 quid
1283 4118 1568 4188 sequitur?
1596 4118 1687 4174 Sol

133 4225 219 4264 non
243 4214 445 4281 occidit,
477 4213 573 4267 sed
618 4212 833 4283 refugit.
888 4211 1023 4278 Quid
1068 4210 1326 4281 refugisse
1365 4211 1523 4265 dico?
1570 4210 1685 4266 Non

138 4315 346 4373 receptus
371 4308 420 4361 in
452 4306 652 4360 nubem
683 4313 788 4370 est,
813 4303 908 4358 scd
938 4306 1006 4360 de
1031 4318 1191 4359 cursu
1229 4304 1413 4373 operis
1452 4302 1686 4359 defecit:

138 4408 177 4448 et
202 4399 447 4455 interitum
487 4415 646 4454 suum
687 4413 811 4452 cum
847 4412 913 4451 eo
940 4396 1146 4466 reliqua
1193 4396 1378 4451 mundi
1422 4398 1688 4453 elementa

137 4502 377 4546 senserunt
406 4512 419 4548 :
452 4501 511 4547 et
536 4507 605 4548 ne
633 4490 755 4545 huic
777 4488 1000 4544 facinori
1030 4486 1102 4560 (c)
1130 4488 1251 4543 ulla:
1279 4488 1528 4544 t'telestes
1555 4505 1688 4560 ope-

1786 3283 2014 3357 gloriam
2039 3282 2159 3339 Filii
2190 3282 2363 3339 honor
2393 3283 2572 3339 Patris
2598 3282 2853 3340 inﬁrmet.
2884 3284 2993 3340 Nec
3028 3283 3094 3358 (Γ)
3125 3283 3387 3341 inﬁrmari

1789 3377 1868 3450 (2)
1901 3378 2099 3447 patitur
2129 3376 2243 3430 haec
2266 3375 2381 3445 ipsa
2405 3375 2720 3430 clariﬁcatio
2752 3375 3019 3447 postulata
3040 3375 3134 3429 :ad
3161 3375 3211 3430 id
3240 3376 3383 3429 enim

1787 3471 1931 3543 quod
1952 3471 2157 3527 dictum
2188 3479 2292 3536 est,
2327 3468 2509 3532 Pater,
2533 3469 2764 3536 clariﬁca
2778 3465 2976 3523 Filium
2998 3478 3143 3522 tuum
3160 3483 3180 3532 ,'
3209 3469 3391 3538 sequi-

1791 3574 1877 3622 tur
1900 3574 1955 3620 et
1982 3564 2134 3631 illud,
2170 3573 2226 3618 ut
2255 3562 2428 3617 Filius
2447 3561 2696 3633 clariﬁcet
2738 3574 2805 3617 te.
2836 3562 2952 3618 Non
2981 3577 3112 3633 ergo
3142 3561 3388 3619 inﬁrmus

1790 3667 1873 3715 est
1897 3657 2086 3724 Filius,
2120 3657 2297 3712 vicem
2326 3655 2727 3711 clariﬁcatiouis
2755 3656 2894 3727 ipse,
2937 3670 3059 3711 cum
3085 3653 3392 3710 clariﬁcan-

1789 3755 1892 3811 dus
1913 3755 2003 3818 sit,
2032 3752 2364 3809 redditurus.
2395 3751 2502 3807 Sed
2534 3749 2708 3806 sinon
2746 3750 3011 3817 inﬁrmus,
3044 3748 3173 3819 quid
3200 3756 3388 3818 postu-

1790 3847 1970 3903 labat?
1993 3860 2154 3901 netno
2175 3846 2318 3900 enim
2346 3845 2446 3899 nisi
2477 3843 2578 3899 hoc
2602 3844 2744 3915 quod
2775 3843 2868 3917 (al.
2903 3842 3035 3914 quo)
3062 3853 3185 3912 eget
3208 3850 3389 3913 postu-

1789 3942 1884 3997 lat.
1915 3942 2020 3995 Aut
2052 3937 2313 4010 numquid
2353 3937 2602 3993 inﬁrmus
2641 3947 2725 3993 est
2751 3946 2806 3993 et
2829 3936 3025 3992 Pater?
3063 3936 3172 3992 Aut
3200 3949 3390 3990 eorum

1791 4048 1910 4102 qua:
1933 4031 2093 4087 habet
2125 4031 2195 4085 ita
2227 4029 2479 4100 profusus
2502 4040 2604 4095 est,
2651 4038 2708 4083 ut
2748 4028 2802 4084 ei
2831 4027 3147 4083 clariﬁcatiu
3174 4027 3243 4081 sit
3271 4026 3395 4081 red-

1791 4124 1967 4181 denda
1995 4139 2088 4195 per
2117 4122 2359 4178 Filium?
2401 4122 2511 4179 Sed
2544 4137 2717 4193 neque
2745 4121 2831 4176 hic
2869 4122 3039 4193 eguit,
3088 4136 3263 4191 neque
3301 4120 3395 4176 ille

1788 4216 2098 4274 desiderat:
2125 4226 2180 4272 et
2209 4227 2386 4272 tamen
2437 4216 2592 4271 alteri
2622 4217 2757 4269 alter
2798 4214 2874 4287 (g)
2921 4216 3215 4283 impertiet.
3251 4213 3396 4284 Ergo

1793 4308 2157 4380 expostulatio
2190 4307 2597 4363 clariﬁcationis
2638 4307 2853 4373 danda),
2881 4307 3232 4379 vicissimque
3278 4306 3397 4362 red-

1794 4403 2007 4469 dendzn,
2037 4418 2137 4459 nec
2171 4402 2312 4457 Patri
2334 4401 2624 4474 quidquam
2670 4403 2877 4470 adimit,
2902 4418 3005 4459 nec
3040 4402 3276 4458 inﬁrmat
3306 4401 3398 4457 Fi-

1795 4496 1960 4561 lium;
1984 4496 2077 4551 sed
2100 4495 2349 4552 eamdem
2377 4494 2674 4552 divinitatis
2693 4495 2936 4552 ostendit
2961 4496 3014 4552 in
3041 4505 3271 4568 utroque
3290 4496 3401 4550 vir-

140 4583 339 4640 rationes
365 4587 715 4649 interessent,
744 4583 1152 4638 intercessionis
1178 4581 1336 4652 hujus
1373 4585 1694 4643 necessitate
1720 4589 1773 4650 D
1799 4598 1968 4645 tutem
2017 4603 2140 4644 cum
2189 4599 2243 4644 et
2283 4588 2565 4644 clariﬁcuri
2608 4602 2669 4644 se
2701 4588 2869 4644 Filius
2907 4604 2937 4643 a
2971 4588 3131 4643 Patre
3172 4596 3313 4651 oret,
3343 4596 3400 4640 et

140 4674 327 4738 quadam
355 4679 434 4730 sui
461 4676 763 4732 abolitione
790 4681 1104 4729 caruerunt.
1152 4673 1258 4730 Sed
1287 4683 1429 4730 terra
1458 4676 1583 4746 quid
1612 4676 1687 4734 fe-

141 4766 228 4818 cit?
258 4769 328 4823 Ad
370 4786 508 4825 onus
537 4769 749 4824 Domini
794 4768 848 4823 in
880 4768 1025 4837 ligno
1064 4765 1350 4838 pendentis
1389 4767 1692 4841 intremuit,

198 4908 261 4982 (I)
285 4911 596 4968 Crederetur.

199 5024 262 5095 la)
286 5025 404 5081 Sola
427 5026 597 5082 editio
625 5025 751 5081 Par.
778 5025 899 5094 ﬁdei
923 5024 1253 5078 uoluntatem.

200 5094 264 5167 (ι)
287 5098 631 5153 Carnutensis
674 5097 849 5152 codex
876 5095 965 5151 hic
993 5094 1161 5157 addit,
1195 5104 1251 5148 ut
1295 5096 1580 5166 confundat
1614 5113 1698 5152 sa-

202 5242 261 5311 te)
284 5240 503 5311 Vulgati.
537 5240 648 5294 illa:
684 5238 908 5311 ccclestes
939 5253 955 5292 :
988 5237 1320 5311 castigantur
1353 5251 1425 5292 ex
1455 5252 1589 5311 mss.

201 5308 271 5381 id)
296 5308 430 5381 Lips.
454 5320 509 5367 et
532 5312 654 5367 Par.
678 5322 799 5381 post
824 5309 940 5374 Er.,
955 5309 1090 5377 quod
1110 5324 1243 5363 unus
1265 5310 1703 5380 persequentium:

154 5378 309 5435 nullius
331 5378 524 5437 veteris
552 5378 1039 5436 libri—auctoritate.

208 5450 268 5521 te)
300 5453 443 5510 Sicut
464 5454 633 5510 illaesa
683 5451 786 5507 fide
816 5450 1052 5507 Hilarius
1092 5450 1178 5504 hic
1217 5448 1432 5506 Patrem
1464 5449 1709 5507 afﬁrmat

157 5515 265 5595 miti
286 5526 559 5593 potiorem.
586 5538 690 5595 qua
718 5525 785 5578 de
811 5539 868 5578 re
898 5532 1136 5595 mentem
1166 5535 1319 5595 suam
1348 5523 1705 5595 explicansju

163 5591 265 5665 [sub
289 5590 531 5662 csxxvm,
565 5590 621 5650 ιιῖ
658 5595 746 5659 l7,
780 5595 856 5648 ait
890 5613 902 5646 :
935 5590 1030 5660 Est
1054 5593 1190 5647 enim
1226 5591 1381 5647 Pater
1409 5590 1581 5665 major
1608 5591 1706 5648 Fi-

166 5660 239 5737 ﬁp,
261 5667 339 5720 sed
361 5677 416 5721 ut
444 5660 588 5734 pater
618 5667 754 5731 ﬁlio,
784 5666 1109 5737 generatione
1136 5680 1239 5717 non
1264 5679 1463 5737 genere,
1488 5660 1548 5720 et
1572 5666 1713 5737 sicut

226 5733 551 5794 tonantian
590 5733 919 5793 Athanasius
949 5734 1045 5791 Or.
1077 5747 1116 5788 tt
1158 5743 1305 5789 cont.
1342 5734 1466 5799 Ar.,
1494 5751 1548 5804 p.
1581 5733 1710 5804 363,

226 5804 331 5860 bet:
358 5806 507 5863 Pater
527 5808 701 5877 major
723 5816 797 5863 est
825 5804 990 5874 Filio,
1031 5814 1133 5861 non
1160 5802 1515 5875 inagnitudiné
1542 5802 1714 5873 aliqua

1798 4682 2239 4739 clariﬁcationem
2281 4683 2442 4737 Pater
2486 4697 2593 4737 non
2632 4681 2958 4753 dedignatur
2998 4696 3028 4735 a
3068 4680 3207 4735 Filio
3245 4697 3258 4732 :
3297 4676 3395 4733 sed

1800 4774 1917 4830 huic
1944 4775 1996 4830 in
2022 4774 2182 4831 Patre
2202 4783 2257 4830 et
2285 4774 2424 4830 Filio
2446 4774 2659 4829 virtutis
2688 4775 2968 4839 unitatem,
3000 4786 3097 4842 per
3125 4767 3395 4825 vicissitu-

1874 4916 1953 4989 (2)
1987 4916 2059 4974 Se
2088 4918 2305 4989 patitur.

1803 5029 1885 5102 uel
1914 5040 2155 5099 tempore,
2188 5031 2279 5084 sed
2308 5028 2925 5102 prapterfi'generationent
2966 5044 3030 5083 ea:
3055 5027 3166 5102 ipso
3191 5026 3353 5102 Patre
3381 5045 3401 5083 :

1804 5100 1876 5155 ita
1909 5109 1964 5155 et
2002 5098 2250 5156 excusari
2274 5098 2460 5170 potest
2491 5098 2618 5154 illud
2658 5098 2929 5170 Origeuis,
2960 5110 2998 5154 t.
3034 5115 3116 5165 tu,
3150 5099 3202 5154 in
3236 5098 3398 5156 Joan.

1804 5170 1936 5225 edit.
1957 5170 2158 5235 Huetii,
2200 5168 2385 5240 p.70:
2421 5168 2589 5224 Tertio
2628 5168 2817 5224 dicitur
2844 5169 2954 5225 haec
2978 5170 3072 5226 lum
3111 5170 3204 5226 lux
3230 5186 3351 5226 uera
3383 5187 3404 5227 :

1804 5257 1906 5310 qua
1931 5243 2131 5315 ratione
2162 5240 2320 5295 Pater
2352 5241 2576 5295 ueritatis
2602 5240 2748 5315 Deus
2776 5243 2998 5315 amplior
3038 5252 3087 5297 et
3112 5245 3282 5315 major
3308 5253 3402 5309 est,

1806 5329 1961 5397 quam
1984 5313 2207 5397 ueritas;
2228 5322 2275 5366 et
2297 5322 2441 5397 pater
2456 5328 2574 5397 cum
2599 5313 2666 5367 sit
2678 5313 3315 5397 sapientianprtzstantior
3334 5324 3408 5369 est

1811 5384 1925 5455 ipsa
1965 5384 2264 5455 sapientia:
2296 5386 2392 5437 hac
2421 5384 2573 5436 etiam
2610 5385 2807 5438 ratione
2833 5384 3033 5439 excellit
3072 5401 3186 5439 eum
3213 5386 3301 5452 qui
3336 5394 3410 5440 est
3482 5443 3491 5454 ,

1813 5454 1905 5527 tua;
1930 5471 2066 5518 uera,
2092 5454 2301 5527 scilicet
2316 5455 2623 5527 _(.‘hristum.
2650 5455 2793 5527 Idem
2817 5466 2937 5511 esto
2958 5456 3217 5527 judicium
3239 5456 3307 5512 de
3334 5457 3409 5513 si-

1814 5526 2031 5582 milibus
2061 5525 2286 5581 aliorum
2314 5525 2535 5580 Patrum
2567 5526 2867 5583 sententiis.

1890 5596 1960 5671 (Γ)
1988 5597 2040 5671 In
2063 5597 2314 5671 vulgatis,
2338 5597 2593 5665 inﬁrmari
2617 5615 2671 5652 se
2698 5599 3111 5671 patitgr.,Abest
3130 5616 3185 5657 se
3212 5613 3241 5655 a
3274 5612 3406 5655 mss;

1813 5668 1969 5741 Cujus
1994 5668 2112 5741 loco
2140 5668 2439 5741 intelligere
2458 5679 2541 5723 est
2564 5668 2783 5740 gloriam
2812 5668 2963 5729 Filii.

1893 5738 1972 5810 (g)
2000 5737 2074 5794 lta
2110 5754 2243 5797 mss.
2268 5737 2338 5796 Αἰ
2370 5739 2523 5806 editi,
2547 5737 2792 5813 impertit.
