3960 6202
528 268 599 321 ss
1735 266 1979 337 saxcst
2021 266 2272 335 tutam:
2319 266 2623 339 unseen
3756 269 3821 335 st
3918 242 3919 299 Ψ

528 384 709 438 dinem
748 380 938 438 danda:
977 389 1029 437 ct
1070 382 1149 456 (l)
1193 380 1269 454 (a)
1317 378 1677 452 rependeodac
1722 378 2124 451 clariﬁcationis
2153 382 2207 451 Α
2232 395 2409 451 pugna
2435 380 2724 436 verborum
2756 379 2873 434 cst?
2915 377 3038 435 Vita
3069 387 3153 435 est
3177 392 3361 434 verum
3403 377 3576 435 Deum
3625 393 3816 437 nosse:

528 475 843 533 ostendunt.

598 570 686 625 t3.
706 566 926 624 Claritas
955 583 1108 638 quant
1135 566 1233 621 sibi
1268 565 1429 627 Pater
1458 575 1505 623 et
1534 565 1706 623 Filius
1729 565 1987 631 exhibent,
2011 582 2128 635 qua:

530 662 617 717 sit.
641 661 833 717 —Sed
875 659 1187 716 clariﬁcatio
1218 658 1336 737 haec
1363 675 1482 732 quae
1517 661 1607 729 sit,
1637 668 1688 715 et
1711 674 1780 716 ex
1816 658 2012 731 quibus
2035 659 2125 723 sit,

532 754 865 810 noscendum
891 763 973 808 est
998 750 1147 825 (Tres
1179 769 1303 806 mss.
1346 751 1699 819 docendum).
1733 750 1872 825 Non.
1910 750 2126 821 opinor,

536 844 882 905 demutabilis
932 845 1075 911 Deus
1112 853 1215 912 est,
1257 860 1430 916 neque
1479 845 1534 900 in
1578 844 1937 905 aeternitatem
1985 841 2131 899 cadit

527 947 620 994 aut
641 938 830 993 vitium
859 936 1297 1003 autemendatio,
1314 944 1409 992 aut
1430 936 1699 1006 prolectus
1724 946 1817 992 aut
1833 935 2088 991 damnum
2110 950 2127 1001 ;

534 1029 631 1087 sed
653 1028 799 1101 quod
828 1038 927 1101 est,
956 1044 1170 1099 semper
1207 1038 1313 1099 est,
1353 1029 1459 1103 57
1484 1029 1587 1084 hoc
1617 1030 1764 1086 enim
1791 1029 1900 1085 Deo
1922 1037 2006 1085 est
2035 1042 2132 1097 pe-

527 1108 751 1181 culiare.
777 1122 930 1191 Quod
968 1138 1185 1193 semper
1220 1131 1325 1188 est,
1370 1123 1573 1180 habere
1613 1122 1903 1194 aliquando
1931 1122 1986 1177 in
2032 1137 2133 1178 na-

528 1222 648 1269 tura
680 1228 786 1271 non
811 1216 1010 1285 poterit
1034 1226 1089 1268 ut
1113 1231 1218 1273 non
1245 1214 1317 1271 sit
1347 1230 1363 1272 :
1386 1230 1494 1286 quo
1520 1215 1680 1270 modo
1709 1229 1839 1287 ergo
1867 1212 2132 1270 clariﬁca-

529 1306 695 1370 bitur,
728 1306 871 1377 quod
900 1323 997 1365 suo
1014 1321 1117 1362 non
1147 1319 1291 1379 eget,
1321 1322 1496 1379 neque
1516 1322 1546 1361 a
1567 1322 1627 1363 se
1665 1306 1878 1373 deﬁcit;
1904 1307 2129 1380 (supple,

530 1400 603 1455 ita
636 1398 719 1473 ut)
756 1415 933 1472 neque
963 1400 1257 1472 quidquam
1294 1399 1366 1455 sit
1403 1398 1548 1472 quod
1586 1399 1641 1454 in
1684 1415 1744 1456 se
1774 1399 2021 1471 recipiat,
2048 1414 2135 1455 ne-

529 1510 635 1564 quc
664 1494 909 1549 amiserit
934 1504 991 1548 nt
1038 1492 1315 1548 resumat?
1353 1491 1658 1557 Hieremus,
1695 1506 1989 1549 moramur.
2027 1490 2135 1547 Sed

530 1584 900 1655 intelligentia:
964 1592 1169 1643 nostra:
1216 1583 1585 1638 inﬁrmitatem
1633 1583 1972 1654 Evangelista
2026 1597 2135 1636 non

534 1676 760 1743 deserit,
808 1677 899 1748 qui
928 1691 1089 1747 quam
1126 1674 1569 1731 clariﬁcationem
1614 1674 1759 1730 Patri
1799 1674 1968 1729 Filius
1992 1682 2139 1731 esset

2227 469 2322 527 sed
2356 469 2555 524 nudum
2599 469 2700 529 hoc
2728 484 2835 529 non
2863 468 2985 524 facit
3018 468 3206 523 vitam.
3230 467 3364 538 Quid
3396 483 3530 539 ergo
3556 470 3820 525 connecti-

2231 563 2350 622 tur?
2382 561 2448 621 Et
2474 580 2624 631 quem
2654 563 2837 618 misisti
2863 561 3045 617 Iesum
3086 560 3369 619 Christum.
3416 559 3647 618 Debitus
3685 561 3820 617 l’atri

2229 672 2267 723 a.
2291 656 2430 723 Filio
2484 656 2660 715 honor
2706 656 2967 719 redditur,
3011 670 3135 712 cum
3189 655 3321 711 dicit
3367 664 3415 711 te
3457 656 3627 710 solum
3663 670 3822 711 verum

2230 747 2416 807 Deum.
2458 748 2578 805 Non
2616 760 2794 804 tamen
2841 761 2901 803 se
2931 746 3099 803 Filius
3126 763 3155 801 a
3186 746 3279 803 Dei
3312 746 3543 802 veritate
3579 748 3820 821 secernit,

2231 856 2357 898 cum
2383 840 2622 914 adiungit
2653 858 2667 896 :
2693 850 2739 895 et
2776 857 2922 912 quem
2955 840 3144 895 misisti
3179 837 3359 894 Iesum
3403 837 3683 897 Christum.
3718 838 3823 897 Non

2233 936 2394 993 habet
2421 934 2761 992 intervallum
2789 933 3060 993 cenl‘essio
3089 932 3557 1009 credentium,qui
3598 934 3651 988 in
3689 942 3825 988 utro-

2233 1046 2337 1104 que
2363 1044 2491 1100 spes
2519 1030 2640 1085 vitae
2669 1039 2788 1086 est:
2825 1043 2927 1083 nec
2954 1027 3096 1084 Deus
3122 1041 3282 1107 verus
3306 1026 3374 1101 ab
3401 1040 3467 1080 eo
3497 1024 3714 1090 deﬁcit,
3740 1026 3824 1096 qui

2235 1125 2291 1180 in
2327 1121 2709 1194 conjunctione
2755 1120 3017 1177 succedit.
3056 1117 3191 1183 Cum
3237 1133 3368 1188 ergo
3403 1117 3637 1191 dicitur:
3668 1116 3732 1173 Ut
3752 1134 3827 1172 r0-

2235 1225 2484 1290 gnosr-aut
2504 1226 2551 1270 te
2572 1216 2739 1270 solum
2762 1231 2937 1269 verum
2976 1214 3164 1276 Deum,
3207 1222 3253 1289 et
3282 1228 3432 1289 quem
3460 1211 3645 1291 misisti
3665 1210 3829 1273 Jesnm

2238 1304 2521 1373 Christum;
2550 1305 2651 1362 sub
2677 1304 2787 1379 58
2814 1304 2914 1360 bac
2932 1302 3355 1383 signiﬁcatione,
3377 1301 3430 1357 id
3453 1312 3565 1385 est,
3582 1302 3827 1363 mittentis

2238 1408 2292 1455 et
2310 1398 2606 1465 missi,non
2629 1396 2803 1452 Patris
2822 1408 2877 1451 et
2900 1395 3025 1471 [filii
3048 1395 3243 1451 veritas
3271 1404 3327 1453 et
3346 1394 3607 1473 divinitas
3628 1394 3832 1455 suboli-

2238 1505 2342 1562 qua
2380 1500 2473 1545 aut
2501 1489 2911 1561 signiﬁcationis
2936 1499 3029 1546 aut
3067 1487 3349 1551 dilationis
3378 1488 3698 1567 diversitate
3728 1488 3827 1545 dis-

2239 1572 2498 1649 cernitur,
2514 1581 2608 1639 sed
2625 1582 2691 1637 ad
2711 1583 2979 1654 gignentis
3004 1591 3058 1638 et
3085 1581 3254 1653 geniti
3280 1579 3675 1657 confessionem
3705 1581 3823 1640 ﬁdes

2240 1676 2521 1748 religionis
2552 1675 2855 1731 instruitur.

533 1769 843 1827 redditurus
873 1768 1132 1838 ostendit,
1171 1769 1360 1825 dicens
1391 1785 1405 1823 :
1433 1769 1579 1824 Sicut
1610 1768 1798 1823 dedisti
1826 1768 1873 1823 ei
1913 1777 2133 1836 potesta-
2164 1763 2216 1827 Β
2315 1768 2404 1825 15.
2445 1767 2589 1822 Laus
2620 1766 2750 1823 Filii
2783 1769 2896 1822 laus
2917 1777 2992 1833 est
3016 1766 3289 1824 Patris.—
3310 1766 3455 1839 Ergo
3476 1765 3720 1825 absolute
3737 1767 3824 1823 Pa-

536 1872 635 1917 tent
663 1862 832 1917 omnis
862 1862 1055 1928 carnis,
1113 1871 1169 1915 ut
1191 1877 1340 1916 omne
1364 1860 1501 1933 quod
1541 1860 1727 1917 dedisti
1755 1860 1856 1928 illi,
1887 1860 1971 1915 det
1998 1861 2044 1915 ei
2066 1860 2142 1914 ui-

538 1964 643 2019 tam
668 1963 935 2029 (sternam.
968 1953 1095 2009 Haec
1123 1963 1195 2009 est
1233 1964 1404 2008 autem
1447 1954 1549 2007 vita
1587 1962 1800 2018 (eterna,
1839 1963 1898 2009 ut
1925 1969 2143 2025 cognos-

538 2057 661 2101 cant
706 2058 753 2103 te
794 2048 965 2121 solum
1004 2063 1183 2102 verum
1234 2044 1424 2115 Deum,
1462 2054 1509 2100 et
1547 2062 1695 2117 quem
1744 2046 1927 2101 misisti
1962 2044 2143 2102 Iesum

539 2138 798 2207 Christum
848 2136 1026 2213 (Joan.
1058 2154 1192 2205 xvn,
1231 2137 1270 2192 2
1302 2148 1350 2193 et
1391 2137 1470 2209 5).
1511 2136 1855 2194 Clariﬁcatur
1891 2153 2021 2210 ergo
2050 2154 2146 2208 per

541 2228 738 2285 Filium
761 2230 943 2299 Pater,
979 2232 1032 2286 in
1055 2246 1121 2286 eo
1148 2229 1290 2301 quod
1315 2229 1434 2285 sita
1459 2228 1617 2286 nobis
1637 2229 1713 2302 (ὁ)
1739 2230 2139 2303 intelligendus.

542 2325 771 2381 Claritas
810 2334 988 2382 autem
1024 2325 1140 2382 lucc
1170 2333 1308 2394 erat,
1338 2327 1485 2399 quod
1516 2324 1585 2380 ab
1613 2341 1679 2381 eo
1712 2324 1882 2380 Filius
1910 2335 2147 2403 potesta-

545 2430 653 2474 tem
703 2421 880 2476 omnis
936 2420 1118 2478 carnis
1163 2430 1451 2499 acceperat
1485 2421 1559 2493 (e)
1605 2435 1734 2477 caro
1779 2420 1951 2476 iactus
2004 2420 2145 2490 ipse,

541 2512 685 2581 quod
717 2513 837 2567 vine
872 2514 1228 2587 aeternitatem
1272 2522 1389 2573 erat
1424 2512 1646 2568 caducis
1690 2520 1744 2568 et
1783 2512 2061 2582 corporeis
2090 2520 2147 2567 et

547 2605 868 2660 mortalibus
893 2605 1229 2685 redditurus.
1258 2606 1397 2661 Vitae
1420 2614 1601 2662 autem
1639 2614 1841 2659 nostra:
1870 2606 2149 2685 aeternitas

547 2712 658 2753 non
682 2699 1010 2779 Operationis
1032 2710 1170 2765 erat,
1198 2699 1294 2771 sed
1317 2699 1533 2754 virtutis
1560 2697 1785 2755 eﬁ'ectus
1812 2712 1966 2757 .cum
1990 2708 2150 2753 teter-

551 2790 735 2844 nitatis
761 2790 988 2862 gloriam
1019 2807 1125 2845 non
1151 2790 1264 2861 jam
1307 2789 1515 2846 molitio
1546 2805 1706 2854 nova,
1758 2788 1853 2863 scd
1905 2789 2019 2853 sola
2055 2788 2151 2844 Dei

524 2893 695 2941 .essct
721 2884 958 2954 cognitio
986 2893 1283 2953 sumptura.
1324 2884 1468 2953 Ergo
1508 2896 1619 2953 non,
1655 2882 1876 2937 claritas
1906 2882 2017 2937 Deo
2056 2883 2152 2936 ad-

547 2975 722 3040 ditur;
749 2990 924 3046 neque
963 2976 1108 3030 enim
1139 2974 1453 3031 decesserat
1485 2984 1541 3028 ut
1569 2973 1904 3029 adderetur:
1941 2974 2036 3030 sed
2059 2990 2153 3044 per

550 3068 747 3133 Filium
780 3068 1108 3139 clariﬁcatur
1140 3066 1283 3141 apud
1314 3082 1412 3127 nos
1446 3066 1748 3137 imperitos,
1775 3066 2007 3143 refugas,
2036 3082 2152 3122 sor-

2248 1870 2384 1917 trem
2414 1860 2583 1917 Filius
2604 1860 2866 1916 clariﬁcat
2895 1861 2947 1916 in
2966 1875 3034 1918 eo
3056 1860 3201 1931 quod
3230 1859 3507 1929 sequitur:
3533 1856 3643 1932 Ego
3672 1868 3717 1915 te
3737 1861 3833 1914 clo-
3922 1854 3923 1889 ἓ

2255 1954 2456 2026 riﬁcavi
2489 1970 2645 2027 super
2686 1963 2876 2010 terram
2906 1970 3057 2027 apere
3090 1964 3465 2021 consummato,
3494 1955 3633 2027 quod
3664 1954 3832 2009 dedisti

2246 2046 2377 2121 mihi
2407 2054 2459 2099 ut
2488 2046 2700 2114 faciant.
2732 2045 2874 2101 Laus
2902 2045 3080 2102 Patris
3104 2046 3284 2103 omnis
3307 2062 3338 2102 a
3387 2045 3523 2101 Filio
3561 2054 3682 2102 est:
3724 2046 3833 2118 quis

2248 2141 2303 2197 in
2333 2141 2530 2213 quibus
2579 2140 2885 2197 laudabitur
2913 2140 3108 2209 Filius,
3148 2140 3265 2196 laus
3321 2140 3428 2196 erit
3478 2140 3675 2196 Patris.
3709 2140 3834 2215 C0n~

2248 2245 2484 2293 summat
2512 2234 2656 2291 enim
2684 2235 2885 2311 omnia,
2905 2250 3026 2305 quae
3049 2234 3207 2291 Pater
3227 2232 3420 2290 voluit.
3438 2233 3535 2290 Dei
3561 2232 3726 2291 Filius
3749 2232 3827 2288 bo-

2249 2343 2340 2384 mo
2372 2328 2652 2394 nascitur;
2692 2328 2791 2383 sed
2845 2327 2941 2384 Dei
2978 2327 3030 2382 in
3074 2337 3230 2399 partu
3277 2326 3499 2403 virginis
3544 2327 3717 2383 virtus
3743 2330 3833 2383 est.

2254 2420 2352 2477 Dei
2380 2419 2549 2477 Filius
2580 2419 2745 2476 homo
2783 2420 3058 2487 cernitur;
3090 2419 3185 2477 sed
3222 2419 3364 2476 Deus
3393 2418 3449 2475 in
3473 2419 3733 2493 operibus
3753 2416 3837 2485 bo-

2259 2514 2423 2570 minis
2451 2513 2655 2571 existit.
2690 2512 2787 2571 Dci
2814 2512 2984 2569 Filius
3026 2512 3171 2568 cruci
3212 2512 3423 2585 ﬁgitur;
3463 2512 3561 2569 sed
3598 2513 3650 2567 in
3696 2525 3838 2568 cruce

2252 2605 2488 2662 hominis
2517 2615 2745 2664 mortem
2780 2606 2921 2665 Deus
2944 2606 3126 2663 vincit.
3156 2605 3405 2663 Christus
3429 2607 3521 2662 Dei
3542 2605 3710 2662 Filius
3734 2620 3835 2659 mo-

2253 2700 2425 2765 ritur;
2458 2698 2553 2756 sed
2575 2700 2752 2756 omnis
2781 2713 2910 2755 caro
2960 2698 3261 2757 viviﬁcatur
3299 2700 3352 2755 in
3375 2698 3619 2756 Christo.
3648 2698 3738 2754 Dei
3765 2696 3815 2752 Fi

2252 2791 2357 2847 lius
2382 2792 2435 2846 in
2468 2790 2656 2855 inieris
2676 2800 2793 2858 est;
2836 2791 2936 2849 sed
2959 2791 3122 2849 homo
3166 2792 3399 2865 refertur
3446 2791 3519 2847 ad
3541 2790 3758 2863 celum.
3792 2788 3839 2845 la
3924 2796 3925 2851 ἢ

2253 2892 2512 2954 quantum
2536 2884 2652 2941 lucc
2676 2884 3036 2943 laudabuntur
3064 2884 3118 2940 in
3144 2882 3387 2959 Christo.
3420 2891 3569 2941 tanto
3593 2884 3714 2955 plus
3744 2883 3841 2941 latr
3924 2912 3925 2923 ι

2255 2975 2340 3031 dis
2375 2991 2406 3030 a
2435 2991 2543 3046 quo
2571 2974 2818 3032 Christus
2858 2976 3002 3032 Deus
3029 2984 3113 3031 est
3138 2988 3523 3051 consequetur.
3560 2974 3657 3046 His
3701 2974 3840 3055 igitur

2257 3068 2432 3135 modis
2454 3068 2616 3124 Pater
2642 3068 2836 3123 Filium
2860 3066 3125 3124 clariﬁcat
3150 3084 3313 3149 super;
3338 3077 3577 3129 terram:
3618 3082 3840 3143 rursum-

551 3161 729 3227 didos,
762 3159 839 3233 (ά)
865 3163 982 3216 sine
1009 3176 1106 3231 spe
1134 3169 1394 3224 mortuos,
1426 3160 1544 3215 sine
1572 3161 1691 3232 lege
1717 3161 2036 3233 tenebrosos
2060 3180 2074 3228 ;
2100 3173 2154 3221 ct
2178 3151 2226 3217 C
2261 3177 2363 3231 que
2383 3160 2553 3217 Filius
2575 3160 2893 3237 ignorationi
2913 3162 3154 3231 gentium
3182 3171 3238 3227 et
3262 3161 3504 3239 stultitia:
3524 3161 3729 3231 saeculi,
3759 3175 3836 3228 rer

555 3251 884 3307 clariﬁcatur
916 3267 1009 3321 per
1036 3251 1109 3317 id,
1137 3252 1281 3322 quod
1305 3251 1374 3305 ab
1404 3267 1469 3307 eo
1496 3251 1665 3317 Filius
1695 3262 2023 3327 potestatem
2048 3270 2159 3327 oru-

556 3345 640 3398 nis
671 3343 855 3397 carnis
884 3342 1177 3414 acceperit,
1206 3343 1367 3397 vitam
1401 3343 1452 3398 ei
1488 3352 1744 3411 attentam
1775 3322 2023 3421 daturus:
2054 3345 2159 3401 Per

557 3437 673 3492 haec
705 3436 866 3510 igitur
890 3436 1007 3491 Filii
1036 3452 1201 3517 opera
1237 3437 1569 3493 clarilicatur
1610 3438 1787 3507 Pater.
1822 3438 2005 3509 Itaque
2035 3456 2156 3494 cum

555 3529 741 3597 omnia
761 3527 926 3605 Filius
956 3530 1186 3597 accepit,
1215 3527 1539 3605 cl‘ariﬁcatus
1565 3543 1597 3583 a
1626 3527 1786 3583 Patre
1813 3539 1895 3583 est
1915 3548 1927 3591 ;
1951 3539 2005 3584 et
2030 3546 2157 3585 eon-

556 3629 639 3674 tra
666 3604 994 3697 clariﬁcatur
1024 3622 1202 3687 Pater,
1224 3604 1348 3675 cum
1378 3619 1513 3674 ﬁunt
1534 3622 1789 3695 universa
1818 3636 1915 3691 per
1936 3622 2163 3689 Filium.

556 3711 629 3768 Et
667 3712 886 3767 claritas
912 3721 1133 3783 accepta
1165 3711 1346 3786 sic(2)
1382 3711 1642 3779 redditur,
1679 3713 1902 3785 utquod
1939 3714 2158 3770 clarita-

560 3804 629 3858 tis
655 3803 705 3857 in
744 3802 885 3857 Filio
912 3810 1015 3861 est.
1063 3801 1116 3857 id
1165 3786 1337 3859 totum
1369 3802 1589 3859 claritas
1617 3803 1790 3859 Patris
1839 3804 1909 3859 sit
1938 3823 1950 3859 :
1977 3805 2099 3879 quia
2130 3821 2162 3863 a

565 3893 728 3950 Patre
769 3894 982 3963 accepit
1012 3893 1227 3960 omnia;
1268 3894 1394 3965 quia
1443 3892 1618 3951 honor
1649 3894 1958 3952 famulantis
1987 3897 2059 3969 (e)
2104 3898 2158 3954 in

562 3987 828 4042 honorem
875 3984 1139 4043 mittentis
1178 3993 1285 4055 est,
1309 3994 1369 4041 ut
1397 3985 1572 4041 honor
1597 3985 1873 4069 gignentis
1896 3989 1948 4045 in
1991 3986 2163 4045 bono-

560 4095 677 4159 rem
705 4080 980 4136 nascentis
1006 4089 1113 4136 est.

634 4172 771 4229 “.8
774 4190 864 4245 pes
891 4174 1009 4229 vita:
1028 4190 1131 4229 non
1150 4173 1204 4228 in
1224 4173 1333 4229 solo
1350 4173 1526 4243 Patre,
1548 4174 1641 4230 sed
1660 4185 1705 4229 et
1726 4174 1779 4230 in
1803 4174 1958 4251 Filio.
1984 4175 2164 4251 Missio

561 4283 669 4324 non
698 4277 957 4335 naturam,
989 4266 1080 4325 sed
1106 4283 1351 4345 personas
1376 4267 1718 4323 discriminat.
1751 4298 1823 4310 -—
1843 4250 1948 4323 Sed
1978 4269 2028 4323 in
2055 4250 2164 4342 quo

567 4358 783 4439 tandem
814 4360 1090 4429 aeternitas
1121 4357 1246 4412 vita:
1275 4359 1396 4414 est?
1421 4359 1510 4414 Ait
1540 4359 1657 4430 ipse
1684 4378 1696 4413 :
1749 4359 1818 4417 Ut
1856 4372 2162 4433 cognoscant

564 4464 611 4507 te
660 4453 829 4507 solum
876 4467 1058 4515 verum.
1084 4450 1361 4517 Deum;et
1386 4468 1530 4520 quem
1556 4454 1745 4508 misisti
1783 4455 1959 4512 Iesum
1982 4453 2163 4513 Chris-

2262 3254 2331 3325 (ί)
2360 3252 2617 3311 virtutum
2664 3267 2882 3308 suarum
2929 3267 3124 3322 opera,
3156 3267 3280 3333 eum
3330 3267 3397 3309 ex
3455 3267 3565 3324 quo
3620 3263 3704 3315 cst.
3745 3253 3841 3322 ipse

2262 3348 2541 3419 clariﬁcat.
2574 3347 2643 3403 Et
2672 3350 2787 3403 haec
2817 3347 3067 3418 quidem.
3090 3347 3495 3415 clariiiCatiOnis
3547 3347 3840 3404 vicissitudo

2263 3454 2379 3515 non,
2403 3440 2638 3509 pertinet
2658 3440 2724 3494 ad
2741 3439 3035 3495 divinitatis
3058 3438 3381 3513 protectum,
3407 3438 3586 3503 sedad
3604 3440 3842 3495 honorent

2264 3548 2386 3589 cum
2417 3532 2508 3604 qui
2548 3548 2615 3587 cx
2669 3531 2978 3604 cognitione
3034 3532 3394 3602 ignorantium
3444 3533 3841 3603 suscipiebatur.
3926 3542 3927 3597 γ

2263 3624 2380 3694 Quo
2404 3626 2549 3681 enim
2580 3623 2740 3680 Pater
2766 3639 2875 3681 non
2922 3625 3254 3697 abundabat,
3281 3641 3349 3685 ex
3401 3641 3512 3701 quo
3571 3636 3697 3683 sunt
3743 3642 3841 3681 om-

2265 3718 2387 3775 nia?
2422 3718 2513 3789 γει
2543 3717 2670 3789 quid
2694 3716 2838 3774 Filio
2860 3719 3080 3784 deerat,
3107 3720 3161 3775 in
3188 3734 3296 3792 quo
3324 3720 3729 3793 complacuerat
3749 3734 3845 3779 our

2266 3825 2389 3866 nem
2437 3809 2830 3881 plenitudinem
2858 3810 3156 3869 divinitatis
3206 3798 3487 3875 habitare?
3519 3813 3661 3885 Ergo
3690 3812 3844 3869 clari—

2268 3902 2459 3959 ﬁcatur
2490 3902 2649 3959 Pater
2676 3904 2732 3959 in
2762 3911 2932 3971 terra,
2962 3903 3088 3976 quia
3120 3919 3258 3975 opus
3286 3904 3404 3977 ejus
3428 3905 3576 3979 quod
3597 3904 3846 3967 mandavit

2265 3994 2519 4053 efﬁcitur.

2340 4088 2427 4145 16.
2463 4087 2630 4157 Quam
2652 4086 2939 4144 claritatem
2968 4104 3000 4142 a
3030 4087 3187 4143 Patre
3206 4097 3457 4159 exspectet
3481 4086 3749 4145 Filius.—
3771 4087 3846 4143 Vi.

2265 4181 2492 4238 deamus
2514 4180 2639 4252 quid
2664 4179 2832 4236 Filius
2857 4195 2888 4236 a
2912 4180 3073 4237 Patre
3099 4180 3507 4236 clarilicationis
3550 4189 3844 4254 exspectet:

2267 4282 2325 4335 et
2348 4274 2653 4330 absolutum
2683 4283 2785 4328 est.
2808 4271 2943 4335 Nam
2973 4271 3055 4343 (3)
3085 4273 3140 4327 in
3178 4272 3586 4328 continentibus
3614 4284 3725 4330 est:
3749 4270 3846 4343 Ego

2269 4378 2316 4423 te
2344 4367 2625 4438 clari/icavi
2652 4382 2802 4438 super
2829 4375 3039 4429 terram,
3071 4379 3200 4436 apus
3229 4365 3581 4419 consummavi
3608 4365 3746 4438 quod
3771 4364 3844 4417 de-

2268 4462 2388 4517 disti
2416 4462 2541 4516 mihi
2570 4472 2624 4516 ut
2663 4463 2926 4534 facerem:
2964 4471 3011 4515 et
3033 4476 3170 4514 nunc
3199 4459 3430 4529 clari/ica
3451 4476 3553 4530 me,
3578 4460 3655 4535 (4)
3681 4458 3843 4524 Pater,

564 4524 847 4637 tumdQ'uas
877 4545 964 4619 hic
1007 4522 1381 4601 difﬁcultatum
1423 4548 1750 4617 qutestiones
1792 4558 1937 4631 sunt,
1967 4560 2021 4606 et
2047 4567 2166 4625 qua:
2191 4548 2246 4631 ῌ
2271 4552 2414 4633 apud
2453 4522 2773 4625 temetipsum
2801 4567 2861 4607 ea
2903 4551 3138 4608 claritate
3166 4522 3550 4629 quam'habui,’
3569 4522 3845 4633 priusquam

636 4706 715 4781 (t)
756 4704 815 4761 lo
836 4718 993 4781 mss.
1009 4701 1161 4773 prius
1204 4700 1513 4773 repetenda,
1565 4701 1763 4760 deinde
1799 4720 1867 4761 ex
1905 4709 2162 4766 emenda-

559 4777 731 4844 tione,
757 4777 1060 4847 referenda.

635 4843 722 4922 (2)
755 4843 824 4905 ln’
842 4856 1030 4903 nostro
1048 4843 1237 4902 codice
1258 4859 1326 4902 ex
1353 4844 1588 4917 antiqua:
1612 4860 1804 4904 manus
1822 4850 2161 4910 emendatio-

629 4985 712 5058 (a)
750 4983 807 5039 In
851 4980 1105 5058 vulgatis,
1146 4979 1421 5058 dandaeet
1458 4982 1770 5058 referendas.
1801 4984 1866 5058 In»
1891 5002 2013 5058 uno
2059 5004 2159 5058 ms.

556 5044 793 5124 Sorh'on.
825 5044 1011 5108 dandae
1031 5061 1078 5107 et
1090 5044 1431 5124 recipiendas.
1458 5044 1531 5107 lu'
1550 5044 1828 5110 nOnn‘ullis
1854 5056 1997 5123 aliis,
2032 5044 2165 5115 dan:-

558 5138 641 5188 αω
665 5120 1037 5203 etrepetendw.
1062 5120 1337 5203 §incerior
1359 5124 1521 5199 nobis
1537 5124 1657 5199 visa
1673 5137 1756 5203 est
1778 5126 1953 5203 lectio:
1967 5120 2164 5203 vetusti

561 5200 763 5260 codicis
792 5194 1112 5251 Colbertini'.
1208 5196 1217 5209 ‘
1510 5194 1519 5199 '
1650 5194 1653 5199 '
1725 5198 1757 5217 δ’
1847 5194 1950 5213 «η
2050 5194 2151 5219 ιη.

631 5274 715 5353 (ὁ),
742 5267 1040 5353 ln‘excusis
1074 5265 1163 5350 hic
1200 5266 1417 5353 additur
1446 5283 1547 5353 per
1584 5268 1775 5353 ﬁlium)
1821 5272 1969 5353 quod
1988 5266 2167 5352 ‘abtts‘t

558 5362 589 5401 a
617 5337 746 5399 tntis.
775 5339 959 5408 Neque
983 5352 1113 5393 vero
1136 5337 1199 5415 in
1235 5340 1562 5415 evangelicis
1585 5337 1808 5415 Verbis,
1832 5337 2166 5415 aiu‘dognosj-

560 5422 775 5487 cantte,
806 5420 949 5476 etc.;
992 5418 1113 5487 quae
1136 5409 1223 5463 hic
1249 5409 1604 5487 exuli-cantur,
1635 5409 1812 5487 exstat
1845 5422 1936 5487 per
1962 5409 2163 5487 ᾑᾶιςημςτ

559 5485 705 5556 quod
746 5488 919 5552 neque
946 5480 1031 5535 ‘ad
1081 5482 1521 5556 seopum‘llilarii
1538 5480 1817 5556 pertinet.
1836 5480 1972 5556 'Yult'
1990 5480 2136 5556 e‘idm

566 5530 1100 5635 tmasragagan;
1115 5530 2162 5635 *εῑδίῖῇιίίιζξί-τλᾳτάειῖέέπιξιῑ»ιῑῖξκςῖρξιξξίί

564 5632 740 5703 reret;
774 5623 898 5703 quia
928 5622 1055 5673 tunc
1099 5622 1478 5703 clariﬁca‘ndus
1517 5622 1775 5703 e'st,_cuip
1814 5645 1845 5684 a
1872 5622 2037 5703 sese
2067 5641 2161 5703 gest

2267 4725 2353 4774 ne,
2382 4712 2456 4767 sic
2468 4711 2714 4766 creditur.

2366 4785 2421 4855 5)
2465 4782 2528 4855 [η
2551 4781 2993 4855 consequentibus:

2367 4852 2423 4929 4)
2464 4854 2547 4911 Tu
2571 4852 2755 4921 Pater,
2787 4865 2845 4909 ut
2876 4854 2929 4909 in
2952 4852 3143 4910 Graeco
3168 4862 3317 4911 textu
3345 4864 3507 4926 atque
3546 4854 3784 4929 Vulgata.

2346 4992 2418 5065 (e)
2444 4992 2526 5047 lta
2554 5002 2709 5049 vetus
2728 4993 2905 5050 codex
2928 4991 3088 5067 Golb.
3118 4992 3405 5067 cuit‘aveﬂl
3430 4998 3634 5067 aleris
3666 4998 3718 5053 ίη
3741 4995 3847 5064 (1³⁸⁵·

2270 5062 2535 5141 b‘us,'c‘aro
2562 5077 2734 5141 autem
2772 5066 3089 5141 factus_ipse
3129 5069 3268 5136 quod
3305 5062 3384 5141 (in
3427 5064 3567 5141 Vict.
3606 5062 3715 5141 qui)
3749 5062 3849 5129 itin

2270 5135 2633 5213 aternitatem;
2695 5135 2850 5193 At’in
2881 5137 3061 5204 editis,
3110 5135 3229 5192 caro
3255 5135 3390 5193 enim
3413 5137 3581 5208 [actus
3617 5135 3727 5213 ipse
3751 5147 3848 5193 vita:

2269 5210 2627 5279 aeternitatem.

2342 5296 2423 5375 (fi)
2467 5299 2597 5375 ΒΜ.
2621 5310 2677 5361 et
2711 5300 2805 5357 Er.
2832 5301 2945 5375 siue
2979 5300 3168 5370 spiritu
3194 5311 3471 5375 emortuos.
3517 5301 3579 5358 In
3625 5318 3728 5363 uno
3756 5314 3845 5357 uis.

2270 5362 2424 5427 οοῑιῑ.
2453 5373 2564 5425 sine
2586 5388 2678 5442 spe
2707 5374 3007 5427 morituros.

2339 5461 2416 5533 (e)
2440 5462 2513 5518 Ita
2547 5480 2686 5520 unus
2715 5465 2890 5520 codex
2913 5465 3071 5522 Colb.
3105 5464 3210 5522 Alii
3233 5480 3364 5522 vero
3384 5465 3509 5523 libri
3533 5467 3622 5524 hic
3642 5476 3692 5524 et
3716 5477 3845 5543 mox.

2263 5533 2319 5587 in
2352 5536 2568 5588 honore.
3036 5542 3057 5557 "
3342 5540 3365 5555 "
3510 5542 3515 5547 ⁷

2421 5550 2568 5590 nare.
3036 5550 3057 5557 ’⁷
3362 5550 3365 5555 ⁴

2339 5623 2410 5713 (Ο
2428 5623 2733 5713 Na“???
2772 5627 3008 5713 δθξῖιῖςεφ
3031 5627 3243 5713 codex,
3279 5645 3370 5705 per
3395 5630 3641 5713 virtutem
3658 5639 3847 5713 sgnum

564 5686 964 5791 intelligendus,
1007 5704 1108 5747 nec
1153 5686 1444 5781 quidquam
1482 5686 2159 5791 eiadjipitShsec'éogn‘itio
2260 5686 2636 5791 ερᾶίέιῄοηωὴῖ
2661 5692 2881 5767 carnut.
3061 5686 3848 5785 υξῗὶᾳρῖὶιηᾷνέιᾶὶῃᾳηξίίῤῥέτᾳιξὸ-

565 5778 772 5824 ηοειτει.

2259 5766 2395 5853 ἠέρι·
