3960 6202
132 303 189 364 35
1305 289 1396 359 DE
1432 288 1813 361 ΤΒΙΝΙΤΛΤΕ
1847 287 2056 357 LIBER
2094 288 2191 355 ill.
3343 300 3414 357 88

135 416 333 474 mandas
360 420 509 493 esset,
537 412 685 493 apud
713 408 1129 484 tc.Manifestavi
1154 425 1338 469 nomen
1370 416 1515 469 tuum
1538 408 1701 473 homi-
1730 409 1785 483 Α
1806 408 2066 473 rabatnr?
2095 408 2213 475 Hoc,
2249 406 2463 485 Moyses
2494 408 2562 475 de
2605 409 2747 471 rubo.
2770 408 3000 483 audivit,
3030 413 3143 479 hac,
3186 414 3416 483 Genesis

140 511 265 566 nibus
294 506 430 583 (Job.
466 521 602 575 avn,
634 504 715 578 4).
764 502 1027 579 Operibus
1055 517 1186 574 ergo
1215 501 1341 557 Filii
1376 501 1702 560 clarificatus

140 611 212 661 est
240 602 413 670 Pater:
442 598 570 669 dum
611 598 753 654 Deus
780 611 901 652 esse
937 594 1434 668 intelligitur,.dum
1460 594 1556 651 Dei
1579 595 1701 659 uni-

141 694 284 768 geniti
312 700 457 766 pater
483 689 881 756 manifestatur,
930 687 1057 751 dum
1086 687 1152 745 ad
1197 687 1428 744 salutem
1461 695 1705 753 nostram

139 791 285 847 lilium
311 802 457 845 suum
482 787 644 841 etiam
692 799 760 840 ex
783 784 989 856 virgine
1029 791 1216 839 natum
1260 788 1385 840 esse
1426 780 1701 839 hominem

138 884 304 945 voluit.
326 882 377 937 in
403 894 509 961 quo
530 879 819 950 explentur
847 892 909 932 ea
940 876 1121 931 omnia
1174 875 1230 930 in
1257 875 1531 946 passione,
1578 890 1701 945 qua:

142 977 203 1032 de
229 985 368 1049 partu
395 971 612 1044 virginis
639 979 816 1041 coepta
847 977 992 1024 sunt.
1038 967 1225 1038 Itaque
1262 966 1386 1038 quia
1430 966 1524 1022 Dei
1561 966 1703 1021 ﬁlius

140 1085 199 1127 ex
234 1069 365 1124 omni
411 1064 484 1138 (α)
511 1079 615 1136 qua
662 1072 747 1118 est
775 1071 933 1133 parte
979 1059 1273 1132 perfectus,
1305 1067 1361 1117 et
1396 1068 1521 1114 ante
1542 1074 1709 1123 omne

139 1171 328 1235 tempus
353 1160 401 1213 in
423 1154 718 1212 divinitatis
750 1152 1086 1226 plenitudine
1138 1160 1321 1220 natus,
1347 1164 1491 1207 nunc
1519 1165 1549 1205 a
1576 1164 1700 1206 car-

137 1254 212 1308 nis
252 1267 351 1307 suae
372 1249 571 1323 origine
592 1248 780 1315 homo,
820 1245 1300 1309 consummabatur
1328 1241 1397 1298 ad
1427 1253 1682 1308 mortem;

137 1343 390 1407 clariﬁcari
415 1356 473 1397 se
494 1339 637 1410 apud
671 1340 839 1395 Deum
861 1338 1120 1413 postulat,
1152 1336 1292 1391 sicut
1326 1336 1543 1392 Patrem
1576 1336 1692 1406 ipse

136 1435 432 1491 clariﬁcabat
457 1433 508 1493 in
541 1433 732 1487 terris:
757 1432 883 1502 quia
907 1440 1018 1485 tum
1045 1429 1140 1486 Dei
1185 1430 1412 1484 virtutes
1442 1429 1700 1501 ignoran-

134 1532 167 1585 ti
180 1529 355 1585 saeenlo
368 1526 797 1584 clarificabantur
814 1526 867 1581 in
880 1540 1063 1591 carne.
1082 1523 1355 1598 59Nunc
1379 1534 1557 1583 autem
1574 1523 1718 1604 quid.

136 1632 206 1680 est
230 1621 360 1695 quod
386 1620 521 1693 apud
563 1620 781 1676 Patrem
840 1617 914 1691 (b)
953 1616 1357 1677 clariﬁcationis
1383 1616 1702 1685 etSpeetet?

136 1720 315 1789 Nempe
343 1717 438 1773 hoc
461 1715 605 1789 quod
628 1714 818 1770 habuit
842 1711 984 1784 apud
1010 1727 1154 1780 eum,
1191 1710 1339 1780 prius
1360 1725 1519 1781 quam
1547 1726 1699 1777 mun-

1807 502 1862 559 in
1892 503 2114 565 exordio
2167 503 2339 563 creati
2364 503 2512 565 orbis
2541 504 2831 573 nuntiavit,
2874 506 2978 571 hoc
3004 507 3095 575 lex
3139 512 3415 582 exposuit,

1804 595 2084 667 propheta:
2112 596 2489 674 praetulerunt,
2526 596 2778 654 homines
2799 597 2853 657 in
2885 598 2969 664 his
3011 601 3201 666 mundi
3228 603 3411 675 operi.

1806 687 1908 745 bus
1937 697 2256 754 senserunt,
2303 697 2493 761 gentes
2548 691 2710 746 etiam
2775 693 3089 752 mentiendo
3138 706 3415 761 veneratae

1812 790 1969 851 sunt;
1997 797 2107 839 non
2127 797 2257 856 ergo
2278 782 2626 854 ignorabatur
2649 783 2744 841 Dei
2768 799 2988 847 nomen.
3016 785 3090 860 (ε)
3113 787 3223 849 Sed
3247 790 3408 861 plane

1806 877 2175 948 ignorabatur.
2224 876 2360 934 Nam
2406 878 2572 943 Deum
2602 893 2763 937 nemo
2790 879 2982 948 noscit,
3016 881 3121 938 nisi
3144 882 3407 943 conﬁtens

1807 978 1895 1029 tur
1916 980 1971 1029 et
1992 972 2207 1029 Patrem
2237 980 2444 1042 patrem
2477 972 2735 1043 unigeniti
2760 972 2879 1039 filii,
2914 985 2970 1029 et
2988 974 3186 1035 Filium
3208 991 3319 1037 non
3340 978 3409 1036 de

1803 1063 2076 1134 portione.
2110 1061 2180 1135 (ί)
2210 1071 2302 1121 aut
2339 1062 2673 1129 dilatatione,
2702 1074 2795 1125 aut
2836 1066 3168 1133 emissione;
3218 1068 3313 1125 sed
3340 1084 3409 1125 ex

1807 1169 1872 1210 eo
1913 1163 2101 1213 natum
2148 1153 2611 1222 inenarrabiliter,
2652 1154 3291 1227 incompreliensibiliter,
3349 1170 3409 1215 ut

1807 1245 1975 1302 ﬁlium
2006 1263 2036 1301 a
2076 1256 2247 1316 patre,
2288 1245 2683 1318 plenitudinem
2716 1248 3017 1307 divinitatis
3046 1267 3112 1307 ex
3139 1267 3249 1322 qua
3279 1261 3332 1308 et
3357 1254 3411 1309 in

1806 1356 1913 1411 qua
1936 1350 2093 1396 natus
2118 1340 2231 1415 σο
2250 1350 2333 1394 est
2353 1340 2710 1407 obtinentem,
2740 1357 2927 1403 verum
2968 1351 3024 1398 et
3059 1342 3327 1403 infinitum
3355 1354 3414 1402 et

1809 1435 2109 1507 perfectum
2139 1436 2307 1491 Deum
2333 1452 2347 1499 ;
2378 1433 2501 1490 haec
2526 1434 2672 1493 enim
2717 1435 2812 1492 Dei
2839 1445 2921 1495 est
2945 1438 3241 1507 plenitudo.
3274 1438 3409 1499 Nam

1811 1526 1856 1580 si
1891 1525 2085 1585 horum
2105 1525 2304 1596 aliquid
2329 1525 2521 1591 deerit,
2536 1525 2651 1596 jam
2670 1540 2776 1585 non
2796 1526 2902 1593 erit
2922 1528 3220 1597 plenitudo,
3250 1546 3411 1600 quam

1808 1618 1862 1674 in
1888 1633 1955 1676 eo
2003 1617 2248 1680 habitare
2272 1616 2833 1690 complacuit(Coloss.
2857 1634 2898 1687 ι,
2924 1620 3039 1691 19).
3058 1621 3171 1678 Hoc
3193 1638 3229 1685 a
3274 1623 3417 1681 Filio

1806 1712 2267 1783 praedicatur,hoc
2305 1712 2677 1783 ignorantibus
2702 1712 3097 1781 manifestatur;
3129 1717 3208 1775 sic
3249 1717 3413 1779 clari-

140 1814 225 1869 dus
251 1821 399 1869 esset.
436 1808 725 1881 ﬂabuit(c)
754 1805 1143 1879 plenitudinem
1174 1802 1501 1871 divinitatis;
1532 1812 1692 1876 atque
1724 1812 1773 1873 B
1801 1805 1990 1863 ficalur
2004 1804 2309 1876 perFilium
2323 1804 2499 1871 Pater,
2517 1819 2639 1861 cum
2665 1813 2817 1875 pater
2829 1805 2921 1861 lilii
2939 1806 3059 1875 talis
3075 1808 3404 1879 agnoscitur.

134 1906 293 1972 habet,
334 1920 558 1976 namque
586 1903 680 1959 Dei
724 1901 883 1957 lilins.
916 1899 1023 1957 Sed
1056 1900 1146 1970 qui
1176 1906 1295 1955 erat
1323 1899 1416 1955 Dei
1446 1898 1609 1963 ﬁlius,
1644 1906 1701 1955 et

132 2000 228 2073 (ceu
252 1998 423 2070 etiam)
472 1996 710 2053 hominis
738 2000 981 2064 coeperat
1005 2006 1127 2048 esse
1168 1990 1343 2058 ﬁlius;
1390 1999 1508 2047 erat
1552 1991 1699 2049 enim

138 2093 340 2149 Verbum
367 2107 494 2150 caro
522 2091 747 2146 factum.
797 2087 916 2143 Non
966 2086 1222 2142 amiserat
1252 2084 1394 2156 quod
1438 2092 1573 2150 erat,
1603 2084 1701 2141 sed

129 2196 334 2258 ceperat
359 2201 479 2251 esse
517 2183 661 2256 quod
691 2198 797 2238 non
826 2192 979 2250 erat;
1006 2196 1113 2235 non
1145 2179 1213 2237 de
1254 2195 1355 2234 suo
1393 2178 1694 2249 destiterat,

132 2279 207 2335 sed
229 2276 360 2351 quod
412 2285 660 2347 nostrum
706 2282 791 2331 est
833 2280 1146 2353 acceperat:
1196 2271 1496 2343 profectum
1526 2273 1695 2341 (puta,

137 2371 353 2427 humana:
381 2369 613 2437 naturae)
640 2367 691 2423 ei
717 2366 857 2438 quod
898 2366 1129 2438 accepit,
1161 2364 1281 2435 ejus
1307 2365 1566 2421 claritatis
1607 2380 1699 2427 ex:

131 2466 334 2534 postulat
357 2464 500 2520 unde
524 2477 636 2520 non
664 2461 889 2519 destitit.
923 2461 1064 2531 Ergo
1086 2459 1207 2532 quia
1240 2456 1405 2514 Filius
1438 2456 1696 2529 Verbum,

131 2570 173 2613 et
193 2557 410 2631 Verbum
443 2572 571 2612 caro
620 2555 841 2620 factum,
871 2563 925 2610 et
949 2553 1092 2609 Deus
1121 2551 1384 2620 Verbum,
1414 2559 1468 2607 et
1494 2550 1598 2607 hoc
1643 2551 1700 2606 in

130 2650 365 2723 principio
407 2649 548 2721 apud
580 2649 773 2715 Deum,
820 2654 877 2707 et
919 2645 1160 2703 Verbum
1202 2654 1328 2705 ante
1358 2645 1699 2711 constitutio-

128 2758 231 2799 nem
255 2743 433 2801 mundi
481 2741 686 2805 Filius:
714 2740 886 2798 Filius
913 2754 1057 2794 nunc
1110 2753 1239 2799 caro
1283 2738 1457 2797 factus
1487 2738 1699 2807 orabat,

130 2846 176 2892 ul
207 2838 299 2895 hoc
336 2838 479 2899 Patri
504 2851 634 2893 caro
662 2834 746 2909 (ά)
794 2833 1059 2904 inciperet
1087 2846 1212 2889 esse
1234 2832 1380 2905 quod
1423 2832 1697 2901 Verbum;

134 2937 181 2982 ut
200 2928 272 2999 id,
292 2928 429 3001 quod
460 2929 529 2985 de
567 2936 810 2997 tempore
850 2934 988 2995 erat,
1018 2925 1247 2996 gloriam
1274 2924 1392 2996 ejus
1421 2940 1542 2996 quae
1584 2925 1703 2983 sine

134 3028 348 3090 tempore
386 3028 469 3076 est
513 3019 779 3076 claritatis
806 3018 1114 3089 acciperet;
1145 3025 1203 3071 ut
1232 3016 1287 3070 in
1318 3016 1412 3072 Dei
1446 3015 1698 3071 virtutem

134 3123 177 3168 et
204 3114 408 3184 spiritus
436 3111 896 3183 incorruptionem
944 3108 1330 3165 transformata
1371 3109 1550 3163 carnis
1577 3123 1699 3164 cor-

1885 1897 1971 1955 18.
2017 1896 2321 1957 Nativitatis
2346 1912 2458 1955 suae
2486 1895 2645 1967 ﬁdem
2675 1894 2912 1963 Christus
2939 1898 3063 1968 fecit
3088 1900 3260 1970 gestis.
3309 1899 3413 1956 Di-

1801 1989 1919 2047 vina
1945 1990 2067 2061 quia
2087 2006 2189 2045 non
2217 1989 2428 2060 capiunt
2457 1998 2699 2063 negantes
2729 1990 3177 2063 obiurgantur.—
3204 1991 3409 2053 Valens

1803 2084 1983 2155 itaque
2009 2082 2177 2140 Filius
2208 2082 2369 2154 hujus
2402 2083 2698 2141 nativitatis
2722 2098 2837 2143 sua:
2865 2083 3024 2141 (idem
3065 2083 3266 2152 facere,
3300 2085 3413 2147 fae—

1804 2184 1983 2233 torum
2022 2193 2244 2245 suorum
2264 2176 2422 2233 nobis
2449 2176 2530 2251 (9)
2552 2177 2737 2249 posuit
2762 2177 3071 2249 exemplum
3094 2186 3155 2234 ut
3183 2194 3278 2250 per
3299 2180 3417 2239 inea

1804 2268 2153 2339 narrabilium
2174 2278 2453 2341 gestorum
2478 2283 2700 2333 suorum
2725 2269 3143 2331 inenarrabilem
3171 2272 3413 2331 efﬁcien.

1803 2365 1934 2423 tiam
1963 2365 2033 2421 de
2060 2365 2259 2436 virtute
2303 2364 2603 2428 nativitatis
2631 2364 3012 2429 inenarrabilis
3048 2365 3405 2427 doceremur:

1803 2476 1927 2518 cum
1949 2475 2089 2532 aqua
2126 2460 2186 2515 ﬁt
2234 2460 2452 2529 vinum,
2486 2474 2609 2521 cum
2656 2459 2893 2537 quinque
2932 2474 3100 2531 panes
3157 2463 3413 2519 saturatis

1805 2556 2045 2629 quinque
2094 2554 2330 2619 millibus
2373 2554 2634 2621 virorum,
2706 2561 2939 2623 excepto
2991 2569 3127 2611 sexu
3177 2563 3234 2613 et
3267 2564 3397 2613 teta-

1805 2661 1859 2710 te
1909 2652 2112 2723 reliqua
2145 2693 2160 2718 ,
2215 2651 2427 2722 replent
2495 2648 2811 2721 fragmentis
2873 2650 3137 2723 cophinos
3207 2650 3411 2707 duode-

1803 2747 1931 2804 cim.
1976 2745 2087 2804 Res
2127 2744 2387 2814 cernitur,
2436 2753 2492 2801 et
2544 2744 2819 2811 nescitur;
2870 2745 2932 2801 fit
2976 2754 3034 2801 et
3080 2761 3191 2802 non
3244 2746 3409 2811 inici.

1804 2840 2018 2912 ligitur:
2069 2838 2208 2897 ratio
2236 2853 2343 2903 non
2371 2835 2815 2907 apprehenditur,
2871 2845 2927 2893 et
2978 2835 3207 2893 etractus
3253 2838 3406 2908 inge-

1801 2932 1956 2991 ritur.
2001 2930 2238 2988 Stultum
2263 2936 2348 2984 est
2386 2937 2590 2995 autem,
2639 2927 2966 2985 calumniam
3016 2927 3074 2983 in
3115 2942 3182 2984 eo
3229 2927 3408 2998 inqui-

1806 3025 2016 3081 sitionis
2059 3021 2365 3087 intendere,
2400 3021 2543 3093 quod
2585 3019 2973 3092 comprehendi
3007 3019 3063 3087 id
3088 3019 3239 3091 unde
3258 3035 3412 3093 qua:-

1805 3117 1961 3181 ritur,
1994 3131 2093 3187 per
2120 3124 2365 3170 naturam
2393 3128 2544 3183 suam
2575 3129 2683 3167 non
2714 3120 2912 3184 potest.
2940 3112 3173 3170 Utenim
3196 3098 3415 3183 inenar-

133 3207 285 3276 rvptio
302 3207 706 3262 absorberetur.
745 3204 875 3260 Hace
908 3203 1090 3274 itaque
1117 3202 1289 3257 oratio
1313 3202 1378 3256 ad
1404 3201 1572 3257 Deum
1594 3209 1698 3271 est,
1731 3212 1778 3276 α
1808 3209 1994 3266 rabilis
2031 3214 2117 3267 est
2138 3208 2298 3262 Pater
2320 3207 2372 3262 in
2404 3222 2471 3263 eo
2509 3207 2651 3277 quod
2684 3192 2954 3279 ingenitus
2976 3216 3097 3273 est;
3145 3207 3218 3275 ita
3247 3223 3415 3267 enare

134 3298 185 3355 ad
206 3301 399 3357 Patrem
423 3301 542 3356 haec
570 3298 844 3354 confessio
873 3296 994 3352 Filii
1018 3304 1122 3363 est,
1156 3295 1270 3351 haec
1297 3297 1479 3357 carnis
1508 3295 1703 3367 deprec-

135 3393 250 3448 catio
267 3403 378 3448 est:
426 3394 479 3448 in
508 3407 615 3463 qua
642 3407 767 3447 eum
787 3389 975 3462 jndicii
1003 3389 1091 3451 die
1139 3398 1523 3456 compunctum
1554 3398 1608 3447 et
1635 3389 1703 3447 de

136 3485 610 3555 crueereeognitum
643 3478 886 3539 universi
916 3480 1194 3548 videbunt,
1230 3482 1282 3536 in
1315 3496 1423 3552 qua
1449 3482 1700 3553 praefigu-

137 3587 259 3632 ratus
277 3578 325 3633 in
350 3589 535 3635 monte
571 3586 676 3643 est,
704 3574 758 3630 in
803 3590 907 3647 qua
936 3575 1177 3631 elevatus
1202 3575 1270 3630 ad
1315 3575 1485 3631 caelos
1512 3584 1616 3641 est,
1650 3576 1702 3631 in

136 3685 221 3740 qua
265 3671 370 3735 Deo
409 3670 614 3727 assedit
641 3684 675 3724 a
702 3668 928 3733 dextris,
962 3665 1041 3741 (l)
1066 3667 1117 3723 in
1147 3682 1251 3738 qua
1282 3667 1436 3727 visus
1468 3683 1498 3724 a
1536 3667 1706 3724 Paulo

137 3773 225 3831 est,
253 3765 301 3821 in
330 3780 431 3837 qua
464 3763 857 3824 ltonoriﬁcatus
884 3762 952 3817 ab
975 3761 1255 3833 Stephano
1281 3769 1385 3817 est.

195 3856 269 3912 Π.
301 3856 396 3913 Dei
426 3873 612 3915 nomen
641 3866 760 3911 ante
781 3854 1043 3911 Christum
1062 3852 1356 3909 hominibus
1379 3855 1711 3929 ignotum.—

140 3947 452 4011 Manifestato
509 3956 695 4021 itaque
733 3947 1045 4005 hominibus
1094 3950 1311 4003 nomine
1352 3948 1548 4017 Patris,
1594 3949 1712 4008 hinc

139 4046 371 4111 postulat:
396 4045 492 4101 sed
514 4060 622 4117 quo
645 4042 904 4098 nomine?
924 4040 1194 4113 Numquid
1221 4056 1417 4098 nomen
1446 4043 1541 4099 Dei
1571 4043 1716 4119 igno-

196 4181 266 4253 (ί)
293 4182 419 4245 mea
437 4181 623 4245 verba,
653 4182 710 4235 in
734 4196 840 4250 qua
860 4180 1062 4253 visura
1084 4178 1374 4253 Paulae“,
1401 4195 1523 4250 qum
1545 4181 1710 4239 Eras-

143 4251 289 4307 miana
313 4263 472 4325 atque
496 4253 824 4325 Parisiensis
871 4251 1138 4325 habebant
1215 4251 1501 4316 editiones,
1537 4263 1591 4309 et
1652 4254 1707 4310 in

142 4337 192 4375 ea
218 4340 325 4394 qua:
375 4322 502 4383 huic
545 4322 844 4380 antecessit
894 4322 1133 4380 editione
1175 4336 1490 4393 suppressa,
1535 4327 1706 4381 nostri

1809 3304 1919 3359 rari
1942 3302 2110 3359 Filius
2131 3301 2185 3357 in
2204 3316 2269 3356 eo
2297 3300 2440 3372 quod
2464 3301 2777 3372 unigenitus
2807 3310 2891 3363 est
2918 3314 3026 3357 non
3052 3308 3261 3373 potest;
3291 3302 3416 3373 quia

1810 3394 2032 3467 ingeniti
2073 3404 2157 3449 est
2182 3394 2362 3464 imago
2388 3393 2479 3464 qui
2510 3395 2725 3464 genitus
2749 3400 2855 3448 est.
2889 3392 3024 3447 Cum
3062 3393 3206 3448 enim
3249 3408 3421 3465 sensu,

1810 3498 1970 3559 atque
2010 3487 2193 3543 verbis
2241 3486 2533 3557 imaginem
2565 3484 3045 3556 apprehendimus,
3076 3499 3303 3553 necesse
3328 3493 3423 3557 est.

1812 3582 1973 3637 etiam
2001 3596 2123 3639 cum
2152 3579 2306 3652 cujus
2335 3582 2510 3651 imago
2537 3588 2621 3634 est
2648 3592 3067 3649 consequamur.
3089 3576 3198 3633 Sed
3228 3577 3416 3643 invisi-2

1811 3674 1938 3730 bilia
1989 3676 2381 3745 persequimur,
2410 3670 3059 3743 etineomprelieusibilia
3118 3679 3411 3737 tentamus,

1813 3769 2010 3840 quibus
2038 3769 2388 3840 intelligentia
2411 3767 2476 3823 ad
2506 3766 2900 3839 conSpicabiles
2920 3780 3011 3821 res
3036 3774 3091 3821 et
3119 3751 3417 3837 corporeas'

1815 3867 2138 3916 coarctatnr.
2168 3860 2284 3916 Non
2303 3860 2674 3916 erubescimus
2705 3858 2969 3926 stultitiae,
2989 3872 3099 3917 non
3117 3858 3423 3928 nosmetip:

1815 3968 1908 4011 sos
1932 3952 2350 4023 irreligiositatis
2392 3953 2689 4024 arguimus,
2723 3952 2816 4006 Dei
2844 3949 3076 4015 arcanis,
3121 3949 3218 4005 Dei
3248 3949 3416 4009 virtu-

1818 4047 1960 4103 tibus
1989 4046 2401 4102 calumniantes.
2433 4045 2718 4114 Quomodo
2744 4043 2943 4117 Filius,
2974 4050 3032 4099 et
3053 4041 3196 4098 unde
3216 4041 3412 4115 Filius,

1817 4199 1923 4241 ms.
1981 4184 2302 4240 auctoritate
2354 4185 2715 4254 reposuimus.
2780 4183 2858 4238 De
2915 4181 3159 4254 liae_sua
3203 4181 3415 4247 visione

1818 4257 2077 4311 idemmet
2112 4256 2315 4311 Paulus
2345 4258 2360 4312 l
2386 4251 2512 4313 Cor.
2545 4273 2634 4321 xv,
2659 4256 2713 4318 8,
2744 4255 2824 4311 sic
2853 4254 2963 4308 ait:
2992 4251 3285 4308 Novissime
3313 4271 3413 4308 au-

1817 4337 1915 4382 tem
1944 4329 2175 4383 omnium
2201 4338 2459 4400 tamquam
2497 4328 2724 4384 abortivo
2752 4326 2889 4381 visus
2918 4333 2993 4380 est
3021 4333 3068 4380 et
3085 4325 3235 4379 mihi.

178 4466 393 4539 (omnes
416 4486 448 4527 e
471 4485 604 4527 mss.
632 4468 789 4525 Colb.
815 4485 928 4541 quae
948 4479 1019 4525 est
1038 4467 1215 4525 Pater.
1231 4467 1482 4535 Carnnt.,
1505 4487 1609 4539 qua
1638 4481 1711 4526 est
1738 4473 1790 4533 D
1816 4474 1993 4529 carnis
2021 4473 2371 4529 abolitionem
2400 4467 2638 4541 sensisse
2657 4462 3207 4541 temer-ejudicentur.
3238 4465 3416 4541 Mue

326 4541 631 4601 Retinenda
656 4535 1082 4606 lectio'vulgata,
1111 4557 1215 4595 non
1244 4541 1385 4611 quod
1420 4544 1471 4595 in
1498 4535 1588 4597 Dei
1622 4543 1707 4598 Fi-

146 4608 340 4693 lioante
362 4615 540 4693 carnis
559 4612 983 4693 assmnptionem
1016 4610 1218 4693 fuerint
1236 4608 1438 4693 partes,
1462 4614 1711 4686 sedquod

155 4682 265 4743 nihil
289 4686 334 4739 ei
358 4683 523 4740 fuerit
549 4685 692 4739 unde
717 4700 821 4738 non
850 4683 1123 4750 perlectus
1145 4682 1253 4738 dici
1280 4686 1467 4753 possit.

207 4752 271 4825 (bl
310 4755 471 4821 Editi,
494 4756 891 4822 clariﬁcationis
918 4755 1221 4823 profectum,
1253 4752 1317 4809 ac
1338 4754 1531 4811 deinde
1560 4756 1706 4827 Lips.

147 4832 192 4878 et
214 4828 321 4897 Par.
349 4837 586 4897 expetat:
613 4828 1005 4895 refragantibus
1027 4841 1157 4882 mss.
1191 4841 1417 4895 quorum
1447 4827 1607 4882 lectio
1636 4831 1714 4884 sic

488 4898 616 4970 quid
639 4897 1027 4968 clariﬁeationis
1049 4906 1145 4964 est,
1175 4897 1313 4961 quod
1338 4898 1479 4967 apud
1505 4898 1714 4954 Patrem

151 4978 369 5035 mmet
384 4978 397 5024 ε

206 5036 271 5109 (c)
289 5041 412 5096 Seil.
442 5040 589 5111 prius
621 5055 785 5111 quam
811 5039 1043 5095 mundus
1069 5047 1243 5104 esset;
1272 5048 1423 5110 atque
1444 5042 1595 5096 etiam
1619 5041 1716 5096 Ita-

156 5106 371 5183 highest
387 5106 551 5183 quam
577 5106 694 5181 ipse
722 5112 894 5167 factus
923 5119 1009 5166 est
1033 5111 1214 5183 homo.

208 5180 281 5254 (ὁ)
315 5180 415 5239 Sic
445 5184 538 5240 lib.
570 5180 643 5239 de
669 5183 880 5254 Synod.
911 5201 964 5236 υ.
1005 5182 1106 5238 48ε
1144 5181 1356 5236 Verbum
1381 5199 1499 5254 caro
1529 5189 1718 5253 factum

156 5253 332 5324 εαίιιι
365 5271 486 5311 caro
521 5254 694 5324 potius
717 5253 825 5310 ’Itoc
867 5253 1108 5322 inciperet
1145 5270 1255 5308 esse
1279 5255 1418 5324 quod
1466 5253 1720 5310 Verbum:

156 5322 392 5386 quodnon
427 5322 594 5383 sentit
625 5326 856 5381 Hilarius
891 5327 1001 5380 fieri
1051 5322 1347 5379 mutatione
1376 5327 1716 5392 substantiae,

158 5392 528 5466 sedqualitatis,
560 5412 670 5453 non
697 5409 751 5451 ut
783 5414 909 5452 caro
944 5410 1064 5452 esse
1090 5397 1299 5452 desinat
1325 5398 1465 5466 quod
1486 5407 1591 5462 est,
1621 5399 1717 5454 sed

160 5466 471 5537 lfliahsorpta
512 5470 864 5535 corruptione
911 5468 963 5522 in
1020 5470 1479 5536 incorruptionem
1518 5466 1720 5525 aliasve

161 5530 303 5609 [Iolen
327 5530 447 5608 qua:
472 5540 668 5596 divinae
684 5530 858 5596 'Verbi
887 5548 1092 5593 natura:
1113 5530 1342 5609 propriae
1369 5550 1514 5605 sunt,
1546 5548 1722 5595 trans-

165 5601 407 5681 mea,
436 5613 513 5667 nti
540 5627 666 5669 mox
687 5611 995 5681 exponitur.
1025 5619 1080 5681 et
1099 5601 1315 5678 copiose
1336 5601 1609 5665 ostensum
1637 5620 1720 5667 est

166 5673 217 5754 εει
592 5673 831 5754 generali
886 5680 917 5754 ς
948 5673 1185 5754 5.Qu_od
1215 5682 1499 5752 diligenter
1545 5692 1723 5737 atten-

166 5743 391 5820 godum,
435 5769 509 5809 ne
555 5743 643 5809 ubi
688 5743 1122 5820 Patres'antiq’ui
1165 5743 1383 5809 carném
1419 5760 1658 5808 nostram
1690 5768 1723 5808 a

167 5816 351 5883 (ιιιάιο
377 5816 511 5901 post
552 5827 1005 5891 resurrectionem
1035 5816 1327 5905 deiﬁcatam
1384 5823 1680 5905 praedicant
1701 5820 1731 5896 ,⁸

1816 4561 2004 4601 errore
2021 4560 2142 4599 sese
2170 4544 2405 4599 alienum
2431 4540 2516 4595 hic
2545 4531 3053 4599 ostenditllilarius,
3083 4548 3205 4589 cum
3234 4531 3420 4588 Chris-

1816 4625 1928 4670 tum
1975 4616 2163 4687 judieii
2190 4616 2277 4670 die
2313 4615 2365 4669 in
2392 4626 2453 4687 ea
2487 4614 2599 4682 ipsa
2628 4624 2792 4665 carne
2830 4607 3121 4663 vitlendnm
3151 4605 3330 4672 docet,
3363 4604 3427 4679 in.

1816 4705 1918 4759 qua
1952 4685 2363 4757 transﬁguratus
2393 4685 2446 4739 in
2473 4692 2656 4739 monte
2681 4691 2786 4737 est.

1816 4788 1851 4853 ‘_
1889 4779 1959 4853 (e)
2000 4781 2056 4836 In
2082 4781 2332 4851 vulgatis,
2380 4777 2467 4832 sed
2497 4775 2632 4853 Deus
2678 4775 2851 4853 plane.
2885 4773 3165 4853 Expuiieta
3189 4780 3280 4853 est
3313 4785 3418 4839 vox

1820 4840 1958 4907 Deus
1987 4840 2329 4908 auctoritate-
2355 4865 2487 4905 mss.
2522 4840 2709 4902 Hilarii
2747 4840 3012 4907 sententia
3039 4840 3293 4915 liquidius
3322 4857 3417 4915 pa-

1820 4932 1896 4978 tet
1926 4941 1988 4980 ex
2020 4925 2100 4978 his
2129 4925 2219 4977 lib.
2246 4939 2297 4986 v,
2341 4938 2491 4976 num.
2517 4919 2618 4971 27:
2670 4916 2735 4971 Et
2761 4931 2934 4983 quwro
2976 4916 3213 4986 an_Deus
3269 4928 3418 4967 verus

1820 5012 1923 5050 non
1964 4996 2047 5060 sit,
2103 4995 2191 5064 qui
2236 4982 2339 5048 tum
2384 4990 2663 5064 secundum
2700 4988 2991 5064 opinionem
3031 4982 3335 5039 Juda'ormn
3368 4993 3415 5038 et

1821 5057 2208 5121 benedicebatur
2232 5075 2274 5119 et
2292 5063 2587 5135 jurabutur.
2609 5057 2785 5135 ,1αᾶςεὶ
2816 5064 3417 5135 nam-quesacramentum

1817 5139 2043 5207 mystcrii
2072 5135 2168 5190 Dei
2193 5125 2487 5195 nescientes,
2519 5138 2564 5183 et
2586 5144 2674 5207 per
2717 5126 2815 5180 hoc
2844 5125 2937 5179 Dei
2970 5126 3135 5207 filium
3164 5127 3415 5207 ignoran-

1822 5196 1915 5272 te's',
1953 5206 2109 5261 Deum
2141 5216 2356 5271 tantum,
2395 5220 2494 5256 non
2529 5196 2813 5255 et'Patrem
2860 5197 3248 5273 veneraba_n_t_ur.
3282 5196 3429 5273 Nami

1821 5268 1991 5347 utique
2022 5287 2316 5331 venerantes
2344 5268 2580 5340 Patrem,
2608 5277 2969 5325 venerarentur
3007 5278 3053 5324 et
3081 5268 3300 5333 Filium.
3424 5268 3429 5273 ’
3479 5280 3486 5287 ·

1899 5370 1970 5443 (ί)
2042 5371 2098 5427 In
2134 5370 2402 5441 vulgatis,
2442 5378 2530 5443 aut
2561 5365 2842 5420 dilatione:
2870 5363 3031 5443 male.
3080 5362 3191 5443 Nec
3516 5374 3523 5379 '

1828 5432 2024 5505 deinde
2065 5444 2207 5513 apud
2228 5432 2326 5498 Er.
2365 5432 2420 5496 et
2458 5440 2604 5513 Lips.
2647 5446 2733 5491 aut
2765 5436 3089 5513 remissione.
3120 5432 3431 5513 verbisaut

1829 5504 2128 5569 dilatatione
2169 5524 2258 5568 aut
2307 5504 2576 5567 emissione
2629 5517 2850 5564 cavetur
2897 5506 3121 5563 hmresis
3174 5504 3422 5573 Sabellii,

1827 5603 1989 5658 quam
2010 5587 2103 5642 lib.
2131 5602 2168 5651 t,
2198 5600 2349 5641 num.
2381 5584 2468 5647 16,
2496 5579 2870 5653 explicuimus.
2917 5619 2921 5623 .

1901 5678 1995 5749 (g)
2022 5677 2142 5731 Vat.
2184 5677 2305 5732 bas.
2344 5693 2450 5732 ms.
2478 5686 2730 5749 cnmuno
2755 5672 2907 5728 Colb.
2941 5680 2995 5728 et
3031 5672 3240 5749 Remig.
3271 5685 3430 5749 expo-

1828 5742 2105 5832 suit.th
2127 5764 2312 5805 vocem
2340 5746 2765 5804 inenarrabilium
2797 5755 2953 5802 antea
2985 5745 3240 5819 omissam
3266 5742 3429 5798 resti-

1824 5830 2028 5879 luimus
2053 5834 2084 5876 e
2112 5835 2240 5878 mss.
