3960 6202
471 288 541 345 87
1676 275 1925 336 SANCTI
1975 273 2233 332 HILARII
2283 273 2593 332 EPISCOPI
3704 273 3787 329 88

470 414 528 464 et
550 422 660 480 quo
708 406 908 465 damno
938 403 1132 469 Patris,
1165 400 1253 458 vel
1275 417 1344 459 ex
1372 414 1476 473 qua
1502 400 1753 473 portione
1775 396 1845 453 sit
1883 404 2062 463 natus,
2094 402 2147 463 Α
2175 400 2281 449 tem
2310 393 2709 462 accommodat,
2730 403 2785 450 et
2832 393 3157 450 dubitationi
3211 391 3507 450 inﬁdelium
3537 393 3790 450 satisfac—

474 494 818 566 inquirimus.
843 492 921 566 (a)
970 490 1249 547 Habueras
1284 488 1341 545 in
1380 488 1636 560 exemplo
1670 485 2065 557 Operationum,
2174 497 2346 554 turus,
2382 503 2637 544 arcanum
2664 488 2944 544 invisibilis
2970 488 3181 543 virtutis
3211 497 3465 558 operatur
3495 507 3507 541 :
3539 485 3655 542 facti
3679 503 3789 543 ra-

475 599 537 647 ut
556 590 807 647 crederes
833 588 1001 643 Deum
1038 584 1253 641 efﬁcere
1290 597 1469 655 posse,
1511 596 1737 654 quorum
1770 578 2073 648 intelligere
2177 581 2401 648 tionem,
2427 582 2671 653 quisquis
2695 582 2805 637 eris
2835 582 3133 638 caelestium
3161 597 3341 638 rerum
3373 588 3655 648 scrutator,
3683 596 3792 637 ex-

478 681 822 739 efﬁcientiam
854 693 958 733 non
984 680 1178 748 possis.
2182 688 2342 745 pone.
2396 674 2563 729 Erant
2614 673 2861 745 discipuli
2904 673 2972 746 (Γ)
3023 677 3075 729 in
3104 676 3311 739 clauso,
3341 681 3395 729 et
3428 684 3634 730 secreto
3658 682 3794 745 post

552 772 1066 829 19.Provocanturut
1093 770 1349 842 explicent
1376 767 1567 823 Christi
1579 767 1763 839 jauuis
1781 766 1971 821 clausis
1994 764 2077 819 in-
2180 767 2489 838 passionem
2522 766 2731 821 Domini
2762 768 3070 838 congregati
3117 767 3495 823 consederant.
3530 768 3792 821 Dominus

481 884 810 940 gressum.—
832 864 1044 933 Quaeris
1067 863 1339 935 quomodo
1367 861 1663 925 secundum
1694 860 1955 930 Spiritum
1984 872 2081 913 na-
2180 862 2510 935 62Thomae
2528 861 2685 917 fidem
2704 862 2993 932 propositis
3016 861 3417 917 conditionibus
3435 861 3791 915 conﬁrmatu-

480 969 566 1014 tus
594 959 664 1014 sit
696 957 866 1013 Filius
891 975 905 1013 :
937 971 1039 1027 ego
1069 965 1122 1011 te
1145 954 1215 1011 de
1252 954 1530 1025 corporeis
1559 953 1722 1009 rebus
1780 953 2076 1021 interrogo.
2184 971 2276 1010 rus
2293 954 2781 1026 assistit,palpaudi
2810 955 3053 1026 corporis
3073 964 3126 1010 et
3153 953 3528 1009 contrectandi
3553 952 3796 1008 vulneris

479 1050 597 1107 Non
628 1050 703 1123 (b)
725 1063 912 1121 quaero
940 1047 1212 1119 quomodo
1241 1054 1397 1102 natus
1417 1062 1484 1103 ex
1512 1046 1720 1117 virgine
1747 1046 1847 1111 sit;
1888 1060 1956 1099 an
1988 1043 2084 1098 de-
2185 1047 2379 1103 obtulit
2410 1046 2715 1101 facultatem
2751 1056 2842 1102 :et
2883 1047 3064 1117 utique
3095 1044 3175 1119 (‘2)
3207 1046 3296 1117 qui
3324 1054 3673 1115 compunctus
3702 1060 3796 1100 re-

484 1141 798 1198 tritnentum
827 1141 909 1195 sui
927 1154 1056 1194 caro
1078 1138 1371 1209 perfectam
1392 1154 1461 1194 ex
1486 1154 1545 1193 se
1573 1152 1792 1192 carnem
1817 1149 2084 1206 generans
2189 1139 2599 1210 cognoscendus
2621 1139 2713 1204 sit,
2731 1154 2954 1196 necesse
2978 1148 3060 1194 est
3088 1153 3286 1209 corpus
3317 1138 3369 1192 in
3396 1152 3504 1208 quo
3535 1147 3616 1193 est
3641 1151 3796 1191 com-

484 1244 742 1306 perpessa
765 1233 854 1288 sit.
898 1232 961 1288 Et
981 1232 1087 1304 61
1131 1239 1279 1286 certe
1315 1246 1420 1286 non
1461 1225 1790 1300 suscepit(c)
1813 1227 1951 1297 quod
1973 1226 2087 1281 edi-
2193 1241 2427 1304 punctus
2478 1231 2741 1287 attulerit.
2795 1231 2993 1299 Quaero
3036 1247 3165 1302 ergo
3191 1248 3285 1301 per
3314 1247 3448 1302 quas
3475 1231 3669 1287 clausrc
3697 1230 3801 1286 do-

490 1328 591 1396 dit,
620 1326 716 1383 sed
761 1341 890 1382 caro
932 1339 1153 1380 carnem
1184 1328 1303 1379 sine
1339 1322 1732 1377 elementorum
1779 1330 2086 1375 nostrorum

488 1422 695 1494 pudore
737 1418 1002 1492 provexit,
1044 1428 1099 1474 et
1148 1417 1444 1489 perfectum
1476 1416 1592 1487 ipsa
1626 1414 1697 1470 de
1725 1415 1837 1469 suis
1871 1411 1950 1486 (ά)
1979 1428 2085 1467 nou

492 1515 775 1570 imminuta
822 1513 1123 1585 generavit.
1167 1512 1234 1566 Et
1263 1510 1483 1581 quidem
1524 1509 1602 1563 fas
1654 1517 1820 1574 esset,
1862 1523 1971 1562 non
1992 1508 2095 1562 im-

493 1606 755 1679 possibile
782 1605 833 1660 in
859 1605 970 1661 Deo
992 1602 1225 1674 opinari,
1250 1601 1394 1672 quod
1418 1616 1514 1670 per
1541 1601 1794 1655 virtutem
1824 1598 1943 1669 ejus
1970 1612 2095 1668 pos-

496 1700 654 1756 sibile
684 1698 852 1755 fuisse
874 1699 927 1753 in
951 1697 1168 1753 homine
1193 1696 1587 1767 cognoscimus.

2196 1338 2316 1378 mns
2347 1332 2530 1394 partes
2558 1336 2679 1379 sese
2706 1337 3003 1392 corporeus
3036 1323 3295 1377 intulerit.
3333 1323 3625 1392 Diligenter
3646 1324 3801 1377 enim

2195 1418 2535 1488 Evangelista
2568 1418 2840 1488 expressit
2859 1416 3081 1473 dicens:
3111 1416 3255 1471 Venit
3282 1416 3625 1490 Jesusjanuis
3641 1417 3795 1470 clau-

2195 1510 2289 1574 sis,
2308 1518 2353 1564 et
2370 1509 2506 1563 stetit
2522 1509 2575 1562 in
2594 1509 2760 1562 medio
2779 1507 2857 1580 (g)
2892 1507 3024 1580 (1b.,
3041 1507 3158 1581 26).
3175 1509 3258 1563 An
3276 1518 3586 1563 constructa
3611 1509 3789 1576 parie-

2201 1614 2311 1656 tum
2344 1611 2634 1671 penetrans
2664 1599 2744 1673 (Ιι)
2774 1611 2830 1657 et
2880 1602 3051 1656 solida
3102 1602 3391 1672 lignorum,
3437 1610 3677 1656 naturam
3708 1615 3805 1656 eo-

2200 1712 2318 1751 rum
2370 1695 2839 1767 impenetrabilem
2893 1697 3328 1751 transcucurrit?
3360 1695 3524 1752 Stetit
3578 1710 3808 1766 namque

568 1793 663 1848 ‘20.
694 1791 800 1848 Sed
823 1800 896 1856 te,
925 1790 1167 1861 quisquis
1189 1788 1676 1859 es,investigabi|ia
1702 1794 2018 1850 sectantem,
2045 1794 2100 1841 et
2129 1797 2176 1857 Β
2203 1804 2528 1860 corporeus,
2560 1805 2667 1844 non
2700 1790 2989 1845 simulatus
3023 1799 3113 1844 aut
3144 1788 3326 1844 fallax.
3349 1786 3653 1860 Sequuntur
3676 1803 3810 1859 ergo

498 1886 804 1942 divinorum
831 1892 1166 1941 secretorum
1208 1892 1370 1952 atque
1418 1883 1672 1937 virtutum
1711 1895 1926 1951 gravem
1949 1878 2098 1933 arbi-

500 1988 643 2035 trum
666 1978 912 2045 consulo,
944 1987 1002 2033 ut
1040 1978 1170 2033 mihi
1199 1977 1471 2047 imperito,
1500 1983 1559 2031 et
1601 1984 1804 2029 tantum
1832 1972 1900 2029 de
1927 1973 2101 2027 omni-

507 2072 607 2126 bus
638 2070 749 2126 Deo
775 2079 835 2125 ut
880 2079 1005 2124 sunt
1048 2068 1118 2123 ab
1161 2082 1228 2124 eo
1253 2067 1393 2122 dicta
1422 2065 1683 2133 credenti,
1706 2064 1970 2120 rationem
1997 2063 2102 2117 sal-

505 2173 616 2219 tem
642 2162 765 2218 facti
811 2162 964 2217 istius
992 2159 1207 2216 aﬂ'eras.
1257 2160 1540 2215 Dominum
1573 2157 1753 2222 audio,
1778 2165 1835 2212 et
1861 2156 1987 2227 quia
2016 2146 2103 2210 his

506 2255 672 2312 credo
699 2269 821 2326 quae
865 2254 1063 2324 scripta
1094 2262 1239 2319 sunt,
1284 2252 1399 2307 scio
1437 2251 1548 2321 jam
1600 2259 1721 2320 post
1750 2248 2107 2305 resurrectio-

508 2362 636 2405 nem
687 2346 997 2418 frequenter
1036 2345 1326 2401 videndum
1368 2359 1430 2400 se
1476 2345 1528 2398 in
1550 2356 1777 2414 corpore
1807 2342 2109 2413 prtebuisse

512 2440 698 2496 multis
720 2454 825 2495 non
871 2437 1220 2494 credentibus
1250 2454 1265 2505 ;
1292 2446 1439 2493 certe
1456 2435 1701 2504 Thomas,
1725 2451 1831 2490 non
1853 2436 1954 2490 nisi
1979 2449 2110 2491 con-

514 2534 757 2590 trectatis
776 2532 892 2603 ejus
915 2531 1226 2588 vulneribus
1254 2530 1547 2596 creditura,
1578 2531 1718 2586 sicut
1746 2531 1819 2585 ait
1851 2548 1867 2583 :
1892 2529 2016 2584 Nisi
2040 2531 2115 2584 vi-

519 2627 640 2680 dero
660 2624 731 2697 (e)
753 2625 805 2679 in
830 2625 1064 2679 manibus
1086 2623 1288 2695 ejus(l)
1314 2624 1535 2693 ﬁatut-am
1555 2623 1834 2688 clavorum,
1859 2632 1906 2677 et
1929 2623 2115 2677 misero

517 2717 737 2788 digitum
763 2733 933 2771 meum
978 2717 1032 2771 in
1066 2716 1235 2772 locum
1279 2717 1562 2779 clavorum,
1589 2725 1636 2769 et
1675 2716 1875 2770 mittam
1906 2730 2117 2768 manum

516 2825 684 2864 meam
707 2810 760 2864 in
782 2811 916 2865 latus
955 2813 1088 2884 ejus,
1131 2825 1232 2864 non
1271 2808 1475 2863 credam
1503 2805 1707 2878 (Ioan.,
1741 2823 1833 2873 xx,
1863 2804 1982 2877 25).
2009 2806 2118 2862 Do-

518 2904 701 2959 minus
720 2903 784 2958 ad
802 2917 1020 2959 omnem
1049 2917 1111 2957 se
1150 2900 1525 2971 intelligentia:
1556 2908 1758 2955 nostrae
1781 2899 2120 2956 imbecillita-

518 3024 565 3092 ἕ
594 3021 674 3091 (1)
695 3019 1009 3077 Anteriores
1030 3017 1315 3081 editiones,
1339 3020 1581 3090 ﬁguram.

581 3132 678 3261 Si)
727 3133 859 3214 Bad.
907 3142 961 3189 et
1000 3133 1121 3199 En,
1155 3134 1370 3218 luerent.
1419 3134 1567 3206 Lips.
1599 3141 1654 3189 et
1687 3133 1836 3201 Par.,
1878 3135 2122 3190 Itwrebas.

528 3209 592 3266 Vt
637 3215 677 3261 tt
708 3205 924 3266 quidem
971 3205 1228 3259 Erasmus
1280 3222 1332 3259 tn
1375 3221 1505 3260 mss.
1536 3204 1804 3260 hebueras.
1854 3205 2010 3262 Unde
2061 3208 2122 3261 ad

637 3204 677 3261 it
708 3205 924 3275 quidem
971 3205 1228 3259 Erasmus
1280 3208 1332 3259 in
1375 3204 1505 3260 mss.
1536 3204 1804 3260 hebueras.
1854 3205 2010 3262 Unde
2061 3208 2126 3261 ad
2154 3206 2199 3269 C
2232 3206 2386 3264 Culh.
2411 3204 2474 3263 ac

529 3295 680 3335 oram
714 3276 833 3330 libri
857 3275 1164 3345 adscripsit,
1181 3275 1291 3348 Ego
1322 3276 1591 3348 legendum
1610 3277 1832 3332 arbitror
1854 3278 2124 3345 ltebueras,

532 3353 629 3405 Itoc
669 3356 742 3402 est
775 3348 1104 3402 caecutieras:
1154 3358 1313 3416 atque
1359 3348 1601 3416 Opinioni
1647 3349 1789 3403 illius
1824 3349 2129 3405 Ludovicus

530 3422 762 3494 Myl-acus
805 3433 1085 3494 perperam
1110 3420 1458 3489 subscripsit;
1490 3434 1613 3494 cum
1646 3434 1754 3494 non
1786 3420 2132 3494 atnhikguahsit

529 3490 692 3548 lectio
722 3506 852 3545 mss.
900 3490 1155 3545 habueras
1186 3500 1260 3557 ut,
1301 3506 1398 3545 seu
1438 3490 1603 3557 unde,
1635 3491 1884 3545 crederes.
1914 3491 2003 3547 Sic
2034 3492 2127 3545 lib.

531 3580 628 3627 vn,
656 3578 710 3617 ιι.
743 3560 842 3616 51ε
877 3561 1147 3617 Habueras
1171 3563 1225 3615 in
1272 3563 1592 3630 confessione
1616 3577 1810 3626 eorum,
1837 3563 2014 3631 quibus
2044 3564 2131 3615 de-

532 3635 767 3703 swviente
808 3642 1046 3687 vento....
1083 3642 1190 3688 erat
1236 3634 1471 3686 restituta
1508 3633 1876 3703 tranquillitas,
1910 3642 1964 3686 ut
2008 3644 2052 3687 et
2078 3643 2132 3687 tu

531 3720 705 3774 verum
728 3701 826 3774 Dei
856 3704 1022 3774 ﬁlium
1051 3704 1386 3774 conﬁtereris,
1415 3715 1522 3759 etc.

609 3772 684 3845 (b)
726 3772 1051 3845 Particulam
1085 3772 1390 3844 negantem,
1421 3789 1579 3845 quam
1607 3772 1806 3829 frustra
1837 3773 2127 3830 sustulerat

537 3842 777 3915 Lipsius,
804 3842 889 3915 hic
920 3842 1277 3900 restituimus.

611 3914 685 3988 (ς)
711 3914 927 3988 Scilicet
955 3931 1027 3969 ex
1054 3916 1214 3971 viro:
1250 3915 1339 3988 sed
1386 3931 1507 3969 caro
1554 3932 1759 3988 carnem
1812 3914 2130 3985 perfectam,

535 3986 632 4044 seti
648 3986 918 4058 hominem
938 4000 1122 4041 verum
1143 3996 1195 4041 et
1210 3987 1502 4058 perfectum
1520 3988 1630 4041 sine
1646 3987 2002 4042 elementarum
2017 4004 2137 4042 nos-

538 4069 734 4112 trorum
757 4057 952 4126 pudore
979 4057 1254 4127 provexit:
1279 4059 1401 4128 quia
1436 4059 1685 4113 nimirum
1712 4074 1900 4112 omnes
1930 4074 1995 4112 ex
2021 4061 2137 4115 viro

540 4140 593 4184 et
618 4128 813 4184 femina
842 4132 1021 4184 carnis
1054 4131 1200 4184 initia
1236 4130 1523 4185 trahimus.
1557 4129 1677 4184 Vid.
1705 4129 1799 4184 lib.
1824 4129 2059 4198 x,n.55,
2083 4142 2139 4186 et

537 4200 635 4256 lib.
686 4215 779 4264 χιι,
830 4216 884 4254 n.
914 4200 1003 4255 49.
1040 4202 1191 4255 llunc
1217 4211 1394 4257 autem
1420 4202 1597 4256 locum
1625 4215 1746 4255 cum
1778 4201 1948 4255 altero
1979 4210 2134 4257 tract.

540 4272 681 4343 ps:il.
709 4286 872 4338 mn,
903 4272 1312 4329 conciliavimus
1359 4273 1413 4327 in
1442 4273 1584 4327 notis
1624 4272 1692 4327 ad
1719 4272 1970 4328 eumdem
1999 4282 2141 4329 trac-

539 4353 730 4399 latum.

614 4412 694 4484 (τι)
727 4412 862 4467 lllnd
891 4414 955 4469 de
973 4415 1079 4467 suis
1105 4415 1176 4470 ita
1207 4413 1482 4469 Hilariano
1508 4428 1659 4468 more
1688 4414 1921 4484 positum
1947 4425 2053 4479 est,
2083 4425 2143 4472 ut

540 4484 609 4540 ad
642 4486 943 4554 proximum
996 4486 1219 4539 verbum
1269 4500 1370 4546 non
1414 4486 1704 4551 imminuta,
1750 4495 1804 4540 et
1831 4486 1897 4542 ad
1947 4488 2137 4544 subse-

546 4571 717 4628 quens
757 4557 1014 4627 generavit
1041 4571 1195 4626 aaque
1226 4554 1565 4628 referendum
1595 4557 1684 4622 sit,
1712 4558 1864 4624 quasi
1913 4558 2133 4614 haltere-

542 4626 648 4691 tur,
680 4626 793 4699 ipsa
814 4627 878 4681 de
906 4629 1014 4681 suis
1042 4626 1591 4699 generavit,quamvis
1625 4643 1737 4699 Anon
1776 4628 2043 4683 imminuta
2072 4631 2135 4683 de

540 4700 670 4754 suis.
703 4696 793 4753 Sic
814 4709 990 4754 autem
1022 4696 1198 4769 potest
1216 4697 1446 4769 intelligi
1470 4696 1538 4769 de
1555 4697 1668 4751 suis
1697 4712 1802 4751 n0n
1829 4700 2130 4764 imminuta,

538 4772 663 4841 quia
699 4770 817 4825 scil.
850 4768 1055 4839 integra
1085 4780 1138 4824 et
1170 4768 1372 4824 illibata
1395 4768 1697 4841 virginitate
1744 4771 2039 4841 generavit.
2065 4773 2136 4827 At

538 4839 704 4915 quod
741 4858 805 4915 ex
839 4841 941 4915 hac
970 4842 1031 4915 B:
1082 4840 1317 4915 Virginis
1364 4839 1714 4915 generatione
1743 4840 2046 4915 deducitur,
2078 4854 2134 4897 ut

538 4911 814 4969 credibilis
860 4912 949 4967 ﬁat
994 4913 1170 4969 Patris
1220 4913 1406 4966 aeterni
1462 4911 1738 4980 generatio
1785 4913 1986 4981 ahsqne
2027 4916 2132 4968 ullo

540 4985 707 5053 ipsius
735 4985 957 5050 damno,
989 4998 1272 5054 perperam
1299 4984 1514 5054 quidam
1539 4983 1754 5050 rapiunt
1778 4983 1842 5036 ad
1879 4984 2134 5038 infaman-

541 5057 664 5111 dam
697 5055 883 5110 Hilarii
935 5053 1002 5111 dc
1031 5053 1226 5111 Christi
1266 5053 1622 5123 conceptione
1651 5055 1992 5118 sententiam,
2019 5057 2131 5124 jac-

543 5135 767 5197 tautque
793 5143 915 5181 eum
944 5128 1178 5182 sensisse
1207 5124 1481 5197 Christum
1513 5139 1577 5179 ex
1611 5124 1770 5197 Maria
1800 5125 1926 5179 nihil
1954 5142 2137 5184 susce-

546 5196 711 5265 pisse.
747 5197 911 5264 Quasi
955 5213 1084 5252 vero
1138 5213 1242 5251 non
1297 5198 1346 5251 in
1389 5196 1493 5251 hoc
1532 5196 1764 5265 maxime
1806 5197 2045 5252 instituta
2069 5201 2139 5254 sit

546 5264 718 5337 ipsius
762 5270 1112 5338 comparatio,
1144 5267 1285 5338 quod
1343 5268 1481 5321 sicut
1535 5264 1781 5322 Christus
1840 5285 1903 5322 ex
1958 5270 2137 5325 Maria:

547 5340 842 5394 substantia
866 5337 1033 5394 illaesa
1079 5337 1248 5409 ipsius
1270 5339 1572 5407 integritate
1602 5350 1758 5393 natus
1783 5349 1883 5402 est,
1914 5342 1982 5395 ita
2010 5343 2134 5395 abs-

546 5426 651 5479 que
680 5411 853 5482 Patris
879 5411 1078 5466 damno
1115 5426 1179 5482 ex
1219 5410 1395 5482 ipsius
1424 5410 1723 5482 substantia
1771 5413 2017 5479 generari
2037 5427 2136 5482 po-

544 5483 647 5535 tuit
669 5497 683 5542 ;
709 5479 978 5535 Christum
1010 5499 1075 5535 ex
1101 5480 1279 5534 Mariae
1301 5479 1597 5535 substantia
1627 5490 1939 5549 generatum
1968 5484 2013 5537 si
2037 5479 2135 5537 ne-

545 5558 717 5621 garet,
748 5551 889 5622 nulla
944 5567 1161 5619 prorsus
1191 5551 1555 5622 essetqipsius
1604 5551 1760 5605 ratio.
1812 5552 1925 5608 Hoc
1969 5569 2132 5622 porro

546 5620 671 5677 eum
696 5621 998 5693 nullatenus
1030 5636 1226 5693 negare
1252 5620 1668 5693 evidentissimis
1689 5620 2021 5693 argumentis
2045 5638 2132 5678 os-

542 5697 865 5777 tensnunt'est
892 5692 942 5745 in
966 5692 1275 5773 prtelatione
1294 5692 1528 5775 generali
1539 5692 1582 5777 ,ξ
1613 5691 1664 5745 l.

621 5761 691 5831 (e)
714 5758 903 5817 Plures
928 5758 1058 5817 mss.
1087 5764 1139 5816 in
1172 5758 1355 5816 manus
1377 5765 1509 5835 ejus.
1539 5758 1678 5820 Tum
1700 5779 1819 5818 cum
1851 5762 1975 5820 Part
2001 5765 2132 5821 retlo

2205 1884 2347 1939 oculi
2380 1883 2580 1938 mentis
2628 1892 2732 1937 tuae
2764 1882 3097 1952 pcnetrantis
3150 1883 3476 1951 ingreSsnm,
3512 1889 3713 1935 etcum
3741 1895 3806 1935 eo

2206 1977 2446 2032 clausam
2477 1976 2697 2030 domum
2730 1974 3098 2044 intelligentia:
3134 1983 3238 2029 tua:
3267 1975 3413 2028 visus
3440 1973 3686 2027 introeat.
3730 1971 3813 2026 ln-

2210 2080 2356 2141 tegra
2400 2078 2526 2124 sunt
2574 2067 2754 2123 omnia
2804 2076 2857 2123 et
2883 2068 3130 2123 obserata
3163 2084 3176 2119 :
3213 2065 3305 2122 sed
3334 2080 3453 2121 esse
3480 2065 3678 2120 assistit
3705 2078 3816 2119 tne—

2208 2163 2352 2227 dius,
2376 2162 2463 2218 cui
2494 2177 2586 2232 per
2611 2161 2867 2217 virtutem
2893 2175 3043 2216 suam
3076 2160 3326 2215 universa
3357 2170 3481 2214 sunt
3503 2158 3708 2230 pervia.
3737 2156 3816 2209 lu-

2210 2255 2515 2313 visibilibns
2544 2253 2893 2311 calumniaris
2920 2271 2933 2308 :
2964 2267 3065 2324 ego
3091 2267 3121 2306 a
3150 2263 3201 2308 te
3232 2252 3525 2308 visibilium
3582 2262 3815 2319 exposco

2216 2350 2506 2405 rationem.
2561 2347 2702 2403 Nihil
2732 2345 2877 2402 cedit
2906 2361 2973 2401 ex
3012 2345 3206 2411 solido,
3251 2360 3426 2414 neque
3452 2357 3551 2414 per
3577 2351 3815 2397 naturam

2221 2460 2375 2501 suam
2424 2441 2626 2514 aliquid
2660 2450 2930 2511 tamquam
2961 2439 3115 2510 lapsu
3147 2437 3452 2493 insensibili
3490 2437 3630 2508 ligna
3660 2445 3714 2489 et
3741 2433 3818 2488 la-

2222 2537 2375 2608 pides
2404 2535 2713 2591 admittunt.
2747 2533 2958 2604 Corpus
2986 2533 3197 2587 Domini
3227 2547 3255 2586 a
3303 2546 3426 2586 sese
3478 2545 3585 2584 non
3615 2527 3816 2590 deﬁcit,

2222 2640 2283 2687 ut
2333 2644 2455 2685 sese
2508 2637 2749 2684 resumat
2794 2642 2862 2683 ex
2916 2625 3195 2681 niltilozet
3223 2623 3363 2680 unde
3394 2624 3484 2694 qui
3532 2621 3740 2676 assistit
3770 2620 3820 2673 in

2226 2723 2406 2780 medio
2429 2730 2513 2777 est
2539 2722 2563 2775 ?
2591 2719 2747 2776 Cedit
2774 2721 2841 2775 ad
2873 2719 2990 2774 haec
3021 2727 3076 2775 et
3126 2732 3319 2774 sensus
3348 2726 3403 2770 et
3426 2730 3632 2780 sermo,
3662 2721 3717 2769 et
3736 2728 3824 2767 ex-

2227 2824 2308 2870 tra
2331 2814 2597 2869 rationem
2631 2812 2920 2867 humanam
2945 2820 3028 2865 est
3054 2812 3253 2864 veritas
3284 2808 3430 2862 facti.
3464 2806 3674 2861 Idcirco
3699 2819 3824 2873 ergo

2227 2915 2286 2961 ut
2313 2906 2381 2960 de
2435 2904 2716 2959 nativitate
2760 2902 2822 2977 (ὅ)
2873 2902 3130 2969 fallimus,
3159 2902 3229 2956 ita
3251 2909 3306 2957 et
3331 2899 3399 2956 de
3426 2899 3702 2971 ingressus
3728 2897 3823 2951 Do-

2298 3020 2379 3093 (2)
2411 3020 2543 3089 Quia
2571 3029 2927 3093 compunctus.

2542 3154 2688 3192 uram
2718 3138 2981 3192 clavorum
3011 3133 3386 3191 consentiente
3410 3140 3628 3188 vetusto
3651 3132 3825 3187 codice

2554 3225 2686 3263 erm.
2734 3209 2884 3279 juxta
2933 3223 3094 3279 ιιι-ωε,
3125 3208 3209 3261 τὸν
3256 3209 3573 3279 τύπονῌτῶν
3603 3207 3755 3279 ἥλων,
3776 3204 3823 3257 In

2232 3280 2356 3335 aliis
2382 3292 2562 3335 antem
2596 3276 2768 3339 libris.
2804 3280 3045 3350 ﬁxuram.
3071 3278 3189 3334 Mox
3214 3279 3265 3331 in
3292 3291 3393 3331 ms.
3417 3276 3582 3331 Carn.
3616 3294 3707 3346 per
3723 3278 3824 3329 loca

2233 3353 2520 3418 clavorum,
2549 3365 2647 3420 pro
2669 3352 2723 3404 in
2743 3352 2930 3405 locum.

2309 3424 2379 3495 (f)
2413 3417 2587 3495 Editi,
2605 3422 2811 3495 inclusi.
2843 3422 2915 3475 At
2950 3435 3085 3495 mss.
3109 3419 3215 3495 hic,
3246 3421 3297 3474 in
3327 3420 3525 3495 clauso,
3550 3429 3603 3474 ct
3633 3417 3699 3473 ad
3726 3418 3828 3495 cal-

2232 3489 2518 3549 ccni'libri
2575 3494 2627 3548 in
2681 3493 3078 3557 Constantium,
3130 3493 3182 3545 in
3227 3506 3383 3561 quem
3415 3490 3531 3544 haec
3573 3489 3824 3544 translata

2233 3576 2381 3628 sunt,
2418 3580 2555 3619 unus
2592 3561 2749 3618 Colb.
2797 3564 3036 3617 inclausi.
3083 3562 3199 3618 Jam
3252 3563 3304 3616 in
3334 3578 3457 3630 cap.
3485 3561 3542 3622 4,
3572 3562 3625 3616 in
3650 3561 3825 3615 Matth.

2236 3654 2291 3692 ιι.
2327 3638 2418 3703 15,
2472 3653 2538 3690 ex
2572 3650 2706 3689 mss.
2742 3636 3046 3690 restitutum
3079 3643 3179 3697 est,
3218 3634 3315 3700 Qui
3338 3637 3540 3704 fructus
3561 3646 3637 3687 est
3661 3633 3826 3685 clauso

2236 3708 2519 3775 impensam
2543 3707 2753 3762 luminis
2785 3708 3043 3760 continere
3063 3705 3089 3758 .9

2309 3779 2384 3851 (g)
2416 3780 2623 3851 Excusi
2675 3778 2763 3833 hic
2811 3777 3102 3845 subjiciunt
3154 3776 3527 3851 discipulorum
3589 3788 3824 3829 suorum:

2237 3847 2379 3922 quod
2414 3866 2586 3921 neque
2616 3850 2666 3903 in
2696 3865 2852 3922 sacro
2874 3858 3021 3903 testu
3044 3857 3446 3922 exstat,_neque
3477 3847 3531 3900 in
3555 3862 3691 3901 mss.

2311 3922 2390 3994 (Ιι)
2417 3917 2514 3976 Ιιτι”
2544 3935 2679 3994 mss.
2702 3920 2851 3994 lflditi
2906 3935 3053 3978 vero,
3084 3929 3131 3994 et
3159 3919 3380 3972 solidam
3408 3917 3666 3987 lignorum
3687 3924 3824 3971 natu-

2237 3992 2352 4047 ram
2378 3992 2813 4058 impenetrabile»:
2842 3992 3171 4045 transcurrit.

2313 4064 2377 4133 (ἱ)
2416 4064 2579 4127 Editi,
2614 4064 2863 4132 fallimur.
2900 4063 3116 4133 Rectius
3139 4060 3374 4128 potiores
3402 4072 3532 4112 mss.
3560 4060 3821 4133 fallimus:

2241 4131 2401 4191 Carn.
2426 4131 2727 4207 fefellimus.
2760 4134 2885 4189 Haec
2913 4134 3055 4188 enim
3109 4132 3490 4207 lttereticoruut
3519 4133 3735 4207 nomine
3756 4131 3820 4207 i_n-

2241 4200 2546 4267 sinuantur,
2580 4207 2862 4259 veritatem
2912 4220 3072 4273 quam
3117 4218 3221 4257 non
3255 4202 3721 4271 comprehendunt
3746 4200 3826 4252 de-

2245 4278 2607 4333 trectantittm.
2666 4279 2988 4330 Arianorum
3030 4274 3258 4329 inﬁrmae
3314 4274 3507 4328 rationi
3533 4288 3649 4327 sua:
3683 4273 3824 4326 nimis

2243 4348 2577 4404 credentium
2605 4348 2842 4401 imitator
2869 4346 3144 4413 Calvinus,
3180 4347 3244 4399 iis
3278 4346 3376 4399 hac
3408 4353 3559 4414 parte
3583 4341 3825 4414 audacior

2243 4419 2363 4489 fuit,
2414 4419 2555 4489 quod
2604 4418 2656 4472 in
2706 4417 2888 4481 Juati.,
2918 4434 3009 4483 xx,
3058 4418 3145 4482 19,
3181 4432 3375 4489 negare
3410 4412 3531 4489 non
3573 4412 3817 4489 dubitarit

2244 4486 2516 4545 Christum
2550 4490 2850 4558 perjannas
2881 4490 3092 4543 clausas
3122 4489 3186 4542 ad
3215 4486 3508 4555 discipulos
3535 4487 3819 4558 transisse:

2245 4561 2493 4617 concedit
2541 4556 2719 4614 tamen
2744 4560 2925 4630 jauuis
2961 4577 3083 4614 eum
3112 4574 3179 4614 eo
3214 4573 3374 4613 sensu
3402 4556 3601 4630 clausis
3621 4559 3822 4630 ingres-

2235 3152 2428 3193 nemus
2468 3137 2505 3206 ﬁ

2166 4603 2221 4663 D
2246 4650 2363 4687 sum
2390 4647 2511 4686 esse
2540 4648 2555 4695 ;
2585 4631 2729 4699 quod
2744 4603 2882 4686 qutn
2922 4630 3118 4685 clausae
3139 4640 3338 4693 essent,
3372 4628 3547 4681 aditus
3577 4628 3654 4682 illi
3687 4603 3818 4699 Sate-

2243 4705 2413 4759 faclus
2446 4719 2549 4757 non
2585 4695 2743 4756 fuerit
2785 4720 2940 4756 manu
2981 4703 3220 4764 hominis,
3253 4695 3704 4770 quemadmodum
3729 4695 3820 4750 Pc-

2245 4786 2360 4829 trus
2381 4790 2412 4829 e
2432 4789 2651 4829 carcere
2677 4773 2949 4839 ohserato,
2978 4774 3072 4827 sed
3094 4772 3269 4842 angeli
3297 4770 3596 4842 ministerio
3622 4777 3817 4842 aperto,

2243 4860 2493 4916 egressus
2538 4858 2635 4899 ρει.
2670 4844 2806 4898 Τιιιιι
2840 4841 3186 4912 ρθιιὶδιιιιιιιηι
3210 4844 3428 4916 nomine
3473 4841 3821 4895 calumniatur

2242 4914 2540 4981 catholicis,
2571 4916 2713 4983 ideo,
2739 4917 2928 4985 inquit,
2959 4917 3114 4969 aliter
3152 4914 3527 4971 sentientibus.
3558 4923 3616 4966 ut
3651 4923 3819 4985 corpus

2241 4989 2522 5060 gloriosum
2571 5004 2679 5041 non
2715 4984 2864 5060 modo
2891 4986 3109 5060 reddant
3144 4986 3309 5060 simile
3346 4984 3582 5060 spiritui,
3614 4984 3704 5037 sed
3730 4984 3813 5033 int-

2240 5056 2474 5113 mensum
2519 5074 2645 5118 esse.
2676 5059 2915 5129 nulloque
2968 5058 3079 5111 loco
3108 5056 3645 5129 contineriabtineant
3667 5066 3815 5129 :‘Clll-II

2240 5128 2363 5184 ideo
2393 5139 2596 5184 tantum
2624 5130 2781 5184 aliter
2806 5122 3058 5192 sentiant,
3083 5130 3206 5199 quia
3238 5127 3506 5181 luculenta
3537 5122 3663 5180 sunt
3689 5122 3806 5179 Scri-

2240 5209 2411 5269 pturte
2433 5203 2615 5263 verba,
2649 5210 2704 5256 et
2734 5215 2840 5254 uno
2891 5199 3106 5253 Patrum
3146 5214 3418 5253 consensu
3455 5207 3613 5265 prout
3640 5199 3816 5251 sonant

2240 5273 2533 5328 intellecta.
2574 5272 2717 5328 Sane
2756 5273 2950 5326 frustra
2982 5280 3066 5325 est
3104 5270 3398 5333 Scultetus,
3428 5282 3549 5322 cum
3591 5270 3814 5322 animant

2242 5341 2498 5399 inducere
2524 5352 2766 5405 conatur,
2802 5342 3061 5396 Hilarium
3096 5357 3124 5394 a
3154 5342 3377 5394 Calvino
3416 5354 3516 5394 suo
3547 5354 3652 5393 non
3674 5334 3817 5391 dissi-

2243 5413 2389 5469 dere.
2418 5413 2548 5481 Quis
2578 5414 2719 5468 enim
2762 5429 2871 5467 non
2895 5412 3094 5477 videat,
3118 5412 3190 5466 ita
3234 5411 3380 5466 illum
3414 5409 3574 5465 verba
3605 5420 3814 5475 evangeo

2244 5483 2344 5539 lica
2394 5485 2744 5549 intellexisse,
2778 5495 2833 5537 ut
2862 5482 3133 5538 Christum
3187 5483 3368 5551 januis
3396 5482 3616 5545 clausis,
3662 5481 3812 5546 iisque

2242 5570 2348 5608 non
2379 5571 2536 5609 manu
2565 5556 2737 5623 angeli
2760 5563 2854 5624 ant
2877 5554 3056 5624 aliqua
3084 5554 3697 5624 umnipotentimdivinaf
3719 5551 3815 5624 vir-

2241 5634 2353 5679 tute
2386 5619 2660 5687 reseratis,
2691 5623 2788 5678 sed
2817 5640 2939 5679 cum
2971 5619 3167 5681 clausas
3195 5619 3598 5692 permanerent,
3626 5622 3690 5676 ad
3714 5619 3812 5692 dis—

2239 5697 2447 5764 cipulos
2477 5694 2734 5751 transisse
2759 5689 3218 5750 crediderit..Non
3266 5696 3421 5750 aliter
3443 5709 3507 5748 ea
3558 5689 3812 5764 intellexit

2238 5761 2587 5837 Augustinus,
2615 5782 2718 5821 ser.
2749 5772 2981 5833 chtvn,
3028 5782 3085 5823 n.
3131 5769 3187 5833 2',
3237 5765 3327 5821 ubi
3376 5764 3659 5821 Calvinum
3702 5761 3803 5816 cuti.
