3960 6202
126 318 188 374 89
1323 310 1411 368 DE
1451 308 1825 367 'rntNtrit'rE
1867 307 2073 365 LIBER
2111 309 2197 366 Ill.
3333 318 3403 373 90

124 433 351 505 mini63
373 431 720 487 mentiamur.
749 432 993 487 Dicamus
1015 429 1212 486 factum
1237 445 1342 485 non
1367 428 1551 497 fuisse,
1578 429 1702 499 quia
1731 439 1784 499 Α
1809 426 1943 484 tium
1978 427 2368 497 inbiberemus,
2408 436 2463 485 et
2494 426 2568 502 (ε)
2609 438 2828 486 naturas
2858 429 3137 487 ﬂuminum
3168 431 3402 488 referre-

124 525 509 596 intelligentiam
553 523 681 579 facti
709 539 817 579 non
845 522 1299 593 apprehendimus
1324 538 1338 576 :
1368 528 1425 577 et
1447 530 1695 578 cessante

124 634 266 674 sensu
302 629 513 681 nostro,
542 615 665 671 [acti
700 617 868 684 ipsius
897 625 1073 671 cesset
1119 613 1363 670 eﬁ‘ectus.
1398 614 1503 670 Sed
1544 628 1697 668 men-

125 709 315 765 dacium
361 717 605 764 nostrum
634 709 759 763 facti
805 707 938 763 ﬁdes
967 708 1148 763 vincit.
1185 707 1405 762 Adstitit
1435 707 1694 762 Dominus

124 804 284 858 clausa
334 802 497 858 domo
550 803 604 856 in
653 801 831 858 medio
883 800 1391 869 discipulorumzet
1425 800 1593 854 Filius
1613 809 1697 854 est

127 903 347 951 natusex
375 895 555 952 Patre.
592 894 713 950 Noli
769 910 967 967 negare
988 895 1129 965 quod
1183 895 1415 959 steterit,
1445 895 1567 965 quia
1601 910 1697 965 per

126 988 465 1059 intelligentiae
489 987 883 1052 inﬁrmitatem,
905 988 1252 1045 consistentis
1271 1004 1376 1041 non
1399 1001 1696 1057 consequa-

124 1084 194 1138 ris
220 1083 483 1138 introitum
508 1100 522 1136 :
543 1082 657 1137 noli
705 1082 915 1138 nescire
939 1081 1083 1152 quod
1123 1082 1191 1137 ab
1218 1081 1455 1152 ingenito
1484 1090 1539 1136 et
1571 1095 1693 1148 per-

125 1175 257 1232 fecto
280 1176 381 1230 Deo
401 1184 550 1243 patre
575 1176 884 1245 unigenitus
905 1183 958 1230 et
987 1172 1258 1244 perfectus
1282 1172 1357 1245 (a)
1380 1172 1522 1227 ﬁlius
1556 1173 1695 1228 Deus

127 1280 273 1324 natus
296 1269 516 1339 sit,quia
547 1283 769 1324 sensum
802 1278 857 1323 et
885 1281 1193 1323 sermonem
1222 1265 1470 1321 humana:
1488 1272 1694 1320 naturae

125 1363 277 1417 virtus
294 1361 658 1431 generationis
687 1361 941 1415 exredat.

182 1454 265 1510 2i.
288 1454 348 1510 Si
360 1465 584 1524 possent,
608 1454 701 1510 Dei
718 1472 875 1522 Opera
887 1456 1059 1510 omnia
1074 1451 1497 1509 turbarent.-—Et
1515 1453 1693 1507 omnia

124 1547 316 1617 quidem
345 1547 565 1616 insuper
586 1547 955 1617 mundiopcra
984 1547 1176 1603 adesse
1201 1546 1354 1601 nobis
1381 1546 1431 1600 in
1455 1545 1695 1600 testimo-

123 1638 251 1692 nium
279 1646 513 1708 possent,
548 1654 617 1695 ne
644 1639 923 1709 ambigere
942 1639 1011 1695 de
1046 1639 1135 1694 Dei
1158 1639 1321 1694 rebus
1342 1652 1504 1708 atque
1529 1636 1696 1692 virtu-

124 1733 244 1789 tibus
269 1733 340 1788 fas
364 1733 738 1789 crederemus.
772 1733 878 1789 Sed
903 1733 955 1787 in
986 1734 1157 1802 ipsam
1187 1733 1466 1787 veritatem
1500 1730 1696 1785 inﬁde~

1795 537 1918 578 mus
1950 564 1966 589 ,
2018 530 2432 578 concuteremus
2476 522 2820 580 fundamenta
2877 534 3056 593 terrm,
3105 536 3159 580 et
3207 534 3319 581 toto
3348 526 3401 582 in

1797 615 1914 670 haec
1964 629 2129 686 Opera
2182 615 2275 670 Dei
2315 615 2605 685 parricidio
2641 617 3047 673 desaeviremus.
3078 617 3186 673 Sed
3241 617 3401 686 bene,

1797 709 1939 780 quod
1987 724 2084 764 nos
2122 708 2261 764 intra
2315 709 2456 767 hanc
2485 710 2763 765 modestia:
2801 712 3179 767 necessitatem
3214 722 3401 769 natura

1798 821 2085 877 corporum
2119 806 2343 863 detinet.
2378 805 2538 862 Certe
2566 824 2672 863 non
2703 806 2962 874 fallimus,
2994 807 3143 879 quid,
3177 810 3221 863 si
3264 808 3400 864 lice-

1796 908 1902 965 ret,
1924 913 2168 956 essemus
2198 900 2277 973 (l)
2311 899 2521 956 facturi.
2558 900 2801 972 Namque
2828 900 2907 974 (ά)
2930 900 3052 971 quia
3084 917 3399 972 possumus,

1798 994 2035 1063 profanae
2065 992 2356 1047 voluntatis
2385 992 2604 1047 audacia
2634 1003 2877 1048 naturam
2908 994 3152 1048 veritatis
3181 994 3401 1050 convel-

1797 1086 1978 1153 limus,
2005 1094 2059 1139 et
2080 1084 2276 1139 bellum
2299 1084 2458 1140 dictis
2484 1085 2576 1141 Dei
2607 1100 3004 1155 comparamus.

1869 1178 1961 1233 22.
1993 1176 2231 1233 Christus
2247 1175 2455 1231 Patrem
2469 1178 2613 1232 nobis
2638 1179 2981 1250 manifestavit
3000 1188 3052 1232 ut
3072 1187 3401 1248 patrem,non

1796 1281 1852 1326 ut
1880 1271 2427 1326 creatorem—Filius
2450 1270 2618 1325 dixit:
2652 1270 2836 1338 Pater,
2867 1272 3196 1342 manifestavi
3216 1288 3402 1326 nomen

1800 1375 1943 1420 tuum
1970 1366 2255 1420 hominibus
2272 1364 2450 1439 (Joan.
2496 1381 2626 1427 xvtt,
2660 1367 2739 1434 6).
2774 1364 2914 1433 Quid
2945 1367 3011 1420 ad
3055 1365 3169 1421 hznc
3201 1367 3403 1421 calum-

1800 1456 2019 1513 niamur
2041 1458 2065 1509 ?
2087 1457 2215 1527 quid
2249 1467 2541 1511 mstuamus
2570 1456 2593 1511 ?
2621 1456 2837 1511 Patrem
2873 1464 2927 1511 tu
2956 1456 3170 1527 negas?
3201 1456 3273 1528 (e)
3301 1456 3400 1512 At-

1799 1550 1927 1621 quin
1956 1549 2057 1604 hoc
2087 1550 2376 1604 maximum
2406 1565 2545 1620 opus
2568 1549 2692 1604 Filii
2723 1550 2842 1617 fuit,
2872 1558 2929 1603 ut
2960 1549 3173 1605 Patrem
3202 1564 3404 1620 cogno-

1800 1656 2093 1697 sceremus.
2124 1641 2299 1712 Negas
2348 1642 2525 1711 plane,
2555 1640 2771 1709 quando
2798 1640 3094 1695 secundum
3141 1650 3193 1696 te
3235 1641 3401 1696 Filius

1802 1750 1908 1790 non
1932 1749 1996 1789 ex
2027 1748 2092 1789 eo
2123 1743 2282 1788 natus
2311 1743 2412 1789 est.
2444 1732 2515 1805 (f)
2552 1732 2619 1787 Et
2659 1748 2755 1787 cur
2789 1732 2929 1788 ﬁlius
2960 1733 3190 1799 dicetur,
3229 1733 3402 1790 lactus

122 1826 227 1881 litas
254 1837 424 1881 nostra
482 1828 780 1897 procurrit,
835 1839 889 1883 et
915 1826 1138 1882 violenti
1204 1827 1256 1880 in
1297 1824 1564 1879 excidium
1601 1825 1692 1882 Dei
1727 1841 1772 1900 Β
1800 1843 1898 1899 pro
1928 1828 2209 1882 voluntate
2239 1826 2389 1897 quasi
2420 1826 2661 1881 etc-tera?
2683 1824 2955 1881 Admirari
2991 1826 3157 1883 Deum
3184 1842 3401 1896 possum

120 1919 366 1989 potestatis
396 1920 772 1988 irrnmpimus.
803 1918 855 1975 Si
887 1920 1094 1985 liceret,
1123 1932 1351 1987 corpora
1396 1926 1452 1971 et
1497 1932 1688 1972 manus

118 2011 174 2065 ad
216 2012 402 2068 coelum
448 2013 815 2078 elcvaremus,
862 2013 1033 2067 solem
1084 2020 1337 2080 astraque
1366 2019 1560 2064 czetera
1588 2025 1688 2064 an-

120 2104 503 2185 nuis(b)cursus
525 2107 612 2162 sui
637 2105 896 2160 limitibus
914 2105 1375 2176 proturbaremus,
1399 2105 1692 2172 permisce-

118 2212 272 2253 remus
284 2196 753 2255 decessusOceani
777 2208 831 2252 et
856 2209 1127 2261 accessus,
1155 2193 1358 2250 ﬁuenta
1383 2194 1545 2249 etiam
1571 2192 1693 2249 fon-

178 2331 485 2403 (1)Aeturi:
514 2347 644 2388 mox
678 2331 896 2404 profane
938 2346 1035 2403 pro
1077 2334 1331 2404 profanat.

119 2469 213 2525 suis
256 2470 396 2525 velut
453 2471 511 2524 in
562 2478 907 2525 antecessum
976 2468 1347 2534 refutaturus,
1399 2469 1695 2526 nativitatis

120 2542 338 2607 exemplo
381 2540 587 2596 factum
644 2542 786 2596 idem
852 2542 1156 2596 conﬁrmat.
1227 2539 1386 2611 l’irgp
1419 2581 1435 2606 ,
1494 2541 1691 2609 inquit,

122 2616 371 2680 νεηνίῃσι
414 2615 564 2680 virgo
617 2615 893 2683 permansit
945 2631 963 2667 :
985 2615 1098 2684 jam
1154 2622 1273 2666 tunc
1323 2609 1583 2684 Dominus
1605 2631 1696 2682 per

120 2684 227 2736 ostia
273 2684 444 2738 clausa
504 2682 658 2738 natus
706 2693 800 2739 est.
856 2684 924 2739 At
971 2682 1239 2752 quomodo
1272 2698 1452 2737 verum
1494 2682 1694 2739 Christi

118 2769 283 2822 corpus
312 2756 781 2823 impenetrabilem
835 2755 1097 2825 parietum
1138 2770 1201 2807 ac
1246 2754 1510 2823 lignorum
1542 2766 1698 2809 natu-

119 2840 213 2878 rain
236 2828 557 2882 transcurrit
582 2828 608 2880 ?
642 2828 951 2895 ltesttoitdet
979 2826 1073 2882 tibi
1110 2826 1363 2889 Hilarius.
1399 2826 1523 2881 lacti
1553 2828 1698 2881 veri-

120 2906 186 2969 tas
210 2914 268 2952 ex
298 2900 474 2954 verbis
508 2897 836 2969 evangi-licis
860 2906 1094 2969 constat,
1119 2898 1359 2969 quamvis
1379 2898 1569 2953 modus
1602 2913 1689 2952 ra-

120 2968 291 3023 tionetn
344 2968 667 3025 humananr
703 2971 922 3024 omnino
965 2968 1169 3040 fugiat:
1219 2968 1310 3023 sed
1356 2986 1459 3022 non
1512 2970 1690 3025 minus

118 3050 299 3094 constat
330 3045 443 3110 plus
481 3043 653 3095 Deum
693 3057 869 3109 posse,
902 3057 1062 3111 quam
1093 3041 1263 3093 valeat
1295 3040 1526 3094 humana
1551 3041 1691 3095 ratio

119 3124 302 3178 capere.
331 3113 521 3181 Neque
563 3113 669 3167 alia
721 3120 805 3167 est
853 3112 1135 3180 restionsio
1182 3112 1491 3181 Augustini,
1522 3128 1689 3168 serm.

118 3195 319 3252 ccum,
351 3203 403 3238 n.
433 3187 498 3250 2,
523 3195 579 3239 et
607 3186 767 3249 epist.
797 3199 1043 3244 cxxxrtt,
1080 3200 1130 3237 n.
1164 3184 1217 3244 8,
1238 3196 1290 3236 ot
1312 3182 1496 3252 Cyrilli
1533 3186 1688 3239 Alex.

120 3251 193 3307 lib.
217 3271 301 3320 ιιι,
334 3256 385 3311 Ῐη
410 3255 575 3311 Joan.
613 3254 687 3309 Ita
721 3265 937 3323 possent
968 3255 1170 3309 absolvi
1198 3251 1377 3307 intiba:
1406 3253 1691 3309 difﬁculta-

118 3333 219 3386 tes,
261 3344 387 3397 quas
431 3329 583 3383 circa
640 3337 1044 3381 sacrosanctum
1109 3325 1457 3380 Eucharistia:
1504 3342 1686 3381 sacra-

119 3407 323 3451 mentum
346 3400 558 3452 (Zalvini
591 3399 807 3453 sectarii
855 3397 1183 3466 excogitant.
1210 3396 1492 3464 Quomodo
1522 3413 1688 3452 unum

117 3468 308 3537 rtideut
338 3469 551 3525 Christi
602 3483 805 3537 corpus
854 3471 902 3522 in
944 3473 1085 3525 caelo
1130 3477 1185 3523 et
1232 3471 1284 3522 in
1314 3480 1477 3533 terra,
1509 3480 1562 3522 et
1586 3469 1691 3526 alia

119 3536 428 3604 huiusmodi?
453 3541 580 3596 Noli
631 3536 897 3595 sollicitus
942 3555 1063 3595 eSSu
1085 3540 1151 3594 de
1182 3539 1341 3593 modo
1366 3557 1380 3602 ;
1410 3556 1531 3594 cum
1566 3550 1688 3594 tan-

117 3616 207 3661 tum
253 3623 299 3667 te
350 3624 564 3667 certum
614 3612 848 3666 voluerit
886 3610 1135 3666 Christus
1192 3611 1259 3665 de
1302 3608 1464 3665 facto.
1518 3610 1691 3666 Erunt

113 3678 357 3752 forte,qni
406 3686 579 3739 etiam
627 3684 816 3738 modos
863 3684 1209 3748 expliCabuttt
1239 3691 1328 3736 :ut
1374 3682 1535 3737 modo
1582 3698 1686 3737 non

115 3750 637 3825 desunipltil050phi,
672 3756 760 3823 qui
799 3754 939 3809 hunc
966 3754 1177 3808 Domini
1202 3753 1266 3807 ad
1289 3754 1583 3822 discipulos
1607 3756 1691 3819 ja-

115 3828 214 3877 nus
238 3827 429 3881 clausis
459 3838 518 3880 et
570 3826 723 3880 nullo
755 3837 911 3894 pacto
955 3826 1159 3896 apertis
1187 3827 1484 3894 ingressum
1515 3825 1686 3895 expli-

111 3907 214 3948 Care
240 3912 291 3950 sa!
316 3909 526 3964 putant.
561 3897 695 3953 Cum
728 3898 893 3963 enim,
933 3898 1201 3959 inquiunt,
1234 3902 1572 3949 conservatio
1620 3898 1689 3949 sit

112 3967 383 4023 continuata
413 3972 648 4035 creatio,
681 3981 787 4023 tam
820 3970 973 4023 facile
1002 3969 1096 4022 luit
1122 3968 1230 4021 Deo
1256 3967 1501 4036 corporis
1525 3967 1686 4021 Chri-

112 4037 501 4093 siirroaliotttanl
535 4041 776 4095 immotis
824 4040 1142 4108 Corporibus
1191 4038 1530 4093 itttertttcdiis
1557 4054 1687 4094 Con-

113 4108 292 4163 tinuate
314 4115 364 4166 in
388 4114 615 4168 di~tanti
672 4113 814 4175 loco,
843 4127 1002 4181 quam
1035 4111 1086 4165 in
1132 4109 1416 4179 proximo;
1448 4110 1570 4164 licet
1594 4124 1680 4165 se.

112 4182 309 4251 trandum
355 4199 681 4239 cottttnunes
714 4196 918 4237 natura:
970 4184 1134 4251 leges,
1161 4196 1264 4234 non
1297 4181 1576 4235 continuet
1608 4182 1687 4234 ttlv

111 4249 194 4303 lius
220 4257 458 4324 corporis
504 4255 858 4310 creationem.
896 4255 993 4307 nisi
1024 4249 1143 4306 'ant
1190 4252 1242 4306 in
1288 4253 1478 4324 eodem
1509 4262 1596 4306 aut
1632 4252 1683 4306 in

113 4323 329 4385 traxitno
357 4328 503 4393 loro,
552 4337 605 4379 et
662 4341 727 4381 eo
757 4324 972 4396 quidem
1020 4339 1270 4390 corpore,
1311 4323 1453 4393 quod
1496 4324 1685 4396 ingillo

111 4396 482 4466 continebatur.
518 4397 668 4466 prius
716 4413 746 4451 e
774 4394 873 4451 Suo
917 4398 1020 4450 situ
1069 4396 1319 4462 depulso.
1349 4400 1454 4448 Deo
1482 4394 1682 4465 quippe

111 4462 394 4538 facillimum
430 4462 549 4534 fuit,
582 4480 639 4523 ut
686 4483 904 4535 corpus,
936 4467 1074 4538 quod
1123 4482 1228 4520 tttto
1254 4462 1515 4535 temporis
1554 4462 1683 4519 arii-

112 4534 447 4593 zznlovolehat
496 4555 622 4593 esse
676 4534 827 4593 extra
874 4534 1212 4600 Cubiculum,
1260 4534 1381 4607 qua
1409 4538 1684 4592 voluntate

110 4618 242 4684 cura
264 4612 575 4684 cubiculum
604 4610 913 4674 creabatur,
941 4611 1288 4676 subseqttenti
1318 4609 1681 4684 volueritesse

112 4679 226 4730 intra
254 4682 583 4744 cubiculum,
610 4697 717 4747 quo
759 4692 882 4735 aetn
914 4695 1138 4736 necesse
1167 4690 1271 4747 est,
1303 4679 1488 4734 tlltesis
1516 4680 1679 4733 etiam

1797 1919 2133 1974 conditorem
2165 1917 2277 1991 64
2306 1919 2488 1973 mundi
2514 1919 2791 1974 Christum
2820 1928 3127 1974 creantem:
3157 1927 3212 1974 et
3235 1919 3401 1989 digna

1798 2013 2098 2068 Deovirtus
2128 2023 2231 2077 est,
2258 2024 2315 2066 ut
2337 2011 2651 2066 effectorem
2683 2012 3130 2082 archangelorum
3159 2020 3213 2066 et
3243 2026 3406 2082 ange-

1798 2107 1993 2174 lorum,
2025 2107 2321 2162 visibilium
2344 2106 2783 2172 ctinvisibilium,
2812 2106 2934 2161 caeli
2958 2114 3117 2176 atque
3139 2113 3319 2168 terrm,
3350 2113 3403 2159 et

1800 2201 2070 2257 universa:
2113 2200 2271 2271 hujus
2299 2200 2591 2256 creationis
2618 2198 2879 2256 effecerit.
2909 2197 3017 2255 Sed
3062 2212 3170 2255 non
3212 2197 3300 2254 hic
3328 2197 3405 2253 la-

1801 2470 1909 2543 alio
1964 2469 2123 2524 modo
2177 2470 2352 2543 factus
2395 2468 2555 2543 fuerit
2615 2469 2701 2525 hic
2730 2470 2929 2526 Christi
2976 2471 3153 2543 ianuis
3205 2475 3404 2533 clausis

1801 2542 2075 2617 ingressus
2108 2558 2121 2594 :
2157 2542 2306 2617 quod
2329 2541 2557 2617 inﬁrmat,
2584 2543 2799 2617 _rationi
2828 2559 2941 2598 sum
2970 2541 3088 2612 plus
3116 2560 3269 2617 aequo
3289 2564 3407 2604 crc-

1800 2613 2053 2687 dentibus
2080 2622 2236 2687 antea
2261 2612 2684 2687 v_idelmtnr.jam
2712 2631 2816 2667 non
2841 2617 3052 2670 videtur
3075 2612 3399 2687 repugnare.

1800 2683 1873 2738 lta
1908 2685 2068 2759 etiam
2118 2684 2223 2759 erit
2282 2685 2671 2759 fortasse,_qni
2709 2688 3061 2759 ratiunculas,
3106 2683 3403 2759 aut’potins

1800 2757 2077 2828 tenebras,
2107 2756 2303 2828 quibus
2336 2755 2493 2828 iidem
2526 2755 2732 2828 Calvini
2781 2757 3032 2826 discipuli
3075 2755 3317 2828 corporis
3348 2772 3404 2817 et

1801 2826 2079 2897 sanguinis
2108 2826 2304 2881 Christi
2335 2826 2386 2880 in
2442 2826 2799 2881 Eucharistia:
2839 2826 3404 2886 sacramentum-ita-

1802 2907 1910 2953 tem
1939 2897 2233 2953 obscurare
2282 2912 2341 2953 se
2393 2908 2604 2968 putant.
2655 2899 2904 2968 depellet.
2942 2900 3130 2954 'l‘utius
3183 2901 3398 2958 interim

1798 2969 1904 3044 erit
1941 2985 2061 3044 cum
2095 2978 2203 3044 tota
2226 2969 2467 3044 Ecclesia
2500 2968 2622 3023 facti
2666 2972 2948 3025 veritatem
2981 2981 3185 3036 tenere,
3211 2988 3396 3044 quam-

1800 3041 1881 3095 vis
1908 3041 2042 3094 ratio
2059 3056 2161 3108 qua
2192 3039 2240 3094 id
2268 3041 2361 3093 ﬁat
2384 3041 2677 3110 ignoretur.
3227 3039 3241 3044 “
3400 3046 3405 3051 ”

1871 3109 1952 3182 (τι)
1975 3111 2229 3185 ltaABadL,
2261 3112 2351 3166 Er.
2376 3109 2431 3165 et
2464 3127 2594 3165 mss.
2623 3128 2719 3165 nec
2749 3122 2860 3166 etat
2882 3127 2980 3167 cur
3003 3113 3213 3184 Lipsius
3238 3130 3397 3185 repo-

1799 3179 1973 3248 net-ot,
2004 3182 2141 3249 [ilius
2167 3179 2309 3237 Deus
2336 3191 2485 3235 nutus
2527 3185 2612 3237 sit.

1874 3254 1949 3326 (b)
1971 3253 2132 3312 Editi,
2167 3253 2328 3308 annui
2370 3270 2553 3307 cursus
2594 3255 2677 3308 sui
2718 3253 2982 3326 limitibus.
3014 3254 3174 3310 Vetus
3229 3257 3399 3315 codex

1799 3323 1953 3378 Colb.
2020 3342 2185 3379 annos
2239 3340 2419 3378 cursus
2470 3326 2577 3379 suis
2608 3325 2871 3378 limitibus.
2901 3326 3056 3379 Alius
3085 3328 3238 3382 Coll).
3274 3346 3397 3384 (‘lllll

1796 3394 2052 3460 Sorhon.,
2075 3406 2119 3449 et
2150 3413 2349 3450 annuos
2370 3411 2542 3448 eorum
2562 3413 2739 3449 rursus
2766 3399 2869 3450 suis
2898 3399 3164 3453 limitibus.
3192 3399 3393 3464 Lectio,

1796 3483 1958 3535 quant
2010 3468 2345 3529 exhibemus,
2400 3476 2483 3521 est
2545 3468 2930 3536 plerarumque
2985 3486 3115 3523 mss.
3173 3468 3391 3525 Confer.

1794 3546 1950 3592 tract.
1988 3539 2121 3606 psal.
2154 3554 2371 3601 cxmv,
2403 3553 2457 3591 n.
2516 3539 2601 3603 «ll,
2634 3540 2722 3591 uhi
2756 3537 2992 3593 Hilarius
3043 3551 3396 3609 reprtrsentat

1790 3610 2205 3665 indemutabilem
2250 3612 2361 3663 caeli
2389 3609 2703 3676 ﬁrmitatem,
2736 3611 2892 3662 solent
2941 3612 3127 3664 (innuis
3158 3612 3394 3666 cursibus

1792 3679 2163 3752 indefessisqtie
2210 3682 2546 3746 moderatum,
2578 3681 2806 3751 vicesque
2825 3683 2949 3735 anni
2970 3682 3196 3748 deﬁnitis
3218 3683 3396 3737 limiti-

1791 3750 1883 3805 bus
1915 3750 2305 3825 temperantem,
2329 3763 2438 3825 etc.

1868 3826 1942 3894 (ε)
1973 3822 2087 3878 Duo
2109 3838 2238 3877 mss.
2269 3823 2425 3894 Culb.
2460 3838 2580 3876 cum
2621 3822 2834 3888 Gertn.,
2859 3832 3071 3877 naturus
3100 3822 3388 3882 hominum.

1791 3892 1924 3947 Tum
1949 3895 2075 3949 editi
2107 3910 2229 3949 cum
2259 3893 2472 3949 duobus
2504 3910 2634 3948 mss.
2671 3895 3082 3955 recentioribus,
3108 3897 3398 3963 refrenare-

1791 3982 1922 4029 mus,
1953 3975 2007 4020 et
2059 3968 2110 4020 in
2157 3981 2262 4019 uno
2309 3965 2568 4019 mendose
2597 3964 3014 4032 rell'ernaremus.
3049 3966 3392 4023 Prtcl'erimns

1788 4051 1911 4090 cum
1942 4040 2174 4097 ca-tcris.
2207 4037 2513 4105 referremus
2544 4054 2562 4090 :
2584 4038 2725 4106 quod
2781 4038 3001 4108 verbum
3049 4040 3219 4108 magis
3246 4039 3391 4094 Hila-

1791 4108 2000 4162 rianum
2031 4118 2133 4169 cst,
2162 4119 2217 4161 ut
2256 4108 2598 4163 observatum
2625 4118 2709 4162 est
2742 4109 2791 4161 in
2825 4107 3026 4162 Adnot.
3055 4111 3105 4162 in
3133 4107 3212 4179 ps.
3240 4126 3385 4178 calx,

1790 4188 1901 4232 not.
1929 4179 1983 4233 5.

1863 4253 1940 4321 (d)
1966 4250 2126 4306 Editi.
2178 4250 2299 4320 quia
2327 4265 2428 4304 non
2459 4265 2751 4320 possumus,
2787 4248 2966 4304 addita
3003 4251 3259 4320 particula
3292 4268 3391 4308 ne-

1786 4333 1946 4391 gante
1974 4331 2159 4375 contra
2214 4321 2371 4374 Iidem
2427 4337 2557 4374 mss.
2591 4332 2643 4375 et
2693 4332 2925 4375 mentem
2989 4323 3190 4387 llilarii,
3227 4325 3393 4379 exiis

1786 4390 1906 4462 qum
1936 4405 2121 4446 contra
2142 4394 2423 4446 veritatem
2446 4390 2649 4446 faciunt
2670 4391 2930 4463 haeretici,
2965 4396 3086 4463 quia
3108 4395 3157 4447 id
3192 4410 3286 4463 pro
3309 4395 3392 4450 in-

1786 4465 1929 4533 genii
1954 4466 2034 4517 sui
2057 4464 2305 4517 libertate
2325 4476 2572 4532 possunt,
2588 4463 2712 4533 quid
2738 4462 3388 4521 facerentcontraircrum

1787 4545 2030 4597 naturas,
2067 4535 2111 4588 si
2140 4538 2342 4603 pariter
2362 4549 2522 4605 pOSse
2543 4535 2726 4589 datum
2758 4539 2837 4590 eis
2866 4547 3027 4602 esset,
3061 4537 3385 4606 colligentis.

1863 4606 1934 4677 (e)
1966 4606 2040 4660 Ita
2073 4606 2362 4661 scribimus
2391 4608 2528 4660 hanc
2559 4622 2744 4661 vocem
2778 4607 2842 4660 ad
2898 4607 3254 4670 imitationem
3297 4624 3389 4663 ve-

1789 4686 1960 4731 terum
1995 4677 2252 4732 librorum
2288 4678 2464 4749 :quod
2492 4686 2547 4731 et
2584 4679 2721 4747 apud
2755 4677 3149 4733 Tertttllianttm
3180 4679 3390 4748 praasti-

112 4761 152 4825 et
174 4752 394 4807 'tuuntnis
422 4753 721 4825 patielibus
743 4769 806 4825 ac
833 4751 1062 4825 foribus,
1080 4750 1314 4825 sitintra
1345 4752 1672 4825 cubiculum.
1706 4753 1759 4813 D
1786 4757 1896 4801 tttm
1920 4760 2022 4825 est.

114 4816 170 4871 E3
196 4825 400 4888 quidem
422 4816 643 4879 'ratione
669 4824 806 4878 vidit
837 4816 1068 4877 Hilarius
1111 4822 1306 4877 Chri~ti
1356 4821 1552 4875 factum
1581 4838 1680 4876 ex-

117 4892 271 4963 plicari
324 4911 506 4963 luisse.
539 4896 644 4951 Sed
683 4896 770 4949 hic
816 4895 1041 4949 iliudere
1083 4895 1261 4947 solent
1288 4892 1677 4960 phantasmata.

114 4962 278 5035 quibus
305 4962 550 5035 corporis
580 4971 716 5022 intra
747 4967 979 5034 parietes
1013 4966 1211 5019 illtesos
1242 4965 1681 5033 ingressttmwx-

114 5034 324 5100 Cttgitare
373 5034 481 5091 non
535 5040 754 5100 sinitur,
787 5040 888 5091 nisi
921 5052 1119 5107 corpus
1150 5035 1280 5089 illud
1337 5035 1481 5103 prius
1529 5046 1678 5107 extra

116 5117 305 5165 prorsus
332 5110 561 5173 aboleri,
588 5126 651 5164 ac
678 5109 875 5164 deittde
906 5110 1046 5163 intra
1085 5107 1154 5161 de
1187 5121 1325 5161 novo
1369 5106 1538 5175 creari
1589 5121 1684 5175 po-

117 5186 267 5231 untur.
315 5179 470 5236 [inde
519 5190 704 5235 noster
755 5180 987 5234 Hilarius
1031 5178 1138 5239 hic,
1171 5175 1370 5241 Corpus
1411 5174 1621 5230 Domini
1651 5193 1684 5229 a

117 5261 201 5299 sese
228 5266 323 5303 non
369 5253 564 5320 deﬁcit,
594 5262 649 5305 ut
673 5266 781 5305 sese
825 5259 1053 5305 resumat
1100 5264 1166 5304 ea!
1214 5248 1402 5304 nihilo.
1428 5246 1680 5302 Attamen

119 5332 451 5393 owpusnnnc
470 5336 647 5388 extra,
701 5338 765 5377 ac
818 5323 1060 5390 proxime
1107 5332 1223 5389 post
1252 5334 1348 5389 per
1367 5330 1675 5393 creantem,

120 5400 193 5441 aut
214 5394 382 5458 potius
397 5391 841 5455 conserv-antem,
876 5393 966 5448 Dei
1004 5393 1330 5446 voluntatem
1365 5391 1502 5445 intra
1532 5392 1681 5445 cubi-

122 5461 270 5516 culum
314 5480 343 5516 ο
376 5480 496 5520 sese
550 5482 658 5520 non
694 5465 894 5528 ilelicit,
928 5480 1048 5517 cum
1092 5464 1238 5517 nullo
1270 5464 1529 5531 temporis
1560 5477 1679 5516 mo—

124 5542 279 5585 mento
322 5537 589 5592 exsistere
636 5538 892 5593 desinat;
934 5544 1021 5589 aut
1063 5544 1288 5590 eatenus
1317 5533 1550 5588 deiicere
1574 5533 1679 5587 dici

126 5613 569 5677 thmtenus
596 5623 661 5662 ex
723 5618 907 5661 natura
956 5619 1051 5661 sua
1108 5605 1310 5677 indiget
1337 5615 1394 5659 ut
1441 5604 1681 5677 quolibet

125 5676 352 5740 temporis
398 5689 672 5734 rnamenta
716 5687 970 5731 creetur:
1005 5677 1147 5731 sicut
1191 5675 1285 5744 per
1326 5684 1528 5729 nuptum
1573 5675 1675 5728 dici

125 5746 516 5819 [mundialium
545 5750 603 5819 in
636 5750 757 5805 i000
813 5750 864 5802 in
902 5766 1006 5819 qtto
1058 5762 1162 5802 non
1193 5746 1422 5819 amplius
1442 5754 1675 5819 creatur,

124 5812 167 5861 εἴ
208 5812 365 5872 errari
392 5823 445 5873 in
472 5816 540 5877 ‘eo
570 5816 625 5875 iit
656 5818 764 5890 qtto
811 5812 1178 5874 conservatur.
1214 5812 1338 5874 (ilic
1380 5817 1501 5871 hoc.
1561 5818 1674 5869 sivo

1856 4825 1925 4893 (f)
1958 4821 2013 4874 ltt
2044 4820 2294 4893 vulgatis,
2318 4829 2364 4874 et
2395 4837 2511 4873 cum
2539 4820 2682 4888 ﬁlius
2726 4820 2931 4893 dicitur.
2966 4818 3207 4893 Subinde
3246 4820 3385 4889 apud

1784 4890 1931 4959 Lips.
1982 4892 2205 4962 qtciagsic
2233 4901 2415 4945 austera
2440 4908 2456 4955 ;
2483 4902 2538 4945 et
2574 4892 2715 4959 apttd
2745 4891 2890 4945 Par..
2917 4893 3036 4958 quia
3065 4891 3129 4962 sit
3158 4901 3339 4945 caetera
3370 4910 3381 4945 :

1790 4965 1952 5017 lectio
1983 4960 2295 5032 depravata,
2323 4978 2480 5031 quam
2509 4963 2812 5027 excipiebat
2844 4963 3034 5014 vitiosa
3068 4960 3385 5031 interpunc-

1787 5033 1885 5095 tio,
1915 5034 2052 5087 adeo
2085 5046 2140 5086 ιιι
2191 5035 2491 5102 argumenti
2524 5035 2600 5084 vis
2629 5032 2739 5103 jam
2784 5032 2925 5083 nulla
2968 5046 3192 5103 prorsus
3216 5049 3383 5103 appa-

1789 5115 1952 5159 reret.
1996 5101 2351 5158 Restauratur
2402 5118 2503 5172 ope
2534 5117 2664 5156 mss.
2698 5102 2808 5155 Hoc
2851 5103 2995 5155 enim
3028 5101 3129 5156 sibi
3155 5101 3301 5168 vult,
3331 5113 3388 5160 ut

1790 5177 1878 5244 qui
1913 5173 2103 5228 Ftliutn
2139 5188 2477 5244 raeterornnr
2514 5174 2684 5225 instar
2737 5186 2834 5241 pro
2878 5173 3156 5244 voluntate
3188 5176 3385 5232 factum

1793 5242 2004 5318 asserit.
2036 5257 2189 5313 neget
2219 5262 2274 5318 re
2306 5247 2416 5313 ipsa
2456 5242 2619 5296 ﬁlium
2640 5246 2775 5318 ;_»qui
2806 5254 2959 5312 negat
2992 5243 3209 5318 Filium,
3230 5258 3386 5318 neget

1794 5327 1846 5370 et
1874 5316 2084 5370 Patrem
2112 5330 2127 5378 ς
2156 5317 2244 5387 qui
2292 5330 2422 5369 vero
2456 5323 2614 5387 negat
2653 5314 2889 5387 Patrem,
2934 5327 3093 5387 neget
3139 5317 3189 5369 id
3242 5314 3384 5387 quod

1795 5388 2035 5443 Christus
2064 5387 2151 5441 hic
2190 5386 2387 5440 dor-ere
2431 5386 2664 5440 maxime
2706 5386 2928 5440 studuit.
2960 5386 3073 5439 Non
3107 5386 3378 5441 enimad-

1793 5459 2008 5513 modum
2036 5458 2085 5512 ei
2121 5472 2264 5511 cura:
2314 5457 2431 5522 fuit,
2465 5464 2524 5510 ut
2546 5471 2668 5512 eum
2702 5458 2856 5510 nobis
2892 5459 3157 5513 Deum'et
3185 5459 3386 5515 Christi

1789 5532 2027 5586 omnium
2056 5527 2358 5583 conditoris
2383 5538 2683 5583 creatorem
2710 5530 3027 5593 inculcaret,
3056 5544 3177 5584 cum
3206 5542 3385 5587 tamen

1792 5603 1916 5657 hinc
1945 5600 2174 5655 multum
2203 5602 2342 5670 apud
2376 5614 2488 5670 nos
2514 5616 2638 5653 eum
2664 5600 3046 5654 commendare
3072 5610 3129 5656 et
3153 5603 3385 5656 admira-

1790 5673 1989 5726 tionem
2018 5671 2067 5726 ci
2106 5669 2344 5727 nostram
2377 5669 2617 5726 excitare
2650 5672 2905 5726 valuisset
2932 5688 2944 5723 :
2990 5672 3087 5726 sed
3120 5682 3177 5726 ut
3216 5676 3387 5729 inani-

1788 5742 2185 5813 l‘estareteutn
2214 5759 2397 5798 verum
2423 5758 2543 5797 esse
2565 5752 2796 5813 patrem,
2820 5743 2910 5813 qui
2942 5758 3128 5799 verum
3156 5743 3384 5800 haberet

1788 5812 1975 5870 lilium.
2008 5812 2123 5867 Hoc
2149 5812 2346 5871 Christi
2372 5827 2527 5883 opus.
2558 5812 2644 5871 hic
2667 5813 2815 5871 labor
2838 5812 2974 5868 erat;
