3960 6202
516 268 576 345 ιιι
1690 265 1934 341 εΑΝετι
1982 264 2241 343 uit-tali
2297 267 2601 339 EPISCOPI
3737 281 3799 341 ιη

516 384 619 441 bor
642 380 853 441 Domini
876 389 980 448 est,
1011 388 1068 451 ut,
1095 381 1272 436 omnia
1323 382 1375 437 in
1433 381 1683 438 creandis
1726 383 1889 449 rebus
1946 382 2112 439 Deum
2140 387 2190 463 Α
2217 392 2343 439 ειιηι
2370 384 2459 455 qui
2484 383 2669 461 genuit
2697 392 2749 439 et
2773 386 2864 458 qui
2917 385 3134 457 genitus
3171 393 3277 443 cst.
3307 386 3419 445 Cur
3448 397 3695 461 natum
3718 409 3801 457 ex-

518 490 681 549 posse
726 485 780 531 tu
808 473 1046 539 sentias;
1078 473 1173 529 sed
1220 483 1274 529 ιιι
1328 473 1467 539 scias
1519 473 1686 529 Deum
1736 483 1942 548 patrem
1999 476 2115 545 ejus

517 584 643 627 esse
684 569 780 625 ﬁlii
809 569 897 640 qui
940 567 1196 645 loquitur.
1232 566 1472 629 Virtutes
1510 568 1564 624 in
1595 568 1735 627 coelo
1767 570 1943 640 plures
1968 578 2114 639 sunt,

520 674 577 722 et
606 663 923 743 efﬁcientes,
948 670 1003 718 et
1030 660 1104 735 (α)
1136 670 1395 718 teterntc:
1424 663 1518 719 sed
1544 680 1681 719 unus
1703 663 2012 739 unigenitus
2036 672 2120 720 est

521 759 686 827 filius,
711 773 816 814 non
848 772 878 812 a
902 755 1114 812 caeteris
1137 757 1250 825 sola
1280 756 1537 814 dilferens
1558 768 1844 830 potestate,
1877 759 1998 833 quia
2025 775 2120 833 per

521 871 641 912 eum
692 861 882 909 cuncta
932 862 1076 910 sunt.
1126 853 1230 911 Sed
1280 855 1402 928 quia
1453 869 1617 919 verus
1656 870 1796 925 unus
1830 862 1914 927 est
1952 855 2113 923 ﬁlius,

520 964 627 1005 non
656 946 728 1019 (b)
763 946 853 1001 ﬁat
901 947 1138 1023 degener
1167 989 1181 1014 ,
1232 956 1290 1003 ut
1338 956 1493 1002 natus
1542 962 1608 1004 ex
1662 948 1833 1015 nihilo
1872 949 1960 1022 sit.
2005 948 2119 1007 Au-

520 1041 605 1097 dis
628 1039 873 1095 Filium:
921 1039 1085 1111 crede
1134 1041 1260 1112 quia
1308 1040 1451 1095 ﬁlius
1493 1049 1597 1096 est.
1645 1039 1814 1096 Audis
1865 1043 2118 1098 Patrem:

524 1144 799 1201 memento
860 1133 984 1204 quia
1055 1142 1207 1205 pater
1280 1143 1383 1189 est.
1431 1132 1567 1205 Quid
1621 1133 1735 1189 istis
1816 1133 2123 1191 nominibus

523 1227 911 1301 suspicionem,
943 1227 1226 1296 malitiam,
1259 1226 1538 1293 audaciam
1562 1227 1885 1287 interseris?
1920 1228 2124 1283 Secun-

524 1323 654 1379 dum
704 1334 911 1377 natura:
970 1321 1380 1397 intelligentiam
1427 1322 1647 1376 nomina
1697 1320 1895 1376 divinis
1963 1322 2124 1378 rebus

525 1426 705 1488 aptata
753 1427 877 1476 sunt
913 1414 1008 1491 (ε).
1060 1414 1195 1487 Quid
1226 1414 1385 1471 affers
1417 1414 1522 1468 vim
1553 1413 1839 1470 verborum
1875 1414 2124 1483 veritati?

525 1510 692 1566 Audis
717 1518 921 1589 patrem
950 1518 1003 1565 et
1034 1509 1200 1565 ﬁlium
1230 1527 1245 1564 :
1277 1525 1345 1563 ue
1380 1508 1621 1585 ambigas
1646 1523 1767 1565 esse
1804 1507 1945 1579 quod
1985 1524 2123 1567 nun-

524 1613 813 1676 cupantur.
844 1602 1065 1675 summa
1096 1602 1515 1672 disiicnsationis
1536 1610 1620 1658 est
1645 1597 1805 1665 Filio,
1830 1609 1886 1654 ut
1910 1600 2126 1656 noveris

525 1701 741 1756 Patrem
766 1716 779 1753 :
807 1698 935 1771 quid
966 1698 1176 1761 irritum
1203 1697 1332 1753 facis
1360 1709 1495 1767 opus
1522 1694 1928 1769 pr0pltetarum,
1964 1694 2124 1751 Verbi

2216 476 2430 533 cludis?
2454 492 2550 545 cur
2570 481 2849 547 veritatem
2880 480 3188 557 interimis?
3217 483 3412 540 Audis:
3454 484 3612 547 Pater
3638 488 3688 544 in
3712 507 3803 565 tua,

2217 581 2266 627 et
2286 588 2379 644 ego
2398 572 2454 633 in
2483 571 2640 645 Patre
2666 573 2858 651 (Ibid,
2898 574 2988 649 58)
3023 592 3038 632 :
3069 585 3126 633 et
3175 581 3276 637 hoc
3311 580 3382 643 de
3410 580 3572 649 Patre
3600 593 3653 639 et
3680 584 3805 651 Filiq

2218 664 2340 721 Filii
2372 681 2537 738 opera
2567 676 2851 725 testantur.
2884 668 3000 727 Non
3029 685 3228 743 corpus
3257 670 3349 747 (al.
3380 682 3437 729 ut
3466 674 3687 749 corpus)
3717 694 3802 749 per

2220 759 2631 837 intelligentiam
2662 770 2901 829 nostram
2932 765 3146 836 corpori
3176 766 3537 839 immittimus,
3562 785 3731 842 neque
3754 784 3803 833 ut

2223 865 2419 921 aquam
2449 853 2576 909 vino
2606 854 2937 921 infundimus
2968 874 2979 909 :
3012 856 3107 925 sed
3137 858 3383 931 eamdem
3430 862 3485 917 in
3522 873 3741 935 utroque
3759 874 3805 923 et

2222 946 2436 1001 virtutis
2462 947 2870 1011 similitudinem
2901 958 2958 1009 et
2987 950 3203 1015 deitatis
3226 952 3621 1025 plenitudinem
3649 958 3802 1017 caulis

2222 1049 2420 1099 temur.
2449 1040 2641 1097 Omnia
2665 1041 2810 1105 enim
2860 1043 3025 1110 Filius
3049 1044 3258 1117 accepit
3286 1061 3315 1101 a
3341 1046 3518 1113 Patre,
3539 1057 3696 1111 etest
3722 1052 3804 1115 Dei

2223 1133 2417 1209 forma,
2445 1146 2500 1193 et
2524 1136 2699 1217 imago
2744 1138 3056 1207 substantia:
3086 1139 3222 1209 ejus.
3275 1140 3355 1214 (5i)
3403 1140 3478 1216 (g)
3511 1142 3645 1203 Eum
3675 1146 3804 1211 enim

2225 1230 2292 1287 ab
2318 1246 2383 1287 eo
2410 1231 2502 1303 qui
2527 1240 2607 1293 est
2633 1249 2647 1287 :
2678 1232 2847 1304 imago
2862 1232 3160 1307 substantia:
3182 1242 3388 1301 tantum
3410 1235 3476 1290 ad
3499 1236 3805 1305 subsistendi

2228 1326 2409 1392 ﬁdem,
2444 1342 2550 1381 non
2581 1327 2743 1382 etiam
2781 1327 2846 1380 ad
2889 1328 3122 1399 aliquam
3171 1336 3383 1387 natura:
3424 1328 3804 1395 dissimilitudi-

2228 1437 2351 1487 nem
2378 1421 2781 1493 intelligendam
2808 1420 3085 1481 discernit.
3115 1421 3331 1481 Patrem
3370 1434 3551 1489 autem
3583 1424 3639 1481 in
3665 1424 3803 1493 Filio,

2228 1524 2285 1571 et
2321 1514 2512 1571 Filium
2539 1516 2591 1570 in
2609 1515 2767 1572 Patre
2793 1530 2937 1584 esse,
2970 1515 3247 1585 plenitudo
3277 1516 3331 1571 in
3361 1528 3592 1588 utroque
3620 1517 3796 1573 divini-

2231 1609 2353 1664 tatis
2370 1606 2605 1679 perfecm
2620 1617 2719 1665 est.
2738 1607 2853 1665 Non
2876 1609 3016 1671 enim
3032 1609 3322 1665 diminutio
3339 1611 3514 1675 Patris
3531 1622 3613 1669 est
3630 1610 3800 1678 Filius,

2228 1716 2330 1769 nec
2349 1701 2519 1759 Filius
2540 1701 2884 1773 imperfectus
2908 1718 2939 1761 a
2962 1704 3118 1761 Patre
3139 1713 3240 1760 est.
3262 1704 3441 1775 linago
3472 1706 3584 1761 sola
3610 1704 3723 1780 (hoc
3746 1714 3810 1773 est

525 1795 976 1861 incarnationem,
1000 1792 1226 1864 virginis
1276 1803 1510 1862 partum,
1556 1790 1810 1847 virtutem
1847 1789 2121 1858 Operatio-
2160 1804 2202 1864 Β
2230 1793 2607 1867 solitaria)non
2622 1804 2726 1869 est,
2752 1805 2806 1853 et
2825 1796 3122 1863 similitudo
3143 1813 3252 1853 non
3273 1798 3375 1855 sibi
3389 1807 3494 1855 est.
3519 1799 3631 1861 Deo
3653 1809 3811 1863 autem

528 1904 679 1967 num,
711 1901 927 1949 crucem
963 1885 1210 1943 Christi?
1236 1884 1358 1942 Tibi
1386 1884 1501 1941 haec
1523 1883 1703 1939 omnia
1734 1884 1999 1954 impensa,
2036 1883 2129 1939 tibi

529 1981 766 2052 priestita
808 1990 934 2049 suut
966 1989 1062 2037 :ut
1092 1994 1189 2050 per
1231 1978 1349 2035 hinc
1395 1978 1711 2034 manifestus
1770 1977 1864 2033 tibi
1892 1986 1948 2033 et
1973 1976 2131 2034 Pater

529 2081 676 2133 esset
696 2082 751 2133 et
794 2072 982 2131 Filius.
1024 2071 1297 2143 Supponis
1324 2086 1465 2139 nunc
1497 2068 1576 2143 (ςι)
1600 2070 1955 2141 voluntatem.
1978 2084 2130 2135 crea-

530 2167 754 2239 tionem,
795 2163 1140 2237 adoptionem
1171 2183 1185 2219 :
1212 2163 1416 2233 inspice
1461 2171 1514 2218 et
1542 2162 1789 2217 militiam
1831 2170 1886 2216 et
1927 2163 2133 2235 stipen-

532 2258 678 2313 dium
726 2256 950 2311 Christi.
1002 2255 1205 2325 Nempe
1246 2254 1580 2325 proclamat:
1613 2252 1787 2319 Puter,
1811 2253 2135 2325 manifestavi

531 2368 714 2406 nomen
741 2359 886 2406 tuum
932 2350 1223 2405 hominibus
1246 2367 1265 2417 ;
1292 2365 1398 2404 non
1444 2347 1617 2412 audis,
1652 2355 1953 2403 creatorem
1978 2347 2137 2403 cccle-

532 2447 692 2509 stium
720 2445 917 2501 creasﬁ
939 2462 955 2511 ;
980 2459 1089 2509 non
1113 2443 1291 2510 audis,
1313 2441 1624 2499 effectorem
1647 2441 1983 2497 terrestrium
2005 2440 2135 2499 επε-

540 2541 661 2596 cisti
688 2557 703 2605 ;
735 2540 833 2599 sed
874 2538 1060 2595 audis:
1088 2537 1267 2605 Pater,
1311 2537 1628 2609 manifestaui
1668 2552 1850 2591 nomen
1878 2544 2022 2590 tuum
2043 2536 2138 2590 lio-

540 2633 781 2688 minibus.
815 2632 981 2690 Utere
1010 2631 1088 2705 (l)
1115 2631 1413 2687 Salvatoris
1465 2631 1538 2686 tui
1581 2645 1804 2689 munere
1836 2648 1848 2683 :
1880 2629 2018 2685 scito
2046 2644 2137 2698 pa-

541 2739 674 2784 trem
706 2742 830 2784 esse
875 2726 965 2798 qui
1003 2727 1208 2798 genuit,
1241 2724 1410 2782 ﬁlium
1441 2739 1563 2781 esse
1593 2725 1681 2796 qui
1711 2731 1870 2781 natus
1892 2731 1976 2780 est
2002 2739 2018 2789 ;
2043 2738 2139 2781 ua-

540 2829 652 2878 tum
683 2835 749 2879 ει
771 2835 838 2877 eo
868 2830 1041 2891 patre,
1070 2817 1141 2892 (e)
1160 2819 1251 2890 qui
1280 2830 1383 2883 est,
1412 2819 1491 2891 (2)
1520 2817 1745 2874 veritate
1769 2826 1994 2873 naturae.
2024 2817 2138 2873 lie-

538 2923 725 2971 niento
774 2928 879 2969 non
932 2912 1032 2969 tibi
1095 2920 1303 2983 patrem
1367 2908 1769 2966 manifestatum
1827 2923 1948 2964 esse
1994 2908 2137 2989 quod

540 3005 683 3060 Deus
730 3013 836 3072 est,
870 3002 965 3059 sed
1001 3003 1167 3057 Deum
1195 3000 1594 3058 manifestatum
1619 3015 1742 3063 esse
1793 2998 1936 3071 quod
1987 3010 2139 3072 pater

532 3105 635 3155 est.

2232 1886 2409 1944 simile
2433 1887 2632 1960 aliquid
2664 1903 2807 1956 esse,
2841 1889 2946 1944 nisi
2978 1890 3121 1961 quod
3149 1906 3213 1951 ex
3243 1906 3304 1948 se
3328 1892 3455 1959 erit,
3489 1908 3596 1949 non
3630 1902 3807 1963 iratast.

2231 1980 2349 2037 Non
2379 1983 2522 2038 enim
2565 1982 2784 2049 aliunde
2821 1992 2925 2050 est,
2959 1983 3101 2056 quod
3130 1984 3184 2040 in
3224 1985 3475 2049 omnibus
3505 1986 3681 2045 simile.
3701 1996 3773 2043 est
3801 2004 3812 2039 :

2232 2091 2409 2147 neque
2433 2076 2805 2143 divorsitutem
2833 2075 3046 2137 duobus
3087 2076 3376 2145 admisceri
3405 2078 3630 2143 alterius
3652 2078 3717 2141 ad
3750 2078 3815 2134 aL

2233 2176 2407 2229 terum
2438 2168 2735 2237 similitudo
2780 2169 3060 2240 permittit.
3092 2169 3171 2229 Ne
3197 2170 3393 2231 similia
3416 2180 3709 2242 permutes.
3734 2186 3816 2226 nco

2233 2276 2338 2329 quc
2368 2260 2470 2314 sibi
2499 2275 2564 2315 ex
2623 2261 2850 2316 veritate
2896 2261 3189 2319 indiscreta
3245 2263 3525 2335 disjungas
3558 2282 3570 2317 :
3597 2264 3717 2339 quia
3742 2264 3817 2335 qui

2234 2354 2409 2410 dixit:
2437 2353 2716 2409 Faciamus
2755 2353 3014 2411 hominem
3043 2357 3113 2411 ad
3146 2356 3417 2426 imaginem
3459 2366 3506 2413 et
3545 2357 3822 2412 similitudi-

2236 2465 2351 2504 nem
2375 2456 2605 2511 nostram
2626 2447 2778 2520 (Gen.
2803 2465 2845 2515 ι,
2882 2447 2981 2521 26)
3013 2491 3029 2518 ,
3088 2449 3319 2506 invicem
3349 2466 3473 2508 esse
3497 2452 3583 2512 sui
3610 2451 3820 2515 similes,
3924 2432 3925 2459 ἶ

2238 2541 2291 2599 iu
2319 2555 2384 2597 eo
2405 2540 2545 2611 quod
2572 2541 2960 2597 similitudinem
3002 2553 3229 2597 nostram
3276 2542 3447 2608 dicat,
3472 2545 3724 2599 ostendit.
3758 2542 3822 2597 Ne

2237 2634 2548 2705 contigeris,
2609 2649 2677 2689 nc
2727 2636 3176 2702 contrectaveris,
3220 2652 3287 2692 ne
3336 2638 3666 2709 corruperis.
3696 2637 3823 2701 Tene

2239 2735 2447 2789 natura:
2473 2726 2712 2794 nomina,
2748 2736 2871 2784 tene
2894 2727 3019 2785 Filii
3039 2728 3458 2800 professionem.
3488 2730 3626 2791 Nolo
3655 2730 3823 2793 adule-

2239 2818 2339 2883 ris,
2368 2828 2421 2872 ut
2447 2819 2642 2874 Filium
2668 2819 2737 2876 de
2762 2830 2852 2875 tuo
2882 2820 3073 2877 laudes
3104 2839 3117 2875 :
3151 2820 3291 2877 bene
3331 2821 3517 2899 habet,
3546 2831 3604 2877 ut
3628 2822 3694 2878 iis
3722 2837 3824 2893 qua:

2241 2921 2367 2967 sunt
2396 2912 2595 2985 scripta
2624 2920 2910 2968 contentus
2937 2913 3033 2969 sis.
3512 2910 3517 2913 ’

2312 3004 2404 3061 24.
2443 3004 2727 3062 Prudentia
2749 3006 2975 3071 humana
3001 3006 3055 3062 in
3084 3005 3180 3061 Dei
3221 3005 3371 3069 rebus
3398 3006 3593 3079 deﬁcit.
3642 3007 3826 3080 Desipil

2242 3098 2366 3152 dutn
2393 3115 2447 3154 se
2473 3108 2619 3169 putat
2651 3102 2933 3172 perfectum
2963 3116 3161 3165 sapere.
3185 3131 3256 3142 —
3286 3099 3405 3156 Non
3434 3110 3521 3156 est
3564 3110 3742 3157 autem
3784 3102 3827 3154 in

609 3187 939 3245 23.Filiusa
961 3188 1120 3244 Patre
1140 3189 1465 3244 subsistentia
1485 3205 1586 3244 non
1607 3199 1792 3259 natura
1809 3190 2136 3248 discernitur.
2166 3201 2213 3267 ρ
2244 3198 2450 3245 tantum
2498 3191 2879 3248 conﬁdendum
2932 3192 3216 3263 prudentia
3260 3193 3517 3261 humana,
3547 3204 3602 3249 ut
3634 3193 3827 3265 periec-

546 3283 613 3340 Ut
638 3285 831 3356 imago,
862 3285 1035 3338 omnia
1064 3284 1213 3338 habet
1250 3298 1363 3355 qua:
1426 3282 1601 3339 Pater.
1632 3314 1704 3326 —-
1727 3284 1896 3339 Audis
1921 3302 1934 3338 :
1957 3284 2072 3353 Ego
2098 3294 2147 3339 rt

543 3377 702 3433 Pater
719 3394 878 3432 unum
904 3394 1080 3432 sumus
1104 3375 1280 3449 (Joan.
1310 3394 1336 3432 ε
1356 3419 1371 3443 ,
1384 3376 1499 3449 50).
1514 3376 1652 3445 Quid
1669 3358 1937 3437 discindis
1954 3385 2009 3433 et
2027 3376 2142 3437 dis-

544 3472 712 3528 trahis
744 3472 936 3527 Filium
966 3472 1175 3528 aPatre
1197 3472 1345 3546 265
1367 3470 1542 3528 Unum
1573 3480 1699 3526 sunt
1731 3489 1743 3524 :
1772 3471 1980 3527 scilicet
2000 3471 2069 3543 (Γ)
2100 3473 2143 3527 is

543 3566 763 3636 quiest,
799 3563 927 3619 nihil
961 3564 1161 3621 habens
1191 3557 1332 3635 quod
1373 3564 1748 3618 nonsitctiam
1792 3562 1845 3619 in
1876 3579 1942 3631 eo
1970 3579 1999 3617 a
2036 3579 2143 3634 quo

542 3667 646 3713 est.
667 3655 802 3713 Cum
844 3657 1001 3713 audis
1027 3656 1224 3712 Filium
1247 3655 1517 3712 dicentem
1547 3672 1560 3709 :
1592 3654 1704 3726 Ego
1726 3663 1773 3709 et
1796 3654 1955 3717 Pater
1984 3636 2144 3715 unum

541 3768 754 3819 sumus;
799 3751 1049 3821 personis
1075 3765 1189 3805 rem
1217 3748 1589 3817 accommoda,
1611 3749 1850 3819 gignenti
1879 3757 1933 3803 et
1961 3748 2144 3819 genito

543 3844 897 3916 professionis
921 3859 1034 3900 sure
1065 3843 1316 3915 permitte
1340 3842 1683 3899 sententiam.
1717 3841 1838 3898 Sint
1865 3824 2051 3909 unum,
2085 3850 2143 3899 ut

614 3982 694 4052 (Ι)
727 3981 1005 4037 Salutaris.

614 3984 662 4052 (1
727 3982 1005 4037 Salutaris.

614 3982 694 4127 (2i
731 4053 813 4108 Ea:
842 4055 1071 4111 veritate.

615 4170 963 4299 (a)Virtutum
983 4171 1283 4228 caelestium
1299 4169 1518 4226 nomine
1530 4168 1749 4240 angelos
1762 4168 1829 4223 ab
1842 4166 2044 4223 Hllario
2057 4167 2141 4223 in-

641 4243 900 4299 iaisolere
914 4246 1112 4299 szeoius
1128 4241 1664 4299 observavimus.ﬂas
1678 4241 1901 4297 virtutes
1913 4249 2141 4295 aeternas

543 4241 900 4312 telligisolere
914 4246 1112 4315 szepius
1128 4241 1664 4300 observavimus.ﬂas
1678 4241 1901 4315 virtutes
1913 4249 2144 4315 aeternas

546 4324 837 4384 nuncupat,
863 4331 968 4387 non
990 4312 1134 4387 quod
1150 4329 1244 4372 eas
1269 4317 1336 4369 ab
1357 4324 1581 4379 interno,
1603 4312 1697 4387 sed
1717 4312 1858 4380 quod
1878 4327 1985 4367 non
2007 4312 2140 4387 inte-

546 4383 746 4448 rituras
789 4383 1019 4440 creilatﬁ
1040 4390 1154 4454 Qua
1186 4387 1393 4442 ratione
1427 4387 1479 4439 in
1511 4385 1646 4454 psal.
1682 4399 1863 4448 cxxu,
1913 4399 2061 4443 num.
2085 4383 2138 4449 6,

548 4459 712 4514 homo
756 4457 1053 4514 secundum
1103 4458 1336 4512 animam
1384 4467 1608 4511 internus
1657 4457 2000 4525 praedicatur.
2047 4454 2144 4511 llic

546 4529 868 4589 Arianorum
882 4530 1204 4583 sententiam
1233 4537 1403 4593 notat,
1424 4526 1717 4583 volentium
1743 4525 2014 4583 Christum
2042 4526 2143 4581 lioc

548 4610 759 4664 tantum
812 4600 880 4655 ab
907 4599 1014 4655 illis
1038 4599 1324 4655 virtutibus
1366 4597 1608 4660 differre,
1640 4598 1782 4667 quod
1826 4596 1911 4652 ba:
1963 4598 2140 4668 aliqua

547 4673 823 4729 dumtaxat
850 4670 1107 4737 efﬁciant,
1125 4686 1246 4727 cum
1267 4670 1525 4740 perillum
1553 4676 1744 4724 cuncta
1772 4668 1899 4723 siut.
1930 4668 2007 4723 Ex
2037 4683 2145 4737 quo

546 4753 715 4815 patet,
738 4742 887 4815 male
914 4743 964 4795 iu
999 4743 1146 4812 prius
1172 4742 1397 4812 vulgatis
1419 4741 1715 4795 obtinuisse
1738 4756 1826 4808 per
1838 4755 1955 4795 eum
1976 4750 2146 4794 creata

547 4814 687 4877 sunt,
721 4814 813 4871 ubi
862 4829 949 4885 ex_
979 4828 1113 4869 mss.
1148 4815 1479 4869 restituimus
1503 4828 1591 4883 per
1617 4827 1731 4885 eum
1757 4820 1943 4867 cuncta
1968 4821 2106 4885 sum.

624 4886 700 4957 (b)
713 4885 919 4956 Lips.et
934 4882 1167 4942 Par.non
1188 4886 1307 4957 quia
1324 4884 1568 4955 degener":
1589 4882 2141 4954 absqueauctoritatc.

646 4958 698 5024 c)
728 4958 804 5015 Ita
825 4972 955 5014 mss.
988 4961 1056 5012 At
1078 4958 1229 5022 editi,
1259 4966 1382 5024 apta
1409 4968 1549 5013 sunt.

646 4980 675 5015 c
728 4961 804 5015 Ita
825 4972 955 5014 mss.
988 4961 1056 5012 At
1078 4961 1229 5022 editi,
1259 4966 1382 5024 apta
1409 4968 1549 5013 sunt.

623 4961 709 5105 ω)
737 5031 791 5105 _In
812 5048 913 5105 ms.
930 5030 1154 5105 Carnut.
1171 5032 1464 5105 voluntate:
1481 5029 1573 5085 cui
1601 5026 1818 5105 lectioni
1839 5025 1984 5105 favet
2002 5024 2149 5097 quod

553 5099 708 5161 initio
734 5103 892 5170 huius
921 5104 1133 5159 numeri
1190 5101 1332 5157 ﬁlius
1362 5118 1431 5157 ex
1460 5100 1727 5169 sententia
1768 5099 2149 5156 haereticorum

554 5178 738 5248 factus;
751 5192 845 5248 pro
865 5176 1121 5248 uoluntate
1148 5175 1369 5229 dicatur.

625 5249 696 5315 (e)
722 5244 779 5302 lit
811 5246 1057 5315 vulgatis,
1086 5248 1175 5317 qui
1205 5257 1365 5301 estea:
1391 5247 1600 5301 ueritate
1646 5254 1868 5301 naturas.
1900 5244 2067 5300 Abest
2088 5260 2154 5300 ea:

553 5334 582 5372 a
615 5337 744 5373 mss.
780 5319 979 5373 [lorum
1009 5320 1299 5373 verborum
1328 5321 1539 5373 nativus
1558 5319 1693 5373 ordo
1723 5332 1788 5372 ac
1813 5331 2006 5372 sensus
2029 5324 2149 5371 est:

551 5401 732 5446 natum
754 5392 961 5455 veritate
979 5399 1198 5450 naturae,
1230 5404 1326 5445 seu
1350 5405 1473 5445 vera
1505 5391 1784 5445 nativitate
1804 5405 1925 5444 cum
1960 5397 2148 5444 natura

555 5463 672 5530 ejus
697 5477 762 5517 ex
794 5474 897 5531 quo
929 5462 1196 5526 nascitur,
1225 5460 1288 5515 ab
1315 5458 1372 5516 eo
1395 5472 1541 5533 patre
1569 5465 1653 5531 qui
1676 5472 1768 5529 est,
1806 5464 1911 5519 hoc
1931 5470 2033 5525 est,
2062 5476 2158 5515 cu-

550 5533 640 5606 jus
668 5533 946 5606 proiirium
965 5543 1047 5606 est
1068 5547 1098 5585 a
1126 5546 1186 5587 se
1208 5548 1350 5598 e~se,
1383 5544 1438 5606 et
1458 5550 1564 5588 non
1594 5536 1662 5590 ab
1694 5537 1821 5602 alio,
1847 5537 1928 5589 vel
1960 5537 2049 5606 qui
2074 5543 2158 5590 est

557 5604 881 5674 principium
931 5603 1333 5674 universorum.
1381 5605 1471 5660 Sic
1525 5608 1616 5661 ιιι».
1650 5624 1710 5674 ιι,
1744 5624 1798 5662 n.
1833 5610 1922 5674 Η,
1951 5603 2156 5663 babes:

556 5675 654 5729 Est
678 5672 855 5746 Filius
874 5674 936 5727 ab
961 5690 1022 5727 eo
1052 5672 1207 5731 Patre
1225 5678 1312 5746 qui
1338 5687 1443 5743 est;
1477 5677 1567 5733 hic
1604 5672 1752 5743 vero,
1784 5689 1841 5733 ut
1862 5672 1985 5734 mox
2018 5679 2165 5735 vide-

2250 3293 2360 3338 tum
2393 3298 2452 3339 se
2480 3283 2599 3354 quis
2630 3293 2779 3353 putet
2807 3299 2999 3355 sapere
3028 3284 3169 3356 quod
3198 3286 3369 3356 sapiat
3399 3303 3412 3339 :
3446 3294 3501 3340 ct
3529 3286 3581 3341 in
3606 3301 3675 3342 eo
3700 3285 3844 3344 arlii-.

2252 3384 2422 3433 trclur
2442 3376 2702 3437 absoluta:
2728 3378 2956 3432 rationis
2972 3394 3234 3433 summam
3250 3379 3539 3445 contineri,
3567 3380 3712 3448 quod
3734 3379 3831 3448 ipsa

2250 3478 2433 3526 mente
2466 3480 2819 3539 pertractans,
2846 3470 3095 3540 aequabili
3127 3469 3365 3541 undique
3393 3471 3535 3542 apud
3564 3488 3624 3529 se
3651 3470 3831 3529 existi-

2248 3572 2358 3631 met
2398 3561 2644 3631 veritatis
2688 3562 2945 3634 opinione
2990 3572 3261 3619 constare.
3310 3563 3427 3619 Non
3469 3567 3614 3621 enim
3663 3566 3830 3621 conci-

2246 3656 2399 3726 piunt
2428 3655 2739 3726 imperfecta
2770 3654 3103 3725 perfectum,
3151 3670 3327 3727 neque
3361 3656 3507 3728 quod
3544 3674 3610 3713 ex
3637 3656 3715 3727 (Ii)
3739 3656 3832 3710 alio

2246 3748 2525 3814 subsistit,
2567 3747 2815 3804 absolute
2843 3748 2933 3803 vel
2961 3749 3201 3804 auctoris
3228 3750 3311 3805 sui
3339 3759 3516 3820 potest
3546 3750 3832 3821 intelligen-

2245 3843 2375 3897 tiam
2412 3841 2691 3923 obtinere,
2732 3842 2819 3897 vel
2859 3844 3133 3913 propriam
3163 3861 3177 3898 :
3210 3858 3268 3901 se
3296 3843 3513 3915 quidem
3546 3846 3599 3900 iu
3631 3859 3696 3900 eo
3734 3852 3832 3897 tan-

2324 3976 2402 4051 (3)
2436 3977 2574 4033 Eum
2597 3980 2729 4035 enim
2759 3980 2847 4052 qui
2872 3990 2942 4036 est
2971 3980 3033 4035 ab
3060 3997 3117 4036 eo
3146 3983 3233 4052 qui
3256 3992 3331 4037 est
3354 3983 3546 4057 imago.

2251 4168 2295 4241 i_s
2317 4186 2349 4223 a
2370 4185 2472 4239 quo
2492 4178 2586 4234 est,
2613 4169 2810 4226 Filium
2834 4169 3117 4240 signiﬁcat.
3140 4170 3475 4241 Quamquam
3490 4171 3586 4227 lib.
3603 4189 3662 4235 ιι,
3679 4189 3728 4227 ιι.
3752 4170 3832 4237 53,

2251 4239 2420 4298 Filius
2469 4253 2715 4312 respectu
2755 4239 2988 4311 Spiritus
3032 4244 3203 4298 sancti
3256 4239 3455 4297 dicitur
3490 4245 3535 4297 is
3559 4246 3650 4311 qui
3675 4254 3763 4306 est,
3791 4254 3834 4295 et

2252 4312 2369 4395 ejus
2398 4324 2648 4395 respectu
2694 4315 2923 4385 Spiritus
2975 4324 3215 4380 sanctus,
3249 4315 3292 4370 is
3326 4317 3479 4388 cujus
3507 4326 3604 4382 est,
3632 4316 3776 4387 quasi
3799 4314 3835 4366 is

2252 4393 2346 4454 qui
2365 4393 2482 4454 eius
2507 4393 2611 4440 est.

2328 4453 2398 4528 (Ῑ)
2428 4456 2486 4510 lu
2527 4471 2636 4517 uno
2667 4455 2855 4512 codice
2886 4456 3095 4529 Remig.
3145 4470 3245 4512 nec
3278 4472 3386 4513 non
3413 4456 3648 4522 'l‘liend.,
3691 4459 3736 4511 is
3762 4453 3835 4525 qui

2251 4537 2345 4591 est,
2368 4529 2495 4581 etde
2517 4544 2619 4599 quo
2638 4539 2733 4594 est,
2767 4527 2903 4582 nihil
2931 4527 3142 4593 habens,
3168 4537 3300 4593 etc.,
3321 4529 3617 4599 glossema.
3641 4530 3837 4598 Quippe

2248 4612 2345 4652 cur
2384 4614 2548 4654 unum
2596 4600 2704 4654 sint
2747 4599 2908 4655 Pater
2950 4609 3006 4654 et.
3056 4600 3242 4665 Filius,
3290 4600 3377 4655 hic
3402 4601 3542 4656 ratio
3570 4602 3833 4657 redditur;

2247 4668 2379 4743 quia
2417 4671 2668 4725 nimirum
2718 4672 2763 4727 is
2803 4671 2893 4743 qui
2948 4681 3022 4725 est
3074 4671 3392 4741 principium
3454 4670 3831 4742 generationis,

2248 4739 2625 4813 nihilbabeat
2670 4739 2826 4812 quod
2863 4759 2969 4797 non
2999 4739 3085 4797 sit
3108 4744 3162 4796 in
3205 4739 3263 4796 eo
3291 4760 3322 4796 a
3349 4739 3584 4813 quo'est,
3620 4744 3722 4797 hoc
3743 4752 3835 4805 est,

2248 4812 2339 4885 qui
2366 4812 2439 4885 ab
2459 4830 2524 4870 eo
2545 4822 2651 4881 est,
2680 4828 2775 4869 seu
2806 4815 2894 4885 qui
2925 4815 2992 4869 ab
3018 4830 3087 4869 eo
3117 4812 3379 4885 originem
3408 4815 3574 4870 ducit.

2323 4884 2397 4958 (g)
2424 4883 2482 4939 In
2514 4887 2742 4957 vulgatis
2785 4883 2841 4941 et
2883 4886 3089 4955 aliquot
3118 4883 3247 4939 mss.
3277 4903 3290 4938 :
3324 4884 3461 4940 Eum
3483 4888 3639 4941 enim
3666 4884 3839 4958 quiest

2249 4954 2311 5010 ab
2333 4954 2400 5043 eo
2420 4960 2509 5028 qui
2535 4954 2808 5031 estvimago
2836 4954 3133 5043 substantia:
3125 4973 3171 5043 ﬂ:
3198 4954 3841 5043 Ian!iudﬂglossema.‘quod

2250 5026 2542 5097 castigatur
2565 5044 2669 5090 one
2683 5026 2813 5083 mss.
2840 5030 3090 5095 Carnut.,
3121 5028 3301 5094 Colb.,
3334 5026 3648 5092 Vindocin.,
3675 5026 3837 5083 Vatic.

2254 5110 2309 5154 et
2343 5099 2477 5156 Vict.
2519 5101 2730 5170 Quippe
2774 5117 2891 5155 eum
2928 5102 3064 5154 enim
3104 5099 3339 5155 refertur
3361 5100 3427 5154 ad
3457 5100 3651 5155 Filium
3692 5116 3705 5150 :
3740 5108 3838 5148 tum

2254 5171 2317 5225 ab
2346 5188 2406 5225 eo
2433 5173 2523 5243 qui
2546 5182 2617 5226 est
2639 5173 2835 5227 dicitur
2863 5172 2933 5228 de
2954 5171 3134 5226 Patre.
3160 5170 3400 5226 Subinde
3429 5172 3599 5242 imago
3624 5170 3843 5243 substan-

2255 5243 2341 5297 ιίω
2403 5239 2513 5311 (tibi
2543 5244 2597 5299 in
2629 5258 2737 5298 uno
2767 5257 2869 5298 ms.
2902 5243 3056 5315 Golb.
3092 5244 3259 5315 imago
3286 5239 3704 5315 consubstantt'w)
3735 5254 3840 5315 rna-

2256 5310 2514 5370 terialiter
2556 5315 2835 5384 accipitur.
2872 5314 3005 5369 llinc
3036 5310 3255 5384 prmstat
3299 5330 3421 5369 mox
3471 5310 3845 5384 intelligendam

2263 5386 2502 5440 discernit
2521 5376 2687 5457 juxta
2701 5387 2984 5457 plerosque
3011 5376 3073 5443 ac
3097 5386 3333 5456 potiores
3358 5401 3491 5440 mss.
3522 5376 3683 5456 quam
3712 5376 3845 5452 quod

2264 5460 2404 5529 apud
2435 5459 2581 5524 Lips.
2613 5467 2669 5515 et
2698 5460 2846 5523 Par.,
2871 5458 3215 5531 intelligentia
3230 5457 3495 5531 discernit.

2338 5531 2418 5602 (It)
2453 5532 2565 5587 Hoc
2592 5541 2695 5597 est,
2724 5546 2791 5586 ex
2813 5532 2916 5585 alia
2956 5524 3255 5585 substantia
3285 5547 3298 5582 :
3330 5528 3424 5602 cui
3458 5524 3715 5602 locutioni
3761 5535 3848 5589 op-

2270 5598 2485 5673 ponitur
2533 5618 2597 5656 ea:
2642 5619 2696 5657 se
2726 5604 2778 5656 in
2812 5602 2894 5656 his
2925 5601 3498 5673 numerisuperioris:
3546 5598 3658 5653 Deo
3685 5604 3848 5649 autem

2268 5671 2435 5730 simile
2475 5673 2672 5744 aliquid
2710 5689 2837 5739 esse,
2869 5675 2967 5728 nisi
3012 5672 3150 5743 quod
3180 5686 3243 5725 ex
3268 5688 3322 5727 se
3365 5671 3479 5744 erit,
3528 5686 3631 5724 non
3673 5673 3845 5744 potest.

574 5746 754 5822 bimus
766 5763 780 5798 :
809 5744 983 5822 Unum
1003 5735 1349 5822 sunt,sciiicet
1377 5735 1527 5818 is'qui
1554 5761 1653 5822 est,
1676 5735 1806 5805 nihil
1827 5748 2175 5822 habensquocb
2276 5747 2411 5803 Tum
2443 5747 2548 5822 duo
2562 5735 2700 5822 ipss.
2733 5735 2888 5799 Colb.
2932 5735 3303 5822 cum_Carnttt.
3332 5735 3596 5800 substitit:
3620 5735 3855 5819 et'patlla

568 5834 670 5879 non
708 5819 774 5874 sit
816 5818 968 5873 etiam
998 5819 1048 5872 in
1092 5834 1153 5885 eo
1183 5835 1213 5871 ιι
1234 5833 1335 5889 quo
1362 5828 1435 5874 est
1452 5816 1479 5899 ’ξ
1515 5821 1604 5895 ubi
1628 5823 1672 5876 is
1693 5822 1781 5892 qui
1809 5831 1905 5887 est,
1925 5816 2165 5896 Patrem,

2275 5829 2399 5903 post
2423 5819 2468 5876 si
2493 5816 2716 5895 quidem,
2742 5830 2849 5882 non
2878 5830 2933 5875 se
2957 5815 3181 5897 quidem.
