3960 6202
149 293 209 322 ('2

181 295 214 348 τ.
1399 291 1485 350 nr.
1526 289 1905 364 rntntrm
1946 290 2149 354 LIBER
2191 294 2276 352 tn.

3360 303 3430 358 Μ

155 421 256 468 tum
281 410 514 481 quodest
548 411 806 478 sentiens,
835 419 1086 466 cauerunt
1115 408 1338 468 ulterius
1369 408 1481 482 66
1513 422 1733 476 sensum
1763 415 1814 484 Α
1841 417 2128 480 saperent;
2177 419 2232 466 et
2276 426 2397 480 cum
2432 411 2562 470 nibil
2609 411 2710 468 nisi
2762 413 2900 470 intra
2954 414 3280 472 inﬁrmitatis
3323 434 3431 480 sua:

154 521 294 562 suum
338 521 493 576 quam
536 506 640 570 sibi
676 506 966 566 constituta
1002 506 1073 564 sit
1121 513 1310 564 natura
1341 519 1446 560 non
1478 502 1724 560 tendens.

154 599 333 660 uinum
359 599 496 658 enim
524 615 682 654 suum
711 614 818 654 non
867 599 970 656 sibi
1012 597 1195 665 debet,
1241 596 1341 660 sed.
1387 596 1590 654 auctori
1627 613 1640 649 :
1675 604 1730 650 et

156 692 582 763 idcirco_id,quod
608 693 684 763 (a)
719 694 771 747 in
802 692 950 748 aliud
981 708 1047 748 ex
1077 702 1298 748 auclore
1327 690 1592 755 subsiStit,
1623 691 1727 745 im-

159 785 424 856 perfectum
451 785 552 840 sibi
599 793 704 853 est,
732 785 858 841 dum
892 794 1106 842 constat
1133 783 1381 850 aliunde;
1409 795 1464 839 et
1503 797 1726 840 necesse

157 887 257 938 est.
296 887 348 931 ut
377 878 427 932 in
451 891 554 946 quo
575 892 636 933 se
670 876 967 948 perlectum
1000 884 1147 947 putet
1175 891 1368 947 sapere
1392 917 1407 942 ,
1448 875 1676 946 desipiat
1708 891 1721 928 :

156 970 262 1039 quia
284 980 474 1025 natura:
498 985 613 1026 sua:
643 986 751 1025 non
781 971 1070 1027 moderans
1097 971 1497 1034 necessitatem,
1527 979 1581 1025 et
1609 984 1724 1026 om-

157 1066 234 1118 nia
266 1063 616 1120 inﬁrmitatem
648 1079 869 1120 suarum
918 1064 1242 1122 exiSIimans
1269 1065 1512 1120 terminis
1552 1064 1726 1119 conti-

155 1156 280 1221 neri,
307 1157 555 1226 lalsojam
581 1157 862 1228 sapientia:
887 1159 1106 1214 nomine
1134 1159 1394 1230 gloriatur
1427 1175 1440 1211 :
1483 1158 1605 1228 quia
1637 1172 1722 1214 sa-

156 1264 293 1319 pere,
319 1249 412 1306 sibi
442 1249 577 1304 ultra
605 1265 800 1306 sensus
831 1256 912 1306 sui
945 1267 1051 1308 non
1080 1251 1240 1308 liceat
1267 1261 1586 1320 potestatem
1610 1292 1624 1316 ,
1667 1259 1724 1306 et

153 1355 291 1414 quam
331 1341 594 1398 inﬁrmum
643 1343 969 1402 subsistendi
1009 1355 1092 1400 εει
1121 1345 1355 1411 virtute,
1391 1356 1496 1399 tam
1527 1359 1721 1400 sensus

153 1434 227 1488 sit.
258 1436 418 1506 Atque
443 1435 514 1494 ob
549 1437 602 1492 id
634 1437 964 1508 imperfecta:
990 1446 1195 1496 natura:
1217 1439 1548 1505 substitutio,
1594 1453 1715 1508 per-

156 1527 260 1583 fecti
299 1543 476 1585 sensus
499 1530 823 1601 sapientiam
866 1533 1110 1589 obtinere
1148 1548 1207 1590 se
1233 1533 1504 1604 glorians,
1538 1533 1720 1590 stultae

157 1621 406 1691 sapientiae
425 1623 679 1680 irridetur
694 1625 1008 1696 opprobrio,
1029 1625 1290 1696 Apostolo
1317 1624 1563 1684 dicente:
1595 1622 1718 1680 Non

158 1712 268 1768 enim
287 1714 411 1768 misit
436 1731 514 1770 me
538 1715 779 1771 Christus
801 1719 1082 1790 baptizare,
1107 1719 1196 1772 sed
1225 1719 1592 1789 erangetizare,
1613 1734 1715 1774 non

1833 510 2089 570 saperent
2135 513 2402 572 naturam,
2450 519 2592 571 eam,
2649 521 2767 573 qua:
2798 505 2909 560 sola
2956 506 3045 561 Dci
3080 506 3310 580 perfecta
3342 523 3433 576 sa-

1831 593 2030 664 pientia
2076 606 2181 661 est,
2235 606 2482 666 putarent
2529 612 2650 654 esse
2689 598 3003 666 stultitiam;
3049 616 3143 670 per
3180 601 3322 672 quwd
3377 603 3429 670 in

1828 682 1916 755 (d)_
1935 700 1997 744 ea
2045 685 2157 754 ipsa
2198 685 2426 742 inﬁrmis
2471 687 2752 758 sapientia:
2779 706 2890 744 sua:
2931 692 3184 760 opinione
3214 691 3429 761 desipe-

1830 786 1972 834 rent.
2026 775 2170 850 Ergo
2217 779 2477 850 quidquid
2524 782 2872 850 pereuntibus
2914 783 3142 839 stultitia
3173 795 3278 858 est,
3327 783 3430 860 line

1829 867 1895 923 iis
1924 870 2012 938 qui
2045 871 2324 926 salvantur
2354 873 2446 927 Dei
2474 873 2643 930 virtus
2673 882 2754 930 est
2783 893 2796 928 :
2831 874 2954 945 quia
3003 875 3135 932 nihil
3169 878 3428 938 naturalis

1826 973 2020 1028 sensus
2041 961 2112 1034 (ε)
2171 963 2254 1019 sui
2302 963 2612 1020 inﬁrmitate
2666 965 3036 1032 moderantur,
3087 967 3181 1026 sed
3231 968 3426 1025 divine

1827 1058 2109 1126 potestatis
2141 1057 2482 1112 efﬁcientiam
2515 1059 2812 1114 secundum
2846 1059 3424 1130 inﬁnitatemcmlestis

1826 1149 2038 1208 virtutis
2085 1151 2415 1224 expendunt.
2469 1151 2538 1212 Et
2599 1152 2798 1209 idcirco
2845 1154 3159 1225 sapientiam
3213 1157 3424 1229 sapien-

1824 1242 1980 1312 tium,
2012 1252 2063 1318 et
2095 1243 2502 1322 intelligentiam
2534 1244 2945 1316 intelligentiam
2974 1246 3112 1301 Dens
3138 1246 3421 1317 improbat,

1822 1337 1950 1407 quia
1998 1353 2092 1408 per
2138 1337 2447 1410 Opinionem
2493 1339 2736 1394 stultitia:
2786 1340 3032 1393 ltumante
3079 1339 3424 1410 credentibus

1823 1431 1969 1485 salus
2001 1432 2251 1485 tribuitur
2279 1449 2290 1485 :
2324 1431 2451 1486 dum
2482 1440 2535 1486 et
2573 1431 2836 1498 inﬁdeles,
2872 1448 2992 1502 qua:
3020 1443 3170 1486 extra
3202 1447 3421 1492 sensum

1824 1537 1982 1579 suum
2013 1533 2157 1590 sunt,
2189 1524 2352 1578 stulta
2382 1541 2501 1580 esse
2531 1523 2849 1589 decernunt,
2875 1533 2930 1578 et
2955 1525 3140 1579 lideles
3173 1526 3420 1594 potestati

1821 1632 1884 1672 ac
1915 1618 2096 1672 virtuti
2142 1618 2232 1672 Dei
2268 1619 2442 1672 omnia
2473 1616 2541 1688 (Ῑ)
2587 1617 2875 1689 largienda:
2925 1619 3028 1673 sibi
3077 1619 3263 1675 salutis
3308 1636 3420 1674 sua:

1820 1723 2159 1772 sacramenta
2212 1715 2547 1783 permittunt.
2601 1713 2716 1770 Non
2761 1729 2890 1785 ergo
2931 1726 3054 1780 sunt
3105 1717 3266 1772 stulta
3297 1733 3418 1786 qua:

156 1804 200 1857 in
224 1821 430 1860 sartione
461 1809 752 1877 sapientiai,
781 1827 843 1864 ae
868 1813 1038 1866 inanis
1063 1813 1155 1880 [tat
1180 1827 1310 1866 crux
1333 1810 1524 1866 Clu-isti
1547 1829 1566 1865 :
1601 1827 1712 1865 ner-
1747 1817 1795 1878 Β
1825 1806 1921 1862 Dei
1948 1817 2102 1873 sunt;
2145 1807 2237 1861 sed
2289 1807 2536 1866 humana:
2585 1816 2790 1861 natura:
2839 1807 3096 1878 insipiens
3138 1807 3417 1876 prudentia

155 1899 251 1953 bina
275 1901 395 1955 enim
427 1903 594 1958 crucis
622 1905 844 1962 stultitia
873 1916 946 1962 est
974 1905 1058 1960 his
1084 1906 1172 1976 qui
1197 1916 1428 1976 pereunt,
1452 1907 1516 1960 iis
1543 1914 1712 1959 autent

152 1995 222 2062 qui
245 1993 510 2062 salvantur,
542 1997 705 2052 virtus
733 1997 828 2052 Dei
850 2011 942 2054 est.
981 1999 1246 2064 Scriptum
1290 2010 1365 2053 est
1385 1999 1514 2052 enim
1540 2015 1558 2053 :
1586 1997 1714 2052 Pcr-

152 2085 254 2140 daut
279 2089 572 2154 sapientiam
619 2091 946 2159 sapientium,
997 2105 1044 2146 et
1070 2092 1383 2148 intellectum
1414 2092 1708 2164 intelligen-

151 2176 256 2229 tium
273 2179 553 2247 "probabo.
581 2181 680 2236 Ubi
700 2185 938 2251 sapiens?
959 2185 1046 2238 ubi
1063 2186 1271 2240 scriba?
1293 2185 1378 2240 ubi
1400 2188 1712 2255 conquisitor

147 2265 281 2341 hujus
321 2272 529 2326 surculi?
578 2271 770 2329 Nonne
811 2277 1021 2332 stultam
1062 2278 1181 2347 fecit
1226 2277 1362 2345 Deus
1404 2279 1708 2348 sapientiam

145 2356 280 2428 liuius
301 2365 504 2428 mundi?
537 2364 794 2436 Quoniam
838 2369 1043 2438 quidem
1085 2370 1138 2423 in
1183 2371 1436 2440 sapientia
1467 2369 1562 2426 Dei
1606 2388 1708 2426 non

145 2455 347 2526 cognorit
372 2453 442 2527 (lt)
482 2457 702 2528 mundus
750 2475 840 2528 per
883 2461 1192 2530 sapientiora
1251 2460 1438 2522 Deum.
1489 2462 1706 2530 decrevit

145 2540 261 2598 Deus
303 2563 386 2612 per
428 2548 702 2604 stultitiam
745 2552 1126 2617 pradicationis
1165 2554 1364 2608 salvere
1406 2555 1701 2616 credentes:

141 2636 348 2702 quoniam
371 2637 544 2696 Judtei
570 2642 718 2711 signa
741 2652 940 2713 petunt,
967 2655 1013 2698 et
1043 2644 1212 2700 (ἕνα,τὶ
1235 2647 1540 2716 sapientiant
1566 2664 1704 2716 qua:-

139 2739 275 2796 ruat:
302 2749 389 2786 nos
429 2745 604 2805 autem
641 2737 980 2806 pradicamus
1017 2739 1278 2795 Christum
1313 2741 1492 2796 Jesutn
1533 2744 1703 2796 cruci-

141 2821 302 2888 ﬁxum,
353 2824 558 2886 Iudicis
605 2830 810 2898 quidem
856 2831 1184 2898 scandalum,
1251 2833 1484 2906 gentibus
1537 2845 1704 2890 autent

140 2916 401 2984 stultitiam,
431 2922 558 2990 ipsis
588 2934 762 2982 autem
802 2927 993 2980 vocatis
1028 2925 1228 2982 Judteis
1257 2941 1303 2985 et
1335 2927 1528 2986 Gra’cis
1555 2930 1707 2986 Chri-

138 3020 251 3064 stum
292 3009 382 3067 Dei
421 3015 654 3071 virtutem
701 3028 748 3072 et
783 3018 877 3074 Dei
906 3022 1210 3093 sapientiam
1253 3037 1268 3078 :
1310 3025 1432 3094 quia
1458 3025 1595 3091 quod
1620 3027 1703 3079 in-

139 3103 316 3169 ﬁrmum
343 3118 414 3163 est
440 3109 559 3177 Dei,
591 3113 778 3180 fortius
808 3125 882 3169 est
912 3116 1239 3183 hominibus;
1263 3129 1312 3174 et
1331 3121 1468 3189 quod
1491 3122 1703 3176 stultum

1817 1908 1921 1974 est,
1955 1916 2075 1969 quae
2103 1915 2132 1954 a
2164 1900 2275 1956 Deo
2302 1914 2405 1960 suo
2434 1911 2525 1955 ant
2571 1901 2718 1970 signa
2759 1909 2852 1954 aut
2892 1901 3211 1970 sapientiam
3253 1901 3317 1956 ad
3352 1901 3416 1954 ﬁ-

1817 1995 1937 2056 dem
1981 1995 2238 2066 postulet.
2290 1994 2356 2049 Et
2394 1993 2710 2066 intimorum
2754 1993 2974 2066 quidem
3021 2004 3104 2050 est
3147 1995 3418 2066 postulare

1815 2090 2009 2162 signa;
2041 2091 2166 2162 quia
2197 2090 2247 2143 in
2295 2088 2388 2144 [)ei
2422 2089 2638 2145 nomine
2683 2104 2778 2158 per
2825 2090 2957 2159 legis
2999 2089 3414 2144 latniliaritatetn

1816 2200 1926 2242 non
1950 2182 2238 2242 admodum
2282 2183 2461 2247 rudes,
2495 2181 2674 2237 crucis
2704 2181 2960 2252 seandalo
2983 2191 3414 2237 commoventur.

1816 2275 2129 2344 Grmcorum
2160 2284 2340 2332 autem
2369 2285 2447 2332 est
2495 2276 2813 2348 sapientiam
2846 2291 3090 2345 poscere,
3125 2276 3247 2346 quia
3286 2290 3417 2346 gen-

1819 2370 1898 2424 tili
1947 2370 2150 2440 ineptia
2201 2367 2542 2439 humanaque
2593 2369 2873 2438 prudentia
2907 2370 3174 2423 rationem
3217 2368 3414 2423 sublati

1815 2464 1870 2519 in
1899 2478 2114 2519 erucem
2153 2464 2243 2516 Dei
2275 2471 2539 2534 quaerant.
2571 2462 2701 2529 Quae
2729 2461 2852 2532 quia
2875 2461 3166 2526 secundum
3194 2475 3410 2517 sensum

1814 2565 2022 2612 natura:
2053 2553 2276 2624 inﬁrmis
2307 2553 2518 2618 occulta
2547 2554 2599 2608 in
2629 2563 2971 2608 sacramento
3018 2553 3118 2615 sit;
3173 2551 3234 2608 ﬁt
3280 2553 3413 2607 stul-

1815 2648 1924 2702 titia
1950 2645 2025 2720 (g)
2055 2646 2285 2702 inﬁdelis
2314 2666 2326 2698 :
2360 2661 2480 2701 cum
2507 2645 2648 2716 quod
2680 2645 2996 2702 naturaliter
3026 2661 3179 2701 mens
3205 2645 3408 2717 imper-

1815 2741 1949 2796 fecta
1976 2757 2081 2796 non
2106 2741 2366 2808 concipit,
2403 2741 2453 2794 id
2486 2753 2636 2794 extra
2681 2739 2978 2810 prudentia:
3026 2755 3241 2796 causam
3289 2756 3410 2796 esse

1812 2834 2091 2891 decernat.
2123 2834 2231 2890 Sed
2262 2833 2333 2888 ob
2362 2834 2499 2888 lianc
2538 2832 2934 2903 imprudentem
2966 2834 3149 2888 mundi
3197 2836 3410 2904 sapien-

1813 2927 1963 2993 tiatn,
1997 2941 2117 2996 qua:
2145 2925 2261 3000 δε
2286 2940 2382 2993 per
2412 2924 2503 2979 Dei
2533 2925 2849 2993 sapientiam
2885 2924 3052 2979 Deum
3080 2933 3205 2979 ante
3236 2927 3410 2981 nesci-

1811 3019 1909 3084 vit,
1942 3018 1991 3072 id
2036 3027 2139 3080 est.
2177 3034 2273 3088 per
2320 3019 2458 3072 banc
2485 3018 2938 3090 magniﬁcentiam
2991 3019 3174 3074 mundi
3211 3029 3407 3075 actam

1812 3110 2086 3180 sapienter
2117 3110 2346 3184 instituti
2376 3110 2575 3181 opiﬁcii
2607 3120 2878 3175 ornatum,
2911 3113 3168 3166 creatoris
3193 3113 3274 3168 sui
3301 3129 3406 3168 non

139 3209 200 3251 est
226 3199 327 3266 Dei,
357 3206 640 3274 sapientius
654 3217 728 3261 est
748 3207 1040 3265 hominibus
1056 3209 1097 3284 (Ι
1120 3211 1240 3266 Cor.
1275 3229 1312 3277 I,
1339 3184 1405 3268 l7
1436 3224 1482 3272 et
1508 3219 1694 3286 seqq.).
1729 3184 1774 3246 Ο
1808 3215 1892 3260 εει
1937 3215 2191 3266 venerata
2239 3205 2592 3274 δτιῑδίθιιιίειιιιὲ
2641 3205 2839 3275 l‘lacuil
2872 3206 2981 3261 Deo
3021 3206 3407 3276 Ρηιδάίοίηῖοηθ

143 3289 305 3346 Omnis
331 3295 509 3368 itaque
559 3299 952 3373 inﬁdelitasﬂ)
996 3304 1229 3360 stultitia
1269 3313 1390 3362 est:
1423 3309 1543 3377 quia
1595 3310 1697 3363 im-

137 3384 328 3453 pertecti
353 3404 543 3448 sensus
571 3393 654 3449 sui
695 3409 788 3450 usa
826 3397 1110 3464 sapientia,
1159 3397 1288 3455 dum
1326 3402 1506 3456 omnia
1547 3402 1695 3458 inﬁr-

137 3479 308 3538 mitatis
349 3500 459 3539 sua:
507 3487 765 3557 Opinione
807 3490 1137 3559 moderatur,
1199 3504 1351 3564 putat
1395 3495 1532 3550 etﬁci
1589 3513 1696 3552 non

138 3584 268 3636 posse
292 3575 424 3642 quod
448 3593 554 3636 non
579 3581 741 3648 sapit.
786 3581 960 3639 Causa
1005 3585 1148 3640 enim
1172 3584 1502 3644 inﬁdelitatis
1529 3588 1597 3662 (ε)
1629 3590 1697 3646 de

133 3668 368 3720 sententia
389 3677 475 3726 est
496 3669 847 3740 inﬁrmitatis,
878 3674 1004 3729 dum
1032 3687 1244 3746 gestum
1272 3693 1394 3736 esse
1424 3682 1543 3751 quis
1589 3698 1693 3738 non

135 3765 277 3824 putat,
306 3762 442 3819 quod
488 3765 604 3835 geri
629 3781 736 3822 non
767 3783 924 3838 posse
948 3770 1188 3827 deﬁniat.

189 3848 267 3906 25.
295 3851 528 3911 Stultitia
553 3859 758 3930 sapiens
807 3860 1061 3930 ﬁdelium.
1091 3893 1166 3905 —
1207 3865 1272 3920 Et
1310 3865 1511 3923 ideirco
1551 3872 1698 3941 Apo-

132 3941 275 3997 stolus
300 3946 468 4002 sciens
499 3958 709 4008 natura:
737 3950 988 4015 humanae
1021 3955 1393 4027 imperfectam
1415 3961 1696 4031 cogitatio-

133 4047 232 4088 nem
274 4036 370 4094 hoc
409 4041 589 4098 solum
645 4058 831 4113 putare
871 4046 926 4102 in
972 4051 1083 4104 veri
1132 4051 1342 4108 ratione
1387 4069 1508 4110 esse
1548 4055 1695 4127 quod

139 4137 340 4198 saperet,
367 4132 441 4188 ait
470 4150 580 4190 non
613 4135 669 4196 in
701 4152 954 4196 sermone
982 4155 1041 4197 se
1065 4142 1345 4214 sapientia:
1375 4146 1690 4216 praedicare.

131 4230 184 4272 ne
215 4222 599 4290 praedicationis
640 4243 754 4288 sua:
797 4231 972 4290 inanis
1021 4244 1164 4290 esset
1208 4239 1458 4295 assertio.
1502 4241 1581 4297 Ac
1626 4259 1695 4299 ne

131 4312 336 4374 stultitia:
391 4333 511 4376 esse
585 4323 911 4392 prtedieator
959 4328 1400 4394 existimaretur.
1470 4334 1690 4405 adjecit,

1809 3298 2051 3352 stultitia:
2083 3297 2263 3354 salvos
2296 3299 2470 3353 facere
2502 3298 2811 3360 credentes.
2845 3298 2898 3354 id
2940 3307 3044 3364 est,
3075 3300 3253 3354 crucis
3305 3301 3409 3356 lide

1807 3393 2163 3445 iCiCI‘llllIHCIII
2198 3390 2510 3446 mortalibus
2555 3391 2841 3458 provenire
2885 3411 2898 3447 :
2953 3401 3007 3446 ut
3037 3391 3260 3448 cenfusa
3307 3393 3405 3447 lut-

1807 3497 1980 3537 tnana:
2007 3479 2087 3555 (Ιι)
2112 3482 2396 3537 sententia:
2425 3483 2702 3550 opinione,
2733 3482 2802 3536 ibi
2846 3483 2995 3552 salus
3043 3484 3394 3552 reperiretur,

1806 3576 1895 3630 ubi
1923 3575 2162 3630 creditur
2191 3591 2311 3630 esse
2338 3577 2584 3632 stultitia.
2617 3574 2868 3632 Christus
2889 3577 3031 3630 enim
3061 3578 3148 3647 qui
3178 3581 3400 3632 stultitia

1803 3670 2056 3739 gentibus
2085 3681 2138 3724 et
2167 3669 2367 3725 Judzeis
2396 3670 2708 3725 scandalum
2739 3681 2842 3736 est,
2878 3671 2970 3726 Dei
3004 3671 3172 3728 virtus
3202 3673 3403 3743 Deique

1801 3763 2064 3840 sapientia
2111 3772 2194 3818 est
2239 3782 2251 3817 :
2296 3764 2416 3833 quia
2462 3779 2582 3834 qum
2626 3778 2787 3818 sensu
2842 3763 3078 3820 humano
3111 3766 3319 3820 inﬁrma
3350 3767 3402 3821 in

1801 3853 1898 3910 Dei
1946 3853 2106 3910 rebus
2150 3863 2205 3910 et
2248 3855 2411 3911 stulta
2460 3855 2864 3924 existimantur,
2925 3856 3041 3912 inec
3103 3858 3401 3927 prudentia:

1802 3947 2096 4019 virtutique
2129 3957 2379 4015 terrente,
2413 3959 2468 4004 et
2495 3949 2776 4020 sapientize
2817 3960 2871 4005 et
2925 3953 3206 4021 potestatis
3256 3953 3400 4006 veri-

1802 4046 1916 4108 tate,
1939 4040 2267 4109 przecellant.

1867 4152 1960 4209 9.6.
1995 4152 2074 4209 De
2103 4152 2202 4209 Dei
2230 4156 2381 4210 rebus
2407 4171 2509 4209 non
2538 4171 2632 4210 suo
2657 4171 2829 4220 sensu,
2869 4154 2960 4208 sed
3004 4155 3107 4224 ﬁde
3128 4157 3402 4210 decernen-

1797 4246 2034 4301 dum.-—
2079 4247 2228 4303 Nihil
2268 4247 2427 4318 igitur
2479 4247 2533 4303 in
2584 4248 2780 4303 divinis
2823 4247 3105 4303 eliectibus
3153 4247 3400 4304 humana:

1798 4341 1996 4408 mentis
2029 4342 2286 4409 Opinione
2315 4341 2654 4396 tractandum
2684 4349 2789 4408 est,
2822 4356 2998 4410 neque
3045 4340 3111 4396 de
3156 4352 3400 4398 creatore

132 4406 316 4503 Verbum
345 4415 519 4472 erucis
545 4416 832 4473 stultitiam
858 4420 966 4492 67
994 4436 1116 4477 esse
1146 4425 1494 4491 pereuntibus
1521 4445 1533 4482 :
1567 4431 1691 4499 quia
1779 4406 1896 4486 suo
1922 4406 2126 4502 Opiliei't
2168 4435 2334 4503 ipsius
2373 4434 2600 4489 materia
2623 4406 3270 4489 decernat.-Assumenda
3301 4449 3399 4487 au-

131 4507 223 4554 είιιι
247 4501 406 4564 solam
432 4504 684 4564 inﬁdeles
712 4509 1051 4580 prudentiam
1075 4514 1518 4588 crederentesse,
1537 4535 1694 4592 quam
1721 4513 1774 4575 D
1803 4535 1910 4582 tem
1943 4501 2101 4582 nobis
2131 4501 2216 4584 est
2235 4527 2486 4595 stultitia,
2522 4537 2581 4584 ut
2608 4528 2927 4600 sapientiam
2958 4541 3258 4594 sumamus,
3290 4541 3394 4582 non

185 4653 251 4730 (l)
273 4657 440 4716 Stulta
461 4674 560 4718 est.

186 4790 466 4884 (firAbesr
486 4802 540 4884 in
585 4803 735 4884 aliud
763 4819 791 4858 ιι
825 4807 1228 4884 _v_etustioribus
1260 4825 1409 4884 mss.
1437 4811 1594 4868 Colb.
1627 4824 1682 4870 et

328 4873 466 4950 q-pod
501 4873 554 4929 in
580 4874 742 4950 (ierit.

132 4927 329 5018 ιιξρςζεε
345 4927 463 5018 i’ar.
502 4927 757 5018 panicias
776 4927 840 5002 ἶιῖ
851 4927 1681 5018 ἔξὖὶίίιεὖ,”ιᾶἦῖιῖιῖι”ἶθιῖὶὶἶῖἓίῗὲ

291 5007 365 5068 Ex
396 5003 645 5096 hoc-loga
668 5003 1087 5096 intelligendum

132 5084 303 5162 sitm,
327 5102 380 5162 _n.
415 5086 525 5141 £0:
577 5085 678 5152 Qui
735 5107 836 5144 non
858 5084 934 5145 ’δε
980 5094 1076 5146 sibi
1124 5093 1311 5162 debet,
1367 5114 1466 5152 non
1513 5084 1683 5155 omnia

136 5155 422 5224 Potesttdum
447 5174 479 5210 a
503 5161 703 5224 potiore
725 5163 972 5218 subsistit.

175 5217 244 5310 ibi
267 5217 606 5310 Famula-isis
649 5233 842 5297 codex,
865 5217 966 5310 llic
991 5237 1236 5310 mundus,
1269 5239 1450 5294 addito
1479 5257 1677 5310 prono-

136 5291 244 5376 gtiﬂe
266 5291 360 5376 hic,
404 5302 651 5376 qnod__et
698 5291 944 5376 superius
975 5323 1123 5361 nttm.
1166 5291 1677 5369 sfaiiiiébEn'kiéius

135 5351 513 5454 gitlb‘i'llox'in
548 5370 695 5454 dicto
741 5351 1220 5454 darnut._aliisqtie
1252 5351 1672 5454 ‘s‘a‘tltiousmfa'cber‘e:

137 5437 440 5525 limat-tim“;
465 5452 521 5498 et
564 5446 725 5512 paulo
753 5457 892 5525 post,
934 5451 1071 5525 sicut
1100 5437 1155 5505 ei
1183 5451 1234 5506 in
1254 5437 1495 5525 vetusto.
1516 5437 1670 5511 Coll):

137 5501 488 5590 Minimum
501 5501 679 5590 esi...
711 5501 847 5587 quod
875 5501 1078 5582 itultius

140 5580 226 5662 in}
254 5583 455 5662 eosdem
497 5580 792 5662 scripturae
847 5590 996 5662 locus

139 5648 216 5694 non
239 5650 402 5709 eadem
431 5648 642 5714 ratione
672 5657 883 5716 referri.
917 5665 922 5672 '
995 5665 998 5670 '

180 5717 446 5810 :ifllttims.
465 5726 813 5810 gemitu-[de
839 5735 1086 5810 sententia
1115 5745 1187 5790 est
1209 5736 1630 5810 impossibilitatis
1650 5758 1670 5798 :

137 5788 276 5854 minus
293 5791 446 5854 bene.
471 5800 611 5872 Quid
639 5788 741 5858 sibi
771 5805 902 5866 velit
941 5788 1006 5862 de
1029 5788 1308 5870 sententiar
1322 5788 1666 5884 inﬁrmitatis,

1049 5592 1117 5670 ab
1162 5593 1374 5674 Hilario.
1414 5598 1670 5678 repetitos

1789 4815 2068 4901 declarant
2098 4822 2340 4901 prpxime
2365 4823 2528 4888 dicta,
2560 4826 2684 4901 dum
2727 4829 2898 4881 omnia
2942 4827 3254 4896 inﬁrmitatis
3282 4844 3391 4884 sum

1789 4891 2028 4960 opinione
2055 4893 2350 4948 moderatur
2373 4911 2434 4949 ac
2463 4899 2700 4951 metitur.

1864 4961 1942 5032 (ά)
1993 4963 2436 5033 Praepositionctn
2487 4969 2540 5020 in
2584 4969 2839 5024 omittunt
2885 4968 3035 5024 editi.
3085 4969 3220 5025 Tum
3267 4971 3384 5035 Er.,

1790 5031 2027 5110 Lips.‘et_
2050 5031 2168 5089 l’ar.
2201 5035 2515 5106 subjiciunt,
2566 5055 2624 5091 ea
2668 5040 2778 5110 ipsa
2810 5039 3042 5108 infirmi:
3073 5031 3384 5098 reluctanti;

1792 5105 1890 5157 btts
1921 5105 2052 5159 Ball.
2076 5119 2128 5160 et
2158 5122 2289 5160 mss.

1862 5178 1936 5241 (ε)
1979 5178 2237 5248 Addimus
2278 5178 2361 5230 sui
2405 5193 2470 5232 ex
2517 5193 2646 5233 mss.
2679 5179 2830 5234 Hand
2865 5183 3046 5248 procul
3074 5183 3141 5236 ab
3192 5184 3380 5240 Hilarii

1788 5254 2015 5326 mente.“
2041 5245 2334 5326 Gregorius
2382 5250 2417 5302 Ι.
2446 5266 2538 5326 is,
2568 5245 2962 5326 Mortalia-8:
3016 5255 3116 5322 Qui
3161 5273 3279 5326 ergo
3328 5260 3382 5312 in

1787 5316 1938 5392 {actis
1967 5314 2063 5369 Dei
2091 5314 2337 5371 raiionem
2366 5337 2468 5374 non
2494 5322 2650 5392 videt,
2683 5314 3054 5392 infirmitatemw
3069 5314 3379 5382 suamueon-

1783 5387 2036 5454 siderans,
2060 5405 2152 5442 cur
2170 5406 2268 5444 non
2294 5392 2458 5446 videat
2486 5387 2910 5448 rationem'videt.

1961 5459 2217 5540 Vat._bas_.
2254 5477 2356 5540 ms.
2390 5478 2598 5540 necnon
2629 5465 2719 5540 alii
2773 5477 2902 5532 tres,
2955 5467 3242 5538 largiendo.
3279 5469 3373 5524 Er.

1781 5540 1838 5604 et
1878 5530 2025 5604 Lips.
2076 5533 2364 5604 largiendo.
2405 5534 2763 5595 Retincndum
2822 5530 2986 5599 omnia
3011 5530 3059 5594 (ἶ
3087 5557 3211 5598 cum
3256 5541 3378 5602 aliis

1781 5601 1931 5676 libris
1959 5601 2256 5676 lgrgieudte.

1813 5744 1825 5756 .
1850 5673 1929 5745 (θ)
1963 5667 2178 5756 Exi-usi,
2207 5677 2501 5756 inﬁdelibus
2523 5697 2561 5756 _._°
2592 5680 2950 5737 emendantur
2985 5699 3052 5739 ex
3107 5699 3236 5740 mss.
3281 5700 3380 5756 op—,

1788 5747 1932 5819 lima!
1953 5758 2104 5819 nata:
2129 5747 2421 5819 Vat.'bas.,
2441 5751 2622 5818 Colb.,
2655 5762 2758 5809 etc.
2939 5755 2944 5762 ’

1849 5816 1929 5891 (Ii)
1953 5816 2118 5893 Editi,
2150 5816 2418 5894 sapiensne
2443 5816 2684 5896 opinione
2747 5826 3143 5903 refragantibus
3169 5843 3301 5892 mss,
