3960 6202
543 293 616 355 95
1749 293 1992 351 SANCTI
2030 292 2290 352 ﬂlLARIl
2329 295 2633 355 EPISCOPI
3766 307 3821 365 9C

548 409 929 483 imprudentiae
957 423 1145 477 sensu,
1178 408 1274 466 sed
1306 416 1513 465 natura:
1540 417 1743 465 nostra:
1768 409 2101 465 conscientia
2132 426 2145 464 :
2174 410 2228 472 Α

550 513 611 559 ιιι
636 502 778 577 quod
811 503 1155 576 cogitationis
1184 512 1417 559 terrente
1455 504 1595 560 ratio
1636 518 1745 560 non
1790 503 2049 576 concipit,
2096 503 2149 560 id

550 598 711 655 nobis
754 613 966 654 rursum
1014 597 1152 652 ratio
1193 597 1391 652 divinat
1440 597 1653 652 virtutis
1708 597 1963 653 insinuet.
2010 597 2146 654 Cum

552 690 697 747 enim
729 690 999 760 recognita
1027 690 1276 745 stultitia:
1318 702 1519 746 nosme
1560 690 1934 763 intelligentia,
1979 691 2149 763 impe-

552 784 731 840 ritiam
756 784 1017 840 naturalis
1063 784 1117 839 in
1167 783 1323 840 nobis
1370 783 1749 853 imprudentiae
1793 786 2147 854 senserimus,

553 883 665 930 tum
699 889 795 945 per
819 874 1021 930 divinae
1052 874 1332 945 sapientia)
1355 876 1693 946 prudentiam
1722 876 1787 931 ad
1823 876 1918 931 Dei
1946 877 2153 947 sapien-

552 967 680 1022 tiam
733 967 1041 1024 itnbuemur
1089 986 1101 1022 :
1148 983 1270 1024 cum
1317 971 1435 1024 sine
1479 969 1642 1024 modo
1685 970 1910 1026 virtutes
1950 970 2045 1027 Dei
2088 986 2152 1026 ac

553 1069 879 1132 potestatem
925 1062 1233 1128 metiamur,
1282 1077 1403 1118 cum
1453 1059 1660 1117 naturae
1708 1062 1994 1118 Dominum
2043 1079 2150 1119 non

554 1152 695 1209 intra
746 1154 1021 1209 naturales
1069 1154 1216 1226 leges
1261 1154 1630 1222 cohibeamus,
1680 1171 1805 1212 eum
1844 1155 1949 1212 hoc
1976 1158 2151 1213 solum

553 1244 622 1302 de
655 1245 767 1301 Deo
793 1245 933 1302 bene
972 1246 1122 1303 credi
1167 1246 1547 1317 intelligamus,
1581 1247 1647 1303 ad
1675 1249 1817 1320 quod
1844 1249 1914 1306 de
1951 1264 2010 1306 se
2035 1265 2157 1308 cre-

553 1336 790 1394 dendum
838 1339 954 1409 ipse
998 1338 1097 1395 sibi
1146 1339 1425 1396 nobiscum
1475 1350 1530 1396 et
1562 1340 1714 1396 testis
1751 1349 1807 1398 et
1843 1349 2033 1397 auctor
2055 1357 2154 1398 ex-

553 1433 728 1489 sistat.

904 1568 1157 1641 6970
1193 1566 1402 1624 LIBER
1427 1567 1775 1636 QUARTUS.

555 1711 937 1768 Catholicorum
963 1714 1345 1785 simplicitatem
1388 1716 1632 1772 adversus
1657 1717 1970 1773 Arianorum
2012 1727 2156 1774 astus

625 1808 831 1862 munire
882 1810 1197 1880 aggreditur.
1257 1808 1389 1866 Eum
1436 1811 1499 1865 ob
1549 1827 1659 1864 rem
1702 1827 1816 1883 qua:
1856 1812 2064 1866 illorum
2094 1812 2157 1865 de
2189 1808 2232 1868 B

629 1899 830 1956 Christo
861 1903 928 1957 sit
974 1905 1224 1958 sententia
1267 1904 1495 1977 exponit.
1530 1902 1667 1958 Tum
1702 1905 1927 1975 defendit
1957 1902 2154 1960 Filium

630 1994 785 2051 Patri
810 1997 1130 2054 homousion
1156 2015 1217 2053 ac
1234 2012 1450 2069 semper
1478 1997 1661 2062 fuisse,
1687 2008 1737 2054 et
1770 2016 1804 2053 a
1838 1999 2009 2070 pravis
2036 2014 2156 2053 sen-

628 2092 791 2159 sibus,
826 2091 1013 2163 quibus
1043 2091 1361 2146 necessarias
1389 2091 1509 2146 illas
1536 2107 1680 2147 voces
1700 2093 2019 2163 supprimere
2045 2101 2158 2147 ten-

628 2193 773 2248 tant,
824 2181 1115 2240 Ecclesium
1157 2183 1434 2239 abhorrere
1480 2184 1728 2239 declarat.
1761 2184 1949 2240 Allatis
1978 2184 2162 2240 deinde

631 2278 791 2331 variis
821 2276 1113 2347 Scriptura:
1138 2276 1463 2344 testimoniis,
1484 2276 1669 2348 quibus
1693 2275 1887 2331 Filium
1907 2293 1941 2332 a
1961 2287 2162 2332 natura:

631 2372 818 2426 divina:
835 2371 1156 2441 possessione
1171 2372 1439 2426 exclusum
1450 2387 1559 2426 esse
1570 2373 1864 2426 veteratorie
1877 2372 2160 2438 insinuant,

630 2466 883 2533 integram
929 2461 1130 2517 exhibet
1177 2463 1298 2532 ﬁdei
1348 2465 1754 2536 professionem,
1808 2481 1962 2536 quam
2010 2466 2163 2520 Arius

632 2556 952 2610 Alexandria
981 2559 1160 2624 pulsus
1188 2555 1381 2627 aliique
1408 2558 1571 2631 ipsius
1600 2559 1835 2628 partibus
1865 2558 2059 2612 addicti
2096 2557 2163 2611 ad

632 2649 989 2705 Alexandrum
1014 2651 1291 2705 antistitem
1313 2649 1768 2722 miserunt.Hujus
1792 2651 2031 2718 deinceps
2053 2651 2163 2717 pri-

632 2761 770 2798 mum
797 2755 1014 2814 partem,
1047 2745 1128 2799 his
1152 2750 1376 2800 maxime
1396 2748 1569 2801 nixam
1595 2747 1777 2811 verbis,
1803 2746 1940 2802 Attdi
1972 2745 2161 2813 Israel,

636 2838 896 2893 Dominus
946 2837 1087 2895 Deus
1117 2847 1241 2894 tuus
1298 2853 1435 2893 unus
1466 2848 1589 2906 est,
1648 2840 1797 2906 quasi
1830 2840 2072 2893 nimirum
2099 2840 2165 2893 iis

636 2932 844 3004 Moyses
894 2932 1061 2987 Deum
1111 2948 1213 2985 non
1261 2931 1414 2984 modo
1454 2939 1640 2984 natura
1670 2975 1686 2999 ,
1742 2932 1831 2986 sed
1868 2942 1913 2986 et
1946 2949 2163 3002 persona

636 3042 799 3081 unum
827 3025 1160 3096 praedicarit,
1209 3023 1383 3077 multis
1424 3027 1614 3096 refutat
1645 3040 1664 3077 :
1709 3026 2026 3094 ostenditque
2055 3038 2163 3080 tum

639 3137 702 3174 ea:
722 3118 976 3173 creatione
1004 3116 1205 3181 mundi,
1230 3125 1334 3169 tum
1356 3132 1419 3169 ea:
1439 3117 1670 3185 pluribus
1682 3119 1802 3171 visis
1820 3118 1972 3188 factis
1996 3117 2160 3190 Agar,

640 3211 883 3271 Abrahw,
909 3208 1073 3263 Jacob
1103 3218 1148 3261 et
1180 3207 1370 3278 Moysi,
1394 3217 1501 3262 tum
1524 3211 1676 3263 etiam
1701 3228 1765 3265 ea:
1791 3188 2165 3282 Prophetarum
2191 3188 2236 3252 C

644 3303 980 3370 testimoniis,
1033 3318 1095 3356 ac
1140 3302 1443 3357 nominatim
1486 3302 1654 3374 Moysi
1682 3345 1696 3370 ,
1726 3305 2128 3378 Psalmographi
2148 3350 2163 3373 ,

645 3398 814 3464 Osew,
845 3396 1021 3451 Esaia:
1044 3413 1104 3450 ac
1134 3394 1341 3450 Baruch
1366 3436 1380 3461 ,
1412 3398 1516 3450 sive
1548 3407 1602 3449 ut
1655 3406 1799 3451 vocat
1826 3438 1839 3462 ,
1886 3396 2126 3453 Ieremia:
2151 3441 2166 3465 ,

642 3490 808 3546 Deum
836 3490 932 3545 etsi
958 3499 1148 3544 natura
1178 3505 1355 3553 unum,
1384 3504 1488 3543 non
1519 3496 1688 3543 tamen
1718 3505 1827 3543 esse
1854 3489 2165 3554 solitarium,

642 3582 733 3637 sed
763 3582 927 3650 ﬁlium
976 3581 1180 3646 habere,
1210 3580 1298 3651 qui
1324 3595 1441 3633 cum
1466 3580 1577 3651 ipso
1604 3579 1884 3634 diuinitatis
1914 3591 1961 3635 et
1990 3596 2173 3635 nomen

645 3676 866 3730 obtineat
887 3683 936 3728 et
963 3684 1225 3729 naturam.

577 3769 653 3824 De
683 3768 810 3821 visis
842 3768 894 3821 in
923 3781 990 3822 eo
1016 3765 1531 3837 expositisqmedam
1559 3764 1917 3821 observanda.
1937 3795 2011 3807 —
2043 3764 2177 3833 Quia

647 3874 766 3913 vero
798 3859 955 3932 hujus
985 3874 1046 3911 ac
1072 3858 1423 3927 subsequentis
1450 3856 1568 3912 libri
1608 3867 1910 3929 argumenta
1941 3860 2179 3930 pleraque

650 3951 887 4005 nituntur
932 3951 1052 4005 visis
1111 3950 1564 4022 patriarcharum;
1614 3967 1785 4022 operte
1830 3954 2050 4022 pretium
2103 3962 2179 4007 est

651 4043 901 4097 nonnulla
922 4042 986 4097 de
1009 4043 1073 4096 iis
1103 4044 1332 4114 praefari.
1363 4042 1616 4097 Constans
1643 4046 1786 4114 apud
1826 4052 2013 4099 veteres
2042 4045 2182 4100 vide-

655 4144 739 4189 tur
770 4136 962 4206 opinio,
1001 4134 1199 4191 Filium
1228 4138 1291 4191 ab
1319 4137 1467 4191 initio
1513 4137 1691 4192 mundi
1735 4137 1891 4193 variis
1921 4154 1975 4193 se
2016 4139 2181 4194 modis

656 4229 943 4283 hominibus
977 4230 1303 4299 spectabilem
1351 4230 1646 4299 praebuisse.
1710 4229 1820 4286 Hoc
1860 4232 2046 4285 diserte
2083 4232 2181 4285 do-

655 4330 768 4373 cent
812 4318 1051 4375 Justinus
1076 4334 1295 4392 martyr,
1335 4319 1586 4389 Irenaeus,
1623 4321 1892 4393 Origenes,
1923 4321 2185 4394 TheOphi—

656 4415 736 4469 lus
769 4412 1034 4478 Antioch.,
1063 4413 1298 4467 Clemens
1344 4414 1650 4474 Alexandra,
1678 4413 2052 4480 Tertullianus,
2084 4412 2185 4485 Cy-

657 4507 894 4577 prianus,
940 4504 1123 4559 Patres
1167 4504 1470 4559 Antiocheni
1495 4506 1697 4560 concilii
1736 4517 1917 4561 contra
1955 4504 2181 4561 Paulum

659 4574 949 4663 Sumosat.,
969 4606 1024 4651 ut
1046 4598 1308 4651 mittamus
1328 4596 1635 4651 Faustinum
1659 4596 2043 4669 Presbyterum,
2058 4599 2180 4653 Am—
2208 4574 2260 4634 D

657 4693 903 4757 brosium,
933 4689 1154 4743 Leonem
1178 4731 1215 4756 ,,
1240 4690 1465 4756 aliosque
1511 4689 1784 4759 plurimos.
1818 4689 1924 4745 Sed
1954 4706 2017 4745 ne
2036 4691 2182 4745 abiis

656 4785 862 4855 quidem
887 4785 982 4838 hoc
1011 4792 1248 4855 negatum
1271 4793 1367 4849 est,
1391 4782 1479 4851 qui
1506 4783 1907 4853 Ariofavebant.
1942 4783 2181 4854 ldipsum

658 4878 849 4948 passim
880 4870 1410 4947 prwdicat‘Eusebius
1433 4876 1487 4929 in
1533 4875 1621 4929 lib.
1658 4874 1806 4932 Dem.
1840 4874 1961 4944 Eu,
1994 4886 2039 4932 et
2068 4877 2184 4932 Sir-

658 4973 849 5025 miense
895 4969 1170 5024 concilium
1214 4978 1394 5030 contra
1424 4967 1705 5023 Photinum
1733 4985 1825 5023 eos
1864 4970 2189 5026 anathemate

661 5065 870 5119 damnat
894 5065 978 5134 qui
1005 5064 1156 5118 aliter
1180 5063 1450 5118 senserint.

593 5154 699 5209 Sed
723 5171 839 5209 cunt
860 5156 913 5209 in
935 5156 1033 5209 hac
1054 5155 1289 5209 doctrina
1314 5154 1549 5225 fraudem
1578 5154 1744 5209 moliti
1770 5155 1875 5210 sint
1909 5155 2111 5221 Ariani,
2134 5165 2188 5210 ut

668 5245 713 5299 F
715 5242 882 5311 ilium,
915 5248 1005 5316 qui
1045 5247 1261 5300 visibilis
1300 5262 1363 5299 ae
1390 5247 1528 5299 visus
1560 5247 1648 5312 sit,
1680 5263 1712 5299 a
1749 5245 1906 5302 Patre
1946 5247 2191 5303 inuisibili

665 5350 850 5395 natura
900 5339 1199 5393 dissimilem
1246 5338 1617 5407 prwdiearent;
1668 5340 1770 5394 alte
1815 5340 2140 5394 retinendum
2167 5380 2184 5406 ,

657 5442 870 5486 sanctos
917 5432 1103 5486 Patres
1131 5432 1204 5485 ita
1233 5429 1399 5485 Deum
1446 5432 1604 5486 visum
1655 5435 1951 5500 asseruisse,
1983 5444 2037 5486 nt
2074 5450 2188 5488 cum

668 5523 954 5594 Augustino
977 5524 1069 5579 lib.
1098 5538 1134 5578 ll
1163 5533 1343 5578 contra
1363 5522 1729 5592 Maximinum,
1768 5542 1883 5597 cap.
1907 5526 2074 5592 ‘26,n.
2100 5527 2190 5593 ‘12,

668 5618 952 5683 senserint,
982 5617 1316 5672 divinitatem
1346 5632 1451 5672 non
1493 5633 1591 5689 per
1616 5619 1989 5675 substantiam
2013 5635 2187 5686 suam,

676 5709 726 5761 in
787 5721 891 5776 qua
950 5707 1235 5762 invisibilis
1300 5716 1355 5761 et
1405 5695 1754 5764 immutabilis
1777 5719 1899 5776 est,
1948 5709 2043 5765 sed
2095 5726 2195 5780 per

672 5806 975 5855 creaturam
1003 5798 1102 5853 sibi
1134 5799 1431 5865 sitlijecta‘m
1477 5796 1783 5855 mortalium
1830 5801 2003 5856 oculis
2030 5815 2194 5872 appa-

2326 411 2501 468 ruisse
2529 427 2651 468 cum
2674 413 2860 469 voluit.
2884 416 2957 470 Ac
2979 431 3043 470 ne
3062 416 3332 487 peregrina
3361 417 3460 474 huc
3476 418 3817 490 adsciscamus,

2324 503 2556 576 locuples
2598 505 2753 576 hujus
2781 506 2856 562 rei
2883 508 3025 562 testis
3064 519 3139 563 est
3170 497 3427 576 Hilarius,
3454 511 3548 566 lib.
3579 528 3671 578 xu,
3697 515 3820 571 n.45

2325 605 2373 650 et
2399 594 2493 652 46.
2527 594 2711 665 Certe,
2753 598 2938 664 inquit,
2967 599 3058 670 qui
3089 608 3215 655 ante
3245 602 3493 672 angelus,
3525 607 3819 663 nuncetiam

2326 688 2490 745 homo
2517 701 2598 746 est
2644 707 2753 748 :ne
2782 693 3085 748 naturalem
3134 693 3273 750 hanc
3302 709 3423 751 esse
3465 696 3564 752 Dei
3614 699 3818 768 speciem

2327 783 2616 840 diversitas
2645 785 2806 851 hujus
2848 785 3018 853 ipsius
3047 796 3337 856 assumpta:
3381 792 3672 847 creationis
3698 804 3820 862 pate-

2327 882 2478 930 retur
2505 875 2754 946 intelligi.
2786 876 2956 932 Adest
2980 888 3159 933 autem
3203 880 3369 935 Jaeob
3397 881 3559 936 etiam
3586 899 3743 954 usque
3768 886 3820 940 ad

2328 971 2486 1027 lucta:
2515 973 2858 1043 complexum
2907 974 2959 1027 in
3015 973 3197 1030 habitu
3231 974 3539 1030 humano...
3570 979 3673 1032 Sed
3702 978 3817 1035 idem

2329 1073 2514 1133 postea
2542 1071 2597 1119 et
2636 1063 2809 1136 Moysi
2839 1080 2960 1120 esse
3003 1067 3142 1135 ignis
3172 1067 3479 1124 ostenditur
3511 1086 3524 1122 :
3556 1079 3615 1125 ut
3643 1080 3819 1126 natura:

2329 1164 2530 1211 creatae
2560 1165 2669 1211 tum
2700 1157 2878 1229 potius
2908 1158 2972 1212 ad
3004 1159 3241 1227 speciem
3265 1202 3279 1225 ,
3317 1150 3478 1231 quam
3510 1162 3577 1217 ad
3604 1163 3819 1219 substan-

2329 1250 2459 1304 tiam
2504 1259 2749 1316 naturae,
2809 1250 2968 1306 iidem
3022 1251 3286 1309 disceres.
3336 1256 3499 1311 Acnte
3537 1257 3821 1329 Augustinus

2328 1328 2478 1412 epist.
2512 1343 2646 1396 alias
2667 1358 2797 1407 cxu,
2819 1360 2955 1398 nunc
2978 1360 3182 1412 cxnvn,
3206 1362 3347 1401 num.
3368 1347 3464 1413 20,
3493 1348 3548 1403 in
3569 1350 3659 1404 illa
3680 1349 3820 1422 Moysi

2329 1434 2500 1499 verba,
2529 1437 2585 1490 Si
2613 1435 2788 1491 inveni
2829 1437 3054 1506 gratiam
3086 1442 3211 1493 ante
3247 1449 3319 1504 te,
3350 1439 3578 1496 ostende
3602 1442 3721 1496 milii
3761 1454 3821 1496 te-

2331 1527 2642 1597 metipsum.
2683 1528 2823 1595 Quid
2851 1544 3019 1599 ergo,
3052 1529 3261 1599 inquit?
3295 1529 3393 1585 Ille
3422 1547 3528 1585 non
3555 1542 3667 1586 erat
3693 1533 3822 1603 ipse?

2328 1622 2385 1679 Si
2416 1639 2522 1678 non
2553 1634 2698 1679 esset
2727 1625 2862 1694 ipse,
2893 1641 2999 1678 non
3031 1625 3081 1680 ei
3109 1625 3335 1691 diceret,
3364 1627 3596 1683 ostende
3624 1628 3742 1682 mihi
3762 1638 3822 1682 te-

2332 1718 2619 1787 metipsum
2645 1760 2659 1781 ,
2708 1716 2824 1787 sed,
2853 1717 3081 1774 ostende
3110 1719 3277 1773 Di-um
3310 1736 3324 1774 :
3358 1730 3413 1775 et
3463 1731 3636 1776 tamen
3661 1723 3702 1776 si
3728 1721 3821 1791 ejus

2330 1816 2580 1864 naturam
2607 1809 3072 1881 substantiamque
3092 1813 3451 1882 conspiceret,
3485 1813 3652 1868 multo
3678 1814 3822 1868 minus

2330 1899 2558 1967 diceret,
2601 1901 2829 1957 ostende
2868 1902 2999 1957 mihi
3029 1904 3395 1973 temetipsum.
3432 1905 3552 1975 Ipse
3576 1920 3697 1976 ergo
3729 1915 3823 1960 erat

2331 1994 2385 2049 in
2406 2006 2470 2049 ea
2487 1994 2688 2064 specie,
2704 2009 2806 2065 qua
2824 1990 3087 2066 apparere
3107 1997 3352 2052 voluerat
3375 2016 3388 2051 :
3417 2013 3524 2054 non
3542 2008 3708 2055 autem
3732 1999 3822 2069 ipse

2334 2088 2630 2159 apparebat
2661 2088 2714 2143 in
2742 2096 2930 2144 natura
2959 2091 3176 2161 propria
3196 2133 3211 2155 ,
3243 2106 3404 2160 quam
3440 2091 3649 2163 Moyses
3671 2090 3822 2147 videre

2333 2181 2604 2251 cupiebat.

2214 2341 2223 2347 _
2268 2277 2330 2333 Si
2358 2238 2424 2333 ea;
2452 2277 2704 2348 proximis
2730 2275 3019 2345 Scriptura:
3042 2238 3207 2331 verbis
3233 2278 3403 2346 ipsum
3436 2277 3599 2333 Deum
3626 2294 3655 2331 a
3676 2276 3824 2348 Moyse

2335 2370 2498 2426 visum
2528 2368 2846 2440 Augustinus
2886 2377 3023 2424 recte
3054 2371 3314 2435 asseruit;
3362 2370 3481 2442 pari
3516 2371 3703 2424 ratione
3726 2386 3823 2422 con-

2336 2462 2619 2518 cedendum
2668 2473 2741 2516 est
2778 2463 2950 2526 ipsum
2994 2461 3161 2516 Deum
3201 2463 3365 2518 eidem
3421 2462 3592 2535 Moysi
3628 2463 3679 2517 in
3722 2462 3824 2515 rubo

2337 2555 2566 2610 dixisse:
2599 2554 2712 2624 Ego
2741 2570 2861 2609 sum
2906 2556 3044 2611 Deus
3075 2555 3345 2611 Abraham
3373 2597 3388 2619 ,
3440 2566 3562 2622 etc.,
3593 2568 3824 2624 verumque

2338 2649 2507 2705 Deum
2533 2649 2676 2722 Agar
2696 2649 2976 2704 allocutam
3006 2666 3134 2716 esse,
3162 2651 3247 2704 cui
3274 2650 3514 2705 clamauit
3544 2665 3564 2704 :
3587 2650 3661 2704 Tu
3686 2649 3820 2712 Deus,

2336 2741 2428 2811 qui
2449 2741 2739 2809 adstiexiSIi
2774 2757 2878 2797 me.
2903 2740 3084 2811 Neque
3112 2742 3210 2796 hoc
3225 2743 3381 2797 etiam
3405 2739 3822 2813 negautiiPatm,

2336 2836 2423 2906 qui
2443 2834 2499 2888 in
2525 2835 2647 2888 visis
2674 2833 2781 2888 illis
2805 2849 2948 2888 veros
2972 2834 3194 2903 Angelos
3222 2834 3488 2890 adstitisse
3515 2835 3821 2889 arbitrantur.

2339 2924 2466 2980 Non
2494 2927 2631 2980 enim
2674 2926 2968 2981 existimant
3008 2926 3216 2998 angelos
3263 2925 3383 2981 illos
3433 2926 3529 2981 Dei
3571 2942 3631 2978 ac
3657 2920 3827 2976 Domini

2339 3035 2521 3074 nomen
2549 3020 2648 3073 sibi
2673 3020 2989 3087 attribuisse,
3018 3021 3141 3088 quia
3169 3030 3225 3075 ut
3251 3021 3407 3092 legati
3437 3020 3530 3074 Dei
3566 3036 3625 3073 ac
3652 3013 3827 3070 Domini

2294 3128 2295 3131 ‘
2337 3114 2545 3168 nomine
2571 3113 2944 3183 loquebantur;
2974 3116 3087 3183 quis
3114 3114 3247 3167 enim
3287 3114 3490 3181 legatus
3515 3112 3666 3182 regis,
3696 3110 3827 3178 impr.

2340 3207 2551 3273 ratoris,
2580 3215 2671 3260 aut
2700 3206 2954 3276 principis
2979 3205 3074 3259 sibi
3097 3217 3299 3277 arroget
3326 3223 3513 3261 nomen
3531 3249 3543 3268 ,
3574 3204 3711 3276 cujus
3735 3216 3825 3273 pero

2341 3314 2520 3352 sonam
2539 3299 2899 3368 repraesentat?
2918 3297 3006 3351 sed
3031 3298 3147 3352 ideo
3160 3300 3351 3369 potius,
3368 3299 3507 3367 quod
3536 3296 3664 3351 Deus
3680 3294 3774 3362 ipse
3789 3289 3830 3341 iu

2341 3391 2448 3446 illis
2475 3388 3039 3462 loquebatur-.71Hoc
3064 3391 3250 3446 diserte
3275 3388 3733 3445 docetAthanasius
3757 3382 3829 3433 οῖ.

2345 3497 2398 3538 tv
2422 3491 2557 3537 cont.
2581 3482 2787 3547 Arium,
2813 3500 2933 3553 pag.
2956 3481 3065 3536 461
3090 3499 3103 3535 :
3138 3481 3186 3537 ls
3210 3483 3456 3554 quidem,
3487 3483 3574 3552 qui
3606 3475 3833 3534 sentieba-

2350 3584 2436 3630 tur
2464 3575 2653 3640 oculis,
2689 3574 2912 3646 angelus
2933 3585 3072 3640 erat,
3096 3575 3190 3630 sed
3225 3576 3365 3631 Deus
3384 3577 3441 3631 in
3468 3574 3654 3644 angelo
3679 3571 3831 3634 Iottuc'

2346 3668 2526 3723 batur.
2548 3666 2681 3722 Nam
2704 3666 3157 3736 quemadmodum
3179 3665 3234 3721 in
3259 3669 3513 3723 columna
3536 3664 3686 3720 nubis
3704 3657 3833 3714 verba

2349 3760 2418 3814 ad
2450 3759 2671 3832 Moysen
2699 3760 2751 3814 in
2780 3759 3130 3815 tabernaculo
3163 3757 3396 3814 iaciebat
3424 3801 3438 3826 ,
3471 3763 3541 3814 ita
3570 3766 3765 3826 quoque
3793 3748 3833 3801 in

2349 3856 2556 3927 angelis
2584 3857 2882 3927 apparebat
2911 3856 3140 3926 loquens
3177 3857 3340 3911 Deus.
3395 3855 3480 3909 Ita
3529 3863 3575 3907 et
3618 3848 3835 3910 Hierouy‘

2352 3966 2485 4014 ntus,
2517 3966 2633 4019 cap.
2674 3965 2731 4004 ιιι
2752 3992 2772 4013 ,
2814 3951 2882 4004 ad
2910 3949 3028 4005 Gal.
3065 3969 3080 4004 :
3107 3950 3258 4017 Quod
3287 3961 3497 4013 autem,
3527 3946 3617 4009 ait,
3649 3942 3744 3997 Lex
3768 3949 3837 3988 or‘

2353 4042 2537 4098 dinata
2591 4058 2685 4111 per
2722 4042 2979 4112 Angelos,
3014 4043 3117 4098 hoc
3168 4042 3280 4097 vult
3332 4039 3580 4109 intelligi,
3623 4028 3751 4105 quod
3797 4026 3835 4077 in

2292 4168 2300 4181 »
2355 4136 2501 4189 mimi
2533 4136 2700 4191 veteri
2731 4135 3103 4200 Testamento,
3123 4134 3213 4189 ubi
3241 4123 3702 4205 angelusprimum
3724 4120 3837 4174 visus

2356 4228 2609 4293 refertur,
2642 4240 2696 4282 et
2723 4236 2908 4297 postea
2952 4228 3103 4297 quasi
3147 4228 3286 4281 Deus
3319 4226 3545 4297 loquens
3574 4214 3837 4308 inducitur,

2354 4321 2579 4392 angelus
2628 4320 2845 4389 quidem
2894 4335 3020 4375 vere
3069 4334 3134 4375 ex
3182 4318 3446 4373 ministris
3496 4311 3727 4385 pluribus
3750 4315 3841 4370 qm-

2355 4429 2589 4484 cumque
2614 4415 2685 4469 sit
2709 4415 2856 4469 visus
2879 4456 2894 4478 ,
2946 4414 3041 4469 scd
3075 4414 3125 4468 in
3167 4413 3260 4468 illo
3296 4413 3560 4469 mediator
3589 4407 3837 4493 loquatur:

2359 4508 2450 4577 qui
2480 4506 2622 4561 dicat
2655 4524 2667 4559 :
2708 4506 2854 4577 «Ego
2881 4521 3002 4561 sum
3033 4506 3172 4562 Deus
3198 4505 3491 4561 Abraham.
3510 4521 3528 4554 ι
3563 4497 3658 4553 His
3681 4486 3839 4577 accedi!

2358 4574 2673 4669 Augustinus
2696 4641 2710 4664 ,
2739 4574 2847 4651 L—ll
2876 4607 3051 4652 contra
3098 4596 3399 4661 Alexinum,
3433 4610 3548 4663 cap.
3589 4586 3675 4651 26,
3702 4574 3839 4669 mil.

2358 4668 2555 4757 Quaero
2588 4731 2604 4757 ,
2660 4690 2864 4759 inquit,
2911 4691 3033 4759 quis
3086 4687 3396 4758 apparuerit
3442 4680 3608 4754 Moysi
3654 4677 3700 4729 in
3745 4668 3840 4736 i8“

2357 4782 2572 4853 quando
2616 4782 2783 4838 rubus
2823 4780 3288 4847 inﬂammabatur,
3345 4789 3401 4835 et
3445 4791 3552 4831 non
3604 4764 3837 4858 urebatur-

2358 4877 2693 4948 Quamquant
2750 4885 2804 4931 et
2858 4874 2968 4931 illic
3016 4876 3264 4946 angelum
3327 4868 3637 4943 apparuisse

2362 4945 2481 5025 tura
2514 4945 2626 5039 ipsa
2654 4967 2990 5025 declarat....
3022 4967 3080 5022 in
3097 4945 3296 5037 angelo
3326 4974 3504 5020 autem
3532 4960 3688 5012 Deum
3707 4945 3841 5040 ill-55$}3

2362 5062 2486 5134 quis
2522 5035 2776 5118 dubitet?
2822 5061 2988 5116 Juxta
3031 5062 3123 5114 hos
3154 5035 3431 5130 Cregorius
3463 5067 3608 5124 papa,

2363 5156 2486 5221 Job,
2514 5173 2561 5210 c.
2584 5156 2621 5211 2
2655 5174 2668 5211 :
2699 5156 2957 5226 Angelus,
2985 5154 3076 5224 qui
3106 5153 3276 5224 Moysi
3306 5148 3613 5223 apparuisse
3638 5136 3838 5226 dicitur.

2352 5228 2527 5303 -modo
2564 5249 2804 5319 angelus,
2857 5247 3017 5300 modo
3065 5247 3205 5301 Deus
3251 5250 3594 5300 memoratur.
3641 5217 3841 5293 AngelHS

2368 5341 2618 5397 νίδθηοθι
2645 5350 2863 5412 Propter
2890 5339 2994 5395 hoc
3018 5340 3158 5411 quod
3188 5339 3424 5394 exterius
3467 5319 3721 5398 loquendo
3744 5324 3839 5366 εει·-

2369 5433 2586 5497 viebat;
2624 5433 2882 5487 Dominus
2907 5443 3087 5487 autem
3116 5430 3332 5498 dicitur,
3358 5427 3479 5498 quia
3503 5415 3711 5476 interius
3731 5416 3842 5477 pra"

2370 5523 2577 5587 sidens,
2607 5522 2864 5592 loquendi
2891 5521 3183 5577 ellicaciam
3216 5516 3566 5574 ministrabat.
3595 5504 3716 5559 Cum
3739 5502 3844 5592 erg"

2373 5616 2597 5686 loquens
2634 5616 2871 5670 exterius
2899 5616 2967 5672 ab
2992 5614 3238 5671 interiori
3274 5613 3495 5684 regitur,
3519 5613 3570 5659 et
3609 5612 3694 5670 per
3718 5588 3843 5643 obsc-

2373 5706 2557 5778 quium
2583 5705 2831 5779 angelus,
2863 5717 2916 5764 et
2950 5722 3044 5779 per
3074 5705 3477 5774 inapirationem
3512 5692 3749 5755 Dominus
3766 5688 3843 5731 ῐι⁰⁶

2372 5803 2624 5856 minatur.
