3960 6202
127 323 183 379 97

1359 317 1449 374 BE
1489 315 1865 373 TRINITATE
1904 314 2116 374 LIBER
2153 314 2243 371 IV.

3324 317 3395 375 98

129 436 332 494 Canredit
359 442 598 507 prseterea
630 433 975 505 Augustinus,
1011 433 1101 488 lib.
1148 448 1186 488 ιι
1227 444 1406 489 contra
1434 432 1683 488 Maximi-
1712 434 1762 495 Α
1791 432 1873 488 bis
1902 439 2327 490 commemorata
2376 437 2531 495 sunt,
2568 438 2626 486 ut
2663 446 2785 487 cum
2815 430 3015 501 aliquid
3051 447 3116 488 ex
3146 429 3399 489 humanis

187 545 308 592 nunt,
335 542 381 580 c.
402 526 495 592 26,
518 543 574 580 n.
608 524 667 591 9,
697 525 893 597 angelis
918 526 1024 581 illis
1050 525 1258 581 licuisse
1279 524 1377 580 Dei
1396 542 1456 579 ac
1479 523 1697 581 Domini

185 641 232 678 se
254 621 443 677 nomine
474 620 839 675 commendare
865 628 1084 689 propter
1124 618 1467 689 prophetiam
1517 619 1693 674 futura

189 717 534 782 nuntiantem,
580 715 706 786 quia
733 714 977 769 nimirum
1015 711 1275 781 Christus,
1327 714 1416 782 qui
1443 712 1589 770 Deus
1633 729 1695 767 ac

184 809 411 865 Dominus
443 817 537 871 est,
567 807 624 862 in
661 806 770 862 illis
800 808 1054 878 ﬁguratus
1094 807 1179 862 sit.
1230 805 1321 862 Sic
1348 816 1396 862 et
1419 806 1651 861 lrenteus
1674 846 1692 874 ,

186 902 260 957 lib.
281 917 397 964 v,c.
426 900 453 955 ι
487 917 501 953 :
531 898 896 955 Praediximus
926 898 1181 969 quoniam
1232 898 1505 954 Abraham
1528 907 1583 953 et
1608 911 1697 952 rc-

184 995 299 1065 liqui
326 993 604 1064 prephetze
646 992 964 1062 prophetice
993 991 1248 1047 videbant
1281 1007 1427 1056 eum,
1466 992 1518 1047 id
1548 989 1696 1062 quod

187 1089 398 1145 futurum
436 1096 557 1143 erat
586 1102 683 1156 per
702 1087 964 1142 visionem
995 1087 1404 1156 prophetantes.
1438 1085 1544 1141 Sed
1566 1101 1695 1155 quo-

186 1182 253 1237 vis
273 1180 410 1235 modo
436 1179 801 1251 intelligantur
819 1179 913 1234 illa
934 1180 1064 1246 uisa,
1097 1188 1198 1233 stat
1226 1194 1388 1251 prape
1417 1179 1599 1234 eadem
1621 1179 1696 1233 vis

185 1285 598 1348 argumentorum,
627 1289 745 1343 quae
768 1289 832 1329 ea:
855 1273 962 1329 illis
993 1272 1232 1327 Hilarius
1272 1272 1500 1342 conﬁcit.

186 1449 229 1503 l.
247 1446 360 1503 Tria
386 1447 439 1501 in
468 1446 742 1503 haereticos
768 1447 1126 1517 promittenda
1154 1448 1381 1502 ueritatis
1402 1448 1692 1502 assertioni.

125 1542 513 1613 —Quamquam
549 1542 915 1598 anterioribus
939 1542 1156 1610 libellis,
1189 1558 1325 1613 quos
1347 1543 1457 1612 jam
1485 1542 1695 1613 pridem

127 1636 528 1705 ecuscripsimus,
563 1634 814 1690 absolute
841 1635 1115 1704 cognitum
1157 1633 1539 1691 exiSIimemus
1560 1676 1575 1701 ,
1631 1633 1698 1688 ﬁ-

123 1727 225 1783 dem
260 1743 349 1784 nos
390 1736 444 1784 et
470 1728 879 1785 confessionem
910 1728 1088 1784 Patris
1130 1736 1187 1784 et
1228 1728 1347 1784 Filii
1378 1738 1432 1783 et
1461 1728 1699 1799 Spiritus

1796 526 2295 597 comparationibus
2324 524 2402 598 (l)
2439 523 2793 595 proferimus,
2828 539 2935 579 non
2977 525 3274 582 secundum
3305 541 3401 581 na-

1796 626 1946 675 turas
2000 620 2314 690 corporales
2384 618 2453 674 de
2503 618 2614 673 Deo
2662 618 2863 673 sentire
2904 618 3232 685 crcdamur,
3300 633 3402 675 nec

1797 713 2141 784 passionibus
2171 712 2370 768 nostris
2415 710 2675 782 spiritalia
2716 725 3055 780 comparare,
3088 712 3181 768 sed
3213 712 3397 784 potius

1794 819 1978 860 rerum
2010 803 2298 860 visibilium
2328 802 2564 874 speciem
2601 802 2671 858 ad
2714 801 3127 874 intelligentiam
3159 803 3403 860 invisibi-

1796 896 1928 953 lium
1957 897 2281 969 protulisse.

1869 992 1922 1048 ὅ.
1962 990 2340 1046 [hereticorum
2384 992 2653 1061 Opiniones
2698 991 2763 1046 de
2811 990 2907 1044 Dei
2954 991 3082 1059 ﬁlio.
3125 1021 3197 1035 -—
3235 991 3402 1049 Aiunt

1797 1098 2030 1154 namque
2056 1083 2321 1151 hmretici,
2358 1098 2466 1138 non
2489 1099 2558 1139 ex
2597 1082 2708 1138 Deo
2736 1096 2860 1139 esse
2888 1081 3187 1147 Christum,
3219 1083 3270 1139 id
3293 1093 3396 1150 est,

1797 1174 1993 1231 Filium
2034 1191 2144 1231 non
2176 1192 2247 1233 ex
2279 1175 2441 1232 Patre
2461 1186 2670 1242 natum,
2704 1192 2879 1247 neque
2902 1176 3071 1232 Deum
3097 1193 3162 1232 ex
3186 1187 3398 1242 natura,

1800 1270 1896 1325 sed
1925 1285 1991 1325 ex
2014 1270 2404 1327 constitutione
2421 1285 2578 1336 esse;
2604 1270 2954 1341 adoptionem
2976 1272 3183 1329 scilicet
3209 1272 3328 1343 ejus
3350 1273 3401 1328 in

1802 1360 1880 1434 (b)
1902 1363 2144 1430 nomine,
2175 1362 2299 1433 quia
2330 1364 2469 1419 sicut
2494 1363 2680 1434 plures
2701 1364 2814 1420 Deo
2843 1364 2963 1431 ﬁlii,
2984 1367 3053 1421 ita
3080 1375 3135 1422 et
3157 1367 3243 1422 hic
3265 1365 3405 1422 filius

1800 1455 1909 1521 sit;
1939 1453 2137 1510 dehinc
2179 1454 2557 1511 liberalitatem
2588 1457 2641 1512 in
2687 1457 2985 1527 dignitate,
3015 1461 3137 1529 quia
3167 1458 3304 1515 sicut
3330 1459 3405 1516 dii

1799 1548 1984 1618 plures
2032 1555 2180 1613 sunt,
2214 1548 2286 1603 ita
2331 1559 2386 1604 et
2424 1548 2512 1604 hic
2555 1549 2696 1605 Deus
2724 1550 2838 1605 sit:
2890 1550 3290 1621 indulgentiore
3322 1560 3404 1608 ta-

1798 1655 1925 1696 men
1953 1640 2006 1696 in
2037 1656 2104 1697 eo
2134 1651 2189 1697 et
2222 1640 2530 1712 adoptionis
2559 1652 2616 1698 et
2646 1644 3063 1713 nuncupationis
3082 1644 3278 1700 ali‘cctu
3306 1687 3320 1712 ,
3346 1651 3405 1700 ut

1800 1742 1857 1790 et
1884 1750 1992 1804 prae
2021 1736 2232 1791 cmteris
2261 1736 2331 1790 sit
2358 1735 2669 1806 adoptatus,
2704 1747 2759 1793 et
2784 1737 3053 1808 adoptivis
3079 1738 3203 1794 aliis
3231 1739 3406 1808 major

122 1823 267 1877 sancti
289 1838 352 1878 ex
383 1822 725 1893 evangelicis
752 1831 914 1891 atque
942 1821 1256 1891 apostolicis
1303 1821 1565 1877 inStitutis
1595 1821 1694 1877 ob-
1725 1820 1774 1882 B
1802 1827 1920 1897 ipse
1958 1827 2026 1883 sit
2052 1826 2200 1893 filiis,
2234 1836 2290 1882 et
2309 1828 2664 1884 excellentius
2689 1827 2901 1885 cunctis
2925 1829 3135 1884 naturis
3164 1840 3402 1897 creatus,

123 1914 288 1981 tinere,
325 1930 496 1985 neque
542 1915 841 1985 quidquam
872 1912 1029 1970 nobis
1069 1930 1192 1970 cum
1239 1912 1512 1970 haereticis
1538 1928 1699 1985 posse

120 2022 221 2062 esse
258 2022 563 2073 commune,
589 2006 791 2078 quippe
820 2006 923 2061 illis
951 2006 1290 2063 divinitatem
1325 2007 1538 2063 Domini
1572 2022 1700 2063 nos-

120 2099 173 2153 tri
192 2098 306 2155 Jesu
332 2098 531 2156 Christi
563 2100 688 2155 sine
737 2098 900 2155 modo
947 2107 1004 2154 et
1030 2100 1243 2156 ratione
1268 2108 1327 2156 et
1356 2108 1505 2156 metu
1532 2100 1699 2156 abne-

117 2191 371 2261 gantibus:
400 2201 588 2246 tamen
618 2191 782 2246 etiam
814 2190 897 2246 his
925 2190 1122 2248 libellis
1149 2191 1396 2263 quaedam
1447 2206 1699 2248 necessa-

118 2284 183 2338 tio
213 2284 416 2340 fuerunt
457 2284 1011 2355 comprehendenda,
1061 2294 1121 2341 ut
1165 2286 1419 2342 omnibus
1474 2286 1698 2344 fallaciis

117 2391 273 2432 eorum
298 2378 737 2448 etimpietatibus
755 2377 939 2446 editis,
958 2378 1257 2434 absolutior
1280 2380 1437 2435 ﬁeret
1461 2381 1700 2451 cognitio

117 2471 346 2526 veritatis.
368 2471 425 2525 Et
449 2472 691 2542 primum
711 2471 1146 2542 cognoscendum
1166 2481 1271 2540 est,
1296 2489 1415 2545 quae
1436 2473 1700 2531 doctrinae

116 2578 275 2618 eorum
294 2566 576 2619 temeritas
607 2564 698 2628 sit,
717 2564 931 2635 quodve
952 2565 1328 2635 irreligiositas
1355 2566 1654 2636 periculum
1682 2585 1697 2623 :

117 2656 285 2713 dehinc
318 2657 446 2729 quid
488 2659 787 2714 adversum
830 2657 990 2713 fidem
1042 2659 1394 2729 apostolicam
1420 2700 1437 2727 ,
1469 2661 1556 2715 cui
1601 2674 1702 2717 nos

112 2753 465 2823 congruimus,
500 2751 746 2809 habeant
799 2753 1103 2820 sententias,
1157 2753 1355 2825 quidve
1406 2754 1586 2810 dicere
1615 2769 1704 2811 so—

119 2844 245 2900 leant
271 2860 300 2900 e
327 2846 633 2910 contrario,
674 2861 849 2916 quave
875 2846 1167 2902 verborum
1191 2845 1543 2919 ambiguitate
1573 2847 1704 2903 sim-

116 2941 311 3009 plicitati
331 2940 682 2997 audientium‘
703 2939 962 2996 illudant:
998 2951 1278 3010 postremo
1306 2957 1410 3011 qua
1434 2942 1703 3012 interpre-

117 3034 347 3090 tationum
371 3050 604 3092 suarum
634 3044 752 3090 arte
790 3036 1074 3091 veritatem
1103 3035 1405 3091 divinorum
1434 3035 1704 3092 dictorum

117 3130 449 3201 virtutemque
474 3139 857 3200 corrumpant.

1801 1920 2066 1977 creaturis
2115 1922 2232 1991 ipse
2263 1919 2477 1976 caeteris
2508 1930 2748 1992 praestet.
2788 1920 2957 1977 Aiunt
2985 1919 3148 1977 etiam
3186 1921 3404 1993 quidam

1801 2031 1988 2073 eorum
2024 2016 2118 2073 Dei
2148 2017 2599 2088 omnipotentiam
2636 2016 2980 2081 confitentes,
3013 2017 3067 2071 in
3097 2016 3408 2073 similitudi-

1802 2125 1927 2165 nem
1965 2125 2088 2166 cum
2124 2109 2223 2166 Dei
2251 2118 2514 2177 creatum,
2540 2119 2597 2167 et
2640 2126 2707 2166 ex
2756 2108 2927 2165 nihilo
2956 2108 3063 2183 73
3106 2119 3166 2165 ut
3208 2116 3404 2165 caetera

1801 2202 1855 2258 in
1884 2202 2076 2259 mterni
2107 2204 2254 2259 illius
2281 2203 2554 2260 Creatoris
2607 2203 2688 2259 sui
2723 2204 3009 2275 imaginem
3057 2203 3403 2259 constitisse:

1799 2297 1972 2353 verbo
2029 2297 2280 2353 videlicet
2331 2298 2400 2353 de
2471 2313 2578 2352 non
2644 2297 2980 2353 exstantibus
3022 2297 3232 2367 jussum
3284 2311 3406 2353 esse

1801 2388 2118 2455 subsistere,
2157 2390 2270 2445 Deo
2299 2396 2520 2459 potente
2546 2387 2957 2444 similitudinem
2994 2389 3078 2444 sui
3119 2402 3193 2444 ex
3233 2386 3406 2444 nihilo

1802 2487 2080 2549 coaptarc.

1871 2570 1928 2625 4.
1961 2568 2283 2624 Homousion
2312 2570 2376 2624 ob
2397 2586 2577 2625 sensus
2602 2586 2788 2643 pravos
2826 2585 3070 2643 respuere
3104 2586 3159 2626 se
3201 2572 3404 2641 conﬁn-

1802 2674 1951 2735 gunt.
1981 2663 2082 2729 Qui
2109 2663 2189 2719 illi
2209 2680 2411 2719 sensus.
2436 2693 2508 2705 -—-
2535 2664 2676 2732 Quin
2703 2666 2865 2721 etiam
2891 2665 2945 2721 id
2970 2664 3253 2736 adjiciunt,
3279 2682 3404 2723 cum

1806 2760 1965 2815 unius
2002 2759 2318 2815 substantiae
2348 2759 2564 2815 Patrem
2607 2766 2663 2815 et
2697 2758 2888 2814 Filium
2921 2773 3044 2816 esse
3077 2761 3304 2816 audiunt
3337 2761 3407 2817 ab

1804 2850 2171 2906 anterioribus
2188 2848 2259 2923 (c)
2286 2850 2557 2922 episcopis
2576 2850 2949 2922 praadicatum,
2980 2861 3039 2906 ut
3057 2850 3113 2906 id
3138 2852 3408 2908 subtiliter

1805 2958 1904 3015 per
1929 2944 2166 3014 speciem
2208 2943 2477 2999 ltarretiea:
2507 2942 2780 3013 opinionis
2822 2942 3097 3000 infirmant
3123 2958 3138 2996 :
3164 2943 3409 3000 dicentes

1806 3052 1901 3093 eos
1923 3034 2073 3091 verbi
2103 3035 2264 3104 hujus
2292 3035 2739 3106 significationem
2768 3077 2783 3102 ,
2830 3035 2882 3091 id
2929 3045 3048 3103 est,
3090 3036 3249 3091 unius
3273 3036 3406 3092 sub-

1807 3127 2040 3189 SlatIIitB,
2058 3127 2200 3198 quod
2222 3127 2677 3200 grmeeépoobctov
2691 3127 2911 3194 dicitur,
2940 3129 3041 3184 hoc
3064 3141 3228 3184 sensu
3256 3144 3412 3184 usur-

172 3222 222 3274 2.
265 3220 438 3277 Verbis
468 3222 717 3277 Immanis
737 3237 818 3276 res
846 3222 1046 3277 diuinas
1076 3238 1177 3277 non
1203 3222 1328 3277 bene
1351 3222 1700 3293 explicari.—-
1727 3217 1770 3280 C
1805 3235 1935 3292 pare
1964 3228 2130 3291 atque
2159 3219 2378 3291 eloqui,
2410 3230 2682 3292 tamquam
2715 3221 2832 3290 ipse
2861 3221 2933 3276 sit
2959 3231 3112 3291 pater
3140 3219 3234 3292 qui
3263 3231 3317 3276 et
3347 3219 3411 3276 ll-

118 3310 214 3367 Non
241 3312 549 3384 ignoramus
599 3325 803 3377 autem,
831 3313 899 3368 ad
940 3328 1029 3369 res
1073 3314 1284 3370 divinas
1313 3315 1663 3384 explicandas
1683 3357 1698 3381 ,

122 3420 271 3475 neque
296 3406 580 3462 hominum
605 3406 990 3474 elocutionem,
1021 3421 1198 3478 neque
1219 3417 1426 3462 natura:
1453 3408 1702 3464 humana:

121 3498 553 3568 comparationem
583 3513 750 3567 posse
776 3497 1049 3553 sufficere.
1074 3498 1228 3565 Quod
1254 3500 1400 3554 enim
1426 3499 1707 3555 inenarra-

119 3586 208 3643 bile
234 3601 331 3658 est,
362 3590 752 3662 significantia:
800 3591 1029 3661 alicujus
1059 3591 1218 3648 finem
1268 3601 1323 3648 et
1351 3596 1567 3648 modum
1599 3609 1705 3651 non

119 3677 291 3736 habet:
321 3695 371 3739 et
396 3684 544 3754 quod
580 3682 828 3750 spiritale
851 3692 956 3747 est,
986 3683 1090 3738 ida
1122 3685 1306 3752 specie
1334 3685 1701 3755 corporalium

123 3776 451 3845 exemploque
471 3775 760 3831 diversqu
784 3784 887 3830 est.
914 3774 1115 3830 Tamen
1140 3775 1248 3847 72
1265 3792 1387 3832 cum
1410 3777 1478 3834 de
1501 3778 1709 3834 naturis

121 3865 406 3923 cretestibns
432 3882 630 3923 sermo
664 3877 770 3933 est,
802 3866 893 3921 illa
921 3868 1057 3937 ipsa,
1090 3883 1208 3938 qua:
1250 3882 1414 3925 sensu
1447 3870 1706 3925 mentium

123 3960 462 4027 continentur,
496 3975 605 4014 usu
634 3957 713 4031 (α)
738 3963 1041 4013 communis
1063 3969 1117 4015 et
1139 3969 1345 4015 natura}
1369 3969 1424 4017 et
1445 3962 1711 4017 sermonis

123 4063 230 4110 sunt
253 4055 584 4128 eloquentia,
620 4069 728 4111 non
777 4055 963 4124 utique
999 4053 1247 4125 dignitati
1295 4055 1390 4110 Dei
1428 4071 1665 4127 congrua
1693 4097 1709 4124 ,

126 4151 206 4207 sed
253 4153 450 4223 ingenii
503 4153 685 4208 nostri
742 4151 1101 4207 imbecillitati
1151 4151 1502 4219 necessaria;
1552 4152 1714 4208 rebus

126 4244 305 4302 scilicet
329 4246 632 4318 verbisque
671 4243 875 4301 nostris
902 4257 969 4300 ea
993 4258 1115 4314 quas
1142 4251 1198 4299 et
1239 4244 1506 4299 sentimus
1548 4253 1599 4300 et
1628 4245 1712 4299 in-

130 4336 392 4407 telligimus
419 4320 687 4395 locutitri.
739 4337 919 4406 Atque
956 4333 1073 4391 haec
1120 4335 1261 4391 sicut
1306 4335 1484 4406 primo
1533 4334 1716 4392 libello

133 4427 273 4499 (nam.
295 4432 384 4501 t9)
415 4429 610 4488 testati
641 4443 855 4495 sumus,
885 4442 1026 4485 nunc
1070 4442 1288 4500 quoque
1332 4427 1537 4485 idcirco
1563 4443 1594 4484 a
1623 4443 1719 4485 no-

192 4522 264 4594 (l)
296 4523 660 4596 Proferemus.

192 4601 262 4673 (α)
292 4604 360 4659 Ita
390 4606 446 4660 in
480 4619 623 4661 mss.
650 4602 723 4659 At
750 4604 804 4658 in
828 4603 1079 4674 vulgatis,
1104 4604 1383 4659 communi.

193 4674 260 4745 (b)
289 4676 453 4742 Editi,
495 4692 611 4731 esse
629 4677 684 4729 in
705 4673 941 4729 nomine:
961 4673 1132 4729 Abest
1155 4693 1263 4731 esse
1280 4692 1306 4729 a
1331 4690 1459 4730 mss.
1492 4690 1717 4742 qunrttm

136 4742 273 4812 aliqui
303 4749 640 4817 subjiciunt,
669 4746 793 4817 quia
820 4748 949 4802 sicut
976 4746 1149 4819 plures
1174 4745 1275 4803 Dei
1302 4746 1421 4817 ﬁlii,
1449 4746 1524 4801 ita
1558 4755 1609 4802 et
1638 4748 1719 4801 hic

136 4814 257 4883 [ilius
281 4815 377 4873 Dei
403 4820 493 4874 sit.

99 4842 115 4855 ο
137 4820 257 4874 ﬁlius
281 4820 377 4873 Dei
403 4820 493 4874 sit.

198 4887 261 5014 (c3
286 4889 341 4945 In
369 4891 631 4957 excusis,
658 4891 721 4943 ab
749 4888 1094 4945 anterioribus
1137 4905 1246 4944 esse
1292 4889 1549 4962 episcopis
1569 4931 1583 4955 ,
1632 4905 1718 4945 re-

201 4974 229 5012 n
265 4970 319 5014 at
341 4979 470 5014 esse.
508 4976 619 5014 nec
649 4960 846 5014 habent
879 4974 1007 5014 mss.
1034 4959 1371 5014 Vocabulum
1395 4960 1715 5014 homousion

139 4956 319 5016 dundat
341 4979 470 5025 esse,
508 4956 623 5018 nec
649 4960 846 5015 habent
879 4974 1007 5016 mss.
1034 4956 1371 5016 Vocabulum
1395 4960 1715 5016 homousion

140 5029 196 5084 ab
229 5034 600 5089 anterioribus
628 5032 896 5101 episcopis
941 5032 1287 5102 prmdicatum
1338 5042 1561 5087 testatur
1607 5032 1753 5097 epi-'

141 5102 258 5174 stola
275 5105 338 5160 ad
367 5104 601 5159 Paulum
643 5105 937 5167 Samosat.,
964 5114 1095 5174 tom.
1128 5119 1187 5168 ι,
1235 5103 1430 5158 concil.
1467 5103 1721 5174 Dionysio

143 5171 489 5245 Alexandrino
515 5174 792 5245 adscripta
810 5216 823 5234 ,
855 5174 969 5243 ipse
998 5173 1196 5229 fatetur
1222 5174 1485 5245 Eusebius
1515 5171 1719 5245 Caesar.

144 5244 263 5312 apud
290 5247 506 5303 Socrat.
563 5248 602 5299 l.
631 5245 684 5311 l,
712 5244 767 5299 c.
798 5245 832 5299 5
860 5263 872 5298 :
907 5244 1201 5299 Nonnullos
1225 5287 1239 5309 ,
1288 5244 1491 5315 inquit,
1538 5244 1724 5301 veteres

134 5315 383 5386 ρειίκοροδ
405 5328 456 5373 et
483 5319 768 5387 scriptores
793 5316 969 5388 ,Aviros
997 5334 1121 5388 sane
1146 5318 1362 5388 disertos
1400 5327 1549 5388 atque
1572 5317 1722 5371 illus-

147 5394 266 5451 tres,
290 5390 345 5443 in
366 5386 650 5444 divinitate
687 5386 991 5457 explicanda
1026 5387 1130 5442 ‘hoc
1168 5386 1317 5442 uerbo
1360 5386 1726 5444 consensum-

148 5470 273 5532 tua
294 5475 414 5532 usos
435 5463 609 5532 fuisse
637 5461 981 5532 cognovimus.
1008 5458 1156 5514 [nter
1185 5474 1278 5532 eos
1300 5502 1315 5525 ,
1353 5461 1443 5532 qui
1471 5465 1551 5515 ttsi
1584 5462 1721 5532 sint,

149 5525 264 5587 dm
284 5525 590 5605 Dionysius
624 5525 870 5605 recenset
894 5531 1225 5605 Athanasius
1255 5530 1347 5584 lib.
1372 5525 1447 5587 de
1469 5525 1724 5605 _Synod.,

151 5601 842 5672 pag.9l8,"l‘ertullianus
892 5617 1106 5672 quoque
1154 5601 1415 5658 adversus
1466 5601 1726 5657 Praxeam

154 5670 364 5752 2,
411 5675 645 5730 Patrem
697 5683 751 5728 et
794 5670 989 5728 Filium
1022 5670 1195 5727 unius
1234 5674 1530 5729 substantia:
1586 5687 1727 5742 pra:-

152 5737 435 5889 ὼῗσδὶιςδ.
466 5818 536 5875 de
591 5815 911 5873 hatnousion.
945 5815 1003 5873 lu
1036 5816 1140 5876 hoc
1178 5818 1401 5875 nomine
1442 5813 1733 5874 scribendo

1809 3314 1915 3370 lius
1939 3355 1956 3383 ,
1988 3329 2057 3371 ex
2096 3314 2366 3369 inllnitate
2413 3313 2667 3371 videlicet
2687 3329 2782 3368 sua
2814 3322 3104 3383 protensus
3145 3314 3198 3369 in
3232 3313 3411 3383 Virgi-

1810 3422 1958 3470 nem,
1990 3421 2059 3461 ex
2089 3422 2194 3475 qua
2230 3420 2429 3477 corpus
2458 3418 2776 3471 assumens,
2821 3405 2923 3461 sibi
2954 3406 3007 3461 iu
3046 3420 3113 3462 eo
3141 3420 3372 3476 corpore
3394 3446 3412 3473 ,

1811 3500 1953 3572 quod
1983 3497 2276 3570 assumpsit
2303 3540 2317 3564 ,
2352 3498 2447 3553 lilii
2470 3514 2666 3554 nomen
2714 3498 3001 3573 addiderit.
3054 3499 3118 3554 Et
3149 3498 3265 3554 haec
3293 3498 3414 3569 qui-

1813 3595 1939 3651 dem
1964 3595 2044 3666 (d)
2078 3594 2146 3650 de
2172 3593 2459 3648 homonsio
2489 3608 2676 3649 eorum
2723 3591 2932 3649 falsitas
2970 3592 3141 3662 prima
3170 3602 3277 3647 est.
3320 3590 3415 3648 Se-

1813 3703 1986 3760 quens
2018 3688 2105 3743 itia
2135 3697 2220 3744 est
2241 3728 2257 3755 ,
2286 3687 2429 3759 quod
2469 3686 2741 3743 aflirment
2773 3687 2824 3741 id
2853 3686 3279 3743 enuntiationem
3318 3684 3418 3742 ho-

1817 3782 2011 3837 mousii
2038 3779 2365 3852 signiﬁcare,
2396 3780 2540 3851 quod
2580 3779 2660 3836 rei
2687 3780 2976 3835 anterioris
3002 3789 3165 3852 atque
3192 3779 3419 3836 alterius

1814 3872 2125 3929 communio
2154 3871 2489 3940 sitduobus,
2529 3880 2580 3927 et
2611 3881 2882 3942 tamquam
2927 3872 3074 3942 prior
3118 3870 3417 3927 substantia

1820 3964 1902 4019 vel
1933 3964 2049 4019 usia
2069 3964 2310 4018 materiae
2354 3962 2584 4034 alicujus
2618 3961 2925 4028 exstiterit,
2957 3977 3079 4033 qum
3104 3963 3420 4034 participata

1820 4057 2053 4125 duobus,
2083 4066 2139 4114 et
2168 4058 2220 4113 in
2255 4066 2484 4128 utroque
2514 4066 2857 4129 consumpta,
2886 4065 3169 4128 utrumque
3192 4057 3344 4113 illum
3364 4065 3423 4113 et

1821 4158 2030 4205 natura:
2049 4150 2340 4206 anterioris
2361 4191 2376 4216 ,
2411 4158 2467 4206 et
2493 4149 2572 4206 rei
2606 4164 2728 4205 esse
2767 4157 2996 4205 testetur
3035 4149 3212 4204 unius.
3243 4150 3422 4221 Atque

1822 4242 2027 4300 idcirco
2056 4243 2363 4316 improbare
2400 4260 2461 4298 se
2504 4244 2770 4299 ltomousii
2809 4243 2958 4299 aiunt
2987 4243 3415 4314 confessionem,

1824 4338 1967 4410 quod
1989 4338 2287 4394 enuntiatio
2311 4336 2431 4407 ejus
2453 4352 2631 4408 neque
2650 4337 2844 4395 Filium
2870 4354 2899 4393 a
2924 4338 3082 4395 Patre
3107 4337 3420 4410 distinguat,

1801 4440 1881 4518 let
1901 4431 1975 4504 (e)
2003 4429 2360 4502 posteriorem
2392 4430 2610 4486 Patrem
2636 4431 2885 4499 materia,
2917 4428 2988 4505 (ι’)
3018 4446 3138 4502 qua:
3168 4431 3269 4488 sibi
3295 4447 3419 4488 cum

1742 4529 1800 4591 D

1827 4617 1933 4659 non
1975 4602 2080 4659 sibi
2127 4611 2370 4670 constat,
2403 4601 2530 4658 illud
2563 4603 2887 4674 quandoque
2918 4619 3014 4674 per
3041 4618 3200 4660 casus
3229 4604 3417 4660 inﬂec-

1829 4682 2021 4739 tentes,
2056 4675 2257 4746 saepius
2286 4691 2415 4730 non.
2448 4674 2561 4729 Hoc
2583 4674 2898 4730 vocabulum
2929 4677 3110 4746 priore
3140 4675 3233 4730 illo
3254 4690 3419 4731 sensu

1825 4762 1855 4800 a
1888 4746 2055 4802 Paulo
2085 4747 2452 4803 Samosateusi
2483 4746 2857 4814 praedicatum,
2883 4756 2939 4801 et
2965 4748 3033 4800 ab
3066 4746 3416 4801 Antiochenis

1825 4818 2073 4875 Patribus
2100 4818 2362 4889 rejectnm
2387 4816 2659 4872 indicabat
2681 4816 3281 4889 epistolaOrientaliutn
3308 4816 3423 4889 Sir-

1824 4889 1990 4944 mium
2018 4886 2193 4946 delata
2213 4930 2228 4958 ,
2256 4890 2410 4960 cujus
2440 4886 2817 4959 argumentum
2849 4887 3081 4943 refertur
3107 4886 3201 4943 lib.
3218 4886 3289 4944 de
3314 4887 3418 4960 Sy-

1825 4961 1955 5016 nod.
1983 4977 2037 5013 n.
2071 4961 2159 5015 81.

1896 5032 1966 5103 (ε)
1999 5031 2151 5088 Unus
2179 5031 2350 5087 codex
2386 5030 2542 5086 Colb.
2589 5030 2905 5103 cum.r\'ijct.
2944 5028 3280 5103 ethSorbon.
3329 5047 3423 5103 po-

1896 5048 1966 5103 te)
2004 5048 2151 5088 unus
2179 5048 2350 5087 coucx
2386 5048 2542 5086 LOID.
2589 5048 2733 5085 cum.
2775 5048 2905 5085 τισι.
2944 5048 3001 5083 et
3045 5048 3280 5084 aurnon.
3316 5048 3423 5155 Iro-

1825 5102 2007 5158 tiorent
2040 5119 2058 5157 :
2089 5119 2197 5157 non
2221 5104 2362 5157 malo
2389 5116 2577 5167 sensu,
2601 5103 2646 5154 si
2676 5100 2873 5155 deinde
2898 5100 3286 5171 subjiceretttr,
3342 5105 3424 5157 ἀα

1826 5183 1905 5229 tre
1922 5175 2207 5227 materiam.
2243 5172 2434 5244 Verius
2467 5181 2650 5244 tamen
2662 5172 2764 5244 alii
2807 5172 3009 5244 habent
3042 5172 3377 5244 posteriorem
3400 5214 3418 5242 ,

1829 5245 1905 5299 uti
1926 5253 2136 5300 constat
2159 5259 2227 5299 ex
2253 5243 2347 5299 lib.
2377 5242 2446 5299 de
2472 5240 2704 5314 Synodis
2725 5260 2872 5297 num.
2897 5243 2989 5299 68.
3016 5240 3167 5300 lluuc
3193 5240 3422 5301 alterum

1830 5330 2050 5371 sensum
2078 5356 2092 5381 ,
2121 5329 2246 5370 cum
2292 5330 2323 5369 a
2355 5314 2520 5368 Paulo
2549 5322 2754 5384 tantum
2782 5329 2879 5384 per
2908 5315 3305 5371 cavillationem
3336 5317 3423 5370 in-

1829 5397 2013 5458 gestu‘s
2040 5396 2217 5453 esset,
2252 5387 2443 5458 statim
2475 5385 2544 5440 ab
2574 5383 2930 5442 Antiochenis
2958 5386 3207 5442 Patribns
3236 5388 3426 5453 explo-

1833 5456 1951 5514 sum
1972 5456 2312 5529 fuissetradit
2335 5458 2659 5529 Athanasius
2687 5459 2781 5512 lib.
2819 5458 2888 5529 de
2913 5457 3117 5529 Synod.
3145 5473 3264 5529 pag.
3296 5458 3424 5523 9‘20,

1835 5529 1979 5599 quod
2022 5544 2142 5586 cum
2192 5527 2545 5584 Orientalium
2599 5528 2866 5583 sententia
2927 5527 3169 5600 proxime
3214 5527 3241 5581 εἰ
3274 5530 3430 5586 nobis

1836 5609 2133 5672 memorata
2159 5610 2461 5672 numstare
2500 5600 2703 5672 possit,
2732 5614 2833 5655 suo
2858 5600 2980 5656 loco
3019 5600 3086 5656 ad
3118 5600 3313 5659 librum
3358 5601 3430 5657 de

1837 5670 2077 5743 Synodis
2104 5670 2513 5742 expendemus.’
2598 5694 2604 5703 -

1912 5742 1983 5814 (Ι)
2026 5742 2143 5798 Par.
2174 5741 2301 5817 cum
2348 5752 2534 5817 vetere
2558 5759 2662 5803 ms.
2704 5741 2864 5803 Colb.
2906 5760 3022 5817 qua:
3063 5743 3161 5801 sibi
3204 5742 3269 5799 de
3296 5742 3426 5814 ﬁlio.

1840 5815 2023 5886 Forte,
2051 5829 2167 5888 qua:
2194 5815 2289 5873 sibi
2310 5823 2359 5872 et
2379 5816 2509 5889 ﬁlio.
