3960 6202
560 304 635 363 09

1799 286 2044 356 SANCTI
2082 278 2339 355 mutui
2376 275 2686 355 suscepi

3757 298 3839 359 £00

566 420 681 474 tilio
703 418 773 475 sit
796 417 1124 485 communis,
1151 415 1418 472 ostendat.
1451 415 1637 471 Tertio
1658 423 1876 487 quoque
1897 413 2037 468 hanc
2058 412 2162 468 itn-
2190 418 2237 481 Α
2264 411 2423 467 Novit
2448 424 2617 468 unum
2646 410 3025 468 innascibilem
3058 410 3235 467 Deum
3260 411 3447 467 :novit
3474 420 3532 468 et
3560 427 3724 468 unum
3744 414 3841 467 tnti-

568 510 828 580 probandi
870 508 1140 566 homousii
1178 522 1394 564 causam
1451 505 1972 571 comminiscuntur,
2018 502 2164 576 quod

564 600 860 656 secundum
888 600 1036 656 verbi
1069 598 1228 671 hujus
1266 596 1714 667 signiﬁcationem
1741 639 1756 664 ,
1798 612 1864 653 ex
1891 595 2164 652 divisione

564 704 802 764 paternas
821 692 1138 747 substantiae
1163 705 1286 749 esse
1322 690 1491 747 Filius
1516 689 1596 763 (a)
1626 689 1999 753 existimetur;
2027 698 2166 742 tam-

560 802 721 857 quam
745 786 996 842 desectus
1026 798 1091 842 ex
1114 799 1182 841 eo
1210 782 1406 851 fuerit,
1438 786 1508 839 ita
1541 795 1597 839 ut
1633 784 1710 856 (i)
1734 787 1787 838 in
1818 782 1954 838 duos
1978 782 2049 837 sit
2072 796 2164 836 res

564 896 663 934 una
688 880 892 945 divisa;
941 888 997 934 et
1035 878 1159 934 ideo
1200 877 1515 933 substantiae
1542 876 1790 932 dicantur
1817 876 2006 939 unius,
2036 873 2162 943 quia

560 974 738 1047 portio
764 974 981 1030 desecta
1012 972 1082 1029 de
1106 981 1246 1038 toto,
1276 972 1328 1026 in
1360 980 1552 1025 natura
1593 984 1659 1026 ea
1679 970 1756 1025 sit
1776 968 1923 1024 unde
1942 967 2160 1024 desecta

558 1078 644 1124 est
676 1085 689 1121 :
716 1081 818 1124 nec
847 1080 1008 1137 posse
1028 1066 1084 1121 in
1114 1066 1281 1121 Deum
1313 1064 1513 1120 cadere
1527 1062 1813 1119 divisionis
1829 1063 2157 1134 passionem,

556 1162 684 1233 quia
706 1171 762 1217 et
782 1158 1127 1216 demutabilis
1147 1160 1269 1225 erit,
1288 1161 1333 1214 si
1353 1157 1712 1214 imminutioni
1726 1170 1823 1226 per
1834 1154 2157 1211 divisionem

560 1255 655 1308 iiut
688 1252 957 1309 obnoxius
991 1269 1004 1305 :
1036 1262 1093 1308 et
1124 1248 1470 1321 imperfectus
1494 1248 1781 1311 efﬁcietur,
1811 1246 2159 1317 perfectionis

550 1360 672 1402 suae
712 1348 764 1400 in
819 1346 1116 1416 portionem
1147 1344 1375 1406 alterum
1401 1341 1484 1414 (2)
1511 1340 1806 1397 decedente
1830 1338 2152 1395 substantia.

631 1437 683 1492 5.
717 1434 918 1491 Filiam
944 1451 1142 1507 semper
1171 1450 1279 1489 esse
1306 1448 1400 1489 cur
1428 1430 1839 1504 uegetus—Nec
1867 1446 1974 1486 non
2002 1432 2057 1485 in
2086 1445 2157 1486 eo

556 1544 616 1585 se
637 1532 912 1601 eleganter
935 1528 1199 1584 doctrina
1233 1528 1562 1598 prepbetiete
1582 1567 1598 1594 ,
1622 1525 1718 1582 sed
1749 1534 1804 1580 et
1819 1522 2157 1596 evangelica

552 1632 717 1692 atque
742 1621 1054 1692 apostolicae
1084 1617 1194 1693 74
1218 1634 1382 1691 posse
1408 1618 1486 1690 (5)
1509 1617 1822 1675 existimant
1847 1618 2155 1685 contraire,

556 1727 613 1768 ut
662 1712 781 1768 Filii
824 1712 1156 1768 nativitatem
1208 1711 1348 1766 intra
1386 1719 1628 1780 tempora
1676 1709 1989 1782 prcdicent.
2016 1708 2152 1765 Cum

2266 506 2507 575 genitum
2559 505 2654 562 Dei
2702 505 2893 559 tilium.
2928 502 3233 561 Cuniitetur
3272 505 3491 562 Patrem
3521 514 3773 562 sternunt
3797 518 3840 563 et

2264 599 2336 653 ab
2372 598 2586 671 origine
2626 598 2857 656 liberum
2892 616 2907 653 :
2936 599 3228 656 conﬁtetur
3255 610 3312 656 et
3358 599 3481 657 Filii
3504 601 3760 673 originem
3783 605 3839 660 ab

2263 701 2472 747 aeterno
2499 710 2513 745 :
2542 708 2653 748 non
2684 693 2857 763 ipsum
2878 693 2950 749 ab
2970 692 3139 757 initio,
3164 693 3260 748 sed
3296 693 3369 749 ab
3391 693 3697 751 ininitiabili
3719 711 3731 749 :
3750 712 3837 751 non

2262 798 2363 853 per
2380 799 2443 840 se
2471 784 2645 855 ipsum
2664 824 2680 852 ,
2716 784 2814 841 sed
2840 785 2912 841 ab
2931 801 3003 840 eo
3022 825 3037 851 ,
3064 785 3159 856 qui
3186 801 3217 839 s
3247 787 3469 842 nemine
3498 802 3721 857 semper
3738 799 3835 855 est,

2260 889 2447 933 natum
2494 880 2564 935 ab
2600 884 2809 935 aeterno
2835 921 2850 944 ,
2879 880 3216 935 nativitatem
3263 878 3519 936 videlicet
3544 895 3610 935 ex
3643 892 3834 951 patens

2260 971 2565 1026 aeternitate
2588 982 2917 1028 sumetnem.
2942 972 3109 1028 Caret
3135 986 3267 1045 ergo
3298 972 3436 1028 tides
3466 982 3652 1028 nostra
3692 972 3839 1030 bare-

2259 1064 2385 1121 ticte
2416 1065 2701 1136 pravitatis
2727 1065 3002 1138 opinione.
3034 1065 3190 1122 Edita
3222 1066 3333 1138 75
3358 1081 3596 1138 namque
3619 1079 3702 1123 est
3718 1082 3829 1123 sen-

2258 1171 2356 1214 sus
2382 1159 2554 1214 nostri
2593 1158 2861 1230 professio
2886 1201 2903 1227 ,
2932 1159 3060 1216 licet
3088 1159 3327 1215 nondum
3368 1161 3444 1233 sit
3490 1159 3632 1214 ratio
3658 1158 3835 1231 proles-

2262 1250 2430 1306 sionis
2454 1254 2719 1321 exposita.
2752 1252 2955 1307 Tamen
2991 1267 3063 1308 ne
3107 1252 3235 1322 quid
3259 1291 3275 1317 ,
3320 1253 3375 1307 in
3396 1251 3671 1308 διαπουὴ
3694 1268 3725 1307 s
3748 1252 3831 1308 Pa-

2265 1341 2435 1397 tribus
2466 1344 2756 1414 nuncupati
2785 1343 3189 1410 enuntiatione,
3215 1354 3271 1400 et
3307 1344 3360 1399 in
3390 1359 3452 1401 ea
3478 1345 3621 1414 quod
3646 1360 3836 1415 semper

2260 1432 2426 1490 luerit
2466 1434 2849 1504 confessione,
2906 1436 3233 1507 suspicionis
3282 1436 3707 1508 relinqueretur:
3754 1437 3836 1494 ista

2260 1537 2556 1582 memorata
2586 1537 2734 1595 sunt,
2763 1526 2958 1599 quibus
2990 1538 3046 1584 et
3069 1527 3377 1585 subsistere
3421 1529 3616 1585 Filium
3644 1530 3698 1586 in
3721 1531 3837 1587 subs

2259 1619 2461 1675 stantia
2500 1632 2606 1690 qua
2646 1620 2859 1692 genitus
2888 1634 2955 1677 ex
2988 1621 3149 1678 Patre
3190 1633 3275 1678 est
3303 1634 3719 1694 cognosceretur
3740 1666 3754 1690 ,
3794 1633 3838 1680 et

2260 1709 2406 1765 Patri
2431 1712 2500 1766 de
2519 1711 2814 1767 substantia
2837 1729 2940 1785 qua
2970 1715 3223 1771 attinebat
3248 1728 3348 1786 per
3372 1715 3496 1771 Filii
3525 1719 3835 1773 nativitatem

556 1806 700 1861 enim
726 1805 918 1860 vitiose
969 1820 1000 1859 a
1034 1804 1187 1859 nobis
1235 1815 1483 1859 asseram
1509 1803 1616 1859 dici
1641 1845 1656 1870 ,
1705 1802 1902 1859 Filium
1938 1817 2154 1872 semper
2183 1808 2233 1874 Β
2259 1802 2393 1858 nihil
2417 1820 2542 1861 esse
2563 1806 2903 1875 decerptum,
2936 1818 2992 1866 et
3020 1809 3340 1866 homousion
3363 1811 3511 1867 Patri
3536 1811 3722 1868 Filium
3744 1828 3837 1868 non

553 1899 757 1965 fuisse;
790 1913 1013 1956 necesse
1033 1906 1135 1963 est,
1163 1897 1503 1953 excludendo
1532 1896 1676 1969 quod
1703 1911 1918 1966 semper
1956 1896 2114 1952 fuerit
2133 1929 2151 1963 ,

552 1995 887 2050 nativitatem
917 1996 1036 2063 ejus
1077 1993 1434 2048 conﬁteantur
1480 2007 1546 2049 ex
1593 1999 1857 2063 tempore.
1905 1991 1961 2047 Si
2009 1990 2154 2046 enim

550 2102 657 2141 non
695 2098 915 2157 semper
954 2085 1087 2152 fuit,
1113 2085 1217 2141 erit
1248 2095 1459 2155 tempus
1487 2101 1594 2154 quo
1616 2099 1721 2139 non
1750 2084 1869 2139 fuit.
1902 2083 1970 2139 Et
2002 2085 2047 2139 si
2070 2091 2156 2140 est

550 2191 765 2252 tempus
808 2196 916 2252 quo
962 2196 1067 2234 non
1109 2180 1241 2247 fuit,
1275 2178 1381 2235 erit
1410 2189 1538 2234 ante
1572 2194 1698 2234 eum
1746 2189 1954 2249 tempus
1984 2195 2001 2232 :
2029 2178 2153 2247 quis

544 2278 636 2346 qui
664 2291 768 2330 nun
798 2288 1013 2344 semper
1037 2281 1156 2339 est,
1179 2286 1301 2328 esse
1322 2271 1489 2343 ccepit
1520 2287 1588 2328 ex
1624 2281 1883 2342 tempore.
1917 2271 2016 2339 Qui
2052 2285 2151 2324 aut

548 2378 657 2422 tein
686 2377 838 2423 caret
867 2375 1133 2437 tempore,
1166 2378 1274 2420 non
1306 2374 1486 2434 potest
1512 2377 1582 2420 eo
1610 2379 1800 2419 carere
1830 2364 1971 2435 quod
2001 2378 2161 2427 sem»,

547 2476 642 2531 per
672 2469 775 2515 est.
824 2458 1104 2529 Respuere
1146 2474 1206 2514 se
1247 2468 1427 2514 autem
1457 2459 1507 2513 id
1533 2498 1549 2525 ,
1593 2458 1735 2528 quod
1765 2472 1980 2529 semper
2008 2457 2152 2512 ﬁlius

545 2557 728 2623 fuerit,
742 2555 817 2611 ob
833 2566 953 2610 eam
966 2566 1185 2611 causam
1200 2555 1492 2622 at‘tirmant,
1518 2569 1587 2611 ne
1600 2566 1693 2622 per
1705 2555 1759 2609 id
1774 2554 1918 2626 quod
1932 2568 2151 2624 semper

545 2651 641 2705 iuit
659 2693 673 2713 ,
720 2650 837 2705 sine
862 2649 1141 2705 nativitate
1162 2663 1284 2705 esse
1305 2648 1559 2704 credatur
1587 2662 1601 2702 :
1626 2657 1904 2718 tamquam
1936 2656 2032 2716 per
2059 2646 2111 2701 id
2130 2680 2146 2713 ,

541 2745 683 2818 quod
714 2758 932 2816 semper
954 2744 1125 2800 fuisse
1166 2742 1394 2810 dicitur,
1422 2742 1756 2799 innascibiiis
1802 2740 2144 2811 pnndieetor.

612 2838 666 2895 6.
704 2837 814 2894 Nec
840 2839 1149 2893 homonsion
1198 2852 1291 2890 nec
1328 2848 1526 2903 semper
1549 2848 1657 2887 esse
1697 2831 1895 2887 Filium
1920 2831 2148 2887 sensibus

536 2930 716 2987 relatis
764 2931 989 2985 admittit
1038 2922 1293 2983 Ecclesia.
1320 2954 1391 2970 --
1420 2926 1466 2983 0
1505 2926 1702 2982 stultos
1746 2936 1908 2997 atque
1951 2925 2147 2996 impios

539 3036 736 3093 metus,
766 3032 822 3080 et
848 3023 1206 3094 irreligiosum
1234 3021 1304 3076 de
1338 3021 1449 3076 Deo
1485 3017 1937 3076 sollicitudinem!
1982 3017 2167 3085 11:120..

536 3136 654 3189 qum
690 3119 742 3174 in
773 3116 1048 3173 bomousii
1078 3114 1473 3188 signiﬁcatione
1499 3126 1555 3170 et
1582 3115 1634 3168 in
1662 3127 1729 3171 eo
1761 3111 1904 3184 quod
1928 3124 2145 3180 semper

2256 1895 2329 1951 de
2356 1900 2797 1956 commemoratis
2834 1900 3086 1968 superius
3112 1901 3260 1957 vit-iis
3289 1905 3578 1976 causisque
3603 1916 3632 1960 ι
3659 1905 3838 1963 nauis

2254 1996 2315 2044 et
2338 1986 2420 2062 (ά)
2444 1989 2689 2047 doctrina
2715 1992 2811 2047 Dei
2834 1993 3142 2051 calentibus
3168 1995 3301 2051 viris
3319 2011 3440 2052 esse
3464 2008 3835 2068 memoratum;

2258 2098 2329 2139 ne
2353 2087 2475 2155 quis
2504 2084 2642 2142 forte
2668 2086 3012 2144 existimaret
3030 2086 3197 2144 adimi
3222 2100 3319 2160 per
3334 2092 3507 2147 asiam
3530 2092 3837 2148 nativitatem

2258 2175 2520 2248 unigeniti
2542 2177 2697 2247 Filii,
2724 2179 2871 2250 quod
2902 2179 3046 2236 Patri
3079 2179 3398 2238 bomousios
3417 2183 3711 2241 diceretur.

2329 2269 2383 2322 7.
2422 2267 2539 2325 Vox
2564 2280 2870 2328 lolooston
2897 2289 3001 2343 qua
3030 2275 3332 2330 necessitate
3378 2287 3633 2349 suscepta.
3657 2298 3727 2320 -ι-
3746 2278 3837 2335 Sed

2254 2370 2315 2415 ut
2336 2363 2582 2433 suscepti
2618 2364 2779 2434 hujus
2810 2369 3096 2438 utriusque
3124 2367 3198 2440 (ε)
3234 2368 3386 2426 verbi
3428 2372 3793 2428 necessitatem
3816 2414 3829 2439 ,

2252 2460 2310 2507 et
2327 2463 2515 2509 contra
2545 2455 2944 2513 debacchantes
2990 2467 3102 2513 tum
3145 2460 3433 2517 haereticos
3473 2461 3540 2517 ad
3570 2465 3836 2519 maximam

2252 2543 2377 2600 ﬁdei
2392 2546 2740 2603 securitatem
2762 2548 3028 2620 usurpati,
3053 2548 3125 2623 (f)
3159 2551 3423 2608 rationem
3453 2554 3832 2626 intelligamus:

2251 2639 2690 2708 respondendum
2718 2652 2843 2697 esse
2878 2645 3131 2699 existimo
3169 2643 3550 2702 haereticorum
3590 2651 3836 2719 perversi.

2248 2731 2378 2798 tati,
2410 2744 2468 2789 et
2494 2748 2687 2791 otnnes
2717 2750 2904 2792 eorum
2937 2739 3129 2794 stultas
3179 2753 3244 2794 ac
3294 2742 3605 2797 mortiferas
3641 2743 3837 2799 institut-

2250 2823 2430 2882 tiones
2458 2829 2783 2899 ovangelicis
2804 2839 2972 2900 atque
2993 2832 3312 2901 apostolicis
3337 2835 3667 2891 testimoniis
3692 2850 3834 2892 coar-

2247 2917 2512 2987 guendas.
2547 2920 2812 2977 Videntur
2832 2924 2979 2979 enim
3019 2924 3121 2981 sibi
3151 2924 3222 2981 de
3256 2926 3519 2997 singulis,
3559 2942 3682 2999 qua
3702 2933 3836 2984 Isse-

2250 3020 2410 3076 runt,
2443 3022 2704 3082 praestare
2733 3016 3034 3072 rationem:
3053 3018 3179 3088 quia
3208 3017 3436 3090 singulis
3459 3021 3835 3079 assertionibus

2247 3102 2360 3158 suis
2389 3106 2634 3174 quaedam
2663 3124 2729 3163 ex
2763 3107 2960 3165 divinis
2990 3110 3354 3167 voluminibus
3384 3111 3695 3170 testimonia
3724 3115 3838 3170 sub-

536 3210 706 3267 Ftlius
735 3222 856 3265 esse
882 3207 1081 3264 dicitur
1124 3216 1425 3278 arguuntur
1446 3244 1463 3272 ,
1495 3205 1734 3261 Ecclesia
1764 3204 2141 3270 abominetur,
2171 3200 2217 3269 ο
2247 3195 2538 3268 diderunt,
2598 3216 2720 3272 quas
2772 3213 3028 3274 corrupto
3074 3204 3451 3277 intelligentia:
3507 3218 3677 3264 sensu
3723 3208 3835 3264 solis

535 3301 775 3374 respuit,
827 3300 1068 3356 damnat.
1115 3298 1280 3355 Novit
1322 3296 1467 3355 enim
1524 3312 1690 3353 unum
1747 3297 1916 3354 Deum
1942 3311 2011 3352 ex
2038 3304 2144 3366 quo

534 3395 718 3451 omnia
761 3395 955 3452 :novit
1003 3403 1057 3450 et
1108 3406 1274 3448 unum
1328 3392 1614 3448 Dominum
1673 3400 1914 3447 nostrum
1955 3388 2142 3446 Jesunt

532 3486 807 3543 Christum
844 3502 940 3556 per
966 3500 1124 3557 quem
1163 3484 1375 3548 omnia,
1411 3498 1575 3539 unum
1607 3497 1674 3539 ex
1704 3497 1847 3553 quo,
1888 3491 1943 3538 et
1977 3495 2140 3537 unqu

533 3597 630 3652 per
651 3595 848 3651 quem;
878 3581 946 3634 ab
970 3593 1080 3635 uno
1109 3578 1490 3633 universorum
1524 3576 1821 3647 originem,
1854 3588 1948 3647 per
1972 3589 2139 3631 unum

532 3681 849 3729 cunctorum
883 3671 958 3745 (b)
987 3672 1341 3728 creationem.
1370 3671 1427 3726 In
1448 3685 1558 3726 uno
1578 3685 1647 3726 ex
1678 3683 1816 3740 quo,
1845 3669 2142 3725 auctorita-

532 3776 644 3823 tem
672 3763 1110 3820 innascibilitatis
1149 3763 1435 3834 intelligit;
1468 3763 1525 3818 in
1556 3774 1664 3818 uno
1704 3774 1802 3833 per
1824 3775 1982 3832 quem
2007 3801 2024 3828 ,
2054 3775 2140 3830 po-

534 3864 787 3914 testatem
810 3853 943 3910 nihil
960 3853 1301 3911 diﬂ‘erentem
1329 3855 1398 3910 ab
1424 3862 1645 3909 auctore
1665 3862 1955 3909 veneratur
1977 3867 1991 3906 :
2013 3865 2134 3907 cum

532 3966 601 4007 ex
629 3965 736 4022 quo
765 3960 820 4005 et
843 3963 940 4019 per
966 3961 1126 4020 quem
1153 3988 1169 4015 ,
1194 3947 1262 4003 ad
1304 3946 1358 4002 id
1397 3944 1540 4018 quod
1570 3956 1819 4012 creatur,
1850 3942 1922 4018 (c)
1960 3945 2012 4000 in
2048 3943 2136 4001 bis

531 4057 653 4111 «pne
676 4048 861 4096 creata
896 4047 1024 4096 sunt
1059 4037 1139 4114 (ι)
1171 4039 1478 4095 communis
1513 4038 1808 4093 auctoritas
1842 4037 1932 4093 sit.
1978 4035 2135 4093 Novit

530 4134 584 4190 in
615 4133 817 4206 Spiritu
851 4134 1020 4190 Deum
1055 4132 1315 4204 Spiritum
1348 4130 1733 4202 impassibilem
1758 4141 1817 4186 et
1850 4130 2132 4187 indeeeea—

529 4226 729 4294 bilem;
758 4225 949 4284 didicit
988 4226 1132 4283 enim
1180 4241 1210 4281 a
1252 4225 1521 4294 Domino,
1567 4224 1779 4296 spiritui
1817 4239 2033 4280 carnem
2076 4231 2133 4280 et

529 4336 653 4378 ossa
685 4336 790 4377 non
825 4334 947 4377 esse
992 4318 1146 4392 (Luc.
1195 4332 1343 4387 xvtv,
1369 4317 1464 4391 39)
1497 4336 1511 4374 :
1541 4333 1611 4375 ne
1653 4317 1793 4374 forte
1830 4318 2028 4373 cadere
2074 4318 2129 4373 in

530 4431 655 4471 cum
696 4412 1059 4486 corporalium
1109 4412 1424 4484 passionum
1461 4410 1784 4467 detrimenta
1814 4409 2128 4467 credantur.

603 4552 684 4627 (l)
718 4551 784 4627 In
807 4551 1025 4627 duobus.

603 4553 653 4627 (l
718 4552 784 4607 In
807 4552 1022 4609 duobus.

602 4552 684 4702 (2;
721 4623 1022 4680 Decidente.

2248 3298 2452 3347 tantum
2487 3293 2860 3364 ignorantibus
2907 3297 3292 3367 blandiantur,
3329 3301 3569 3371 speciem
3612 3300 3836 3359 veritatis

2245 3387 2544 3443 secundum
2577 3391 2897 3458 pravitatem
2921 3391 3393 3462 interpretantium
3416 3404 3760 3466 pramature.

2314 3484 2371 3536 ὅ.
2405 3481 2694 3551 Scriptura
2733 3481 2918 3554 quibus
2954 3486 3214 3559 simplices
3243 3488 3509 3559 deripiunt
3550 3492 3748 3547 Ariani.
3776 3520 3836 3534 —-

2243 3572 2521 3630 Conantur
2539 3577 2710 3640 enim,
2741 3579 2858 3634 sola
2892 3578 2985 3635 Dei
3018 3578 3193 3637 Patris
3217 3580 3504 3639 divinitate
3540 3585 3834 3653 celebrata,

2244 3664 2383 3720 Filio
2408 3666 2623 3723 auferre
2644 3668 2791 3739 quod
2821 3669 2964 3727 Deus
2984 3680 3098 3740 est;
3130 3673 3256 3745 quia
3282 3675 3545 3746 scriptum
3568 3678 3641 3732 sit
3659 3694 3673 3733 :
3691 3676 3835 3742 Audi,

2244 3755 2415 3814 Israel
2431 3796 2448 3827 ,
2474 3758 2730 3818 Dominus
2762 3760 2902 3818 Deus
2925 3772 3044 3819 tuus
3068 3763 3147 3839 (υ)
3174 3781 3307 3822 unus
3328 3775 3402 3823 est
3430 3766 3614 3839 (Deut.
3642 3782 3695 3827 vr
3719 3811 3735 3839 ,
3762 3769 3832 3837 i).

2241 3853 2311 3910 Et
2336 3844 2387 3910 id
2420 3855 2595 3926 ipsum
2637 3858 2706 3912 ad
2750 3856 2886 3930 legis
2913 3858 3197 3916 doctorem
3217 3903 3231 3927 ,
3259 3860 3684 3933 interrogantem
3704 3861 3835 3936 quod

2239 3961 2569 4022 praeceptum
2601 3953 2894 4009 maximum
2919 3960 3068 4012 esset
3087 3954 3144 4010 in
3170 3955 3312 4027 lege,
3340 3956 3571 4013 Domino
3590 3957 3833 4015 dicente:

2238 4042 2399 4112 Audi,
2430 4042 2632 4114 Israel,
2654 4044 2915 4101 Dominus
2937 4046 3077 4103 Deus
3105 4057 3224 4104 tuus
3253 4065 3388 4105 unus
3427 4058 3504 4105 est
3529 4049 3727 4122 (Marci
3746 4064 3833 4118 xu,

2234 4134 2369 4208 29).
2415 4138 2483 4194 Et
2513 4154 2727 4196 rursum
2775 4140 2945 4198 Paulo
2990 4142 3066 4198 ita
3102 4143 3435 4215 prmdicante
3482 4158 3496 4201 :
3534 4145 3678 4202 Unus
3713 4147 3837 4203 enim

2234 4225 2398 4297 Deus,
2426 4242 2472 4286 et
2492 4247 2625 4287 unus
2650 4232 2909 4289 Mediator
2938 4233 3034 4290 Dei
3062 4244 3110 4290 et
3138 4236 3403 4295 hominum
3430 4222 3478 4312 (Ι
3503 4237 3640 4293 Tim.
3668 4252 3732 4309 tt,
3763 4238 3831 4309 5).

2234 4320 2317 4391 (lt)
2367 4322 2503 4379 Tum
2548 4325 2693 4396 quod
2734 4326 2885 4383 solus
2927 4328 3147 4398 sapiens
3176 4330 3281 4397 sit,
3312 4345 3381 4386 ne
3409 4332 3537 4403 quid
3568 4332 3835 4404 sapientia

2235 4412 2378 4469 Filio
2432 4416 2808 4489 relinquatur,
2854 4419 3153 4476 secundum
3201 4423 3449 4494 Apostoli
3488 4423 3699 4482 dictum
3731 4441 3746 4481 :
3773 4421 3833 4479 Ei

2304 4548 2385 4697 £3;
2417 4550 2473 4606 In
2494 4554 2784 4623 anteriori,
2814 4572 2870 4611 se
2906 4557 3221 4615 existimant.

2328 4636 2357 4678 4
2417 4621 2835 4682 Communionis.

2328 4621 2385 4682 4)
2417 4621 2835 4682 Communionis.

599 4740 677 4817 (a)
705 4741 947 4799 Tertium
970 4741 1132 4817 ‘liune
1171 4748 1388 4795 sensum
1403 4777 1444 4817 _,_
1461 4748 1622 4817 quem
1649 4730 1941 4817 Manicltzri
1963 4730 2129 4817 luisse
2154 4747 2206 4809 Ι)
2306 4737 2387 4812 (α)
2415 4740 2535 4817 E_r.,
2586 4738 2735 4817 Lips.
2769 4740 2829 4799 ef
2852 4743 2974 4801 Par.
3011 4745 3297 4801 doctrinam
3350 4747 3446 4804 Dei
3487 4748 3792 4807 callentibus
3813 4763 3835 4807 :

528 4807 695 4885 liquet
745 4826 813 4871 ex
861 4828 918 4869 n.
962 4813 1079 4885 12,
1125 4819 1352 4885 testatur
1402 4807 1673 4885 Eusebius
1723 4807 2121 4885 apudSocrat.

526 4881 620 4942 liii.
652 4902 706 4951 ι,
740 4901 862 4957 cap.
917 4884 952 4940 5
977 4928 1017 4957 ,ί
1043 4882 1461 4957 Constantinum
1514 4883 1685 4957 ipsum
1718 4881 1990 4951 respuisse
2015 4921 2029 4947 ,
2057 4887 2125 4957 _et

526 4951 959 5013 consubstantiale
983 4956 1047 5010 de
1074 4955 1337 5024 corporeis
1358 4951 1715 5021 a/fcctionibus
1741 4964 1842 5024 non
1875 4966 2025 5023 posse
2049 4951 2123 5003 in-

526 5030 686 5101 telligi
709 5072 723 5096 ,
762 5045 924 5101 neque
951 5027 1149 5083 Filium
1168 5023 1279 5081 Dei
1301 5027 1379 5101 vel
1406 5023 1656 5079 divisione
1695 5023 2120 5101 vel_desectiat_te_,

524 5111 580 5155 nl
611 5092 681 5154 ἱῖα
704 5092 890 5162 dicunt,
925 5112 1178 5165 constare,
1201 5108 1309 5153 etc.
1339 5098 1455 5153 Huc
1474 5108 1646 5165 usque
1674 5110 1738 5150 ac
1758 5094 2016 5165 deinceps
2032 5092 2121 5148 Hi-

529 5173 694 5227 larius
721 5171 918 5227 Filium
952 5169 1467 5227 consubstantialem
1514 5167 1659 5223 Patri
1696 5168 1766 5222 ita
1793 5175 1951 5222 caute
1982 5178 2127 5237 prati-

526 5244 702 5311 dicat,
733 5255 790 5299 ut
826 5258 1042 5299 omnem
1073 5244 1265 5297 borum
1296 5254 1586 5312 pravorum
1637 5252 1896 5296 sensuum
1939 5236 2124 5309 snspia-

525 5316 739 5386 cinuem
771 5314 955 5386 procul
974 5324 1250 5386 amoveat.

598 5386 673 5457 (b)
696 5381 865 5443 Vetus
887 5384 1059 5442 codex
1088 5385 1243 5457 Colb.
1272 5393 1392 5457 cum
1419 5381 1544 5457 Par.
1577 5381 1774 5457 cunctis
1795 5381 2123 5457 creationem.

529 5452 936 5526 universorum,
970 5467 1028 5511 ut
1056 5465 1185 5527 pote
1215 5455 1385 5526 ipsius
1405 5453 1569 5510 etiam
1601 5452 1722 5510 Filii
1744 5495 1759 5521 ,
1787 5469 1818 5510 a
1847 5452 2009 5509 Patre
2038 5464 2124 5512 est

529 5543 703 5583 orum.

841 5598 1080 5671 basams.
1106 5598 1152 5653 ei
1176 5598 1228 5652 in
1255 5596 1375 5664 his;
1396 5595 2003 5671 alﬁrecentioresmln
2023 5595 2123 5671 his.

532 5665 774 5725 lloc'sibi
802 5670 937 5739 vult,
964 5670 1105 5725 Patri
1129 5686 1195 5726 ex
1224 5685 1331 5738 quo
1353 5676 1411 5724 et.
1437 5665 1574 5724 Filio
1600 5679 1697 5739 per
1726 5677 1885 5738 quem
1918 5666 2123 5735 omnia,

528 5749 785 5810 quantum
805 5740 873 5796 ad
895 5738 1146 5795 virtutem
1171 5739 1392 5795 creandi
1409 5744 1464 5796 et
1491 5738 1742 5810 respectu
1771 5754 1953 5798 rerum
1977 5752 2128 5795 crea-

530 5823 727 5883 turum,
748 5826 1089 5872 communem
1107 5825 1230 5870 esse
1254 5812 1655 5868 auctoritatem.

2239 4826 2345 4866 non
2371 4814 2533 4880 male,
2554 4814 2601 4868 si
2627 4814 2748 4886 quis
2779 4828 2934 4872 vetus
2958 4817 3094 4874 liber
3120 4818 3528 4891 sut'l‘ragaretur.

2305 4905 2380 4977 (ε)
2413 4905 2634 4964 Scilicet
2659 4908 2937 4986 Eiiiumet
2965 4926 3183 4986 semper
3202 4928 3347 4982 esse,
3370 4925 3426 4971 et
3446 4917 3689 4986 ejusuem
3714 4930 3831 4974 cum

2233 4975 2392 5050 Patre
2440 4993 2560 5035 esse
2605 4981 2948 5038 substantia}.
2989 4975 3161 5050 Quam
3204 4975 3384 5041 autem
3414 4975 3722 5045 necessario
3768 4986 3831 5042 ad

2236 5046 2738 5123 fideisecuritatem
2780 5068 2886 5108 vox
2929 5046 3248 5111 homousion
3298 5054 3516 5116 inventa
3566 5059 3673 5123 sit,
3716 5059 3832 5115 vide

2232 5119 2854 5203 g'pltdélltanasiUIttil-p
2896 5124 2965 5182 de
3012 5126 3219 5199 Synod.
3253 5144 3308 5201 p.
3345 5129 3490 5202 921,
3524 5142 3580 5189 et
3604 5119 3829 5203 Gregor.

2230 5189 2362 5247 Naz.
2386 5192 2481 5253 Or.
2513 5211 2643 5264 xxx,
2680 5213 2735 5250 u.
2764 5194 2859 5251 25.

2308 5283 2375 5355 (f)
2422 5285 2921 5359 Peranliquiimss.
2959 5288 3081 5345 Vat.
3129 5288 3247 5347 bas.
3293 5302 3351 5349 et
3392 5292 3551 5350 Colb.
3583 5296 3829 5352 ratione:

2231 5372 2352 5427 quat
2373 5372 2476 5413 vox
2509 5358 2715 5415 Hilario
2746 5358 3032 5417 familiaris
3058 5376 3156 5433 pro
3178 5366 3303 5434 jure
3323 5381 3386 5421 ac
3411 5368 3616 5423 marito.

2291 5447 2386 5532 .(g)
2427 5450 2502 5505 Ita
2543 5452 2801 5532 meliores
2845 5464 2980 5509 mss.
3034 5465 3351 5532 constanter
3367 5501 3389 5532 ._
3429 5470 3828 5530 nonnumquam

2232 5524 2394 5575 etiam
2422 5524 2888 5602 consentientibus
2919 5528 3174 5602 excusis,
3206 5530 3258 5583 in
3286 5530 3483 5602 quibus
3510 5532 3619 5602 hic,
3664 5524 3790 5587 mox
3810 5568 3827 5597 ,

2233 5602 2287 5646 et
2314 5593 2512 5662 saepius
2540 5593 2669 5649 alibi
2692 5597 2956 5666 repetitur
2986 5611 3093 5654 vox
3122 5598 3283 5657 Deus.

2289 5682 2387 5766 .(It)
2410 5678 2590 5766 Verba
2620 5688 2902 5755 sequentia
2934 5688 2986 5742 iu
3014 5691 3233 5748 excusis
3258 5704 3360 5750 suo
3384 5692 3504 5752 loco
3526 5702 3671 5753 mota
3693 5735 3710 5764 ,
3739 5708 3829 5750 re-

2234 5755 2505 5812 stituimus
2525 5755 2590 5811 ad
2621 5772 2867 5813 normam
2892 5774 3024 5817 mss.
