3960 6202
563 287 667 354 1οἾ

1753 283 2001 348 SANCTI
2064 282 2322 343 HILARII
2374 274 2683 346 EPlSCOPi

3758 287 3850 348 408

561 418 691 482 pote
713 408 856 466 Deus
884 406 1022 477 ejus,
1055 420 1178 462 cum
1204 405 1273 461 sit
1301 410 1426 459 ante
1455 403 1652 474 ipsum.
1686 402 1741 461 Si
1764 403 1907 459 enim
1929 400 2073 473 quod
2103 416 2164 454 ea:
2191 401 2244 466 Α
2268 403 2524 462 deitatem.
2553 434 2626 444 —
2652 401 2784 458 Nam
2807 399 2910 456 hoc
2931 415 3119 456 eorum
3148 397 3444 469 principale
3460 404 3581 456 est:
3613 398 3850 457 Nouimus

561 507 711 578 ipso,
745 502 957 574 etquod
978 517 1060 556 ea:
1085 508 1226 555 utero
1247 541 1261 565 ,
1307 507 1362 554 et
1387 498 1531 569 quod
1560 515 1622 553 ea:
1651 507 1794 568 patre
1825 497 1953 551 exivi
1997 505 2046 550 et
2075 511 2158 549 ue-

565 601 640 667 ni,
677 597 751 670 (a)
783 595 932 652 velut
965 604 1167 664 partem
1215 592 1334 663 ejus
1365 592 1522 646 unius
1564 591 1877 647 substantia:
1926 598 1980 645 et
2006 588 2158 659 quasi

568 692 917 764 prolationem
949 687 1247 744 extendens
1301 687 1648 757 intelligitur;
1681 686 2012 758 compositus
2056 684 2162 740 erit

566 788 744 851 Pater,
775 793 830 839 et
875 782 1182 845 divisibilis,
1216 779 1296 853 (Ι)
1339 790 1393 835 et
1421 781 1788 836 convertibilis
1809 822 1824 845 ,
1874 789 1929 834 et
1965 792 2161 848 corpus

564 876 858 934 secundum
891 875 1033 940 illos,
1079 884 1151 941 et,
1177 882 1434 944 quantum
1463 876 1513 928 itt
1545 873 1676 944 ipsis
1698 881 1800 938 est,
1829 885 2162 942 consequen-

564 971 635 1026 tia
662 967 908 1038 corporis
934 966 1205 1022 sustinens
1231 968 1347 1022 sine
1376 981 1604 1036 corpore
1635 966 1798 1020 Deus.
1829 965 1903 1035 (b)

637 1062 726 1119 Η.
773 1062 909 1129 Quia
939 1061 1111 1114 divina
1132 1076 1232 1114 non
1260 1060 1472 1132 percipit
1504 1058 1655 1114 homo
1683 1060 1778 1114 nisi
1809 1075 1874 1114 ea:
1900 1057 1994 1112 Dei
2018 1057 2081 1111 de
2110 1071 2163 1111 se

562 1151 734 1214 dictis,
758 1169 822 1207 ea:
843 1151 922 1206 his
953 1152 1248 1223 refellenda:
1276 1159 1396 1205 sunt
1422 1151 1675 1205 licerelicre
1709 1151 2032 1205 assertiones.
2064 1146 2164 1201 Dei

564 1246 705 1300 dicta
731 1260 834 1298 non
859 1243 1014 1310 nude,
1047 1242 1136 1298 sed
1162 1259 1225 1296 ex
1253 1243 1359 1296 suis
1394 1243 1564 1298 causis
1587 1241 1940 1312 expendenda.
1968 1269 2041 1280 —
2067 1239 2166 1295 llic

563 1351 751 1392 eorum
795 1350 947 1391 error
977 1343 1079 1401 est,
1113 1334 1229 1390 haec
1273 1335 1545 1388 mortifera
1579 1333 1845 1388 institutio
1874 1351 1884 1385 :
1913 1333 1977 1386 ad
2009 1331 2163 1402 cujus

570 1425 1039 1483 conﬁrmationem
1067 1432 1322 1495 corrupto
1353 1424 1718 1495 intelligentim
1741 1439 1926 1490 Sensu,
1957 1423 2166 1478 divino-

563 1536 681 1576 rum
711 1521 976 1575 dictorum
1011 1519 1316 1575 testimonia
1351 1528 1634 1590 usurpant,
1664 1519 1808 1574 etde
1835 1519 1917 1573 his
1947 1519 2047 1573 sub
2073 1533 2166 1574 oc-

561 1613 779 1668 casione
807 1612 1054 1666 humana:
1083 1611 1399 1684 ignorantia:
1429 1612 1780 1666 mentiuntur.
1813 1609 2026 1666 Nemini
2071 1626 2167 1664 au-

561 1714 668 1761 tem
717 1707 937 1762 dubium
970 1722 1092 1761 esse
1131 1715 1363 1776 Oportet,
1397 1705 1464 1760 ad
1513 1705 1814 1761 divinarum
1846 1721 2027 1760 rerum
2072 1718 2166 1759 co-

2263 497 2530 566 inqnittnt,
2577 513 2737 551 unum
2779 495 2948 549 solum
2993 493 3180 558 Deum,
3231 492 3410 564 Moyse
3456 494 3666 562 dicente,
3701 496 3848 563 Audi,

2263 588 2451 653 Israel,
2484 588 2734 644 Dominus
2763 587 2900 643 Deus
2921 597 3038 642 tuus
3059 604 3189 642 unus
3209 595 3281 642 est
3331 585 3516 657 (Deut.
3547 603 3621 654 Vt,
3651 586 3726 659 4).
3758 589 3852 646 Sed

2265 680 2524 751 numquid
2575 681 2700 735 hinc
2747 681 3028 750 quisquam
3079 679 3178 735 fuit
3219 694 3388 735 ausus
3413 679 3725 751 ambigere?
3771 690 3851 736 ant

2265 790 2516 846 umquam
2547 775 2702 828 aliter
2743 789 2772 826 a
2803 788 3072 844 quoquam
3103 788 3290 828 eorum
3325 773 3674 843 praedicatum
3721 789 3848 840 esse,

2265 870 2356 934 qui
2392 868 2554 923 Deum
2577 866 2881 931 crederent,
2909 865 3181 936 cognitum
3227 874 3330 930 est,
3371 865 3472 920 nisi
3503 881 3663 920 unum
3695 867 3850 922 Deum

2265 977 2387 1018 esse
2411 977 2475 1017 ex
2506 976 2613 1032 quo
2637 960 2840 1027 omnia,
2893 975 3052 1015 unam
3095 959 3346 1014 virtutem
3396 959 3783 1028 innascibilem,
3806 971 3854 1018 et

2266 1072 2424 1114 unam
2455 1056 2592 1110 hanc
2616 1070 2738 1110 esse
2760 1056 2876 1110 sine
2907 1053 3060 1109 initio
3083 1053 3445 1124 potestatem?
3493 1053 3601 1110 Sed
3625 1069 3727 1110 non
3770 1070 3855 1122 per

2268 1150 2341 1217 id,
2369 1150 2510 1220 quod
2542 1150 2681 1204 Deus
2709 1163 2846 1203 unus
2868 1157 2974 1215 est,
3009 1147 3104 1202 Dei
3133 1147 3242 1202 tilio
3270 1147 3468 1203 accidit
3494 1149 3675 1218 negari
3709 1163 3852 1218 posse

2266 1243 2409 1314 quod
2436 1243 2576 1298 Dens
2616 1251 2719 1298 est.
2749 1241 2958 1312 Moyses
2993 1255 3244 1308 namque,
3275 1240 3362 1295 vel
3404 1241 3580 1310 potius
3609 1241 3747 1296 Deus
3775 1256 3855 1311 per

2267 1337 2507 1409 Moysen,
2539 1337 2737 1408 populo
2765 1346 2820 1392 et
2849 1335 2901 1390 in
2929 1335 3167 1408 [Egypto
3195 1342 3252 1390 et
3291 1336 3342 1389 in
3374 1333 3593 1392 deserto
3625 1335 3782 1390 idolis
3810 1341 3854 1390 et

2267 1430 2514 1495 deorum,
2567 1440 2626 1484 ut
2672 1429 2949 1500 putabant,
3007 1427 3356 1498 religionibus
3410 1437 3712 1497 occupato,
3766 1427 3856 1483 hoc

2269 1523 2542 1578 constituit
2572 1522 2867 1594 principale
2893 1521 3227 1586 mandatum,
3277 1528 3334 1575 ut
3364 1535 3528 1575 unum
3561 1520 3724 1576 Deum
3748 1534 3853 1575 ere

2270 1617 2459 1674 deret:
2493 1627 2548 1674 et
2595 1633 2724 1674 vere
2751 1633 2815 1673 ac
2845 1617 3041 1673 merito
3086 1617 3386 1672 constituit.
3422 1615 3570 1673 Unus
3601 1627 3685 1671 est
3727 1616 3855 1670 enim

2271 1709 2412 1764 Deus
2439 1726 2504 1765 ex
2536 1726 2642 1781 quo
2685 1711 2889 1765 omnia.
2924 1709 3031 1766 Sed
3062 1709 3358 1776 videamus,
3389 1724 3458 1764 an
3491 1707 3630 1763 idem
3661 1707 3852 1779 Moyses

560 1800 854 1872 gnitioncm
907 1799 1105 1854 divinis
1151 1800 1408 1855 utendum
1473 1815 1594 1856 esse
1645 1797 1924 1854 doctrinis.
1977 1797 2162 1868 Neque
2192 1804 2239 1866 Β
2267 1818 2388 1859 eum
2417 1820 2648 1876 quoque,
2681 1819 2778 1875 per
2798 1819 2956 1876 quem
2986 1805 3162 1859 omnia
3210 1815 3357 1871 sunt,
3392 1803 3559 1858 Deum
3583 1816 3707 1858 esse
3741 1816 3860 1856 con-

563 1897 706 1952 enim
737 1896 1015 1952 scientiam
1055 1897 1356 1953 caelestium
1390 1912 1486 1968 per
1512 1907 1684 1954 semet
1712 1897 1945 1952 humana
1989 1897 2161 1953 imbe-

557 1987 754 2043 cillitas
775 1998 1155 2058 consequetur.
1179 2003 1356 2059 neque
1378 1988 1722 2044 invisibilium
1749 1988 2160 2060 intelligentiam

560 2081 674 2151 ipse
703 2080 804 2136 sibi
833 2080 1194 2154 corporalium
1221 2095 1411 2136 sensus
1441 2091 1700 2136 assumet.
1752 2080 1868 2136 Non
1900 2081 2043 2136 enim
2073 2079 2164 2136 vel

555 2173 608 2229 id
640 2173 780 2245 quod
808 2182 1047 2230 creatum
1083 2175 1135 2229 in
1183 2173 1340 2230 nobis
1386 2183 1546 2244 atque
1593 2175 1808 2230 carnale
1831 2185 1935 2241 est,
1968 2175 2052 2230 vel
2099 2174 2152 2229 id

555 2266 697 2337 quod
730 2267 779 2320 itt
805 2283 961 2322 usum
987 2267 1108 2322 vitae
1131 2278 1329 2322 nostra:
1356 2282 1422 2322 ex
1449 2267 1558 2324 Deo
1584 2266 1664 2341 (2)
1694 2268 1879 2324 datum
1903 2278 2005 2334 est,
2037 2283 2164 2324 suo-

557 2367 670 2414 met
693 2358 898 2430 judicio
925 2369 1168 2416 naturam
1199 2360 1472 2417 Creatoris
1501 2363 1584 2417 sui
1615 2377 1857 2434 Opusque
1878 2363 2158 2418 discernit.

555 2451 670 2507 Non
699 2454 928 2508 subeunt
950 2454 1162 2524 ingenia
1193 2465 1378 2510 nostra
1424 2454 1477 2508 in
1529 2455 1806 2512 caelestem
1854 2456 2159 2523 scientiam,

553 2562 731 2616 neque
753 2547 1359 2618 incompreltensibilem
1384 2547 1637 2604 virtutem
1663 2563 1831 2604 sensu
1865 2549 2046 2619 aliquo
2078 2550 2162 2603 in-

555 2637 782 2694 ﬁrmitas
814 2648 997 2694 nostra
1025 2641 1312 2712 concipiet.
1347 2640 1450 2708 Ipsi
1491 2641 1560 2696 de
1587 2655 1647 2697 se
1689 2641 1799 2697 Deo
1825 2640 2160 2697 credendum

555 2741 676 2788 est:
707 2741 760 2788 et
790 2733 875 2798 iis,
909 2749 1030 2803 qua:
1053 2735 1344 2804 COgttitioni
1391 2743 1589 2790 nostrae
1629 2734 1698 2790 de
1739 2749 1798 2790 se
1830 2735 2035 2797 tribuit,
2065 2735 2164 2791 ob—

553 2822 907 2894 sequendum.
940 2823 1050 2880 Aut
1094 2827 1236 2881 enim
1289 2840 1442 2880 more
1480 2826 1760 2896 gentilium
1809 2826 2162 2897 denegandus

551 2927 654 2984 est,
688 2919 732 2972 si
761 2919 1069 2974 testimonia
1101 2919 1217 2988 ejus
1247 2917 1694 2987 improbabuntur
1725 2920 1874 2991 :82
1903 2929 1996 2974 aut
2017 2921 2061 2975 si
2102 2929 2159 2976 ut

553 3021 635 3069 est
667 3013 807 3068 Deus
833 3012 1092 3077 creditur,
1125 3026 1231 3065 non
1263 3019 1437 3080 potest
1484 3011 1643 3066 aliter
1670 3011 1737 3066 de
1758 3027 1843 3078 eo,
1895 3027 2056 3082 quam
2104 3021 2161 3069 ut

557 3106 672 3176 ipse
701 3116 783 3160 est
813 3104 881 3160 de
909 3119 982 3160 .se
1014 3113 1261 3172 testatus,
1299 3104 1543 3176 intelligi.
1574 3106 1800 3162 Cessent
1826 3106 2008 3179 itaque
2035 3122 2159 3178 pro-

2268 1895 2443 1952 fessus
2467 1897 2557 1952 sit.
2587 1896 2702 1951 Non
2732 1897 2874 1953 enim
2906 1896 3048 1951 Patri
3075 1895 3334 1952 adimitur
3367 1895 3511 1966 quod
3552 1895 3697 1950 Deus
3734 1908 3858 1950 unus

2264 2000 2365 2060 est,
2395 1993 2517 2063 quia
2542 2001 2597 2048 et
2622 1991 2792 2050 Filius
2838 1995 2977 2049 Deus
3023 1994 3111 2049 sit.
3148 1992 3246 2048 Est
3269 1993 3413 2048 enim
3451 1992 3591 2048 Deus
3620 2007 3689 2048 ex
3731 1993 3847 2056 Deo,

2267 2099 2405 2140 unus
2431 2101 2493 2140 ex
2526 2100 2632 2140 uno
2657 2104 2669 2140 :
2696 2085 2766 2140 ob
2789 2085 2838 2140 id
2860 2101 2998 2140 unus
3022 2085 3184 2150 Deus,
3218 2086 3340 2156 quia
3365 2101 3432 2141 ex
3457 2101 3517 2142 se
3544 2086 3706 2142 Deus.
3730 2084 3858 2141 Con-

2266 2186 2346 2232 tra
2376 2193 2504 2233 vero
2555 2193 2662 2233 non
2693 2178 2869 2234 minus
2899 2194 2993 2249 per
3024 2178 3074 2233 id
3107 2177 3281 2234 Filius
3332 2179 3495 2244 Deus,
3547 2179 3674 2249 quia
3720 2178 3860 2233 Pater

2266 2267 2408 2323 Deus
2439 2284 2576 2324 unus
2602 2268 2706 2334 sit;
2739 2278 2822 2324 est
2862 2269 3008 2325 enim
3041 2270 3348 2340 unigenitus
3394 2269 3540 2325 tilius
3595 2269 3735 2325 Dei:
3762 2284 3855 2324 non

2267 2359 2622 2426 innascibilis,
2655 2370 2711 2414 ut
2735 2360 2878 2415 Patri
2909 2361 3109 2416 adimat
3137 2362 3280 2430 quod
3310 2361 3450 2417 Deus
3476 2378 3614 2417 unus
3635 2363 3707 2418 sit
3736 2379 3750 2428 ;
3779 2379 3858 2417 ne-

2265 2469 2370 2525 que
2399 2453 2544 2508 aliud
2575 2455 2686 2524 ipse
2703 2469 2860 2525 quam
2894 2453 3053 2521 Deus,
3085 2454 3208 2526 quia
3235 2470 3305 2510 ex
3338 2454 3448 2510 Deo
3476 2463 3636 2510 natus
3664 2465 3763 2512 est.
3794 2453 3856 2509 De

2267 2564 2372 2620 quo
2404 2549 2645 2618 quamvis
2686 2549 2880 2620 ambigi
2909 2565 3014 2604 non
3047 2557 3313 2618 Oporteat.
3346 2550 3478 2618 quin
3506 2549 3778 2604 nascendo
3803 2563 3856 2603 ex

2270 2641 2380 2697 Dm
2428 2642 2566 2696 Deus
2595 2641 2705 2714 83
2733 2643 2825 2707 sit,
2858 2657 2952 2710 per
2978 2642 3118 2710 quod
3151 2641 3272 2696 ﬁdei
3305 2650 3506 2696 nostrae
3550 2641 3692 2695 Deus
3733 2655 3853 2695 unus

2270 2743 2384 2799 est;
2420 2744 2597 2789 tamen
2621 2735 2897 2789 videamus
2925 2750 2989 2787 an
3014 2734 3244 2806 Moyses,
3272 2735 3358 2803 qtti
3383 2733 3447 2790 ad
3473 2733 3638 2788 Israel
3660 2732 3857 2798 dixerit,
3940 2759 3941 2806 η

2266 2825 2521 2882 Dominus
2549 2825 2688 2882 Deus
2715 2837 2834 2882 tuus
2861 2845 2992 2882 unus
3022 2837 3115 2893 est,
3147 2827 3241 2881 Dei
3285 2828 3450 2881 lilium
3486 2825 3654 2881 Deum
3687 2825 3861 2898 pmdi-

2267 2922 2488 2976 caverit.
2522 2919 2608 2976 Uti
2657 2923 2801 2975 enim
2849 2934 2946 2973 nos
2972 2919 3039 2973 ad
3070 2920 3429 2975 conﬁtendam
3470 2919 3684 2974 Domini
3713 2917 3859 2974 nostri

2271 3009 2397 3066 Jesu
2439 3011 2639 3066 Christi
2667 3011 3005 3066 divinitatem
3039 3010 3347 3065 testimonio
3379 3010 3526 3064 illius
3581 3009 3857 3081 oportebit,

2272 3104 2424 3175 cujus
2446 3105 2763 3160 auctoritate
2791 3105 3030 3161 haeretici
3065 3120 3227 3160 unum
3258 3113 3461 3160 tantum
3506 3105 3677 3160 Deum
3703 3102 3860 3159 conli-

556 3197 687 3266 prizc
713 3195 987 3250 hominum
1013 3196 1313 3266 opiniones,
1340 3213 1512 3266 neque
1539 3213 1598 3253 se
1618 3199 1754 3254 ultra
1777 3199 2014 3255 divinam
2035 3216 2169 3255 eon-
2200 3196 2242 3256 C
2280 3206 2456 3256 tentes
2485 3199 2626 3255 Filio
2658 3209 2844 3268 putent
2875 3197 3177 3269 negandum
3211 3211 3330 3253 esse
3353 3195 3496 3268 quod
3523 3195 3668 3252 Deus
3698 3196 3784 3250 sit.

563 3287 897 3342 slittttionem
931 3285 1266 3356 (5)11umana
1302 3287 1525 3343 consilia
1547 3289 2169 3361 extendant.Seqttitnur

557 3395 710 3452 ergo,
741 3381 999 3436 adversus
1048 3381 1373 3453 irreligiosus
1399 3389 1453 3437 et
1484 3382 1676 3454 impias
1705 3383 1774 3440 de
1806 3385 1917 3440 Deo
1949 3385 2166 3441 institu-

559 3474 755 3541 tiones,
786 3475 928 3546 ipsas
969 3475 1092 3530 illas
1120 3475 1431 3532 divinorttnt
1462 3477 1728 3533 dictorum
1771 3480 2120 3534 auctoritates
2150 3498 2164 3536 :

559 3574 613 3622 et
637 3567 1055 3638 unumquodque
1099 3583 1165 3624 eo
1209 3569 1348 3638 ipso,
1401 3569 1469 3625 de
1495 3584 1602 3640 quo
1631 3571 1912 3640 quaeritur,
1944 3580 2167 3627 auctore

562 3658 927 3723 tractabimus,
979 3675 1084 3714 non
1129 3661 1194 3713 ad
1229 3659 1516 3715 fallendum
1550 3671 1605 3717 et
1648 3663 1788 3718 male
1818 3662 2164 3719 imbuendum

563 3747 894 3803 audientium
945 3750 1267 3820 imperitiam
1295 3752 1553 3822 quasdam
1596 3755 1882 3810 verborum
1911 3757 2166 3812 enuntia-

567 3845 743 3899 tiones
773 3836 1062 3899 subtractis
1083 3861 1270 3900 eorum
1291 3846 1470 3903 causis
1497 3857 1830 3918 coaptantes.
1856 3849 2171 3922 Intelligen-

573 3937 642 3990 tia
673 3937 814 3991 enim
841 3937 1104 3993 dictorum
1139 3952 1204 3993 ex
1237 3939 1416 3994 causis
1454 3949 1538 3995 est
1592 3942 1911 3998 assumenda
1957 3941 2170 3999 dicendi

577 4027 739 4100 (Vide
766 4046 924 4101 supra
948 4030 987 4086 l.
1034 4046 1094 4096 rt,
1129 4049 1182 4086 n.
1212 4030 1345 4103 50)}:
1377 4033 1500 4103 quia
1530 4050 1634 4088 non
1668 4037 1903 4091 sermoni
1937 4053 2046 4102 res,
2074 4035 2171 4092 sed

566 4124 644 4177 rei
676 4133 757 4178 est
785 4140 965 4179 sermo
1003 4125 1299 4195 subjectus.
1337 4125 1534 4182 Verum
1583 4128 1764 4182 omnia
1813 4129 1973 4185 editis
2003 4130 2167 4186 simul

567 4226 618 4272 et
645 4217 855 4272 dicendi
880 4217 1060 4272 causis
1081 4230 1133 4272 et
1155 4218 1420 4274 dictorum
1447 4220 1732 4275 virtutibus
1755 4236 2164 4294 prosequemur.

569 4308 734 4381 Igitur
755 4312 961 4380 singula
988 4312 1281 4368 secundum
1304 4314 1688 4385 propositionis
1713 4315 1952 4372 ordinem
1981 4316 2050 4390 (c)
2086 4333 2174 4374 rc-

569 4410 887 4458 tractentur.

644 4495 731 4552 15.
775 4494 981 4566 Moyses
1011 4495 1200 4562 dicens,
1240 4495 1378 4551 Deus
1403 4502 1540 4554 unus
1566 4508 1671 4564 est,
1695 4515 1795 4555 non
1821 4501 2021 4572 negavit
2043 4499 2175 4557 Filii

646 4654 723 4735 (tu)
763 4653 1008 4710 Secunda
1040 4653 1355 4709 recensione
1386 4654 1759 4725 interpositum
1803 4664 1920 4725 est,
1969 4668 2017 4713 et
2065 4671 2263 4735 mu-D

567 4729 757 4785 labilis.

651 4861 726 4954 (a)
767 4863 974 4952 δι’ωοθέ
1015 4862 1273 4954 ὡςθιξὲρος
1311 4871 1404 4954 τοῨ
1429 4863 1700 4954 apocuth
1725 4867 1809 4954 ita!
1838 4867 1907 4949 ᾡς
1947 4870 2184 4954 ηβοᾷολὴ

579 4936 680 4993 ὑπὸ
706 4959 853 4992 τινων
871 4943 1074 4998 νοεῖται,
1102 4937 1150 4988 id
1181 4936 1283 4999 est,
1312 4936 1449 4990 velut
1477 4953 1506 4988 a
1528 4936 1830 5000 quibusdam
1853 4936 2175 5007 intelligitur,

581 5026 701 5077 pars
731 5019 808 5080 est
831 5008 1052 5079 alicujus
1078 5007 1166 5076 qui
1204 5009 1357 5062 unius
1383 5007 1679 5062 substantia?
1706 5011 1788 5073 sit,
1822 5021 1868 5062 et
1895 5012 2039 5080 quasi
2061 5030 2182 5079 pro-

579 5080 724 5133 latio.
793 5079 943 5132 i’atet
998 5093 1176 5132 autem
1236 5080 1493 5133 Ililariutn
1545 5096 1610 5134 ex
1678 5080 1939 5135 mendoso
1991 5084 2181 5138 codice

579 5150 777 5220 legisse
803 5150 870 5210 ὡς
911 5150 1165 5227 προϐολήν
1191 5153 1470 5208 ἀποτείνων
1496 5193 1510 5220 ,
1561 5166 1667 5208 non
1716 5155 1786 5215 ὡς
1824 5155 2053 5230 προϐολὴ
2081 5155 2184 5211 ὐπό

581 5243 610 5278 τ
617 5245 727 5278 ινων
735 5262 746 5272 .

652 5293 729 5364 (ιι)
773 5291 924 5364 Apud
975 5292 1332 5360 Epiphanium
1377 5293 1458 5347 Ine
1491 5295 1882 5351 subnectuntnr
1906 5297 2182 5363 subscrip-

585 5361 760 5417 tiones
789 5381 801 5435 ς
836 5361 972 5416 Bene
997 5365 1164 5418 calere
1189 5375 1237 5418 te
1261 5374 1496 5435 optamus
1537 5368 1591 5420 in
1624 5367 1862 5431 Domino,
1889 5361 2187 5423 beatissime

583 5450 736 5508 papa,
766 5432 938 5508 Arius,
993 5435 1221 5499 Ethales,
1254 5432 1498 5500 Achilles,
1548 5437 1827 5508 Carpones.
1885 5441 2177 5504 Sarmatas,

589 5506 739 5576 {lt-ius
797 5505 1072 5576 presbyteri
1102 5507 1350 5560 :diacani
1395 5505 1660 5571 Euzoius,
1705 5510 1927 5567 Lucius.
1983 5511 2184 5576 Julius,

589 5573 1111 5652 ἲΜειίίιιιέΗειῑὶιςίξιιι-ε,
1147 5577 1306 5652 Gaius
1335 5594 1353 5631 :
1384 5582 1611 5652 episcopi
1630 5581 1898 5636 Secundus
1913 5573 2180 5652 Pentapo¥

582 5647 664 5725 lis,
697 5644 933 5725 Theonas
959 5647 1230 5725 Africanus
1254 5649 1360 5718 (gr.
1405 5644 1608 5723 Λίϐυς),
1639 5653 1818 5708 Pistus
1837 5655 1925 5725 qui
1951 5644 2181 5708 Alexan-

581 5718 706 5771 dria:
731 5719 795 5770 ab
822 5715 1027 5771 Arionis
1046 5715 1322 5774 collocatus
1349 5731 1443 5776 est.

653 5785 723 5862 (ε)
764 5787 821 5844 ln
863 5803 967 5846 ms.
1017 5787 1176 5846 Caro.
1229 5799 1283 5847 et
1320 5807 1429 5848 uno
1454 5791 1608 5850 Colb.
1645 5795 1732 5852 hic
1773 5795 2033 5853 insertum
2064 5803 2173 5863 est,

2349 3293 2436 3348 16.
2483 3291 2786 3348 Inhistoria
2822 3293 3094 3348 creationis
3140 3291 3304 3346 Deum
3333 3308 3435 3344 non
3465 3291 3756 3346 solitarium
3782 3290 3861 3343 do-

2277 3396 2372 3442 cet.
2405 3386 2548 3440 Alius
2577 3387 2768 3454 dicens,
2814 3387 2946 3441 alius
2997 3387 3222 3455 faciens;
3253 3395 3461 3456 uterque
3501 3384 3662 3440 Deus.
3711 3383 3863 3440 Filius

2278 3493 2351 3538 est
2386 3480 2524 3536 Deus
2551 3483 2766 3552 faciem.
2798 3510 2871 3522 —-
2897 3479 3063 3551 igitur
3088 3497 3210 3536 cum
3238 3479 3484 3536 absoluta
3531 3479 3648 3534 haec
3674 3479 3744 3534 de
3771 3479 3861 3532 Deo

2277 3587 2330 3630 et
2363 3577 2602 3647 perlecta
2641 3573 2910 3630 confessio
2956 3573 3046 3635 sit,
3096 3572 3391 3628 secundum
3438 3572 3758 3644 Apostolum
3809 3569 3865 3622 ita

2278 3668 2420 3738 loqui
2444 3708 2459 3735 ,
2490 3667 2568 3741 (ά)
2601 3667 2747 3722 Unus
2771 3665 2913 3720 Deus
2942 3676 3084 3738 pater
3109 3683 3174 3720 ea:
3201 3683 3298 3738 quo
3326 3665 3517 3733 omnia,
3552 3673 3600 3720 et
3623 3681 3755 3720 unus
3780 3661 3869 3718 Do-

2279 3764 2449 3818 minus
2478 3772 2647 3816 noster
2686 3759 2839 3816 Iesus
2865 3758 3098 3814 Christus
3141 3776 3232 3830 per
3260 3775 3407 3829 quem
3465 3758 3642 3812 omnia
3693 3755 3736 3828 (l
3765 3752 3866 3808 Cor.

2283 3871 2402 3922 vnt,
2429 3854 2512 3925 6),
2539 3854 2817 3908 videamus
2839 3851 3102 3922 originem
3126 3849 3333 3915 mundi,
3357 3849 3482 3920 qttid
3506 3849 3576 3904 de
3597 3865 3656 3905 ea
3682 3849 3870 3920 Moyses
3938 3877 3939 3928 ξ

2285 3947 2554 4017 loquatur.
2590 3946 2680 4000 Ait
2709 3960 2938 4015 namque
2965 3961 2976 3997 :
3007 3941 3074 3997 Et
3097 3943 3229 3996 dixit
3255 3941 3416 4011 Deus,
3448 3941 3565 3996 Fiat
3597 3942 3868 4012 [irntumeu-
3938 3943 3939 3974 λ

2285 4049 2394 4093 tum
2435 4039 2488 4092 in
2535 4037 2699 4091 medio
2750 4053 2916 4106 aquae,
2967 4046 3012 4090 et
3061 4036 3126 4089 sit
3172 4035 3400 4090 dividens
3443 4035 3577 4090 inter
3607 4048 3790 4103 aquam
3832 4039 3869 4081 et

2281 4143 2467 4198 aquam
2493 4142 2511 4178 :
2539 4135 2585 4180 et
2613 4126 2806 4194 factum
2830 4133 2906 4178 est
2931 4124 3026 4188 sic,
3057 4132 3104 4177 et
3153 4124 3272 4194 fecit
3301 4119 3441 4175 Deus
3483 4122 3868 4192 ﬁrmamentum,

2282 4230 2329 4274 et
2384 4219 2553 4272 divisit
2583 4215 2720 4272 Deus
2755 4233 2843 4286 per
2891 4216 3112 4269 medium
3160 4230 3308 4284 aqua?
3333 4212 3486 4287 (Gen.
3523 4229 3562 4278 l,
3591 4212 3648 4277 6,
3679 4210 3762 4282 7).
3789 4209 3872 4264 lia-

2286 4314 2382 4368 bes
2413 4328 2540 4382 ergo
2572 4313 2735 4366 Deum
2761 4326 2828 4365 ex
2871 4325 2999 4380 quo,
3029 4307 3194 4362 habes
3225 4307 3393 4362 Deum
3447 4322 3544 4374 per
3571 4321 3754 4375 quem.
3781 4301 3869 4358 Aut

2287 4407 2332 4460 si
2384 4405 2434 4460 id
2468 4403 2708 4473 negabis,
2745 4417 2968 4456 necesse
3015 4408 3098 4456 est
3147 4399 3200 4454 id
3248 4397 3393 4468 quod
3422 4397 3623 4453 factum
3665 4405 3753 4452 est
3798 4407 3874 4464 per

2289 4512 2450 4568 quem
2499 4495 2698 4551 factum
2743 4495 2812 4548 sit
2843 4494 3037 4549 doceas
3066 4510 3078 4546 :
3112 4501 3204 4546 aut
3230 4500 3380 4548 certe
3427 4501 3676 4547 naturam
3721 4490 3873 4562 ipsam

2386 4653 2442 4726 9.)
2487 4653 2683 4726 Natum
2715 4662 2809 4716 est,
2844 4668 2988 4720 mox,
3021 4652 3295 4706 discernet.

2386 4655 2442 4726 9.)
2487 4655 2683 4708 Natum
2715 4662 2809 4716 est,
2844 4668 2988 4720 mox,
3021 4655 3295 4706 discernet.

2362 4655 2442 4798 i5)
2487 4725 2942 4792 Consuetudinem,
2973 4738 3118 4790 mox,
3151 4738 3429 4793 sequamur
3455 4737 3601 4793 ergo.

2294 4870 2358 4922 de
2381 4885 2481 4922 uno
2513 4866 2620 4922 Deo
2651 4884 2668 4921 :
2695 4866 2835 4931 quod
2870 4880 2999 4919 sane
3027 4880 3091 4919 ex
3131 4863 3374 4934 margine
3414 4864 3466 4918 in
3498 4871 3698 4918 textum
3731 4863 3881 4934 irrep‘

2294 4942 2384 4998 sit.
2415 4956 2535 4994 cum
2561 4941 2623 4992 ad
2653 4937 3032 5009 subsequentia
3058 4932 3341 4990 indicanda
3365 4937 3416 4989 itt
3440 4935 3605 4990 limbo
3629 4951 3734 4990 non
3760 4932 3879 4988 male

2296 5012 2476 5067 locum
2519 5012 2761 5065 haberet.

2373 5084 2449 5157 (ά)
2495 5084 2570 5137 Ex
2594 5083 2701 5157 hoc
2730 5080 2969 5157 Apostoli
2991 5079 3119 5157 loco
3143 5078 3356 5157 Patrem
3380 5094 3406 5130 a
3432 5076 3570 5132 Filio
3591 5077 3881 5157 discernere

2299 5148 2544 5210 solebant
2593 5152 2852 5218 Inrretici,
2901 5164 2953 5202 ιιι
2990 5151 3156 5218 liquet
3182 5166 3249 5203 ex
3306 5150 3388 5204 his
3417 5166 3565 5203 num.
3595 5150 3680 5209 19,-
3717 5148 3878 5218 Hilarii

2299 5233 2363 5282 ad
2399 5229 2652 5281 Arianunt
2678 5215 2854 5290 dictis,
2893 5215 3080 5276 Dixisti
3103 5223 3256 5287 enim,
3289 5221 3369 5274 Ea:
3395 5219 3556 5274 Patre
3578 5223 3768 5282 omnia,
3810 5215 3881 5290 sed

2303 5316 2393 5368 per
2426 5298 2620 5352 Filium
2647 5289 2848 5349 omnia.
2888 5295 2996 5350 Nec
3028 5293 3408 5368 repugnabmt
3433 5291 3732 5368 catholici,
3765 5289 3881 5342 adeo

2302 5363 2356 5424 ut
2384 5371 2587 5424 lltlarto
2635 5368 2764 5422 nihil
2798 5365 3129 5429 familiarius,
3179 5380 3337 5434 quam
3382 5373 3432 5415 ut
3468 5364 3626 5417 Pater
3658 5363 3794 5415 Deus
3833 5372 3882 5410 et:

2295 5460 2416 5513 quo,
2464 5446 2506 5494 is
2534 5457 2596 5494 ea:
2639 5456 2760 5509 quo,
2807 5454 2869 5492 ea:
2897 5454 2996 5508 quo
3024 5437 3214 5501 Omnia,
3266 5434 3430 5513 Filius
3464 5452 3595 5488 vero
3643 5436 3779 5513 Deus
3808 5443 3880 5500 per

2296 5505 2462 5579 quem.
2497 5513 2540 5564 is
2590 5505 2680 5578 per
2705 5505 3012 5579 quent,'per
3060 5523 3205 5575 quem
3252 5505 3879 5579 ontnia__cogttotnittctur.

2294 5577 2444 5650 Quod
2474 5577 2866 5637 observandum
2913 5577 3031 5641 fuit,
3068 5587 3180 5631 tum
3214 5578 3278 5630 ad
3310 5577 3717 5650 intelligentiam
3746 5588 3882 5650 voea-

2295 5645 2566 5718 b'ulortnn,
2600 5663 2708 5706 tum
2736 5668 2803 5707 ne
2826 5653 3160 5720 ignoraretur
3191 5645 3504 5708 inStitulumV
3525 5646 3713 5705 Hilarii
3745 5645 3880 5704 Aria-

2295 5741 2394 5781 nos
2419 5740 2486 5780 ex
2528 5723 2640 5779 suis
2679 5721 2918 5794 ipsorum
2949 5720 3114 5776 armis
3141 5720 3516 5776 conl’odientis.
