3960 6202
513 227 612 286 ιιι

1697 197 1936 257 SANCTI
1977 195 2234 254 lllLARll
2275 195 2582 256 EPISCOPI

3692 199 3791 258 ili

508 341 629 399 tulit
677 331 963 407 singularis
1013 324 1417 398 intelligentiam
1447 317 1778 391 professione
1812 313 2092 371 consortii.
2126 313 2175 374 Α
2209 311 2304 366 Dei
2337 312 2416 385 (ιι)
2459 313 2556 384 feci
2593 314 2845 369 hominem
2881 313 3031 387 (Gen.
3078 330 3153 381 ιι,
3184 313 3265 388 ϐ).
3296 313 3477 371 Etiam
3509 314 3595 371 hic
3615 315 3797 372 distin-

511 406 854 492 Consortium
883 437 1060 481 autem
1089 437 1210 479 esse
1237 415 1450 488 aliquod
1474 411 1716 468 solitario
1749 409 1829 483 (I)
1863 408 1977 478 ipse
2004 406 2106 462 sibi

512 545 620 585 non
669 531 868 596 potest.
901 518 1085 587 Neque
1132 526 1346 568 rursum
1380 505 1571 578 recipit
1617 503 1841 559 solitarii
1871 499 2106 554 solitudo

513 594 1006 694 faciamusmeque
1053 608 1332 680 quisquam
1361 601 1542 658 alieno
1587 615 1618 654 a
1647 613 1706 655 sc
1750 609 1979 650 nostram
2030 594 2110 649 lo-

511 715 715 787 quitur.
750 708 984 776 Uterque
1013 715 1215 764 sermo,
1263 708 1318 754 et
1358 696 1608 768 faciamus
1654 700 1710 748 et
1754 699 2001 756 nostram,
2053 695 2111 743 ut

511 781 810 862 solitarium
838 796 1196 866 cumdentque
1226 807 1334 847 non
1368 791 1598 860 patitur;
1633 787 1705 842 ita
1731 799 1905 854 neque
1931 781 2111 837 diver-

511 915 630 956 sum
660 913 690 952 a
719 911 776 951 se
795 894 1140 961 alienumque
1177 886 1465 958 signiﬁcat.
1515 885 1620 938 Aut
1661 895 1868 952 quaero,
1909 877 1954 932 si
1985 891 2107 931 cum

509 991 698 1046 audias
717 986 1039 1050 solitarium,
1065 993 1241 1037 utrum
1270 994 1376 1035 non
1399 978 1572 1046 ipsum
1604 973 1964 1043 eamdemque
1988 984 2110 1026 esse

511 1081 826 1139 existimes?
853 1090 1084 1134 autcum
1107 1073 1292 1129 audias
1316 1086 1421 1125 non
1445 1070 1618 1140 ipsum
1638 1081 1812 1138 neque
1836 1063 2108 1129 eumdem,

510 1191 652 1232 anne
669 1173 810 1243 quod
834 1171 1107 1227 solitarius
1134 1176 1340 1222 tantum
1363 1164 1434 1220 sit
1459 1161 1764 1232 intelligas?
1790 1157 1846 1214 in
1870 1155 2111 1212 solitario

509 1286 640 1340 ergo
667 1266 964 1328 solitarius,
1018 1265 1072 1318 in
1119 1277 1225 1317 non
1255 1258 1442 1314 eodem
1469 1269 1598 1312 vero
1627 1269 1802 1325 neque
1833 1254 1971 1322 ipso,
2003 1264 2108 1305 non

513 1361 788 1420 solitarius
815 1359 1133 1429 reperietur.
1161 1353 1414 1409 Solitario
1438 1363 1568 1420 ergo
1593 1345 1862 1410 convenit,
1893 1345 2108 1411 faciam,

509 1464 565 1511 et
595 1469 803 1510 meam:
840 1466 944 1506 non
985 1446 1228 1503 solitario
1261 1458 1412 1510 vero,
1447 1441 1694 1513 faciamus
1715 1480 1729 1505 ,
1762 1447 1816 1492 et
1859 1445 2105 1492 nostram.

585 1547 673 1602 18.
726 1542 841 1598 Nec
871 1540 1098 1596 solitudo
1144 1545 1218 1592 est
1267 1551 1358 1590 nec
1404 1531 1684 1588 divinitatis
1723 1528 2008 1584 diversitas.
2039 1554 2113 1566 ——

507 1640 642 1697 Cum
673 1639 854 1707 itaque
883 1633 1128 1704 legimus,
1159 1628 1438 1684 Faciamus
1462 1625 1720 1680 hominem
1747 1623 1815 1676 ad
1833 1621 2110 1692 imaginem

2211 408 2390 480 guitttr
2413 408 2738 478 exemplum,
2767 423 2926 478 opus,
2956 423 3208 480 operam.
3242 409 3380 463 Deus
3405 418 3630 464 testatur
3654 425 3707 465 se
3727 412 3789 466 ad

2212 499 2496 568 imaginem
2528 500 2618 554 Dei
2647 500 2919 556 hominem
2945 499 3158 555 fecisse.
3183 500 3314 556 Cum
3343 499 3621 556 faciendus
3644 502 3791 558 homo

2211 603 2314 660 est,
2347 593 2472 664 quia
2504 591 2578 664 (b)
2603 591 2671 647 de
2703 607 2784 659 se,
2814 607 2991 663 neque
3021 593 3086 647 ad
3113 608 3173 648 se
3201 592 3543 663 loquebatur,
3575 593 3706 649 dixit
3729 596 3792 649 ad

2212 687 2486 757 imaginem
2513 694 2738 740 nostram
2773 700 2940 741 :cum
2965 692 3145 740 autem
3179 684 3350 742 factus
3385 685 3548 741 homo
3567 697 3667 754 εει,
3698 686 3793 742 Fe-

2213 782 2280 836 cit
2324 779 2490 835 Deum
2533 781 2786 836 hominem
2811 781 2878 835 ad
2917 781 3191 852 imaginem
3235 778 3353 836 Dei.
3395 779 3515 835 Non
3553 781 3796 852 ignoravit

2212 874 2406 944 utique-
2437 874 2583 930 verbi
2615 873 2996 944 pr0prietatem
3025 914 3038 937 ,
3072 872 3116 926 si
3159 872 3258 928 sibi
3303 872 3419 943 ipse
3459 873 3758 943 loqueretur
3778 915 3792 942 ,

2213 976 2270 1022 ut
2299 965 2545 1034 diceret,
2579 965 2704 1021 Feci
2734 966 2801 1021 ad
2833 966 3122 1038 imaginem
3169 981 3370 1022 meam.
3405 967 3624 1022 Dixerat
3663 969 3792 1024 enim

2213 1059 2279 1114 ad
2310 1059 2782 1114 demonstrandam
2829 1068 3036 1115 natura:
3079 1061 3340 1115 unitatem
3367 1105 3382 1129 ,
3436 1059 3709 1119 Faciamus
3733 1065 3796 1118 ad

2213 1162 2459 1210 nostram.
2491 1152 2678 1224 Neque
2714 1168 2927 1209 rursum
2959 1153 3199 1210 confudit
3226 1154 3294 1210 de
3323 1153 3570 1211 solitario
3606 1171 3665 1212 ac
3697 1171 3793 1213 non

2213 1251 2456 1306 solitario
2489 1248 2930 1319 intelligentiam:
2954 1263 3076 1304 cum
3109 1247 3386 1305 hominem
3419 1248 3562 1306 Deus
3588 1249 3794 1318 faciens,

2213 1345 2280 1398 ad
2308 1343 2578 1415 imaginem
2608 1341 2705 1396 Dei
2735 1342 2946 1399 fecerit.

2283 1436 2376 1493 20.
2430 1437 2640 1493 Patrem
2670 1454 2772 1492 non
2808 1438 2904 1493 sibi
2939 1447 2995 1492 ut
3035 1437 3266 1494 solitario
3293 1453 3556 1495 PACIAIIUS
3585 1439 3795 1494 locutum

2213 1550 2341 1588 esse.
2370 1563 2442 1575 —-
2477 1533 2629 1600 Quod
2663 1533 2706 1588 si
2755 1534 2920 1589 Deum
2968 1543 3174 1605 patrem
3217 1534 3519 1589 solitarium
3564 1534 3661 1590 sibi
3689 1534 3796 1592 haec

2215 1626 2453 1682 locutum
2482 1625 2644 1681 fuisse
2671 1625 2942 1683 afﬁrmare
2964 1627 3136 1693 voles,
3164 1635 3437 1697 tamquam
3467 1626 3686 1683 concedi
3711 1627 3797 1683 tibi

507 1745 556 1791 et
583 1698 972 1790 similitudinem
1001 1737 1264 1790 nostram;
1285 1723 1407 1794 quia
1433 1735 1612 1776 sermo
1643 1728 1893 1787 uterque,
1923 1725 2106 1772 utnon
2219 1719 2411 1791 possit,
2443 1729 2498 1774 ιιι
2529 1735 2667 1775 unus
2702 1735 2886 1776 secum
2919 1719 3062 1776 velut
3098 1735 3220 1775 cum
3263 1721 3434 1776 altero
3461 1721 3528 1776 sit
3559 1721 3795 1784 locutus,

509 1824 810 1880 solitarium
846 1829 1072 1886 tantum,
1106 1817 1175 1872 ita
1208 1830 1384 1886 neque
1412 1812 1750 1867 differentetn
1779 1823 1901 1864 esse
1933 1808 2104 1879 signi-

507 1923 668 1985 lieat;
698 1917 852 1973 nobis
882 1929 1095 1986 quoque
1123 1907 1511 1966 necsolitarius
1542 1915 1770 1972 tantum,
1793 1917 1892 1958 nec
1921 1902 2108 1956 diver-

506 2029 600 2071 sus
629 2021 712 2070 est
758 2007 1100 2074 conﬁtendus
1145 2023 1158 2060 :
1197 2003 1411 2074 cognita
1444 2016 1540 2072 per
1578 1999 1629 2054 id
1652 2040 1668 2065 ,
1702 1997 1840 2067 quod
1880 2007 2106 2051 nostram

505 2105 782 2178 imaginem
812 2101 976 2165 dicit,
1019 2114 1124 2154 non
1163 2097 1327 2152 etiam
1373 2094 1633 2164 imagines
1665 2099 1880 2146 nostras
1907 2132 1920 2154 ,
1949 2089 2108 2144 unius

509 2200 564 2256 in
615 2206 843 2268 utroque
886 2193 1212 2264 proprietate
1257 2199 1485 2244 natnrm.
1530 2185 1646 2241 Non
1686 2184 1888 2241 sufﬁcit
1925 2194 2106 2238 autem

507 2292 678 2348 solam
707 2291 997 2346 verborum
1042 2284 1288 2340 attulisse
1329 2285 1596 2338 rationem
1629 2321 1642 2347 ,
1693 2278 1796 2335 nisi
1838 2277 2104 2334 dictorum

507 2383 920 2456 intelligentiam
966 2380 1127 2436 etiam
1171 2392 1354 2434 rerum
1402 2374 1646 2445 operatio
1691 2379 2102 2440 consequatur:

507 2478 764 2548 scriptum
804 2475 948 2531 enim
989 2473 1066 2527 ita
1094 2480 1219 2528 est:
1254 2468 1322 2523 Et
1371 2469 1489 2540 fecit
1531 2465 1671 2521 Deus
1715 2464 1992 2529 hominem,
2036 2463 2105 2516 ad

502 2572 781 2642 imaginem
825 2565 924 2621 Dei
954 2567 1076 2637 fecit
1105 2580 1219 2619 eum
1250 2561 1404 2636 (Gen.
1440 2577 1492 2627 t,
1525 2559 1644 2630 27).
1671 2558 1900 2627 Quarro,
1935 2558 1980 2612 si
2019 2573 2107 2612 so—

503 2661 687 2718 litario
709 2668 869 2729 atque
900 2657 998 2727 ipsi
1027 2655 1091 2711 ad
1119 2671 1176 2709 se
1205 2653 1454 2710 eumdem
1483 2651 1578 2706 fuit
1606 2666 1790 2707 sermo
1812 2691 1826 2716 ,
1856 2649 1983 2720 quid
2019 2647 2106 2703 hic

503 2753 850 2812 sentiendum
873 2749 1191 2807 existimes?
1219 2748 1388 2804 Video
1422 2747 1564 2802 enim
1613 2761 1757 2799 nttnc
1785 2745 2104 2813 tripertitam

503 2847 972 2918 signiﬁcationem,
1007 2854 1060 2900 et
1086 2842 1352 2903 facientis,
1383 2847 1437 2894 et
1467 2837 1614 2903 facti,
1643 2845 1696 2890 et
1721 2835 1976 2904 exempli.
2002 2835 2105 2902 Qui

502 2943 675 2997 factus
703 2949 806 3007 est,
840 2938 1005 2993 homo
1032 2944 1154 2996 est;
1197 2935 1340 2987 Deus
1367 2940 1544 2985 autem
1579 2928 1733 2994 fecit;
1762 2937 1814 2983 et
1841 2943 2001 2998 quem
2029 2927 2105 2982 fe-

505 3037 580 3091 cit
603 3079 619 3100 ,
662 3033 729 3088 ad
761 3029 1049 3102 imaginem
1081 3027 1176 3082 Dei
1227 3025 1372 3080 fecit.
1405 3025 1459 3080 Si
1491 3023 1558 3077 de
1606 3023 1851 3078 solitario
1877 3021 2103 3078 Genesis

2213 1814 2572 1882 credaturqne
2613 1813 2666 1868 in
2709 1827 2805 1878 eo,
2840 1811 2984 1883 qttod
3031 1813 3100 1867 ad
3138 1814 3412 1884 imaginem
3453 1811 3551 1868 Dei
3585 1815 3680 1885 feci
3706 1816 3796 1867 ho-

2213 1909 2422 1974 minem,
2453 1907 2523 1962 ita
2546 1907 2782 1962 voluisse
2810 1907 3055 1976 intelligi,
3089 1916 3379 1978 tamquam,
3415 1908 3494 1964 Ad
3523 1908 3794 1977 imaginem

2212 2017 2386 2056 meam
2430 2000 2527 2056 feci
2573 1999 2878 2066 hominem;
2925 2000 3157 2070 primum
3191 2001 3308 2071 ipse
3353 2001 3663 2056 testimonio
3714 2011 3797 2056 tuo

2211 2095 2569 2166 redargueris.
2599 2095 2785 2149 Dixisti
2810 2095 2952 2150 enim
2981 2137 2994 2161 ,
3031 2095 3106 2150 Ex
3147 2095 3306 2150 Patre
3336 2095 3517 2151 omnia
3546 2137 3562 2163 ,
3593 2095 3684 2151 sed
3710 2110 3798 2166 per

2212 2187 2406 2244 Filium
2439 2187 2642 2242 omnia.
2675 2186 2914 2258 Namque
2947 2203 3042 2256 per
3069 2189 3119 2243 id
3146 2187 3290 2259 quod
3318 2187 3520 2244 dictum
3553 2198 3665 2246 est.
3699 2187 3799 2242 Fa-

2212 2283 2404 2336 ciamus
2439 2280 2693 2334 hominem
2718 2323 2733 2346 ,
2763 2295 2829 2335 ex
2858 2296 2922 2336 co
2944 2281 3093 2351 origo
3121 2291 3203 2337 cst
3232 2297 3295 2335 ex
3325 2298 3432 2352 quo
3465 2281 3536 2354 (c)
3568 2283 3726 2352 cmpit
3748 2290 3798 2338 ct

2211 2389 2394 2430 sermo
2423 2391 2436 2429 :
2464 2375 2515 2428 in
2547 2389 2613 2428 co
2642 2389 2771 2428 vero
2792 2373 2934 2444 quod
2968 2373 3109 2428 Deus
3140 2374 3208 2428 ad
3234 2375 3511 2446 imaginem
3545 2375 3641 2430 Dei
3665 2377 3795 2448 fecit,

2211 2465 2542 2535 signiﬁcatur
2557 2465 2716 2520 etiam
2749 2467 2793 2520 is
2825 2481 2918 2534 per
2943 2480 3100 2535 quem
3123 2476 3530 2522 consummatur
3542 2468 3796 2538 operatio.

2280 2545 2370 2612 il.
2415 2559 2522 2612 Sed
2587 2558 2927 2630 Sapientiam,
2987 2576 3105 2630 quae
3165 2559 3416 2615 Itwreticis
3467 2560 3799 2614 annucntibus

2212 2649 2442 2705 Christus
2470 2662 2560 2717 est,
2596 2653 2642 2706 ei
2670 2652 2917 2722 adfuisse.
2947 2683 3016 2692 —-
3047 2653 3180 2708 Tum
3211 2654 3424 2721 deinde,
3460 2670 3529 2710 ne
3558 2654 3683 2726 quid
3710 2653 3798 2710 tibi

2214 2741 2339 2798 hinc
2372 2743 2530 2798 liccat
2573 2746 2788 2799 mentiri
2817 2787 2831 2811 ,
2861 2746 3132 2816 Sapientia
3156 2789 3170 2813 ,
3199 2763 3357 2818 quant
3387 2757 3440 2802 tu
3477 2748 3596 2818 ipse
3625 2746 3800 2802 Chris-

2215 2846 2322 2888 tum
2353 2837 2631 2892 confessus
2658 2853 2716 2892 es
2736 2879 2752 2905 ,
2809 2838 3096 2895 contraibit
3127 2839 3331 2905 dicens,
3366 2839 3495 2894 Cum
3525 2851 3689 2896 certos
3713 2858 3800 2911 po-

2211 2929 2358 2982 nebat
2386 2931 2551 2999 fontes
2578 2929 2668 2985 sub
2695 2932 2819 2985 caelo
2845 2975 2858 3000 ,
2890 2949 3005 2986 cum
3045 2935 3201 3005 fortia
3237 2934 3455 3006 faciebat
3479 2935 3588 3006 87
3617 2937 3800 3007 funda-

2210 3034 2380 3077 menta
2409 3033 2595 3092 lerrte,
2641 3041 2780 3079 erant
2821 3027 2961 3097 apud
3004 3026 3150 3081 illum
3203 3026 3281 3100 (tl)
3329 3044 3655 3098 componens.
3695 3027 3798 3100 Ego

503 3088 652 3184 esset
677 3088 899 3189 locuta:
924 3121 1153 3176 dixisset
1192 3119 1396 3188 utique,
1427 3117 1539 3188 86
1565 3115 1631 3170 Et
1660 3114 1787 3172 fecit
1816 3115 1880 3170 ad
1911 3113 2098 3185 imagi-

2214 3135 2382 3185 erant,
2412 3119 2480 3173 ad
2515 3135 2666 3190 quam
2707 3119 2977 3193 gaudebat.
3024 3088 3275 3186 Quotidie,
3303 3133 3472 3176 autem
3513 3088 3799 3177 lwtabarin

502 3235 626 3275 nem
666 3233 838 3272 suam.
888 3213 996 3270 Sed
1037 3221 1433 3267 sacramentum
1471 3209 1840 3278 evangelicum
1887 3222 2100 3262 annun-

504 3314 668 3377 tians,
717 3325 824 3365 non
865 3307 1005 3363 duos
1029 3305 1161 3361 deos
1188 3345 1202 3370 ,
1250 3303 1344 3358 sed
1390 3304 1553 3358 Deum
1585 3312 1639 3358 et
1681 3303 1846 3359 Deum
1891 3303 2100 3358 elocuta

502 3413 622 3470 cst,
651 3418 772 3458 eum
813 3399 1082 3455 hominem
1113 3411 1208 3466 per
1238 3395 1402 3451 Deum
1448 3394 1700 3449 effectum
1730 3394 1798 3446 ad
1828 3394 2102 3466 imaginem

501 3496 600 3552 Dei
627 3496 778 3552 dicit.
811 3495 987 3564 Atque
1031 3491 1103 3546 ita
1147 3491 1287 3545 Deus
1331 3491 1398 3543 ad
1438 3501 1779 3554 communem
1829 3487 1930 3542 sibi
1976 3501 2098 3542 cum

503 3591 618 3645 Deo
665 3589 949 3658 imaginem
980 3594 1142 3654 atque
1190 3580 1437 3637 eamdem
1466 3578 1872 3634 similitudinem
1921 3578 2101 3632 homi-

500 3697 628 3739 nem
657 3683 924 3752 reperitur
948 3677 1161 3749 operari
1191 3692 1204 3729 :
1237 3685 1293 3729 ut
1321 3691 1418 3730 nec
1448 3673 1757 3729 solitudinis
1794 3673 2099 3744 intelligen-

503 3779 630 3835 tiam
669 3777 989 3848 signiﬁcatio
1010 3774 1296 3830 efﬁcientis
1334 3773 1625 3840 admittat,
1671 3787 1770 3828 nec
1795 3772 2099 3830 divinitatis

502 3870 867 3928 diversitatem
899 3867 965 3923 ad
995 3866 1241 3923 eamdem
1275 3867 1562 3938 imaginem
1591 3881 1655 3922 ac
1691 3867 2096 3923 similitudinem

502 3963 795 4021 constituta
828 3960 1062 4033 patiatur
1087 3959 1352 4030 operatio.

578 4055 668 4110 i9.
694 4053 811 4108 Alio
837 4053 946 4108 loco
971 4051 1195 4122 idipsum
1214 4050 1570 4121 conﬁrmatur.
1595 4081 1664 4092 ——
1688 4051 1754 4108 Et
1775 4068 2097 4125 quamquam

502 4147 832 4221 superfluum
881 4156 1002 4218 post
1043 4146 1159 4201 Ittec
1189 4145 1528 4201 existimetur
1586 4147 1724 4202 ultra
1776 4147 1977 4220 aliquid
2023 4151 2101 4205 al-

503 4243 680 4308 l'erre,
711 4241 832 4311 quia
864 4239 918 4294 in
959 4238 1156 4294 divinis
1204 4237 1364 4294 rebus
1401 4254 1506 4293 non
1549 4237 1882 4310 frequentius
1920 4240 2094 4312 dicta,

504 4333 600 4390 sed
643 4341 848 4388 tantum
878 4331 1016 4388 dicta
1047 4331 1321 4386 sulﬁciunt
1354 4348 1367 4384 :
1403 4341 1580 4386 tamen
1620 4333 1746 4402 quid
1781 4333 1849 4390 de
1878 4333 1981 4392 hoc
2007 4352 2100 4393 eo-

504 4428 628 4485 dem
659 4427 860 4482 dictum
888 4425 988 4491 sit,
1019 4421 1272 4495 cognosci
1305 4432 1534 4492 oportet.
1562 4425 1682 4482 Non
1719 4429 1863 4483 enim
1891 4430 2102 4486 divino-

503 4536 624 4576 rum
651 4517 940 4584 dietorttm,
973 4515 1069 4572 sed
1100 4515 1470 4585 intelligentia:
1497 4526 1695 4573 nostra:
1720 4535 1748 4574 a
1779 4521 1936 4576 ttobis
1962 4523 2101 4579 ratio

504 4610 812 4685 praestanda
843 4619 944 4665 est.
978 4609 1118 4664 Deus
1141 4607 1207 4662 ad
1242 4606 1355 4662 Noe
1384 4608 1523 4663 inter
1552 4611 1716 4665 multa
1746 4595 2003 4670 mandata
2028 4617 2098 4671 ita

502 4705 742 4778 loquitur
773 4721 785 4759 :
827 4702 928 4769 Qui
959 4700 1197 4769 effuderit
1235 4699 1535 4772 sanguinem
1566 4702 1783 4758 hominis
1807 4746 1823 4772 ,
1863 4723 1956 4779 pro
1982 4726 2102 4763 san-

501 4799 655 4871 guine
694 4798 804 4869 ejus
841 4793 1134 4862 elfundetur
1169 4793 1342 4847 anima
1379 4791 1525 4862 ejus;
1564 4796 1684 4866 quia
1713 4797 1782 4850 ad
1823 4799 2100 4869 imaginem

573 4968 652 5040 (l)
684 4967 814 5040 Ipsi.

594 5106 649 5172 a)
679 5104 734 5159 In
767 5101 1016 5172 vulgatis,
1049 5100 1165 5172 fecit
1193 5099 1446 5172 hominum
1477 5112 1494 5150 :
1525 5094 1802 5172 mendose.

594 5106 649 5172 a)
679 5105 734 5159 In
767 5105 1016 5172 vulgatis,
1049 5105 1165 5172 fecit
1193 5105 1446 5154 hominem
1477 5112 1494 5150 :
1525 5105 1802 5154 mendose.

571 5105 652 5249 Eb)
685 5175 1004 5249 l‘articulant
1046 5189 1208 5249 neque
1251 5173 1319 5225 ab
1361 5168 1590 5249 Erasmo
1635 5168 1721 5223 Itic
1756 5171 1959 5249 absque
1987 5174 2095 5231 ulla

502 5241 644 5306 mss:
670 5246 988 5302 auctoritate
1018 5244 1275 5302 additam,
1309 5242 1446 5295 male
1473 5241 1804 5295 retinuerant
1830 5241 2098 5302 editiones

502 5328 812 5386 sequentes.
844 5314 922 5369 De
971 5331 1025 5368 se
1063 5317 1259 5386 quippe
1289 5311 1607 5386 loquebatur
1633 5311 1798 5377 Deus,
1830 5324 2098 5383 quatenus

503 5381 746 5463 inprima
767 5402 995 5463 persona
1015 5381 1168 5463 dixit,
1191 5381 1488 5463 Fgciqhtus,
1517 5381 1608 5436 sed
1636 5400 1735 5436 non
1763 5386 1830 5438 ad
1850 5381 1929 5453 ise,
1961 5403 2097 5458 qua-

500 5453 658 5519 tenus
690 5453 793 5513 non
822 5460 874 5512 iu
906 5458 1182 5526 singulari,
1215 5453 1449 5508 Faciam.

572 5535 646 5598 (c)
671 5530 748 5584 Ita
779 5543 914 5598 mss.
943 5527 1013 5582 At
1038 5528 1220 5582 excusi
1252 5526 1531 5588 mendose,
1561 5526 1696 5595 capit
1725 5536 1772 5581 et
1797 5545 1986 5584 sermo.

569 5597 653 5675 (ά)
676 5599 733 5654 ιιι
755 5597 910 5675 prius
935 5598 1166 5675 vulgatis
1193 5606 1374 5675 cuncta
1403 5599 2083 5675 contgmteus._Constanter

493 5693 522 5730 a
556 5666 688 5729 mss.
723 5666 874 5725 abest
904 5666 1086 5742 cuncta
1116 5667 1222 5742 hic,
1257 5668 1505 5742 l._!_l_l,_ll.
1532 5666 1621 5735 37,
1655 5671 1707 5727 in
1730 5671 1819 5728 Ps.
1852 5687 2079 5742 chvm,

492 5763 546 5805 ιι.
578 5745 632 5814 4,
659 5751 787 5810 etc.,
815 5737 1275 5796 consentientibus
1304 5737 1466 5794 LXX.

2206 3222 2476 3281 conspectu
2522 3216 2632 3286 ejus
2678 3215 2731 3268 in
2777 3215 2914 3268 omni
2957 3226 3183 3286 tempore
3222 3233 3337 3270 cum
3383 3218 3646 3272 (tutaretur
3689 3218 3800 3272 orbe

2206 3305 2433 3374 perfecto
2462 3303 2545 3374 (2)
2573 3316 2617 3360 et
2649 3305 2912 3360 la’laretur
2937 3307 2989 3360 in
3010 3307 3133 3374 [iliis
3162 3305 3426 3362 hominum
3458 3307 3642 3381 (Prov.
3669 3325 3761 3365 vm
3781 3350 3797 3378 ,

2203 3395 2276 3450 28
2305 3407 2353 3450 et
2378 3394 2565 3466 seqq.).
2597 3397 2861 3452 Conclusa
2893 3405 2975 3452 est
3010 3399 3188 3454 omnis
3216 3401 3430 3455 occasio
3454 3440 3469 3466 ,
3515 3409 3567 3456 et
3596 3409 3800 3456 coarta-

2209 3497 2292 3542 tur
2318 3489 2384 3544 ad
2411 3491 2522 3544 veri
2555 3489 2950 3545 confessionem
2979 3491 3266 3548 universus
3297 3508 3468 3548 error.
3500 3493 3673 3550 Adest
3699 3495 3799 3550 Deo

2205 3581 2382 3650 genita
2406 3591 2529 3636 ante
2553 3582 2746 3636 smcula
2771 3581 3064 3652 Sapientia.
3091 3581 3274 3654 Neque
3303 3584 3478 3639 solum
3504 3585 3680 3650 adest,
3711 3585 3798 3641 sed

2203 3677 2365 3732 etiam
2417 3677 2710 3746 componit.
2768 3677 2861 3730 Est
2901 3691 3031 3746 ergo
3059 3690 3389 3747 componens
3427 3677 3566 3748 apud
3608 3679 3796 3748 ipsum.

2207 3770 2276 3844 (ε)
2303 3771 2547 3842 Intellige
2572 3770 2979 3840 compositionis
3005 3771 3091 3826 vel
3122 3770 3496 3841 dispositionis
3539 3773 3794 3830 ofﬁcium.

2206 3864 2366 3920 Pater
2392 3865 2532 3920 enim
2563 3864 2614 3918 in
2656 3879 2722 3920 eo
2751 3864 2893 3936 quod
2925 3865 3180 3936 loquitur,
3208 3864 3409 3931 efﬁcit;
3441 3865 3614 3922 Filius
3647 3867 3699 3923 in
3738 3882 3798 3923 eo

2205 3956 2351 4028 quod
2389 3968 2643 4028 operatur
2672 3973 2793 4028 qua:
2833 3957 2948 4013 ﬁeri
2977 3966 3104 4013 sunt
3134 3957 3272 4014 dicta
3299 4001 3314 4027 ,
3347 3961 3646 4030 componit.
3677 3959 3801 4017 Per-

2203 4065 2459 4106 sonarum
2491 4060 2668 4108 autem
2699 4052 2770 4106 ita
2798 4050 2938 4108 facta
2968 4049 3242 4108 distinctio
3270 4062 3374 4119 est,
3407 4061 3467 4108 ut
3493 4069 3632 4124 opus
3659 4054 3799 4111 rel'e-

2206 4154 2355 4200 ratur
2385 4143 2451 4198 ad
2483 4152 2792 4214 utrumque.
2826 4143 2958 4199 Nam
2989 4131 3040 4199 in
3071 4160 3136 4199 eo
3167 4145 3308 4215 qttod
3340 4145 3542 4200 dicitur
3562 4188 3577 4212 ,
3609 4146 3797 4202 Facia-

2206 4254 2348 4303 mus,
2379 4247 2432 4292 et
2452 4237 2624 4307 jussio
2651 4237 2730 4308 (f)
2760 4246 3102 4308 exsequatur,
3138 4247 3191 4294 et
3222 4238 3421 4296 factum
3452 4257 3464 4294 :
3497 4238 3554 4295 in
3582 4256 3651 4297 eo
3679 4255 3801 4298 vero

2205 4331 2346 4402 quod
2396 4329 2674 4397 scribitur,
2708 4327 2870 4383 Eram
2917 4329 3060 4400 apud
3094 4330 3242 4385 illum
3282 4347 3594 4403 componens
3636 4332 3796 4406 (Ibid.

2207 4425 2309 4496 50)
2336 4466 2350 4489 ,
2397 4440 2502 4479 non
2559 4423 2860 4478 solitarium
2901 4438 2962 4478 se
3007 4423 3107 4478 sibi
3135 4438 3256 4479 esse
3288 4424 3339 4479 in
3381 4426 3704 4495 operatione
3732 4426 3802 4482 si-

2126 4488 2182 4553 Β
2207 4519 2446 4593 gniﬁcat.
2477 4517 2714 4573 Lzetatur
2739 4527 2920 4574 autem
2949 4527 3073 4573 ante
3103 4535 3250 4584 eum,
3279 4535 3438 4589 quem
3467 4518 3574 4575 sibi
3599 4521 3801 4594 signiﬁ-

2208 4615 2367 4670 cabat
2412 4612 2718 4684 adgaudere
2756 4611 2980 4666 laetanti.
3027 4610 3269 4678 Quotidie
3298 4623 3468 4667 autem
3500 4612 3715 4668 ftetabar
3750 4615 3800 4668 in

2208 4717 2482 4777 conspectu
2511 4706 2620 4778 ejus
2649 4705 2702 4758 in
2729 4704 3132 4776 omnitempore,
3157 4704 3365 4774 quando
3395 4705 3671 4760 (tutabatur
3687 4705 3802 4760 orbe

2209 4805 2466 4876 perfecto,
2517 4810 2563 4858 et
2614 4800 2882 4855 [tutabatur
2911 4803 2964 4856 in
3001 4799 3127 4870 ﬁiiis
3175 4798 3444 4855 hominum
3492 4799 3660 4872 (Ibid.
3696 4801 3795 4874 30,

2281 4974 2359 5046 (2)
2389 4970 2457 5026 Et
2487 4969 2776 5025 laetabatur.

2279 5107 2350 5178 (c)
2386 5106 2503 5160 Vat.
2535 5103 2652 5178 bas.
2687 5118 2813 5178 ms._,
2841 5103 3171 5178 intelligisne.
3221 5105 3357 5178 Tum
3403 5107 3456 5162 in
3483 5123 3592 5163 uno
3617 5107 3794 5176 Colb.,

2201 5176 2600 5250 compositionis
2641 5177 2722 5242 vel
2767 5176 3203 5250 dispensationis.‘
3232 5177 3450 5234 Rectius
3479 5195 3577 5250 pro
3607 5193 3792 5237 nostra

2203 5246 2534 5323 sententiain
2555 5246 2866 5323 altermnon
2885 5249 2947 5323 in
2978 5249 3137 5323 Garri.
3165 5246 3433 5323 omittitur
3458 5246 3536 5305 vel
3565 5251 3792 5323 disposi-

2201 5324 2373 5376 tionis.
2398 5321 2512 5375 Nott
2534 5318 2675 5372 enim
2700 5318 2990 5392 l_tic_agitnr
3005 5321 3072 5376 de
3094 5321 3364 5391 Sapientia
3392 5318 3659 5392 quatenus
3690 5323 3797 5379 Deo

2202 5395 2372 5450 caelos
2397 5389 2717 5463 prmparanti
2738 5389 2965 5463 aderat,
2995 5393 3088 5447 sed
3119 5389 3382 5463 quatenus
3408 5389 3789 5462 componebat.

2277 5464 2346 5536 (f)
2378 5460 2434 5520 Id
2466 5471 2567 5536 est,
2599 5469 2651 5536 et
2673 5460 2887 5536 jubens_
2911 5473 2965 5536 et
3004 5460 3205 5518 faciens
3243 5460 3792 5536 exaequanturLQuo-

2202 5531 2344 5590 circa
2388 5551 2455 5590 nc
2483 5531 2676 5603 legeris
2706 5547 2828 5587 cum
2857 5533 2986 5589 Batl.
3025 5536 3313 5603 exequitur,
3342 5531 3434 5589 aut
3459 5551 3582 5590 cum
3612 5531 3706 5590 Er.
3737 5545 3793 5593 et

2194 5605 2319 5662 Par.
2341 5612 2640 5674 exequatttr,
2665 5605 2836 5660 multo
2858 5606 3037 5663 minus
3061 5622 3182 5663 cum
3201 5622 3331 5664 mss.
3354 5605 3511 5665 Colb.
3534 5615 3590 5663 et
3603 5606 3790 5664 Germ.

2191 5688 2514 5752 exsequatur.
