3960 6202
142 393 230 453 115

1308 393 1396 447 DF.
1454 390 1831 450 TRINITATE
1861 392 2062 448 LIBER
2106 392 2190 448 IV.

3319 397 3420 454 114

145 516 238 587 ⁸51).
277 513 500 570 Causam
547 514 756 570 l-.etiti:e
794 529 903 570 sum
951 512 1229 584 Sapientia
1261 511 1464 568 docuit.
1494 511 1575 585 (l)
1603 511 1719 566 Lte-
1747 515 1794 573 A
1824 511 1967 566 enim
1997 529 2010 563 :
2045 509 2400 583 Multiplicans
2427 511 2779 581 multiplicabo
2807 527 2974 568 semen
3021 523 3162 568 tuum
3190 555 3205 582 ,
3235 524 3283 568 et
3324 530 3429 570 mm

150 621 268 666 tatur
302 609 370 664 ob
399 609 647 664 laetitiam
689 608 885 673 Patris,
917 609 968 663 in
995 607 1330 680 perfectione
1361 607 1546 662 mundi
1581 615 1636 663 et
1663 606 1720 661 in

149 704 250 760 ﬁliis
273 702 546 757 hominum
578 702 835 756 laetantis.
867 703 1140 770 Scriptum
1172 710 1254 756 est
1284 702 1428 756 enim
1459 717 1472 753 :
1504 700 1571 756 Et
1595 700 1722 755 vidit

149 790 266 846 Deus
299 788 416 859 quia
463 789 599 842 bona
636 799 757 842 sunt
791 786 944 860 (Gen.
979 789 1043 854 t).
1097 786 1320 842 Placere
1366 787 1508 841 Patri
1554 800 1719 853 opera

148 895 227 935 sua
251 877 476 950 gaudet,
521 893 624 950 per
653 894 714 934 se
751 893 817 934 ex
864 888 1136 948 prmcepto
1163 879 1280 948 ejus
1310 877 1529 934 effecta.
1575 877 1718 934 Gau-

148 974 272 1029 dium
302 973 436 1028 euim
477 987 641 1027 suum
668 971 795 1026 hinc
821 987 943 1028 esse
985 972 1300 1042 profitetur,
1329 973 1473 1043 quod
1505 972 1556 1028 in
1587 989 1718 1028 con-

147 1075 388 1121 Snmmato
413 1063 547 1118 orbe
573 1072 628 1118 et
652 1062 706 1118 in
734 1064 860 1119 ﬁliis
906 1063 1185 1118 hominum
1211 1063 1372 1118 Pater
1397 1065 1552 1119 [vetus
1577 1065 1720 1120 exis-

151 1168 275 1215 teret
301 1177 314 1213 :
336 1158 382 1212 in
405 1142 534 1225 hﬁliis
565 1158 829 1212 hominum
855 1157 924 1212 ob
951 1156 1023 1225 id,
1051 1157 1170 1227 quia
1191 1155 1300 1226 jam
1331 1157 1383 1211 in
1411 1144 1516 1211 uno
1544 1156 1716 1212 Adam

149 1269 292 1310 omne
307 1253 516 1308 humani
534 1253 750 1321 generis
774 1251 1050 1307 exordium
1079 1251 1430 1308 consutis-set.
1456 1251 1574 1305 Non
1589 1266 1718 1322 ergo

148 1347 191 1402 in
218 1344 558 1400 fabricatione
586 1343 773 1399 mundi
804 1343 1080 1400 solitarius
1115 1344 1271 1398 Pater
1309 1343 1412 1398 sibi
1441 1343 1674 1412 loquitur
1696 1383 1712 1408 ,

147 1438 394 1508 Sapientia
429 1451 524 1492 sua
567 1451 752 1492 secum
780 1445 836 1492 et
862 1443 1192 1508 coeperante
1216 1480 1229 1504 ,
1257 1444 1312 1492 et
1347 1446 1716 1492 consummata

149 1531 500 1599 cooperatione
530 1529 823 1600 gaudente.

205 1622 291 1677 22.
317 1621 586 1678 Conclusio
615 1639 793 1678 eorum
822 1640 936 1694 quae
963 1640 996 1678 a
1027 1640 1168 1678 mtut.
1220 1624 1286 1680 16
1331 1624 1546 1695 probata
1575 1636 1712 1682 sunt.

149 1750 206 1761 —
226 1716 334 1774 Non
361 1718 669 1787 ignoramus
698 1730 876 1774 autem
907 1718 1071 1774 multa
1105 1727 1162 1775 et
1195 1719 1427 1775 maxima
1457 1720 1523 1774 ad
1555 1720 1716 1776 abso-

148 1815 377 1870 lutionem
418 1816 612 1870 horum
650 1813 915 1870 dictorum
947 1830 1069 1871 esse
1109 1814 1313 1885 reliqua
1347 1814 1422 1885 (a)
1461 1832 1474 1870 :
1515 1815 1608 1870 sed
1637 1815 1720 1871 di-

1824 606 2230 660 dinumerabitur
2266 623 2298 659 a
2329 605 2674 660 multitudine.
2719 605 3076 663 Ministerium
3121 608 3299 680 angeli
3334 624 3430 680 ρο·-

1825 705 1991 754 testas
2019 699 2548 768 multiplicaudarum
2597 701 2836 770 gentium
2867 700 3105 757 excedit.
3146 702 3254 757 Sed
3296 703 3426 774 quid

1825 790 2039 846 tandem
2079 791 2146 846 de
2176 806 2264 855 eo,
2299 793 2388 862 qui
2423 793 2516 846 Dei
2542 792 2780 862 Angelus
2807 790 2887 865 (5)
2921 809 3037 864 quae
3068 794 3148 865 (d)
3180 794 3279 849 soli
3313 796 3425 850 Deo

1821 887 2036 958 propria
2067 895 2189 941 sunt
2240 886 2558 963 loquebatur
2583 929 2598 953 ,
2646 885 2923 957 Scriptura
2975 896 3168 942 testata
3199 889 3318 944 est?
3356 887 3428 942 Et

1821 982 2013 1033 vocavit
2040 994 2223 1032 nomen
2260 978 2470 1032 Domini
2490 979 2574 1047 qui
2608 977 2911 1045 loquebatur
2941 996 3142 1044 secum,
3179 978 3256 1034 Tu
3287 979 3424 1035 Deus

1820 1073 1908 1142 qui
1932 1071 2216 1141 adspexisti
2243 1087 2340 1125 me.
2378 1071 2611 1124 Primum
2635 1071 2859 1141 angelus
2890 1072 3002 1138 Dei,
3037 1073 3276 1127 secundo
3308 1074 3415 1129 Do-

1821 1163 2028 1228 minus;
2056 1163 2251 1216 voctwit
2282 1165 2424 1216 enim
2453 1178 2636 1216 nomen
2666 1161 2877 1216 Domini
2905 1164 2992 1234 qui
3020 1164 3319 1234 loquebatur
3345 1181 3426 1220 se-

1820 1274 1970 1323 cum,-
1999 1257 2195 1312 dehinc
2227 1258 2385 1312 tertio
2435 1257 2575 1312 Deus
2601 1299 2616 1322 ,
2647 1256 2728 1310 Tu
2759 1258 2904 1313 enim
2943 1275 2995 1312 es
3049 1256 3194 1313 Deus
3218 1260 3305 1329 qui
3331 1259 3431 1312 ad-

1819 1349 2028 1419 spexisti
2048 1365 2146 1402 me.
2199 1349 2296 1417 Qui
2329 1349 2551 1419 angelus
2586 1348 2678 1404 Dei
2706 1349 2882 1403 dictus
2913 1358 3028 1413 est;
3077 1349 3216 1404 idem
3247 1352 3430 1406 Domi-

1821 1456 1922 1496 nus
1950 1451 2004 1496 et
2035 1441 2175 1495 Deus
2204 1450 2306 1495 est.
2335 1441 2430 1496 Est
2469 1451 2649 1496 autem
2681 1441 2979 1497 secundum
3011 1441 3328 1512 prophetam
3358 1443 3427 1496 li-

1822 1535 1924 1590 lius
1944 1535 2035 1589 Dei
2057 1536 2231 1608 magni
2258 1534 2456 1588 consilii
2484 1535 2693 1607 angelus
2718 1534 2892 1608 (Esai.
2920 1552 2998 1601 ix,
3026 1535 3082 1602 6,
3107 1543 3208 1591 s'cc.
3232 1536 3422 1607 LXX).

1819 1626 1890 1684 Ut
1915 1641 2267 1698 personarum
2290 1626 2564 1683 disrinctio
2595 1628 2835 1682 absoluta
2863 1613 3011 1683 esset
3034 1669 3048 1694 ,
3076 1629 3301 1699 angelus
3327 1628 3423 1684 Dei

1819 1733 1900 1778 csr
1948 1729 2316 1790 nuncupatus;
2348 1721 2436 1789 qui
2465 1721 2606 1774 enim
2635 1729 2717 1774 est
2748 1721 2887 1774 Deus
2915 1735 2979 1775 ex
3030 1721 3157 1784 Deo,
3207 1723 3323 1790 ipse
3344 1732 3430 1777 est

1821 1821 1878 1870 et
1917 1813 2140 1884 angelus
2187 1812 2302 1868 Dei.
2355 1813 2426 1868 Ut
2456 1828 2585 1867 vero
2630 1812 2803 1867 honor
2829 1812 3044 1868 debitus
3071 1813 3390 1870 redderetur
3411 1855 3428 1882 ,

150 1908 236 1962 lata
262 1924 293 1962 a
337 1908 488 1963 nobis
517 1909 862 1978 potiusquam
892 1906 1227 1963 dissimulata
1261 1908 1567 1972 habentur;
1603 1909 1715 1978 ple—
1745 1915 1792 1975 B
1819 1915 1873 1964 et
1906 1908 2161 1962 Dominus
2192 1915 2248 1962 ct
2274 1907 2416 1963 Deus
2443 1915 2526 1962 cst
2557 1907 2900 1978 praedicatus.

148 2002 246 2057 nior
269 2015 493 2072 namque
521 2015 711 2056 eorum
736 2009 995 2055 tractatus
1025 1999 1482 2070 propositionibus
1501 2000 1716 2054 caeteris

147 2102 444 2149 reservatur.
489 2091 645 2148 Nunc
689 2094 830 2148 enim
873 2101 1077 2148 tantum
1126 2093 1191 2147 ad
1235 2093 1287 2147 id
1336 2093 1712 2163 respondetur,

146 2185 265 2256 quod
303 2187 355 2240 in
386 2185 730 2254 expositione
762 2183 886 2241 ﬁdei
928 2201 1077 2251 sine,
1112 2185 1195 2240 vel
1231 2184 1408 2256 potius
1434 2184 1674 2260 perﬁdia:
1698 2226 1714 2250 ,

147 2277 201 2333 ab
235 2279 408 2349 impiis
436 2278 642 2334 dictum
689 2287 803 2343 est,
834 2294 996 2333 unum
1024 2287 1230 2332 tantum
1267 2279 1430 2332 Deum
1477 2293 1505 2331 a
1536 2277 1719 2349 Moyse

146 2370 486 2440 praedicatum.
532 2371 600 2426 Et
629 2386 756 2427 vere
806 2373 875 2425 ita
931 2371 1279 2440 prmdicatum
1330 2370 1713 2439 meminimus,

147 2463 246 2531 quia
293 2479 432 2519 unus
476 2464 591 2536 88
632 2464 777 2518 Deus
821 2472 904 2519 est
933 2478 998 2518 ex
1055 2478 1162 2533 quo
1207 2463 1386 2516 omnia
1423 2481 1435 2516 :
1466 2462 1560 2518 sed
1609 2478 1718 2518 non

145 2563 402 2624 propterea
453 2553 813 2625 ignorantium
852 2569 972 2610 esse
996 2595 1010 2620 ,
1044 2556 1167 2624 quia
1214 2554 1254 2608 F
1259 2555 1382 2610 ilius
1413 2556 1554 2610 Dens
1599 2567 1716 2622 est;

145 2661 247 2700 cum
285 2645 427 2702 idem
474 2646 690 2719 Moyses
725 2647 895 2702 Deum
922 2657 977 2704 et
1025 2648 1192 2702 Deum
1240 2655 1354 2701 toto
1400 2645 1592 2718 Operis
1636 2649 1720 2703 sui

144 2752 345 2808 corpore
390 2737 464 2794 sit
505 2737 808 2809 professus.
857 2740 1022 2810 Igitur
1068 2739 1360 2796 videndum
1405 2750 1526 2806 est,
1588 2757 1722 2811 quo-

145 2831 283 2887 modo
323 2831 404 2905 (b)
434 2840 490 2887 et
529 2832 724 2888 electio
755 2842 808 2888 et
837 2831 914 2905 (2)
947 2832 1214 2907 legislatio
1259 2833 1424 2888 Deum
1469 2841 1525 2889 et
1552 2834 1721 2890 Deum

145 2926 243 2994 pari
269 2924 631 2982 confessionis
657 2925 848 2981 ordine
879 2925 1156 2997 praedicet.

203 3017 284 3074 25.
316 3018 545 3091 Angelus
593 3017 696 3073 Dei
746 3019 886 3089 Agar
937 3019 1211 3086 allocutus,
1251 3019 1390 3074 Deus
1423 3030 1516 3075 est.
1549 3018 1723 3075 Filius

145 3121 185 3166 et
233 3115 440 3187 angelus
494 3112 592 3168 Dei
646 3122 695 3168 et
736 3111 903 3169 Deus.
958 3143 1032 3154 ——
1080 3113 1207 3169 Post
1259 3114 1454 3169 multas
1493 3130 1725 3184 namque

147 3204 226 3260 Dei
285 3208 346 3261 ad
431 3205 704 3262 Abraham
772 3206 1165 3274 allocutiones,
1237 3223 1358 3262 cum
1438 3208 1722 3262 adversum

1893 1997 1984 2054 24.
2022 1998 2126 2054 Cur
2143 1998 2276 2052 idem
2305 1997 2517 2069 loquens
2539 1999 2606 2052 ad
2631 1999 2774 2073 Agar
2794 2001 3007 2072 angelus
3030 2041 3046 2068 ,
3071 2000 3140 2054 ad
3171 2000 3431 2054 Abraham

1825 2092 1966 2148 Deus
2010 2095 2230 2147 dicatur.
2271 2124 2342 2134 -—
2387 2093 2453 2146 Et
2501 2094 2587 2146 hic
2626 2093 2842 2164 quidem
2894 2095 3127 2163 primum
3161 2093 3428 2164 angelus,

1823 2188 2019 2244 deinde
2058 2187 2198 2242 idem
2230 2197 2416 2258 postea
2449 2195 2504 2242 et
2547 2188 2807 2242 Dominus
2836 2196 2890 2241 et
2915 2186 3059 2242 Deus
3093 2205 3106 2240 :
3149 2185 3215 2241 ad
3263 2186 3434 2242 Abra-

1824 2285 1946 2336 ham
1975 2297 2106 2336 vero
2148 2289 2351 2335 tantum
2385 2281 2548 2335 Dens.
2582 2279 2723 2334 Tuto
2773 2281 2917 2335 enim
2943 2321 2956 2344 ,
3006 2280 3117 2349 jam
3165 2293 3428 2348 persona-

1821 2390 1940 2430 rum
1973 2373 2052 2446 (4)
2081 2373 2410 2428 discretione
2433 2373 2731 2443 prremissa,
2764 2388 2832 2427 ne
2863 2370 3090 2426 solitarii
3119 2385 3274 2426 error
3295 2371 3426 2426 suh-

1823 2475 2004 2532 esset,
2057 2466 2364 2522 absolutum
2409 2476 2462 2522 et
2493 2480 2678 2520 verum
2714 2465 2969 2537 890jus
3017 2480 3211 2520 nomen
3257 2465 3428 2520 edici-

1826 2569 1932 2616 tur.
1978 2561 2252 2630 Scriptum
2285 2575 2518 2631 namque
2551 2569 2635 2615 est
2669 2578 2682 2616 :
2719 2559 2788 2613 Et
2817 2560 2948 2613 dixit
2981 2558 3124 2615 Deus
3153 2560 3224 2614 ad
3259 2559 3428 2614 Abra-

1826 2652 1976 2720 ham,
2010 2651 2143 2706 Ecce
2172 2651 2306 2708 Sara
2332 2667 2466 2706 uxor
2493 2661 2581 2706 tua
2608 2651 2772 2720 pariet
2809 2650 2977 2719 ﬁlium
3006 2652 3124 2715 tibi,
3151 2660 3199 2705 et
3226 2650 3428 2705 vocabis

1827 2758 2008 2797 nomen
2049 2743 2161 2813 ejus
2195 2741 2346 2797 Isaac
2379 2759 2398 2797 :
2429 2750 2474 2796 ct
2503 2751 2727 2796 statuant
2769 2751 3124 2798 testamentum
3166 2759 3334 2798 meum
3361 2745 3430 2798 ad

1827 2837 1975 2891 illum
2015 2838 2068 2890 in
2097 2845 2452 2890 testamentum
2481 2845 2726 2908 teternum
2752 2877 2766 2899 ,
2797 2845 2843 2890 et
2870 2837 3051 2890 semini
3080 2837 3192 2906 ejus
3220 2847 3333 2907 post
3357 2837 3428 2891 il-

1828 2930 1954 2984 lum.
1988 2928 2062 2984 De
2091 2928 2284 2982 Ismael
2305 2939 2496 2995 autem,
2524 2944 2639 2982 ecce
2666 2929 2908 2983 exaudiui
2939 2939 3005 2994 te,
3029 2939 3074 2983 et
3099 2929 3332 2982 benedixi
3359 2929 3426 2994 ei,

1828 3031 1875 3075 et
1905 3019 2230 3093 ampliﬁcatio
2259 3036 2370 3074 eum
2412 3020 2562 3074 valde
2595 3036 2614 3074 :
2645 3019 2911 3074 duodecim
2941 3028 3115 3090 gentes
3137 3019 3428 3090 generabit.

1829 3125 1875 3170 et
1905 3114 2034 3168 dabo
2058 3129 2175 3168 eum
2202 3115 2252 3166 in
2281 3121 2477 3186 gentem
2503 3128 2740 3183 magnam
2770 3109 2927 3183 (Gen.
2970 3127 3098 3176 xvu,
3135 3111 3201 3168 19
3230 3151 3246 3178 ,
3305 3111 3425 3183 20).

1834 3203 2104 3273 Numquid
2129 3203 2438 3274 ambigitur,
2475 3203 2600 3272 quin
2629 3203 2717 3275 qui
2746 3204 2971 3272 angelus
3002 3203 3094 3258 Dei
3125 3204 3298 3258 dictus
3323 3214 3427 3268 est,

143 3300 266 3366 Agar
315 3300 449 3356 Sara
509 3308 948 3356 commoveretur
973 3342 986 3366 ,
1029 3302 1312 3369 conceptni
1362 3302 1571 3356 ancilla:
1623 3301 1721 3355 do.
1753 3309 1798 3373 ο
1832 3299 1973 3356 idem
2004 3315 2219 3355 rursum
2250 3298 2462 3354 dicatur
2487 3305 2544 3354 et
2571 3298 2752 3353 Deus?
2779 3299 3099 3366 Pariterque
3141 3297 3209 3353 de
3238 3297 3430 3352 lsmael

144 3391 265 3447 mina
314 3394 526 3450 sterilis
574 3393 839 3458 invidens,
873 3408 1104 3464 cumque
1130 3392 1473 3449 discessisset
1514 3409 1544 3447 a
1595 3409 1727 3449 con-

143 3495 306 3554 Spectu
365 3489 529 3557 ejus,
608 3489 682 3542 ita
735 3485 804 3541 de
872 3501 933 3541 ea
997 3486 1272 3556 Scriptura
1319 3487 1608 3555 loquitur:
1654 3485 1725 3541 Et

144 3579 253 3634 dixit
269 3583 494 3652 Angelus
519 3579 734 3634 Domini
756 3579 824 3632 ad
845 3579 1008 3651 Agar,
1039 3578 1171 3632 Redi
1190 3579 1261 3632 ad
1280 3579 1543 3632 dominam
1559 3588 1721 3647 tuam,

143 3680 182 3723 ct
227 3671 431 3728 humilia
468 3683 520 3727 te
566 3671 662 3725 sub
710 3671 946 3725 manibus
984 3671 1113 3742 ejus.
1155 3669 1383 3725 Etdixit
1412 3671 1458 3724 ei
1499 3669 1724 3741 Angelus

144 3761 355 3831 Domini,
391 3749 754 3838 Multiplicaus
777 3763 1124 3835 multiplicabo
1154 3780 1323 3818 semen
1354 3774 1514 3824 tuum.
1542 3774 1587 3818 el
1616 3779 1720 3818 non

143 3855 526 3912 dinumerabitur
554 3875 587 3910 a
633 3856 961 3910 multitudine
992 3854 1144 3927 (Gen.
1191 3871 1306 3920 xvr,
1343 3855 1376 3911 9
1411 3896 1427 3920 ,
1492 3855 1604 3927 10).
1651 3854 1720 3910 Ει

142 3965 330 4007 rursum
369 3972 382 4007 :
415 3953 484 4008 Et
512 3954 710 4007 vocavit
749 3967 928 4006 nomen
960 3948 1170 4005 Domini
1195 3951 1281 4020 qui
1308 3950 1607 4019 loquebatur
1640 3965 1720 4005 se-

142 4060 240 4098 cum
260 4089 274 4113 ,
296 4046 369 4101 Tu
412 4047 560 4101 Deus
591 4047 677 4112 qui
720 4044 1002 4116 adspexisti
1049 4061 1126 4097 me
1157 4043 1344 4116 (lbid.,
1376 4044 1491 4114 15).
1541 4045 1720 4114 Ange-

141 4135 302 4212 lus(c)
342 4140 434 4196 Dei
484 4138 729 4207 loquitur
790 4136 1030 4208 (duplex
1073 4144 1250 4189 autem
1302 4134 1354 4189 in
1395 4135 1587 4206 angelo
1627 4136 1719 4191 Dei

142 4213 433 4300 signiﬁcatio
463 4241 552 4289 est
599 4251 612 4286 :
657 4232 773 4302 ipse
801 4230 893 4302 qni
923 4239 1039 4296 cst,
1069 4237 1125 4285 et
1151 4229 1242 4285 ille
1274 4229 1426 4299 cujus
1454 4239 1534 4285 est
1566 4229 1586 4302 )
1621 4248 1634 4283 :
1667 4238 1722 4285 et

143 4325 354 4396 loquitur
397 4345 511 4384 non
556 4342 644 4383 res
689 4323 985 4381 secundum
1036 4338 1233 4379 nomen
1290 4321 1454 4379 ofﬁcii
1499 4322 1614 4388 sui;
1647 4322 1724 4377 ait

201 4461 270 4532 (1)
302 4462 622 4518 Lartabatur.

199 4533 270 4606 (2)
297 4534 618 4607 Legisdatt'o.

202 4608 274 4678 (δ)
306 4605 434 4673 cum
457 4607 593 4662 sola.

205 4743 272 4815 (a)
299 4745 432 4800 Puta
462 4760 588 4816 qua:
617 4743 668 4798 in
692 4741 891 4816 eodem
922 4741 1085 4816 Prov.
1111 4739 1532 4816 cap._habenti_t_r
1570 4754 1583 4790 :
1619 4735 1728 4790 Do-

145 4809 290 4868 minis
328 4809 524 4871 creauit
567 4832 678 4883 me,
712 4823 848 4879 etc.,
880 4813 932 4869 in
977 4809 1538 4884 quibus’illnstrandis
1584 4817 1728 4862 totus

145 4884 240 4938 fere
264 4888 395 4942 liber
421 4905 497 4943 xu
521 4931 538 4950 ,
572 4895 886 4956 occupatur.

203 4957 268 5027 (b)
295 4960 472 5027 Apud.
513 4949 660 5028 Lips.
692 4949 749 5011 et
771 4957 921 5020 Par.,
951 4965 997 5009 et
1025 4951 1554 5028 lectioietlegislatt'o’.
1587 4949 1728 5006 Rec-

150 5023 234 5081 tius
253 5023 371 5085 aliis
397 5031 449 5085 in
485 5023 664 5095 libris,
693 5036 741 5082 et
765 5028 945 5082 electio
971 5035 1017 5080 et
1047 5023 1457 5100 legislatio,‘ho_c
1483 5033 1607 5100 est,
1627 5037 1726 5100 no_-_

148 5113 251 5152 vum
276 5116 335 5155 ac
359 5111 522 5156 vetus
566 5092 971 5155 Testamentum
1000 5139 1014 5161 ,
1059 5092 1354 5152 secundum
1397 5095 1529 5149 illud
1572 5092 1724 5149 Pauli

152 5169 285 5226 llum.
313 5187 391 5238 ιι,
431 5175 463 5226 7
497 5191 512 5230 :
552 5170 704 5239 Quod
733 5169 991 5240 quaerebat
1021 5167 1186 5222 Israel
1202 5166 1346 5240 ,whoc
1376 5182 1477 5240 non
1501 5174 1576 5240 est
1599 5181 1724 5240 con-

151 5253 324 5297 secutus
343 5286 357 5308 ,
379 5236 772 5300 electio'autem
796 5252 1064 5294 consecuta
1089 5249 1180 5293 est.
1213 5239 1348 5294 Hinc
1376 5237 1594 5308 planius
1610 5236 1724 5305 jam

154 5310 228 5366 lib.
249 5329 296 5379 ν,
327 5307 382 5371 n.
408 5315 467 5379 2,
502 5314 576 5368 ad
607 5314 812 5368 huncce
836 5311 1031 5366 librum
1071 5311 1248 5365 habita
1276 5310 1484 5363 ratione
1520 5326 1536 5364 :
1568 5307 1725 5362 Recte

153 5384 263 5439 enim
293 5401 449 5441 unum
479 5385 648 5442 Deum
671 5403 703 5438 a
730 5382 914 5454 Moyse
944 5383 1283 5452 praedicatum
1313 5379 1596 5454 Evangelia
1619 5387 1722 5433 tes-

157 5464 304 5527 tantur
324 5475 338 5512 :
360 5469 407 5512 et
431 5474 646 5527 rursum
666 5450 885 5525 ﬁdeliter
909 5450 961 5508 in
985 5454 1278 5527 Euangeliis
1298 5450 1471 5506 Deum
1491 5461 1538 5506 et
1564 5450 1724 5527 Deum

156 5526 561 5602 {lacertjloyses
589 5522 756 5602 Deum
783 5543 940 5602 unum
962 5522 1247 5602 praedicans
1271 5532 1450 5578 auctor
1471 5533 1563 5580 est.
1590 5522 1726 5602 Hinc

159 5594 286 5668 lacile
303 5594 531 5656 diluiiur
559 5600 830 5667 obiectum
871 5594 1024 5663 illud,
1056 5596 1200 5667 quod
1232 5611 1328 5668 per
1357 5610 1417 5650 se
1451 5594 1720 5668 occurrit:

160 5667 494 5727 Sieleetinnis
534 5683 594 5726 et
621 5669 968 5737 Ii-gislationis
1015 5667 1241 5723 nomine
1279 5667 1628 5737 Evangelium
1672 5671 1727 5718 et

163 5739 304 5809 legem
338 5743 612 5815 intelligat
649 5736 886 5815 Hilarius
907 5780 922 5806 ,
957 5754 1066 5815 eur_
1080 5739 1339 5810 deinceps
1369 5736 1577 5815 en’sola
1606 5736 1727 5815 lege

163 5805 320 5884 etiam:
342 5829 406 5870 ex
440 5805 737 5882 Evangelia
764 5805 929 5867 Deum
957 5817 1021 5884 et
1041 5813 1206 5884 Deum
1231 5805 1728 5884 ostenditj'Qnippe

168 5873 301 5936 uitaui
351 5897 464 5940 rem
510 5873 852 5939 coistantem
902 5882 1087 5953 ponit,
1140 5881 1305 5937 Deum
1354 5889 1410 5935 et
1456 5873 1727 5935 Demn'in

1829 3408 2010 3448 sermo
2041 3403 2119 3448 est
2145 3434 2158 3456 ,
2186 3399 2242 3448 et
2281 3406 2426 3446 nunc
2457 3399 2511 3446 et
2539 3391 2739 3444 dudum
2772 3390 3210 3460 multiplicandns
3239 3391 3305 3444 ab
3336 3406 3431 3445 eo-

1828 3484 1951 3540 dem
1979 3493 2080 3540 est.
2115 3483 2180 3539 Et
2217 3499 2284 3540 ne
2314 3483 2452 3539 forte
2482 3497 2586 3537 non
2617 3481 2758 3537 idem
2788 3525 2800 3545 ,
2831 3481 2921 3552 qui
2949 3489 3096 3536 esset
3125 3483 3331 3535 locutus
3356 3481 3425 3536 ad

1827 3579 1992 3648 Agar,
2024 3593 2129 3632 non
2162 3576 2308 3646 loqui
2333 3575 2678 3630 crederetur:
2708 3573 2952 3644 ejusdem
2984 3587 3231 3644 persona:
3259 3574 3427 3643 signi-

1828 3670 2134 3725 ﬁcationem
2165 3669 2382 3724 divinus
2421 3683 2600 3723 sermo
2632 3675 2858 3722 testatur
2881 3708 2896 3732 ,
2926 3667 3114 3722 dicens
3134 3707 3150 3729 ,
3183 3665 3249 3720 Et
3275 3666 3428 3721 bene-

1825 3763 1936 3817 dixi
1959 3762 2040 3832 (5’)
2061 3763 2108 3817 ei
2127 3771 2172 3817 et
2201 3758 2269 3833 (e)
2295 3759 2643 3830 multiplicabo
2674 3775 2808 3814 eum.
2843 3759 3153 3814 Benedictio
3177 3773 3247 3814 ex
3283 3773 3424 3828 pra:-

1824 3855 1984 3912 terito
2014 3865 2132 3921 est;
2164 3854 2275 3925 jam
2306 3857 2448 3909 enim
2476 3854 2542 3908 ad
2584 3855 2728 3925 Agar
2755 3867 2936 3908 sermo
2965 3852 3135 3908 fuerat
3159 3870 3172 3906 :
3194 3852 3273 3924 (f)
3301 3868 3423 3906 am-

1819 3947 2079 4020 pliﬁcatio
2127 3963 2257 4004 vero
2291 3949 2342 4002 in
2397 3946 2662 4011 futurum;
2719 3960 2862 4001 nunc
2917 3945 3060 4001 enim
3090 3945 3322 4013 primum
3353 3944 3423 3999 ad

1820 4044 2094 4099 Abraham
2123 4043 2190 4098 de
2211 4042 2401 4099 lsmacl
2427 4042 2568 4098 Deus
2588 4040 2842 4111 loquitur.
2868 4037 2945 4112 (g)
2971 4037 3037 4092 Et
3057 4037 3121 4091 ad
3147 4036 3421 4091 Abraham

1826 4136 1969 4191 Deus
1996 4135 2265 4207 loquitur;
2290 4135 2355 4189 ad
2384 4136 2530 4205 Agar
2555 4146 2685 4189 vero
2710 4130 2936 4202 angelus
2966 4130 3058 4185 Dei
3083 4129 3295 4185 locutus
3318 4138 3422 4185 cst.

1827 4227 1970 4283 Deus
2012 4228 2175 4298 igitur
2202 4237 2286 4282 est
2309 4270 2324 4296 ,
2355 4227 2444 4297 qui
2481 4225 2557 4297 (lt)
2591 4234 2646 4280 et
2673 4223 2898 4295 angelus
2925 4232 3008 4277 est
3040 4236 3054 4274 :
3097 4222 3223 4292 quia
3250 4223 3339 4292 qui
3369 4231 3428 4278 et

1825 4322 2049 4395 angelus
2078 4321 2172 4378 Dei
2199 4329 2317 4388 est,
2352 4321 2492 4376 Deus
2521 4328 2697 4375 estex
2731 4318 2839 4372 Deo
2883 4322 3060 4370 natus.
3107 4313 3201 4371 Dei
3241 4323 3423 4372 autent

1900 4458 1980 4530 (4)
2021 4459 2380 4530 Distinctione.

1902 4529 1982 4605 (5)
2021 4529 2179 4599 Eum,
2203 4540 2251 4586 et
2277 4529 2606 4603 ampliﬁcabo
2627 4546 2762 4585 eum.

1753 4737 1808 4799 D
1837 4733 2130 4804 Evangelio
2160 4731 2322 4789 claris
2345 4730 2524 4787 verbis
2548 4728 2866 4804 praedicari;
2901 4727 2970 4783 ita
2992 4736 3064 4804 ut_
3079 4735 3187 4781 tum
3213 4739 3279 4780 ex
3307 4724 3428 4804 lege

1835 4816 1942 4860 tum
1975 4798 2040 4860 ex
2073 4803 2360 4871 Evangelio
2391 4804 2492 4856 hoc
2522 4798 2728 4856 certum
2757 4801 2994 4871 futurum
3023 4798 3129 4863 sit,
3176 4810 3296 4871 eum
3341 4798 3426 4851 lex

1832 4887 2050 4932 ostensa
2079 4867 2246 4931 fuerit
2283 4873 2386 4928 hac
2415 4874 2576 4927 etiam
2619 4880 2768 4940 parte
2803 4886 2924 4924 cum
2960 4867 3250 4940 Evangelia
3293 4881 3427 4940 con-

1831 4949 2058 5004 sentire.
2091 4946 2246 5003 Unde
2271 4944 2498 5020 Genesis
2529 4938 2696 4996 Deum
2726 4950 2780 4996 et
2813 4941 2977 4994 Deum
3006 4939 3239 5020 elocuta,
3258 4953 3312 4992 ιι.
3332 4938 3423 5005 18,

1831 5021 2027 5091 dicitur
2045 5061 2059 5084 ,
2092 5018 2440 5091 evangelicultt
2467 5018 3229 5091 sacramentatit-annuntians....

1902 5090 1983 5163 (ε)
2015 5079 2519 5163 Sola_edi_t‘io_Par_.,
2563 5085 2787 5163 Angelus
2829 5080 2966 5163 Deus
3005 5096 3036 5163 :_
3063 5079 3326 5162 refellitur
3351 5095 3424 5163 es

1827 5151 2108 5217 subn'exis.
2148 5160 2226 5215 De
2248 5155 2591 5213 distinctione
2620 5151 2738 5224 ejus
2762 5153 2848 5223 qui
2875 5160 2948 5208 est
2989 5151 3056 5207 ab
3083 5165 3150 5206 eo
3177 5152 3323 5222 cujus
3353 5159 3429 5206 est

1827 5233 1938 5305 jam
1967 5244 2143 5288 aetum
2170 5230 2345 5285 estad
2372 5229 2464 5283 lib.
2496 5241 2553 5287 tr.
2583 5242 2638 5280 η.
2669 5225 2760 5279 32.

1906 5303 1985 5378 (dp)
2011 5303 2071 5378 lu
2104 5303 2378 5378 plerisque
2405 5312 2471 5352 ac
2500 5295 2960 5378 potioribusmss.
2988 5295 3264 5378 qua:__sola.
3372 5366 3404 5378 η

1906 5366 1979 5448 (ε)
2010 5366 2120 5432 Ms:
2156 5366 2382 5429 Carnut.
2436 5366 2716 5441 ampliabo.
2759 5367 2870 5423 Alii
2917 5367 3182 5432 nonnulli,
3240 5366 3432 5436 ampli-

1871 5448 2015 5504 cubo.

1829 5448 2138 5592 ﬁus.
2179 5516 2500 5592 Colb._cum
2542 5513 2728 5592 ﬁert!!-
2775 5509 3085 5592 σωριίςαδρ·
3139 5507 3262 5592 VP“
3309 5509 3428 5592 19:“.-

1830 5581 2156 5662 am'pl'iﬁcabo
2184 5606 2204 5644 :
2231 5589 2372 5658 quod
2405 5603 2511 5644 non
2543 5585 2877 5656 displiceret,
2909 5581 2959 5638 si
2989 5581 3136 5654 prius
3172 5582 3430 5650 benedixi,

1829 5677 1937 5717 non
1966 5663 2246 5718 benedictio
2269 5663 2557 5732 legeretur.

1904 5734 1980 5804 (g)
2007 5734 2188 5791 Verba
2209 5776 2223 5799 ,
2249 5745 2293 5788 et
2322 5725 2393 5787 id
2430 5729 2692 5786 Abraham
2741 5727 2878 5782 Deus
2915 5727 3174 5798 loquitur,
3212 5725 3268 5780 in
3303 5732 3433 5781 ante

1831 5806 2065 5875 vulgatis
2087 5808 2310 5872 omissa,
2341 5807 2698 5861 restituuntur
2726 5817 2792 5875 ex_
2824 5814 2956 5875 mss.
2987 5869 2998 5875 _
3113 5862 3143 5875 _,
3198 5840 3214 5858 ιλ
3247 5837 3286 5875 -_
3401 5822 3412 5875 '_

1830 5904 1853 5936 ις
1907 5867 1986 5947 (7t)
2012 5874 2070 5933 In
2096 5867 2357 5948 vulgatis,
2409 5884 2456 5931 et
2509 5876 2600 5944 qui
2641 5873 2856 5942 angelus
2902 5867 2998 5926 Dei
3050 5873 3155 5936 est,
3200 5867 3319 5938 quia
3374 5872 3422 5919 et
