3960 6202
551 387 647 442 H3
1723 383 1965 438 SANCTI
2007 381 2259 438 lllLAltll
2305 380 2606 436 ltll‘lSCtll‘l
3737 384 3823 438 illi

544 503 768 573 angelus
789 503 858 558 ob
885 503 935 557 id
965 503 1158 568 dictus,
1191 500 1312 571 quia
1335 500 1510 572 magni
1527 501 1740 555 consilii
1768 512 1854 556 est
1869 501 2089 572 angelus
2122 517 2134 554 :
2163 502 2220 564 Α
2243 511 2291 554 ct
2322 503 2550 569 concepit
2585 513 2630 556 et
2657 503 2849 574 peperit
2879 502 3013 557 Sara
3037 501 3259 556 Abt'ahce
3284 502 3449 571 ﬁlium
3497 503 3552 555 in
3594 513 3826 559 senectute

547 598 690 653 Deus
732 611 863 652 vero
907 595 1050 650 idem
1093 604 1275 666 postea
1317 592 1720 648 demonstratus
1766 601 1886 660 est,
1939 609 2006 648 ne
2047 591 2140 662 qui
2244 610 2359 660 sua,
2387 604 2434 648 et
2465 595 2517 648 in
2541 605 2766 666 tempore
2791 596 2922 650 sicut
2949 595 3152 649 locutus
3191 604 3264 648 est
3293 594 3376 648 illi
3406 593 3660 649 Dominus
3688 594 3823 667 (Gen.

549 689 688 745 Deus
731 699 834 751 est,
866 702 987 744 esse
1013 687 1237 759 angelus
1268 685 1600 741 crederetur.
1649 684 1919 756 Sequatur
1962 700 2143 740 sermo
2245 701 2371 752 ιιι,
2407 685 2430 740 ‘l
2470 727 2484 751 ,
2533 685 2630 757 2).
2659 686 2859 742 Dehinc
2900 685 3123 756 expulsa
3159 686 3239 750 _de
3278 685 3512 740 Abrahzn
3536 685 3698 740 domo
3721 701 3824 742 cum

551 780 796 836 ordinem
840 795 1038 840 rerum.
1108 779 1346 850 Angelus
1382 777 1589 833 Domini
1635 777 1702 832 ad
1742 777 1887 848 Agar
1934 778 2146 835 locutus
2249 776 2361 830 lilio
2386 793 2486 834 suo
2513 779 2792 844 ancilla,et
2819 781 2870 832 in
2894 779 3109 834 deserto
3134 779 3206 832 ob
3233 794 3387 849 aqua;
3417 779 3653 849 inopiam
3684 780 3828 836 inter.

549 880 665 937 est;
703 871 845 925 idem
877 869 945 925 ad
974 868 1244 925 Abraham
1296 870 1436 923 Deus
1468 867 1738 938 loquitur,
1767 885 1830 923 ex
1860 868 2049 923 eodem
2079 867 2148 922 ad
2249 869 2381 924 ilum
2425 871 2573 940 pueri
2625 871 2846 926 timente
2881 913 2894 935 ,
2939 871 3126 926 eadem
3177 871 3452 941 Scriptura
3501 871 3615 937 ait,
3667 870 3734 944 (c)
3777 873 3832 928 Et

551 973 839 1035 utrumque
868 963 927 1018 lit
955 979 1159 1018 sermo.
1179 961 1522 1017 Benedicitur
1546 961 1753 1028 lsmael,
1785 971 1840 1018 et
1858 962 1908 1016 in
1932 968 2149 1032 gentem
2250 963 2511 1017 exaudivit
2543 960 2798 1018 Dominus
2831 963 2969 1017 Deus
2998 979 3166 1018 vocem
3187 965 3332 1034 pueri
3351 963 3439 1018 ubi
3463 973 3574 1017 erat
3592 1007 3607 1028 ,
3635 974 3680 1016 et
3704 979 3834 1019 voca-

551 1071 798 1128 magnam
827 1053 1240 1124 amplifn-andus
1267 1069 1387 1109 esse
1418 1053 1772 1123 promittitur.

619 1150 710 1204 25.
742 1149 1051 1220 Referuutur
1075 1159 1118 1200 et
1145 1147 1248 1200 alia
1277 1147 1403 1209 visa,
1428 1147 1585 1213 dicta,
1614 1154 1853 1216 gesta.—
1875 1144 2154 1214 Scriptura

555 1251 607 1296 et
640 1257 734 1311 per
764 1239 1031 1295 Abraham
1059 1280 1073 1300 ,
1110 1239 1274 1293 Deum
1322 1253 1444 1292 esse
1473 1237 1559 1307 qui
1593 1237 1904 1306 loqueretur
1924 1278 1938 1300 ,
1967 1244 2154 1290 osten-

555 1337 656 1392 dit.
686 1335 914 1390 Abraba:
954 1349 1166 1404 quoque
1192 1331 1341 1386 Isaac
1387 1330 1524 1384 lilius
1565 1331 1918 1400 promittitur.
1955 1329 2158 1385 Dehinc

559 1437 747 1501 postea
775 1429 1039 1482 assistunt
1071 1427 1166 1480 viri
1197 1433 1327 1480 tres.
1355 1423 1625 1479 Abraham
1657 1421 1960 1492 conspectis
1988 1421 2159 1477 tribus

559 1539 724 1578 unum
783 1522 1012 1588 adorat,
1070 1529 1125 1574 et
1180 1518 1466 1574 Dominum
1523 1517 1829 1574 conﬁtetur.
1883 1518 2160 1586 Scriptura

561 1614 838 1671 adstitisse
865 1613 1013 1668 viros
1044 1623 1154 1667 tres
1189 1610 1358 1667 edidit
1389 1628 1401 1664 :
1431 1609 1526 1666 sed
1554 1608 1857 1680 patriarcha
1881 1624 1987 1663 non
2010 1608 2164 1679 igno-

561 1717 648 1762 rat
687 1705 779 1778 qui
827 1715 878 1760 et
929 1704 1235 1760 adorandus
1285 1706 1352 1758 sit
1397 1714 1450 1759 et
1479 1701 1840 1758 conlitendus.
1869 1701 2164 1757 lndiscreta

564 1799 933 1854 assistentium
976 1798 1184 1868 species
1227 1807 1340 1864 est;
1388 1795 1482 1851 sed
1537 1795 1627 1850 illc
1681 1796 1964 1850 Dominum
2010 1810 2163 1849 suum

2253 1054 2321 1107 vit
2361 1054 2572 1124 angelus
2613 1053 2706 1108 Dei
2735 1055 2873 1124 Agar
2915 1055 2979 1108 de
3025 1055 3188 1120 calo,
3239 1063 3288 1107 et
3327 1055 3461 1108 dixit
3497 1056 3569 1117 ei,
3606 1053 3736 1120 Quid
3773 1065 3837 1110 est

2256 1145 2434 1215 Agar?
2450 1137 2559 1199 itali
2585 1147 2794 1210 timere;
2815 1147 3075 1200 exaudivit
3098 1147 3229 1200 enim
3254 1144 3396 1200 Deus
3423 1162 3593 1201 vocem
3625 1149 3758 1218 pueri
3779 1149 3833 1200 de

2259 1236 2370 1290 loco
2400 1239 2453 1291 in
2479 1254 2577 1307 quo
2598 1247 2694 1294 est.
2728 1237 2918 1309 Surge,
2955 1249 3001 1292 et
3049 1238 3224 1308 accipe
3266 1255 3503 1306 puerum,
3530 1249 3582 1292 et
3608 1249 3715 1293 tene
3740 1257 3836 1293 ma-

2261 1345 2384 1383 num
2409 1333 2542 1401 ejus;
2572 1332 2624 1384 in
2653 1341 2852 1402 gentem
2880 1331 3014 1384 enim
3044 1347 3281 1402 magnam
3313 1331 3504 1401 faciam
3525 1345 3640 1386 eum
3665 1329 3833 1400 (lbid.,

2265 1424 2376 1487 t7,
2422 1422 2533 1494 l8).

2335 1518 2426 1574 26.
2454 1517 2834 1590 Expenduntur
2875 1517 3095 1588 singula.
3135 1517 3304 1572 Filius
3347 1527 3395 1571 et
3443 1517 3620 1589 magni
3665 1518 3842 1572 consilii

2267 1612 2481 1683 angelus
2507 1623 2602 1677 est,
2627 1621 2677 1666 et
2709 1610 2978 1676 Dominus,
3005 1621 3053 1666 et
3077 1611 3232 1666 Deus.
3255 1639 3325 1651 --
3341 1611 3472 1678 Qua!
3498 1610 3728 1681 perfidia:
3755 1625 3845 1665 crc-

2269 1705 2404 1760 citas
2430 1712 2543 1770 est,
2575 1719 2695 1774 quae
2735 1704 2996 1759 increduli
3025 1704 3205 1760 cordis
3233 1703 3312 1777 (d)
3343 1704 3561 1760 obutsio
3597 1710 3715 1768 est,
3743 1718 3846 1773 qute

2271 1797 2686 1868 irreligiositatis
2747 1797 3052 1863 temeritas,
3109 1806 3200 1851 aut
3253 1799 3507 1866 ignorare
3567 1795 3714 1861 haec,
3771 1803 3849 1849 aut

569 1893 693 1946 lidei
724 1893 892 1947 oculis
921 1901 977 1946 et
1004 1893 1121 1946 visu
1144 1891 1344 1947 mentis
1376 1890 1614 1962 agnovit.
1647 1889 1852 1944 Dehinc
1880 1891 2124 1960 sequitur
2150 1907 2164 1945 :
2196 1892 2245 1952 B
2273 1906 2379 1946 non
2429 1891 2669 1960 ignorata
2709 1889 3023 1960 negligere?
3053 1891 3212 1945 Certe
3248 1891 3319 1944 ita
3349 1889 3762 1944 commemorata
3805 1895 3850 1942 et

570 1984 635 2038 Et
651 1985 904 2057 90dizit
926 1985 991 2051 ei,
1008 1983 1282 2038 Revertens
1308 1983 1503 2038 veniam
1522 1981 1590 2036 ad
1613 1991 1660 2037 te
1678 1982 1745 2035 ad
1767 1981 1861 2034 hoc
1889 1991 2086 2052 tempus
2114 1982 2169 2034 in

571 2082 800 2150 futurum
819 2120 834 2144 ,
866 2088 912 2133 et
941 2077 1138 2132 habebit
1163 2077 1330 2146 ﬁlium
1376 2076 1512 2132 Sara
1556 2091 1684 2130 uxor
1716 2084 1802 2129 tua
1831 2074 1983 2148 (Gen.
2013 2090 2168 2142 xvni,

575 2170 697 2241 l0).
729 2169 792 2224 Et
822 2178 942 2240 post
981 2169 1097 2225 inec
1138 2168 1274 2223 dixit
1317 2169 1365 2223 ei
1394 2167 1652 2222 Dominus
1673 2209 1687 2232 ,
1718 2165 1842 2220 Non
1876 2165 2048 2220 celabo
2081 2183 2172 2238 ego

574 2261 832 2315 Abraham
862 2259 941 2334 (1)
980 2277 1195 2327 puerum
1217 2276 1383 2313 meum
1414 2274 1528 2328 qua:
1560 2262 1792 2330 [acturus
1822 2273 1936 2310 sum
1962 2255 1980 2328 (
2004 2255 2172 2323 lbid.,

579 2354 690 2425 17).
722 2354 786 2410 Ει
814 2368 1028 2408 rursum
1061 2371 1073 2406 :
1106 2350 1252 2408 Dixit
1277 2362 1446 2407 autem
1474 2351 1748 2417 Dominus,
1779 2348 1984 2405 Clamor
2008 2349 2178 2405 Sodo—

578 2465 776 2502 morum
807 2457 853 2502 et
881 2445 1180 2502 Gomorrhw
1224 2447 1462 2515 impletus
1506 2455 1612 2512 est,
1649 2453 1700 2500 et
1743 2453 1951 2514 peccata
2002 2459 2178 2498 eorum

580 2556 770 2612 magna
820 2539 966 2594 valde
1015 2537 1203 2612 (Ibid.,
1248 2537 1366 2611 20).
1407 2538 1473 2594 Et
1507 2541 1735 2593 ‘rursum
1785 2546 1903 2606 post
1953 2535 2180 2590 multum

581 2636 744 2691 alium
778 2649 1106 2698 sermonem,
1129 2649 1288 2705 quem
1313 2632 1590 2689 brevitatis
1616 2629 1793 2686 studio
1819 2628 2182 2698 prietemitti-

583 2745 723 2794 mus,
753 2745 875 2784 cum
907 2727 973 2784 de
991 2727 1151 2798 justis
1180 2744 1282 2782 una
1312 2743 1434 2784 cum
1467 2727 1676 2796 injustis
1701 2723 1986 2795 perdendis
2010 2723 2182 2777 Abra-

587 2825 709 2879 ham
732 2833 877 2880 esset
902 2823 1184 2889 sollicitus,
1217 2823 1292 2876 ait
1324 2839 1336 2875 :
1363 2821 1721 2889 Nequaquam,
1745 2835 1831 2888 qui
1850 2818 2060 2890 judicas
2086 2827 2186 2871 ter-

584 2935 719 2985 ram,
749 2919 904 2988 facies
933 2915 1029 2970 hoc
1049 2916 1323 2980 iudicium.
1347 2912 1424 2984 (a)
1454 2910 1521 2964 Et
1551 2912 1681 2965 dixit
1712 2909 1985 2978 Dominus,
2021 2911 2096 2982 (9)
2125 2910 2187 2966 Si

583 3014 822 3065 invenero
837 3011 887 3062 iu
902 3006 1142 3063 Sodomis
1159 3004 1526 3077 quinquaginta
1529 3007 1559 3077 j
1565 3012 1702 3059 ustos
1719 3004 1999 3069 incivitate,
2016 3003 2188 3056 remit-

587 3117 688 3162 tant
721 3107 858 3160 omni
885 3105 996 3158 loco
1023 3111 1230 3173 propter
1260 3101 1336 3171 (b)
1368 3101 1483 3156 illos
1511 3099 1643 3173 (1b.,
1667 3101 1760 3167 ‘25,
1813 3101 1882 3154 9.6
1901 3100 1939 3170 ).
1977 3099 2044 3154 Et
2071 3117 2187 3156 rur-

588 3215 709 3254 sum
753 3181 1128 3254 consummato
1159 3208 1414 3250 sermone
1442 3193 1508 3248 ad
1539 3193 1640 3248 Lot
1668 3193 1886 3248 fratrem
1919 3193 2187 3262 Abrahae,

2274 1983 2417 2039 dicta
2448 1993 2594 2048 sunt,
2641 1998 2710 2038 ne
2754 1983 3160 2054 intelligentiam
3197 1983 3442 2039 veritatis
3485 1997 3640 2038 error
3683 1981 3852 2052 aliquis

2276 2087 2365 2132 aut
2396 2077 2699 2132 obscuritas
2732 2077 3040 2147 impediret.
3069 2076 3198 2144 Quae
3236 2076 3282 2131 si
3315 2091 3420 2132 non
3453 2089 3615 2146 posse
3644 2073 3853 2145 ignorari

2277 2169 2604 2236 doceamus;
2657 2170 2948 2240 impietatis
2995 2184 3115 2226 esse
3163 2169 3234 2242 (ε)
3280 2170 3485 2225 crimen
3537 2183 3752 2225 necesse
3785 2177 3855 2223 est

2279 2263 2422 2334 quod
2449 2275 2696 2335 negatur.
2728 2265 2964 2336 Angelus
2993 2264 3086 2320 Dei
3135 2265 3285 2332 loqui
3304 2264 3371 2319 ad
3415 2266 3560 2334 Agar
3587 2265 3762 2333 carpit,
3792 2261 3855 2316 ls-

2282 2355 2510 2412 maelem
2541 2355 2594 2410 iu
2622 2366 2835 2426 gentem
2866 2371 3113 2427 magnam
3139 2356 3486 2423 adauCturus,
3513 2357 3674 2426 eique
3696 2353 3771 2427 (4)
3790 2355 3857 2407 in-

2285 2449 2674 2505 numerabilem
2731 2451 2838 2523 91
2897 2452 3073 2522 gentis
3135 2451 3449 2521 progeniem
3510 2460 3856 2521 praelaturos.

2282 2543 2563 2599 Confessio
2601 2544 2868 2600 audientis
2895 2553 2947 2600 et
2972 2545 3257 2599 Dominum
3294 2558 3418 2598 eum
3462 2558 3586 2598 esse
3624 2553 3678 2599 et
3715 2544 3858 2597 Deum

2285 2634 2496 2690 edocet.
2528 2634 2810 2691 Sermonis
2837 2637 2980 2692 enim
3011 2637 3292 2692 exordium
3330 2635 3399 2690 ab
3431 2635 3628 2706 angelo
3657 2635 3743 2689 Dei
3767 2647 3861 2690 c03-

2289 2731 2364 2799 pit
2384 2771 2399 2796 ,
2437 2729 2532 2785 sed
2561 2731 2613 2786 in
2643 2730 2984 2786 confessione
3015 2732 3106 2786 Dei
3136 2731 3396 2785 constitit.
3432 2730 3508 2785 Ita
3540 2731 3630 2800 qui
3662 2729 3737 2800 (5)
3777 2730 3862 2784 sub

2290 2825 2590 2881 ministerio
2623 2825 2692 2898 (ι’)
2718 2826 2893 2895 magni
2938 2825 3149 2880 consilii
3187 2824 3502 2890 nuntiandi,
3545 2825 3637 2881 Dei
3667 2824 3863 2895 angi-lus

2291 2927 2393 2984 est,
2425 2918 2540 2988 ipse
2565 2927 2619 2973 et
2655 2929 2841 2972 natura
2868 2925 2924 2972 et
2953 2917 3170 2972 nomine
3201 2917 3339 2972 Deus
3367 2925 3469 2972 est.
3498 2915 3703 2970 Nomen
3739 2915 3862 2971 enim

2293 3021 2517 3075 naturae,
2544 3026 2652 3065 non
2677 3010 2880 3065 nomini
2904 3019 3092 3065 natura
3115 3008 3480 3079 componitur.
3511 3007 3703 3063 Iisdem
3722 3008 3864 3062 etiam

2291 3103 2360 3160 de
2389 3104 2551 3160 rebus
2577 3104 2642 3158 ad
2666 3103 2936 3159 Abraham
2970 3103 3110 3158 Deus
3134 3102 3371 3172 loquitur
3397 3117 3411 3156 :
3443 3101 3521 3175 (g)
3549 3101 3865 3157 benedictum

2289 3197 2401 3266 jam
2459 3197 2665 3253 lsmaeli
2723 3200 2968 3263 docetur,
3027 3205 3083 3252 et
3127 3197 3592 3266 multiplicandum
3645 3197 3867 3250 eumdem

591 3293 864 3360 Scriptura
895 3291 1057 3353 dicit,
1083 3287 1150 3342 Et
1174 3285 1425 3341 Dominus
1449 3285 1526 3357 (5)
1557 3287 1683 3356 pluit
1720 3303 1874 3356 super
1905 3288 2188 3342 Sodomam
2216 3285 2260 3346 C
2294 3306 2414 3346 esse
2437 3293 2488 3346 in
2514 3301 2729 3362 gentem
2758 3309 2770 3344 :
2799 3288 3081 3353 Benedicti,
3109 3289 3312 3359 inquit,
3341 3289 3390 3344 ei
3414 3288 3566 3360 (Gen.
3592 3302 3702 3342 xvn
3723 3330 3742 3351 ,
3771 3288 3867 3349 ⁴20).

590 3395 639 3441 et
688 3381 1028 3438 Gomorrham
1070 3380 1289 3450 sulphur
1335 3389 1383 3433 et
1435 3380 1603 3451 ignem
1642 3397 1672 3432 a
1705 3379 1924 3434 Domino
1965 3382 2029 3435 de
2064 3384 2189 3437 caelo

595 3477 749 3548 (Gen.
783 3492 892 3538 nx,
925 3473 1040 3545 2i).
1075 3473 1141 3528 Et
1170 3488 1382 3526 rursum
1415 3488 1426 3523 :
1465 3469 1529 3523 Et
1554 3468 1803 3524 Dominus
1833 3474 2048 3526 uisitauit
2085 3473 2187 3527 Sa-

590 3589 728 3638 ram,
759 3571 889 3625 sicut
910 3568 1070 3630 dixit,
1097 3575 1146 3620 et
1181 3565 1298 3635 fecit
1325 3562 1466 3618 Deus
1503 3562 1653 3619 Sara:
1691 3563 1821 3617 sicut
1852 3563 2052 3621 locutus
2079 3578 2186 3635 est,

665 3710 682 3778 (
694 3703 744 3777 l)
776 3703 948 3761 Puero
979 3719 1110 3759 meo.

665 3771 744 3848 (2)
781 3779 841 3848 Si
869 3778 1106 3830 invenero
1139 3771 1400 3848 Sodomis.

665 3840 744 3922 (ὅ)
774 3847 951 3902 Pluvit
971 3861 1123 3918 super
1152 3843 1380 3900 Sodoma
1409 3852 1455 3898 et
1483 3840 1765 3898 Gomorra.

595 3965 720 4034 qui,
746 3971 852 4018 etc.
879 3958 1192 4034 Elegantius
1226 3959 1278 4013 in
1320 3972 1449 4012 mss.
1484 3958 1577 4034 _qui
1607 3967 1653 4011 et
1682 3958 1896 4034 angelus
1935 3970 2042 4026 est,
2075 3963 2193 4018 sine

598 4029 718 4092 Dei.
739 4033 932 4111 ﬂilarii
954 4029 1348 4111 erpositionem
1372 4029 1692 4111 conﬁrmare
1709 4029 1908 4111 iuverit
1926 4049 1996 4111 es
2028 4036 2187 4111 epist.

597 4107 815 4164 concilii
852 4101 1141 4160 Antbioch.
1167 4101 1234 4158 de
1271 4101 1753 4176 ChristoAdicentis
1786 4119 1798 4154 :
1835 4102 1935 4170 Qui
1973 4105 2191 4176 impleas

596 4181 905 4234 voluntatem
953 4183 1230 4247 paternam
1264 4173 1821 4247 patriarchisapparct
1842 4215 1855 4239 ,
1888 4182 1937 4227 et
1958 4173 2078 4247 cum
2117 4179 2190 4232 eis

601 4252 854 4321 loquitur,
888 4243 1158 4321 incudem
1184 4245 1516 4321 clausultset
1557 4243 1745 4321 eisdem
1791 4246 2040 4321 capitibus
2091 4247 2185 4301 ali-

601 4314 806 4392 quando
861 4319 1062 4392 quidem
1117 4327 1377 4392 tamquam
1428 4314 1675 4386 Angelus,
1725 4317 2029 4392 quandoque
2073 4333 2190 4373 vero

601 4387 859 4461 tantquam
889 4388 1162 4454 Dominus,
1187 4387 1492 4461 quandoque
1517 4396 1692 4461 autem
1724 4387 2006 4461 Deusesse
2042 4393 2193 4459 afﬁr-

601 4458 986 4534 matur._Deum
1007 4461 1141 4512 enim
1161 4459 1382 4534 universi
1403 4458 1616 4534 impium
1643 4459 2017 4534 estexistimari
2027 4475 2196 4534 _ange-

603 4536 729 4588 lum.
761 4531 935 4586 Filius
957 4547 1072 4584 vero
1099 4530 1308 4597 angelus
1333 4528 1510 4583 Patris
1529 4539 1620 4591 est,
1649 4531 1736 4599 qui
1765 4539 1838 4582 est
1877 4530 1984 4600 ipse
2016 4528 2198 4584 Domi-

602 4623 700 4660 nus
725 4613 770 4658 et
797 4603 950 4656 Deus.
973 4603 1236 4672 Scriptum
1259 4611 1331 4672 est
1353 4602 1509 4672 enim,
1530 4599 1756 4672 Angelus
1778 4599 1947 4672 magni
1972 4603 2194 4672 consilii.

604 4675 860 4746 Apposite
883 4670 1352 4746 'l‘ertullianus,_de
1365 4670 1538 4746 Carne
1563 4670 1958 4746 (ὶιιιήδιίωίμ⁸
1975 4670 2133 4746 ίρίαι

599 4742 874 4817 estmagni
905 4744 1107 4798 consilii
1134 4744 1378 4817 angelus,
1420 4742 1478 4817 id
1504 4750 1575 4794 est
1604 4746 1841 4817 nuntius,
1867 4742 2027 4817 gl‘ﬁcii
2047 4785 2060 4807 ,
2087 4762 2188 4800 non

601 4811 808 4873 natura?
827 4817 1091 4869 vocabulo.
1126 4811 1371 4884 Magnum
1401 4813 1532 4866 enim
1562 4813 1834 4882 cogitatum
1865 4811 2072 4877 Patris,
2100 4833 2188 4868 su-

601 4907 692 4962 per
723 4887 1154 4962 hominissctlieet
1197 4885 1552 4962 restitutione,
1586 4887 1980 4962 annuntiaturus
2004 4889 2190 4962 stec_ulo

603 4953 732 5014 erat.
762 4959 885 5013 Non
906 4959 1018 5011 ideo
1055 4967 1220 5011 tanten
1247 4959 1320 5008 sic
1345 4956 1559 5026 angelus
1587 4953 1948 5026 intelligendus
1989 4966 2045 5010 ut
2082 4956 2193 5011 Ga-

603 5031 728 5085 briel
757 5042 845 5084 aut
861 5029 1114 5098 Bap/mel.
1145 5026 1281 5080 Nam
1296 5037 1340 5080 et
1364 5023 1412 5077 F
1415 5025 1535 5098 ilius
1557 5042 1588 5078 a
1613 5023 1833 5098 Domino
1859 5028 2018 5080 vinea,r
2040 5031 2197 5082 mitti-

601 5111 686 5155 tur
715 5103 782 5156 ad
821 5096 1040 5155 cultores
1083 5100 1212 5152 sicut
1249 5108 1294 5150 et
1335 5097 1554 5166 fortuiti,
1581 5107 1687 5152 etc.
1723 5096 1816 5152 llis
1847 5099 2196 5156 consentiunt

600 5173 867 5235 Justinus,
897 5172 1024 5224 dial.
1054 5185 1174 5223 cum
1219 5168 1448 5238 Tryplm
1490 5168 1819 5238 Epiphanius
1861 5168 1992 5222 luur.
2029 5185 2151 5225 Lux
2177 5214 2192 5239 ,

604 5260 661 5298 n.
689 5245 776 5299 55.
804 5242 1014 5323 Υιιιεξὶε
1039 5243 1416 5323 Apgustinum,
1445 5239 1540 5323 lib:
1570 5255 1602 5323 tt
1628 5243 1694 5293 tle
1721 5239 1868 5293 Trin.
1898 5255 1953 5323 (ξ,
1980 5242 2066 5298 15.
2092 5243 2195 5297 Ne-

603 5331 708 5386 que
737 5313 1035 5368 audiendus
1058 5311 1340 5386 Origenes,
1368 5312 1458 5380 qui
1488 5318 1546 5364 ut
1577 5311 1886 5386 humanam,
1920 5312 1990 5386 ita
2032 5330 2197 5384 auge-

601 5381 759 5441 licam
806 5393 1046 5438 naturam
1079 5397 1107 5436 a
1138 5381 1352 5454 Christo
1397 5391 1726 5454 assumptum
1773 5381 1997 5454 docuit,
2039 5381 2196 5454 cujus

605 5457 723 5510 haec
765 5467 889 5510 sunt
925 5467 1055 5509 tom.
1088 5468 1103 5506 ι
1147 5454 1200 5507 in
1227 5452 1419 5507 Johan.
1447 5492 1459 5513 ,
1513 5471 1563 5521 p.
1616 5453 1726 5506 52:
1763 5451 1996 5507 Christus
2044 5451 2196 5510 lto—mo

602 5525 926 5590 hominibus,
958 5523 1152 5595 angelis
1172 5525 1600 5596 angelusfactus
1625 5533 1720 5576 est.
1752 5524 1978 5596 Quippe,
2029 5526 2201 5596 inquit

605 5596 991 5661 Tertullianus,
1030 5593 1110 5650 'de
1158 5593 1332 5649 Carne
1361 5593 1583 5657 Christi,
1636 5609 1690 5647 η.
1720 5594 1808 5657 M,
1842 5593 1897 5648 ut
1940 5593 2198 5652 hominem

606 5674 824 5738 gestaret
874 5668 1130 5738 Christus,
1151 5667 1301 5738 salus
1312 5663 1574 5719 hominum
1601 5666 1960 5738 fuitcausa...
1977 5679 2029 5719 ut
2050 5685 2205 5736 ange-

609 5734 716 5792 lum
736 5747 975 5809 gestaret,
990 5734 1121 5789 nihil
1147 5737 1247 5791 tale
1267 5736 1329 5788 de
1357 5749 1513 5788 causa
1536 5735 1826 5809 est_..._Nam
1850 5737 2049 5809 nullum
2064 5734 2202 5794 matt-

605 5806 782 5862 datuin
810 5810 872 5861 de
899 5811 1064 5878 salute
1087 5809 1386 5878 angelorum
1413 5807 1633 5878 suscepit
1655 5806 1890 5861 Christus
1910 5825 1943 5861 a
1969 5807 2144 5864 Patre.

583 5941 588 5945 ,
678 5880 755 5952 (a)
780 5879 876 5934 llic
899 5876 1172 5947 adjiciunt
1185 5877 1334 5946 prius
1353 5876 1558 5947 excusi,
1581 5887 1636 5932 ut
1664 5878 1846 5948 perdas
1865 5882 2067 5952 justum
2087 5897 2204 5938 cum

2295 3383 2410 3438 Non
2471 3383 2654 3453 itaque
2709 3382 3008 3437 demutavit
3074 3395 3320 3451 persona:
3390 3394 3505 3434 suae
3547 3379 3871 3450 signiﬁcatio-

2295 3492 2418 3533 nem
2445 3493 2459 3530 :
2483 3491 2542 3531 se
2565 3476 2706 3530 enim
2735 3474 2842 3544 jam
2862 3473 3199 3530 benedixisse
3227 3472 3584 3527 demonstras.
3623 3473 3870 3542 Scriptura

2297 3577 2446 3626 certe
2503 3567 2829 3623 sacramenti
2883 3566 3132 3621 ordinem
3192 3575 3248 3620 et
3305 3579 3450 3620 vera)
3502 3563 3872 3635 praedicationis

2370 3701 2449 3776 (4)
2483 3701 2965 3776 Ιᾲηεηιιηιεηιὺξιεηι.

2372 3773 2451 3845 (5)
2491 3774 2599 3830 Sub
2637 3773 2897 3843 mysterio.

2296 3965 2514 4034 impiis:
2545 3964 2901 4020 renitentibus
2930 3977 3060 4018 mss.
3111 3961 3218 4021 Sed
3258 3971 3314 4019 et
3353 3963 3470 4019 hmo
3514 3979 3637 4020 cum
3687 3965 3737 4020 in
3793 3965 3876 4016 line

2297 4052 2425 4091 num
2473 4036 2564 4099 Q7,
2608 4036 2729 4091 aliis
2775 4036 2952 4091 verbis
3005 4046 3059 4090 et
3104 4039 3209 4090 alio
3257 4038 3473 4102 ordine,
3531 4049 3724 4107 nempe
3765 4047 3869 4089 ante

2295 4108 2540 4178 proxime
2568 4108 2732 4172 dicta,
2757 4123 2867 4162 non
2891 4117 3011 4178 post
3035 4108 3428 4173 exliibeautur;
3454 4116 3603 4178 patet
3625 4110 3711 4164 hic
3734 4109 3869 4164 inter-

2295 4178 2558 4249 polatoris
2587 4195 2772 4248 opera.

2369 4248 2443 4393 (b;
2477 4249 2532 4304 In
2563 4249 2810 4316 vulgatis,
2831 4248 2946 4303 illos
2974 4250 3155 4314 iustos.
3188 4249 3354 4305 Abest
3369 4250 3545 4319 justas
3573 4266 3602 4305 a
3629 4266 3755 4305 mss.

2369 4323 2417 4392 (ε
2471 4321 2632 4387 Editi,
2649 4331 2694 4375 et
2713 4337 2827 4374 ecce
2849 4323 3123 4375 exaudivit.
3148 4321 3280 4376 Tres
3304 4336 3436 4376 mss.
3460 4331 3509 4376 et
3527 4323 3741 4378 audivit.

2365 4319 2440 4392 (c)
2471 4321 2632 4387 Editi,
2649 4331 2694 4375 et
2713 4337 2827 4374 ecce
2849 4323 3123 4375 exaudivit.
3148 4321 3280 4376 Tres
3304 4336 3436 4376 mss.
3460 4331 3509 4376 et
3527 4323 3741 4378 audivit.
3764 4319 3871 4383 Alii,

2296 4396 2675 4448 consentiente
2704 4407 2904 4463 graeco,
2937 4402 2984 4463 et
3016 4393 3294 4446 exaudivit.

2372 4463 2450 4534 (d)
2479 4464 2535 4519 lu
2564 4479 2695 4518 mss.
2719 4462 2816 4518 hic
2845 4473 2897 4517 et
2918 4462 3045 4520 alibi
3078 4471 3416 4531 constanter,
3440 4464 3700 4520 obtunsio.

2372 4557 2443 4630 (ε)
2469 4557 2718 4612 Criminis
2741 4555 2896 4630 hujus
2927 4557 3016 4630 qui
3042 4556 3119 4611 rei
3137 4555 3271 4630 Asint,
3301 4558 3473 4625 aperit
3501 4557 3596 4613 lib.
3622 4574 3698 4624 vi,
3724 4574 3773 4612 n.
3807 4556 3873 4619 l5,

2303 4628 2440 4699 quos
2480 4630 2730 4699 nimirum
2758 4628 3034 4699 impietatis
3063 4628 3321 4692 voluntas,
3355 4639 3404 4682 et
3440 4644 3546 4682 non
3583 4630 3874 4699 ignorantia.

2139 4691 2199 4768 ἕξ
2225 4693 2278 4755 Ι)
2305 4691 2358 4755 in
2387 4715 2572 4754 errore
2609 4691 2842 4753 detinet."
2870 4698 3076 4764 Quibus
3105 4714 3235 4753 vero
3263 4691 3573 4768 pmnissint
3602 4691 3874 4757 ‘llllllmltll,

2300 4773 2352 4826 iu
2386 4770 2598 4834 eodetn,
2635 4769 2726 4824 lib.
2775 4786 2825 4823 n.
2868 4769 2903 4824 5
2925 4810 2938 4836 ,
2985 4769 3061 4824 sic
3083 4767 3319 4823 declarat
3355 4789 3368 4824 :
3403 4767 3541 4824 Nam
3578 4773 3877 4842 jttdicaturus

2300 4844 2411 4908 ipse
2455 4843 2516 4894 de
2557 4842 2788 4896 omnibus
2814 4883 2828 4904 ,
2861 4851 2905 4893 et
2944 4858 3035 4911 pro
3066 4842 3346 4912 majestatis
3399 4856 3508 4894 sua:
3554 4841 3878 4896 nuscricortlia

2303 4928 2474 4984 poema
2495 4917 2727 4966 meritum
2754 4912 3009 4984 ignoranti
3032 4916 3388 4965 moderaturus
3428 4917 3594 4984 errori
3617 4957 3632 4981 ,
3667 4920 3879 4984 negantis

2301 4983 2356 5040 se
2374 4985 2490 5054 jam
2519 5000 2618 5038 non
2637 4983 2893 5053 iudicabit
2923 4983 3095 5052 utique
3115 5026 3129 5048 ,
3159 4984 3248 5036 sed
3271 4983 3491 5054 negabit.

2377 5072 2454 5146 (f)
2481 5074 2669 5128 Plures
2700 5089 2828 5128 mss.
2851 5089 2992 5146 _cum
3023 5073 3249 5146 vulgatis
3276 5114 3291 5136 ,
3323 5074 3416 5127 sub
3456 5076 3715 5146 mysterio.
3741 5073 3878 5139 Magis

2309 5142 2484 5214 placet.
2521 5161 2643 5200 cum
2681 5160 2810 5199 mss.
2839 5144 3088 5207 Carnut.,
3121 5144 3355 5214 Remig.,
3384 5142 3526 5207 etc.,'
3548 5142 3656 5201 sub
3675 5147 3874 5199 ministe-

2298 5219 2395 5272 rio.
2439 5215 2507 5272 Ut
2551 5219 2694 5271 enim
2747 5231 2909 5285 supra
2955 5230 3022 5270 ex
3067 5215 3400 5270 Tertulliano
3455 5217 3874 5276 observabamus,

2299 5289 2546 5342 Christus
2583 5290 2758 5357 magni
2783 5286 2994 5359 consilii
3017 5288 3239 5356 angelus
3265 5285 3441 5341 dictus
3481 5298 3568 5343 est
3607 5289 3770 5359 oﬁicii,
3795 5301 3875 5359 non

2300 5370 2498 5414 natura:
2524 5355 2789 5413 vocabulo.
2826 5358 2891 5412 Et
2933 5355 3168 5412 Hilarius
3213 5359 3348 5425 ipse,
3373 5359 3464 5413 lib.
3501 5374 3564 5419 ν.
3603 5355 3661 5414 ιιῖ
3697 5359 3750 5414 ll
3784 5377 3795 5411 :
3829 5355 3878 5406 In

2300 5432 2482 5502 angelo
2523 5431 2671 5500 officii
2719 5430 2886 5490 potius
2930 5446 3083 5502 quam
3130 5439 3335 5502 naturm
3368 5430 3754 5501 intelligentiam
3790 5439 3878 5482 esse

2303 5501 2428 5557 hinc
2462 5505 2671 5570 probat,
2697 5502 2836 5571 quod
2865 5501 3038 5571 angeli
3073 5501 3291 5554 ministri
3317 5501 3406 5555 Dei
3440 5513 3720 5557 vocentur.

2377 5591 2542 5664 (g)lta
2560 5591 2959 5673 przestantinres
2975 5607 3103 5674 mss.
3127 5590 3303 5674 Colb.,
3323 5591 3518 5674 Carr!"
3547 5592 3751 5674 Remig.
3773 5601 3875 5674 cunt

2305 5662 2542 5746 German
2575 5666 2742 5731 prima
2773 5679 2951 5746 manu.
2979 5669 3063 5746 At
3074 5665 3125 5716 in
3157 5663 3386 5746 vulgatis
3411 5706 3425 5745 ,
3452 5663 3767 5746 benedictum
3783 5662 3876 5729 jam

2305 5733 2581 5790 Ismaclem
2627 5750 2645 5788 :
2681 5749 2744 5789 ac
2785 5736 2980 5790 deinde
3024 5735 3150 5788 Par.
3205 5743 3325 5804 post
3366 5734 3538 5804 Lips.,
3588 5739 3749 5798 docet,
3800 5742 3876 5782 nrc

2302 5807 2471 5934 missio
2523 5815 2642 5878 post
2672 5820 2816 5930 .cum
2871 5807 2992 5862 aliis
3037 5806 3236 5874 editis,
3289 5805 3570 5874 benedixit,
3625 5820 3717 5880 pro
3754 5803 3878 5857 bene-

2337 5895 2432 5936 ιτα.
2672 5903 2681 5930 t
