3960 6202
366 220 507 296 διιθ

1609 217 1855 277 SANCTI
1897 206 2155 275 lllLARll
2196 215 2507 275 EPISCOPI

3617 218 3771 278 1‘20

403 356 538 430 ptuit
578 369 613 409 a
654 350 880 408 Domino
911 347 1068 419 (Gen.
1100 359 1214 410 χιχ,
1244 341 1362 414 2L).
1402 339 1475 397 Ut
1518 337 1778 395 Dominus
1819 350 1849 430 a
2023 337 2072 399 Α
2101 333 2374 430 Abraham
2401 335 2610 430 ct_Deu
2654 334 2800 430 Isaac
2829 344 2885 393 et
2913 335 3055 430 Deus
3082 337 3253 395 Iacob
3283 344 3561 410 repertus.
3589 338 3747 393 An-

406 427 588 512 rnino;
621 444 696 501 ita
730 457 839 499 non
859 438 1115 497 discrevit
1140 445 1346 492 natum
1369 431 1609 496 nomine,
1633 443 1769 501 quos
1804 427 2010 499 signiti-

2112 427 2263 500 gelus
2288 426 2434 483 enim
2464 428 2675 486 Domini
2697 428 2869 502 Moysi
2896 428 2964 485 de
2987 430 3123 487 rubo
3151 431 3426 502 apparuit,
3454 430 3771 487 Dominus

409 538 627 597 catione
674 536 806 610 (non
854 531 1010 587 unius
1051 524 1320 601 personae)
1370 522 1707 580 distinxerat.
1755 520 2010 592 Legimus
2109 522 2177 579 de
2205 522 2340 578 rubo
2361 523 2603 594 loquitur
2632 540 2645 577 :
2677 530 2866 581 vocem
2897 525 3051 597 cujus
3084 526 3493 597 intelligendam
3531 525 3774 583 existi—

410 647 645 704 namque
673 631 727 686 in
762 626 1074 698 Evangelio,
1104 624 1266 680 Pater
1297 636 1403 676 non
1428 617 1636 690 judicat
1661 632 2004 689 quemquam,

410 726 507 784 sed
542 738 703 781 omne
732 721 995 792 judicium
1038 716 1187 774 dedit
1224 713 1361 772 Filio
1393 712 1576 787 (Ioan.
1606 728 1663 777 v,
1694 710 1811 782 22).
1856 708 2014 766 Dedit

384 831 538 890 ergo
571 813 849 879 Dominus,
875 811 1017 883 quod
1046 808 1307 864 Dominus
1331 805 1541 876 accepit
1564 820 1593 859 a
1621 802 1869 892 Domino.

481 911 571 967 30.
602 907 737 962 Eum
764 914 819 960 ut
845 903 1011 960 Deum
1034 900 1161 957 vidit
1185 897 1347 955 Iacob
1378 912 1468 953 nec
1492 896 1883 951 solitarium.-——-
1905 891 2013 950 Sed

410 1001 504 1076 qui
532 998 789 1070 accepisti
821 997 875 1052 in
909 993 1138 1050 Domino
1174 999 1231 1048 et
1258 991 1489 1046 Domino
1512 987 1717 1060 jutlicis
1747 984 2015 1057 cognitio-

410 1108 561 1159 nem,
599 1088 937 1158 cognominis
978 1084 1218 1156 ejusdem
1264 1081 1319 1137 in
1364 1081 1473 1137 Deo
1504 1088 1558 1135 ct
1601 1080 1712 1133 Deo
1747 1090 2014 1148 cognosce

412 1186 772 1245 consortium.
807 1182 974 1239 Iacob
1011 1178 1299 1235 discedens
1334 1176 1404 1231 ob
1447 1184 1649 1230 metum
1691 1174 1870 1229 fratris
1907 1172 2011 1239 sui,

415 1280 695 1336 somnians
733 1276 941 1331 viderat
972 1273 1172 1330 scalam
1203 1272 1480 1326 fundatam
1523 1269 1577 1324 in
1610 1275 1754 1322 terra
1786 1273 1841 1322 et
1881 1279 2015 1321 cou-

416 1374 713 1444 tingeutem
738 1368 960 1432 caelum,
994 1375 1049 1421 et
1081 1380 1176 1436 per
1214 1378 1333 1420 eam
1375 1359 1772 1417 adscendcntes
1829 1367 1885 1413 et
1918 1356 2015 1413 dc-

416 1465 744 1525 scendentes
786 1458 1014 1531 angelos
1043 1457 1161 1523 Dei,
1191 1463 1248 1511 et
1290 1455 1578 1510 Dominum
1620 1450 2018 1508 incumbentem

416 1572 583 1628 super
607 1570 748 1618 eam,
778 1551 990 1622 sibique
1014 1563 1206 1605 omnes
1239 1546 1672 1612 benedictiones,
1693 1557 1828 1614 quas
1845 1543 2016 1599 Abra-

416 1649 502 1706 ha:
532 1657 586 1703 et
607 1648 756 1703 Isaac
784 1644 1033 1709 dederat,
1064 1639 1465 1711 impertientem
1497 1636 1650 1710 (Gen.
1681 1637 1901 1706 xxvnt).
1936 1635 2018 1691 Ad

2113 633 2248 683 mas,
2281 627 2461 673 utrum
2502 619 2621 690 ejus
2648 622 2738 691 qui
2769 620 2919 677 visus
2948 631 3053 689 est,
3091 638 3163 678 an
3197 620 3430 693 alicujus
3454 621 3703 678 alterius
3727 620 3765 675 2

2113 708 2213 765 Hic
2242 709 2511 766 mendacii
2564 713 2715 780 locus
2755 712 2934 768 nullus
2967 722 3075 769 est.
3115 714 3206 768 Ait
3232 715 3376 770 enim
3413 713 3762 784 Scriptura,

2113 803 2369 877 Apparuit
2419 814 2589 859 autem
2636 806 2716 862 illi
2757 808 2971 877 angelus
3001 806 3214 862 Domini
3250 808 3307 863 in
3341 808 3560 879 ﬂamma
3588 806 3767 879 ignis

2113 899 2177 953 de
2202 900 2326 954 rubo
2353 898 2546 972 (Exod.
2578 916 2660 967 ιιι,
2692 899 2772 973 2).
2814 900 2883 957 Ει
2923 916 3157 968 rursum,
3198 900 3412 957 Vocouit
3455 917 3574 956 eum
3616 898 3766 956 Do-

2116 994 2283 1050 minus
2308 995 2373 1049 de
2407 994 2535 1049 rubo
2557 1035 2572 1060 ,
2608 994 2846 1068 Moyses,
2884 996 3108 1069 Moyses.
3144 995 3209 1051 Et
3235 996 3500 1067 respondit
3528 1011 3548 1051 :
3579 994 3757 1064 Quid

2115 1089 2225 1144 est?
2252 1087 2319 1142 Et
2340 1088 2470 1143 dixit
2512 1087 2803 1146 Dominus:
2836 1088 2918 1145 Ne
2957 1091 3233 1146 accesseris
3279 1091 3401 1156 huc,
3438 1091 3580 1167 solue
3609 1090 3741 1144 cal-

2117 1180 2430 1236 ciameutum
2469 1181 2532 1236 de
2569 1183 2782 1253 pedibus
2822 1183 2960 1249 tuis;
2991 1182 3134 1239 locus
3171 1185 3327 1250 enim,
3369 1183 3424 1238 in
3459 1199 3563 1254 quo
3601 1192 3759 1252 stas,

2120 1282 2257 1327 terra
2282 1283 2461 1328 sancta
2482 1281 2573 1329 est.
2600 1274 2671 1330 Et
2701 1274 2834 1329 dixit
2866 1275 2911 1330 ei
2940 1292 2959 1330 :
2989 1274 3100 1346 Ego
3130 1293 3245 1330 sum
3291 1274 3428 1330 Deus
3466 1275 3760 1331 Abraham

2117 1373 2166 1418 et
2195 1361 2336 1419 Deus
2376 1362 2531 1420 Isaac
2569 1376 2616 1421 et
2643 1365 2783 1422 Deus
2824 1367 2989 1422 Iacob
3018 1366 3208 1439 (Ibid.,
3235 1366 3270 1422 4
3300 1378 3347 1423 et
3383 1368 3573 1440 seqq.).
3625 1368 3751 1438 Qui

2123 1456 2379 1528 apparuit
2406 1456 2462 1512 in
2496 1458 2651 1526 rubo,
2680 1459 2749 1516 de
2773 1459 2910 1515 rubo
2941 1460 3178 1530 loquitur
3202 1478 3216 1514 :
3239 1470 3294 1517 et
3324 1460 3550 1516 visionis
3578 1460 3760 1516 locus

2122 1564 2263 1604 unus
2288 1558 2344 1605 et
2383 1552 2534 1607 vocis
2563 1561 2676 1619 cst;
2720 1568 2896 1624 neque
2926 1553 3086 1620 alius,
3121 1569 3282 1624 quam
3313 1554 3406 1624 qui
3440 1562 3527 1611 est
3555 1553 3749 1622 visus,

2123 1644 2357 1700 auditur.
2391 1646 2492 1716 Qui
2522 1650 2748 1718 angelus
2776 1649 2869 1703 Dei
2895 1656 2980 1704 est
3015 1663 3136 1704 cum
3168 1647 3400 1714 videtur,
3434 1646 3580 1705 idem
3610 1663 3753 1705 rur-

414 1742 563 1798 hunc
590 1748 780 1811 postea
814 1737 934 1792 talis
976 1736 1069 1790 Dei
1109 1748 1291 1789 sermo
1328 1740 1411 1787 est
1447 1748 1462 1785 :
1497 1729 1645 1785 Dixit
1683 1739 1855 1783 autem
1886 1727 2025 1783 Deus

2143 1753 2247 1793 sum
2277 1754 2399 1796 cum
2424 1740 2640 1797 auditur
2668 1750 2754 1797 est
2782 1742 3076 1806 Dominus;
3112 1742 3228 1810 ipse
3257 1756 3387 1797 vero
3417 1738 3502 1813 (b)
3538 1742 3743 1798 Domi-

418 1840 489 1896 ad
517 1836 703 1905 Iacob,
731 1851 943 1907 surgens
970 1832 1225 1889 adscende
1263 1833 1317 1886 in
1348 1830 1517 1886 iocum
1544 1828 1745 1895 Bethel,
1772 1837 1819 1883 et
1847 1827 2024 1882 habita

418 1932 513 1999 ibi,
535 1941 585 1986 et
614 1934 698 2001 fac
724 1928 795 1984 ibi
823 1927 1071 1982 altarium
1095 1924 1230 1990 Deo,
1262 1924 1349 1996 qui
1384 1922 1626 1994 apparuit
1662 1921 1756 1976 tibi
1780 1936 1898 1974 cum
1932 1920 2022 1991 [u-

422 2043 565 2101 geres
590 2041 622 2079 a
648 2026 783 2096 facie
822 2022 1004 2094 fratris
1044 2021 1119 2075 tui
1151 2018 1305 2092 (Gen.
1338 2032 1513 2082 xxxv,
1548 2014 1626 2086 Ι).
1671 2014 1810 2070 Deus
1858 2015 2029 2069 Itono-

420 2134 537 2176 rem
569 2118 680 2173 Deo
709 2114 966 2187 postulat,
993 2122 1046 2169 et
1075 2111 1311 2182 postulat
1336 2124 1459 2166 cum
1499 2107 1722 2163 alterius
1749 2104 2026 2177 signiﬁca-

420 2213 569 2269 tione
591 2223 837 2283 personae
867 2225 881 2262 :
910 2206 1034 2276 Qui,
1065 2204 1261 2276 inquit,
1284 2202 1529 2277 apparuit
1552 2201 1641 2256 tibi
1660 2217 1777 2255 cum
1802 2200 2027 2274 fugeres;

426 2319 499 2362 ne
525 2319 628 2377 qua
658 2316 909 2375 persona:
948 2300 1192 2370 ejusdem
1229 2296 1479 2353 confusio
1518 2304 1852 2352 nasceretur.
1888 2294 2030 2351 Deus

430 2414 560 2471 ergo
585 2406 669 2455 est
693 2397 785 2470 qui
814 2395 1076 2466 loquitur,
1110 2392 1257 2449 Deus
1293 2398 1349 2447 et
1373 2389 1442 2446 de
1469 2403 1579 2462 quo
1608 2388 1849 2460 loquitur
1881 2404 1894 2441 :
1927 2387 2029 2441 ho-

430 2492 580 2549 noris
614 2489 886 2547 coniessio
911 2503 941 2544 a
966 2498 1172 2545 natura:
1198 2485 1419 2542 nomine
1446 2498 1554 2540 non
1580 2483 1860 2551 discernit,
1895 2496 2032 2554 quos

429 2582 754 2657 signiﬁcatio
777 2582 1136 2637 subsistentes
1166 2593 1289 2635 esse
1313 2578 1617 2650 distinguit.
1976 2569 1992 2593 ‘

502 2675 594 2732 ⁵51.
629 2672 887 2745 Synopsis
909 2680 956 2727 et
976 2687 1163 2741 scopas
1186 2670 1555 2742 pradictorum
1576 2685 1607 2723 a
1631 2685 1842 2724 numero
1867 2668 2035 2726 23.—

432 2770 505 2828 Et
530 2769 656 2825 huic
687 2768 904 2840 quidem
935 2767 1057 2823 loco
1086 2766 1334 2839 quaedam
1373 2763 1599 2819 memini
1627 2764 1694 2818 ad
1734 2764 2034 2835 pleniorem

433 2862 831 2919 absolutionem
881 2860 1193 2918 necessaria
1247 2875 1260 2910 :
1304 2855 1402 2912 sed
1443 2853 1741 2911 secundum
1793 2856 2037 2925 proposi-

430 2956 597 3014 ti0nis
625 2955 894 3018 ordinem,
919 2951 1292 3024 responsionis
1312 2962 1527 3020 quoque
1550 2948 1686 3004 ordo
1718 2949 2038 3007 retinendus

435 3060 535 3111 est.
569 3051 756 3123 Itaque
789 3063 910 3120 quae
939 3047 989 3103 ei
1027 3046 1233 3117 reliqua
1272 3052 1422 3110 sunt,
1461 3044 1515 3098 in
1558 3042 1698 3099 libro
1733 3044 1909 3101 altero
1937 3060 2038 3101 suo

2125 1847 2228 1888 nus
2253 1832 2347 1905 qui
2376 1833 2614 1902 auditur,
2646 1834 2786 1890 Deus
2815 1834 3014 1890 deinde
3034 1834 3288 1901 Abrahae,
3314 1835 3462 1891 Isaac
3486 1846 3543 1891 et
3564 1834 3755 1893 Iacob

2127 1940 2250 1983 esse
2274 1927 2640 1998 cognoscitur.
2672 1926 2806 1984 Cum
2834 1926 3057 1998 angelus
3088 1927 3183 1984 Dei
3213 1927 3431 1994 dicitur,
3458 1943 3568 1983 nou
3602 1942 3753 1999 pro-

2127 2017 2274 2089 prius
2296 2018 2396 2073 sibi
2427 2033 2491 2074 ac
2516 2019 2790 2075 solitarius
2818 2033 2939 2074 esse
2966 2027 3327 2085 monstratur;
3359 2016 3432 2090 (c)
3460 2026 3549 2074 est
3572 2018 3733 2074 enim

2129 2111 2353 2184 angelus
2385 2112 2478 2168 Dei
2510 2127 2671 2168 :cum
2711 2112 2972 2169 Dominus
3015 2123 3072 2168 ct
3115 2112 3257 2170 Deus
3290 2119 3661 2184 nuncupatur,
3696 2113 3753 2168 in

2131 2204 2340 2262 honore
2384 2214 2593 2262 naturae
2643 2221 2759 2263 sua:
2797 2216 2854 2263 et
2900 2206 3120 2263 nomine
3162 2205 3509 2278 prtedicatur.
3555 2204 3756 2261 [labes

2130 2316 2261 2374 ergo
2282 2300 2554 2373 angelum,
2579 2299 2672 2371 qui
2698 2299 2769 2357 de
2797 2300 2932 2357 rubo
2961 2300 3243 2373 apparuit,
3272 2310 3328 2357 et
3359 2300 3651 2356 Dominum
3686 2310 3743 2356 et

2134 2394 2331 2451 Deum.
3626 2432 3661 2460 ο

2206 2488 2299 2544 35.
2334 2486 2540 2558 Moyses
2566 2503 2670 2543 non
2689 2488 2848 2544 semet
2882 2487 3047 2543 Deum
3076 2496 3123 2544 et
3153 2487 3431 2543 Dominum
3465 2487 3750 2561 praedicat.

2140 2580 2362 2652 Uterque
2381 2590 2550 2636 tamen
2577 2598 2711 2638 unus
2732 2591 2807 2638 est
2832 2582 2993 2639 Deus.
3025 2581 3170 2638 Filio
3196 2582 3272 2637 uti
3297 2593 3485 2638 natura
3510 2580 3623 2638 Deo
3644 2580 3755 2637 Iso-

2136 2690 2233 2730 nor
2254 2674 2566 2746 postulatur.
2595 2673 2765 2730 Filius
2785 2686 2834 2729 et
2855 2674 3083 2748 Angelus
3109 2674 3204 2731 Dei
3234 2685 3280 2729 et
3313 2673 3477 2730 Deus.
3508 2704 3584 2716 —-
3611 2674 3756 2731 Pcr-
3788 2704 3795 2707 -

2137 2784 2297 2826 curre
2324 2769 2503 2825 adhuc
2533 2769 2703 2842 Moysi
2736 2770 3076 2837 testimonia;
3103 2778 3161 2826 et
3201 2768 3445 2841 intelligo
3478 2782 3549 2825 an
3585 2783 3760 2826 oeca-

2138 2861 2350 2918 sionem
2376 2860 2615 2932 aliquam
2642 2861 2976 2933 prtedicandi
3018 2862 3185 2920 Deum
3228 2871 3284 2917 et
3322 2861 3612 2918 Dominum
3644 2876 3754 2918 ne-

2140 2953 2321 3026 gligat.
2350 2954 2527 3011 Tenes
2556 2969 2752 3026 nempe
2780 2970 2846 3010 ex
2872 2954 3033 3011 dictis
3059 2955 3196 3025 ejus,
3226 2954 3384 3020 Audi,
3416 2952 3604 3023 Israel,
3638 2952 3762 3009 Do.

2142 3050 2313 3104 minus
2353 3048 2495 3104 Deus
2533 3058 2652 3104 tuus
2690 3066 2825 3104 unus
2864 3059 2939 3106 est
2977 3047 3154 3123 (Deut.
3198 3064 3274 3116 vr,
3300 3047 3382 3120 4).
3412 3048 3563 3105 Tene
3602 3064 3762 3106 nunc

433 3144 562 3201 loco
583 3118 967 3213 exsequemur.
999 3138 1233 3194 Tantum
1258 3137 1361 3191 hoc
1392 3149 1535 3191 nunc
1565 3136 1618 3191 in
1649 3136 1780 3204 Dco,
1812 3137 1901 3209 qui
1936 3138 2034 3195 ho-
2066 3118 2113 3184 (ἶ
2144 3141 2341 3198 divina:
2389 3141 2535 3197 illius
2562 3142 2831 3198 cautionis
2873 3118 3154 3199 suae‘dicta
3185 3159 3199 3195 :
3233 3142 3309 3197 ait
3341 3118 3598 3212 namque,
3649 3139 3759 3197 Vi-

436 3251 630 3294 norem
664 3236 777 3291 Deo
813 3234 1071 3306 postulat,
1111 3229 1594 3289 demonstrandum
1618 3228 1741 3300 fuit,
1784 3233 2039 3304 angelum
2143 3233 2277 3301 dele,
2304 3234 2468 3289 uidete
2490 3235 2732 3304 quoniam
2749 3250 2841 3307 ego
2866 3250 2982 3287 sum
3005 3232 3273 3300 Dominus,
3294 3243 3344 3289 et
3368 3249 3472 3288 non
3501 3242 3575 3288 est
3604 3231 3762 3290 Deus

442 3330 558 3396 Dei,
601 3329 692 3399 qui
735 3341 859 3383 cum
912 3326 1057 3398 Agar
1084 3325 1297 3382 locutus
1334 3331 1499 3392 esset,
1545 3333 1602 3382 et
1634 3324 1799 3381 Deum
1838 3340 1959 3381 esse
1988 3333 2044 3381 et
2145 3335 2331 3399 praeter
2357 3343 2438 3382 me
2464 3325 2643 3400 (Deut.
2674 3343 2846 3391 χχχιι,
2879 3325 2993 3400 59).
3024 3325 3093 3382 Et
3116 3342 3239 3383 cum
3269 3326 3447 3383 omnis
3485 3342 3675 3384 sermo
3704 3328 3764 3385 ei

439 3421 755 3490 Dominum,
787 3435 911 3477 cum
945 3418 1134 3475 iisdem
1175 3417 1245 3475 de
1282 3418 1447 3475 rebus
1475 3418 1543 3475 ad
1576 3418 1844 3475 Abraham
1892 3419 2044 3474 locu-
2145 3433 2210 3475 ex
2235 3432 2462 3491 persona
2507 3417 2601 3473 Dei
2627 3418 2705 3490 (ά)
2733 3433 2903 3490 usque
2926 3417 2995 3474 ad
3034 3419 3196 3474 linem
3225 3419 3495 3475 cantionis
3533 3417 3759 3487 fuisset,

441 3523 528 3573 tus
549 3515 668 3587 ipse
695 3515 804 3571 sit:
832 3521 888 3569 et
913 3512 1109 3578 virum,
1137 3511 1230 3581 qui
1252 3511 1488 3568 Abrahae
1512 3511 1658 3567 visus
1680 3510 1774 3578 sit,
1796 3519 1852 3566 et
1877 3510 2044 3566 Deum
2148 3511 2243 3579 ait,
2276 3510 2552 3567 Ltetamini
2587 3510 2701 3566 caeli
2724 3511 2881 3566 simul
2912 3528 3030 3567 cum
3056 3527 3133 3579 eo,
3167 3521 3214 3566 et
3244 3511 3461 3567 adorent
3498 3527 3617 3565 eum
3640 3527 3767 3565 om-

446 3622 573 3666 esse
614 3617 670 3663 et
700 3606 1020 3671 Dominum;
1048 3605 1483 3682 attgelosautem
1516 3605 1675 3672 duos,
1708 3613 1911 3661 etcum
1942 3605 2048 3662 Do-
2153 3621 2242 3661 nes
2271 3604 2343 3677 (e)
2376 3604 2473 3675 ﬁlii
2497 3601 2616 3658 Dei.
2650 3602 2924 3659 Lcetamini
2949 3612 3121 3675 gentes
3156 3620 3272 3659 cum
3309 3603 3503 3676 popqu
3542 3604 3682 3675 ejus,
3712 3614 3769 3661 et

444 3701 596 3758 mino
616 3699 789 3767 visos,
818 3710 872 3756 et
897 3695 1011 3771 94
1034 3697 1104 3751 ab
1141 3711 1210 3752 eo
1247 3697 1315 3752 ad
1341 3696 1444 3754 Lot
1477 3698 1702 3765 missos,
1737 3697 1872 3753 nihil
1902 3697 2046 3754 aliud
2147 3698 2489 3767 houoriﬁcent
2515 3714 2631 3752 eum
2653 3713 2826 3752 omnes
2845 3698 3016 3769 angeli
3043 3695 3140 3751 Dei
3173 3695 3281 3768 (Ib.
3302 3739 3316 3763 ,
3345 3697 3458 3768 43).
3495 3696 3608 3770 95
3641 3696 3764 3753 Ho-

444 3806 476 3849 a
497 3790 761 3863 propheta
783 3789 885 3844 nisi
908 3786 1132 3859 angelos
1161 3787 1501 3858 prazdicatos.
1525 3787 1644 3845 Non
1665 3788 1841 3845 solum
1865 3798 2046 3846 autem
2150 3790 2514 3848 norilicandus
2542 3799 2624 3846 est
2649 3805 2679 3846 a
2703 3789 2795 3846 Dei
2819 3789 3027 3861 angelis
3058 3790 3217 3857 Deus,
3247 3788 3433 3845 dicens
3458 3807 3471 3844 :
3500 3788 3769 3857 Quoniam

446 3883 517 3941 ad
547 3879 819 3938 Abraham
847 3880 903 3935 in
933 3880 1052 3936 viro
1073 3879 1216 3936 Deus
1243 3878 1447 3948 adfuit,
1476 3880 1571 3937 sed
1600 3880 1766 3937 etiam
1794 3881 1861 3937 ad
1883 3881 2050 3938 Iacob
2152 3904 2244 3959 ego
2263 3902 2375 3941 sum
2403 3886 2669 3952 Dominus,
2695 3894 2866 3941 etnon
2885 3895 2960 3940 est
2986 3883 3124 3939 Deus
3146 3892 3332 3955 praeter
3351 3899 3452 3939 me.
3484 3882 3583 3943 Est
3610 3884 3768 3940 enim

449 3978 507 4032 in
561 3975 783 4031 homine
830 3973 975 4029 Deus
1026 3971 1197 4030 venit.
1246 3969 1434 4044 Neque
1486 3973 1663 4030 solum
1721 3975 1888 4043 venit,
1954 3975 2049 4032 sed
2152 3977 2473 4050 Unigenitus
2502 3978 2642 4034 Deus
2678 3998 2691 4033 :
2721 3992 2895 4050 neque
2922 3985 3233 4033 consortem
3267 3975 3530 4047 unigeniti
3560 3990 3767 4033 nomen

448 4072 685 4127 luctatus
710 4068 1013 4125 ostenditur
1034 4068 1186 4140 (Gen.
1216 4085 1397 4136 χχχιι,
1418 4068 1512 4143 94)
1550 4087 1564 4124 :
1597 4084 1773 4141 neque
1812 4080 2049 4127 tantum-
2154 4073 2390 4129 admittit
2417 4073 2597 4140 (sicuti
2625 4088 2731 4128 non
2763 4072 2955 4143 recipit
2984 4071 3340 4138 innascibilis,
3372 4072 3426 4126 in
3452 4086 3520 4127 eo
3550 4080 3767 4129 tantum

451 4161 617 4219 modo
646 4162 901 4231 luctatus,
943 4159 1041 4217 sed
1080 4161 1245 4217 etiam
1285 4161 1547 4219 adversus
1587 4177 1734 4232 eum,
1778 4178 1900 4218 cum
1945 4177 2054 4235 quo
2155 4165 2299 4238 quod
2329 4175 2411 4222 est
2438 4166 2797 4233 innascibilis,
2827 4162 3318 4237 participemhest
3346 4165 3492 4221 enim
3526 4180 3672 4220 unus
3700 4167 3770 4222 ab

430 4244 776 4321 'luctabatur,
838 4251 1104 4311 inﬁrmus.
1162 4251 1317 4309 Nunc
1381 4253 1450 4311 de
1504 4254 1666 4311 lucta:
1713 4262 2056 4311 sacramento
2159 4274 2288 4315 uno.
2332 4257 2517 4329 Neque
2559 4265 2757 4328 praeter
2798 4242 3173 4313 innascibilem
3216 4257 3383 4312 Deunt
3425 4256 3769 4313 iunascibilis

461 4350 539 4425 (α)
565 4363 673 4404 non
702 4356 808 4415 est,
827 4360 1003 4419 neque
1031 4347 1084 4403 in
1115 4355 1383 4418 tempore,
1412 4362 1589 4418 neque
1612 4347 1665 4402 in
1698 4347 2028 4414 materia,ali

2160 4351 2304 4408 Deus
2323 4351 2463 4406 alius
2494 4358 2597 4418 est,
2633 4364 2808 4422 neque
2845 4359 3042 4427 praeter
3077 4348 3415 4419 unigenitum
3445 4347 3613 4403 Deum
3641 4347 3770 4404 uni-

453 4442 585 4516 quid
616 4449 871 4498 tractare.
907 4441 1053 4498 Deus
1088 4450 1238 4498 certe
1272 4450 1387 4509 est;
1419 4441 1544 4513 quia
1586 4441 1760 4499 Iacob
1796 4441 2059 4498 adversus
2160 4443 2375 4514 genitus
2410 4442 2553 4499 Deus
2591 4442 2877 4513 quisquam
2918 4450 3022 4497 est.
3054 4439 3295 4512 Uterque
3324 4440 3505 4511 itaque
3542 4455 3686 4496 unus
3714 4448 3773 4498 et

453 4535 623 4594 Deum
651 4535 900 4604 invaluit,
927 4543 984 4591 et
1009 4534 1176 4592 Israel
1205 4535 1373 4591 Deum
1404 4534 1559 4591 vidit.
2082 4517 2138 4579 Π
2161 4539 2309 4595 solus
2333 4546 2437 4605 est,
2482 4536 2813 4610 proprietate
2845 4535 3095 4592 videlicet
3123 4535 3178 4590 in
3210 4548 3536 4606 unoquoque
3582 4543 3643 4590 et
3681 4534 3770 4590 in-

524 4629 618 4688 32.
649 4629 823 4702 Moysi
861 4631 917 4685 in
954 4630 1083 4685 rubo
1111 4631 1271 4696 visus,
1306 4627 1563 4685 Dominus
1600 4638 1648 4684 et
1680 4629 1819 4685 Deus
1858 4641 1951 4686 est.
1981 4662 2054 4673 -
2162 4630 2535 4688 nascibilitatis
2580 4624 2637 4685 ct
2662 4629 2908 4701 originis.
2952 4630 3029 4685 Ac
3062 4628 3141 4684 sic
3177 4636 3404 4699 uterque
3447 4628 3591 4683 Deus
3630 4642 3773 4683 unus

454 4724 748 4783 Videamus
789 4733 992 4791 autem,
1037 4739 1105 4779 an
1152 4725 1316 4781 etiam
1359 4723 1510 4791 alibi,
1548 4732 1749 4794 praeter
1789 4740 1950 4794 quam
1984 4725 2053 4780 ad

458 4819 604 4892 Agar
625 4860 642 4888 ,
668 4818 756 4875 hic
775 4818 1000 4890 angelus
1031 4817 1123 4874 Dei
1155 4816 1299 4872 Deus
1328 4830 1450 4872 esse
1478 4818 1549 4871 sit
1574 4817 1842 4888 cognitus.
1861 4816 2062 4889 Cogni-

459 4921 549 4968 tus
574 4913 734 4984 plane
773 4919 879 4968 est.
913 4909 1102 4983 Neque
1149 4908 1323 4966 solum
1362 4910 1530 4979 Deus,
1573 4909 1671 4967 sed
1706 4910 1870 4966 etiam
1918 4911 2060 4969 Deus

533 5092 613 5167 (α)
635 5091 799 5167 Editi,
819 5107 991 5167 neque
1015 5099 1093 5147 est
1123 5091 1180 5147 in
1209 5098 1478 5167 tempore:
1508 5098 1710 5167 praeter
1737 5088 2057 5167 ﬁdemmss.

463 5161 755 5222 Estautem
777 5162 869 5219 hic
884 5161 1412 5233 pleonasmus.cujus
1423 5161 1671 5233 exentpla
1679 5162 1788 5232 jam
1807 5162 2062 5219 vidimus.

540 5234 625 5307 (b)
646 5235 703 5289 In
732 5232 982 5307 vulgatis,
1010 5235 1122 5307 ipse
1144 5249 1262 5289 vero
1282 5236 1368 5307 qui
1390 5234 1619 5307 auditur,
1644 5232 1899 5288 Dominus
1924 5233 2073 5290 Deus‘

464 5302 560 5363 est.
592 5302 793 5360 Deinde
810 5302 1231 5377 Abralue',ﬂlsaac
1258 5314 1305 5359 et
1327 5302 1489 5359 Iacob
1514 5303 1651 5361 Deus
1672 5322 1778 5360 esse
1800 5307 2067 5377 cognosci-

464 5385 567 5432 tur.
596 5377 728 5446 Qum
754 5378 914 5432 lectio
942 5376 1164 5431 confusa
1192 5384 1527 5432 restauratur
1547 5391 1650 5446 ope
1677 5392 1811 5433 mss.

543 5447 614 5521 (c)
648 5448 809 5513 Editi,
845 5447 1045 5521 Etenim
1065 5447 1164 5503 Dei
1177 5449 1403 5521 angelus
1427 5463 1565 5510 cum.
1589 5457 1719 5512 etc.,
1752 5464 1915 5504 sensu
1943 5463 2066 5518 per-

471 5519 711 5583 turbato,
753 5528 808 5573 et
836 5519 1043 5573 sublata
1077 5519 1394 5589 probatione
1423 5534 1527 5589 qua
1563 5520 1705 5578 Deus
1745 5535 1852 5577 non
1883 5521 2067 5578 solita-

471 5536 711 5583 turoato,
753 5536 808 5573 ει
836 5536 1043 5573 sumata
1110 5536 1394 5574 ronattone
1423 5536 1527 5589 qua
1563 5536 1664 5578 ueu

469 5589 1035 5662 riusudemonstratur.
1067 5536 1410 5662 gastigantur
1438 5606 1504 5646 ex
1532 5605 1664 5648 mss.

467 5712 503 5787 ﬁ
656 5659 874 5721 Scilicet
896 5658 1190 5732 Unigeniti,
1222 5657 1280 5718 ut
1299 5663 1538 5734 apertius
1562 5663 1869 5722 declaratur
1886 5661 1981 5723 lib.
2003 5678 2062 5735 ν,

2163 4735 2280 4792 est;
2313 4740 2436 4782 cum
2465 4725 2608 4781 inter
2637 4739 2803 4780 unum
2832 4734 2888 4780 et
2915 4738 3102 4791 unum,
3128 4721 3184 4778 id
3210 4733 3315 4789 est,
3338 4737 3405 4779 εχ
3434 4737 3543 4778 uno
3571 4737 3766 4790 unum,

2161 4818 2461 4874 divinitatis
2481 4828 2700 4874 acterna:
2723 4833 2828 4874 non
2851 4816 2922 4873 sit
2945 4816 3180 4873 secunda
3211 4825 3421 4872 natura.
3443 4815 3775 4875 Adorandus

2163 4927 2294 4985 ergo
2335 4921 2421 4969 est
2465 4927 2498 4970 a
2544 4912 2666 4969 liliis
2697 4911 2816 4979 Dei,
2857 4918 2915 4968 et
2952 4909 3388 4967 bonorillcamlus
3436 4910 3505 4967 ab
3544 4911 3774 4983 Angelis

2239 5093 2313 5167 (ε)
2340 5093 2438 5150 Ηίε
2482 5094 2776 5153 Deuteron.
2828 5094 2979 5152 locus
3018 5095 3072 5151 in
3113 5095 3203 5151 Ps.
3247 5110 3412 5163 mn,
3442 5110 3498 5151 n.
3544 5095 3601 5160 4.
3654 5097 3778 5155 aliis

2167 5166 2609 5250 verbis,_alioque
2628 5167 2914 5250 verborum
2929 5168 3132 5250 Ion-line
3155 5166 3603 5250 expri_n.t-i.tu-r..lbi
3625 5169 3776 5225 enim

2172 5235 2348 5308 primo
2375 5237 2494 5293 loco
2513 5235 2751 5308 jtabetur
2777 5238 2960 5308 Angeli
2999 5238 3116 5305 Dei,
3154 5235 3262 5293 non
3294 5237 3392 5304 lilii
3420 5237 3552 5304 Dei;
3580 5250 3777 5308 postea

2170 5307 2479 5382 autemﬁlii
2499 5307 2622 5375 Dei,
2657 5310 2776 5382 loco
2806 5307 2989 5382 Angeti
3027 5308 3126 5364 Dei
3155 5326 3174 5363 :
3201 5310 3300 5382 cui
3330 5310 3547 5382 lectioni
3576 5307 3777 5368 suﬂ‘ra-

2169 5388 2330 5454 gatur
2354 5379 2727 5454 Iustinussub
2751 5379 2908 5454 linem
2940 5382 3075 5454 Dial.
3105 5396 3228 5435 cum
3259 5380 3571 5454 Tryphonc,
3604 5383 3779 5438 iuvet-

2172 5467 2277 5521 que
2305 5452 2502 5506 Paulus
2528 5451 2664 5507 Heb.
2700 5468 2739 5513 ι.
2769 5451 2821 5506 6.
2856 5452 3027 5520 Quem
3058 5453 3145 5506 hic
3178 5451 3592 5507 tenet'llilarius
3618 5454 3778 5509 ordi-

2172 5538 2317 5594 nem.
2337 5533 2480 5578 tenet
2498 5535 2553 5578 et
2576 5522 2913 5594 Epiphanius
2936 5522 3071 5594 liter.
3096 5538 3314 5589 Lstx,n.
3340 5522 3430 5589 60,
3455 5523 3545 5578 ubi
3569 5522 3776 5582 habet:

2171 5593 2408 5720 Admisit];
2425 5595 2595 5677 ipsum
2610 5593 2786 5652 omnes
2808 5597 2907 5667 ﬁlii
2928 5593 3049 5665 Dei,
3080 5607 3129 5650 et
3149 5597 3435 5667 confortent
3457 5611 3575 5652 eum
3594 5611 3779 5652 omnes

2171 5680 2295 5720 suae
2319 5682 2335 5719 ι
2408 5680 2476 5720 et.

2159 5680 2335 5736 anget:
2358 5680 2476 5731 uer.
