3960 6202
125 289 210 344 1'21

1291 286 1375 342 Ι)Ιεί
1415 286 1782 343 ἹἸῖΙΝΙΤᾹΤΕ
1822 287 2021 344 LIBER
2062 290 2148 347 IV.

3307 303 3413 358 122
3461 351 3464 353 ,

126 407 230 462 Dei.
262 404 336 460 ita
369 413 426 460 et
458 403 631 460 honor
653 414 707 460 et
737 403 1008 460 veneratio
1049 403 1158 461 Deo
1189 419 1218 458 a
1251 403 1343 460 Dei
1369 404 1491 460 ﬁliis
1519 413 1573 460 et
1602 408 1709 461 An—
1737 405 1792 467 Α
1816 419 1980 463 cerne
2003 407 2076 479 (ε)
2099 408 2423 483 adlegentis
2451 411 2860 484 intelligentiam
2891 425 3112 472 unctum
3135 425 3187 473 et
3209 432 3414 490 ungen-

121 498 246 570 gelis
289 492 619 568 postulatur.
665 497 1118 568 Signiﬁcationem
1162 496 1484 564 honorandi,
1519 498 1602 571 (l)
1654 508 1709 555 et

124 607 297 650 eorum
325 591 403 662 (α)
445 605 546 660 per
575 605 710 662 quos
737 601 813 644 cst
842 591 1182 646 honorandus
1215 592 1476 662 intellige,
1503 591 1710 647 scilicet

123 701 210 757 per
237 683 458 755 angelos
486 695 538 738 et
567 683 702 738 ﬁlios
735 685 843 747 Dei,
881 684 1040 738 Deus.
1074 684 1150 739 Ac
1180 701 1248 739 ne
1275 685 1411 739 forte
1445 687 1705 740 honorem

126 780 213 835 Dei
251 796 354 834 non
397 777 664 832 naturalis
691 778 970 833 existimes
1003 778 1287 848 posuilari,
1329 787 1385 833 et
1428 778 1708 833 arbitreris

127 873 220 928 hoc
256 873 308 928 in
347 872 473 927 loco
513 872 730 941 Moysen
770 872 837 926 de
881 871 1196 928 honorando
1244 873 1353 928 Deo
1392 885 1542 941 patre
1576 888 1706 928 sen-

127 967 270 1030 sisse,
296 980 418 1020 cum
465 976 640 1020 tamen
674 964 832 1020 Pater
857 965 924 1020 sit
958 964 1305 1020 honorandus
1342 966 1394 1019 in
1421 965 1590 1030 Filio;
1627 977 1707 1020 ta-

125 1074 240 1114 men
266 1057 718 1118 benedictionem,
742 1073 904 1128 quam
931 1057 1003 1130 (lt)
1027 1059 1128 1114 sub
1149 1059 1340 1114 eodem
1370 1073 1619 1114 sermone
1640 1057 1707 1113 ad

126 1151 314 1221 Joseph
346 1150 604 1220 disponit,
647 1150 888 1205 adverte.
923 1152 1010 1205 Ait
1039 1151 1182 1207 enim
1213 1169 1225 1204 :
1260 1148 1325 1204 Et
1353 1167 1466 1221 qua:
1502 1161 1712 1220 accepta

127 1253 236 1299 sunt
272 1242 318 1296 ei
359 1242 450 1312 qui
477 1243 716 1311 apparuit
747 1244 799 1296 in
833 1243 981 1310 rubo,
1010 1249 1210 1298 veniant
1239 1260 1392 1313 super
1429 1254 1580 1312 caput
1619 1241 1710 1296 Jo-

127 1337 240 1406 seph
267 1346 312 1390 et
335 1336 568 1390 uerticem
601 1334 776 1408 (Deut.
809 1353 998 1401 xxxur,
1032 1337 1145 1408 16).
1178 1337 1500 1393 Adorandus
1525 1351 1653 1407 ergo
1678 1350 1706 1388 a

129 1431 217 1486 Dei
249 1430 368 1484 ﬁliis
395 1428 541 1483 Deus
569 1436 675 1494 est,
705 1429 800 1484 sed
832 1431 970 1484 Deus
996 1430 1086 1500 qui
1112 1440 1165 1484 et
1199 1429 1288 1484 Dei
1314 1429 1450 1484 ﬁlius
1473 1437 1574 1484 est.
1602 1427 1710 1482 Ho-

130 1524 388 1581 norandus
423 1534 600 1577 autem
646 1539 676 1576 a
717 1524 810 1578 Dei
851 1524 1059 1595 angelis
1100 1524 1240 1578 Deus
1282 1530 1385 1589 est,
1432 1521 1528 1576 sed
1569 1521 1707 1576 Deus

129 1619 211 1689 qui
241 1619 330 1674 Dei
365 1617 434 1690 (c)
462 1620 686 1689 angelus
719 1618 860 1673 Deus
887 1627 972 1674 est
1006 1634 1018 1671 :
1054 1615 1178 1687 quia
1207 1615 1275 1670 de
1302 1615 1437 1670 rubo
1458 1614 1710 1684 apparuit

133 1710 216 1767 Dei
242 1711 458 1782 angelus
483 1713 644 1778 Deus,
672 1720 728 1766 ct
755 1728 874 1782 qua:
905 1711 952 1764 ci
977 1709 1294 1779 complacita
1327 1717 1472 1768 sunt,
1503 1705 1706 1776 Joseplt

1814 507 1919 553 tem
1956 499 2268 572 :distiugue
2309 513 2356 558 te
2397 513 2451 559 et
2489 513 2606 558 tuus
2637 521 2656 559 :
2681 505 2748 560 ad
2795 522 2954 578 quem
2998 516 3053 564 et
3089 508 3157 565 de
3196 524 3303 581 quo
3343 510 3413 568 sit

1810 605 2013 659 sermo,
2042 593 2379 652 demonstra.
2410 595 2794 667 Superioribus
2820 600 2964 655 enim
2985 600 3146 657 dictis
3169 602 3254 657 hic
3277 617 3410 659 cort-

1812 685 2064 743 fessionis
2094 687 2228 743 ordo
2253 691 2530 759 subjectus
2557 702 2659 748 est.
2699 695 2913 750 Dixerat
2942 711 3172 766 namque
3199 715 3213 752 :
3246 696 3412 753 Sedes

1816 791 1922 847 tua,
1966 783 2125 852 Deus,
2170 786 2223 839 in
2248 785 2495 839 saxulum
2537 788 2735 850 stcculi,
2767 790 2909 860 uirga
2950 789 3246 846 directionis
3292 799 3414 859 tute,

1816 879 1955 948 uirga
1989 879 2134 950 regni
2181 879 2290 946 tui;
2322 880 2550 935 dilexisti
2581 884 2867 955 justitiam,
2901 893 2946 938 et
2976 885 3130 939 odisti
3165 885 3412 953 iniquita-

1813 981 1912 1026 tem
1948 971 2138 1042 (lbid.,
2173 973 2253 1044 7).
2291 972 2441 1028 Nunc
2462 989 2676 1045 quoque
2718 975 2801 1032 his
2844 976 3042 1046 adjecit
3085 997 3098 1033 :
3130 976 3416 1051 PrOpterea

1811 1067 1958 1119 unxit
1985 1076 2052 1132 te,
2086 1065 2248 1133 Deus,
2277 1065 2414 1121 Deus
2439 1077 2574 1121 tuus.
2613 1069 2906 1139 Deus~crgo
2928 1070 3077 1140 regni
3103 1073 3312 1136 teterni,
3343 1072 3413 1128 ob

1811 1157 2066 1211 meritum
2095 1157 2305 1213 dilecta:
2330 1158 2551 1228 justitim
2579 1167 2635 1214 et
2666 1174 2873 1227 perosae
2902 1161 3218 1232 iniquitatis,
3245 1179 3274 1218 a
3301 1164 3415 1220 Deo

1813 1265 1918 1306 suo
1945 1263 2140 1307 unctus
2168 1261 2271 1307 est.
2306 1253 2570 1324 Numquid
2606 1255 3013 1324 intelligentiam
3052 1267 3290 1313 nostram
3317 1260 3416 1316 ali-

1811 1361 1914 1416 qua
1967 1347 2164 1402 saltem
2212 1349 2488 1402 nominum
2537 1346 2819 1404 intervalla
2865 1348 3238 1407 confundunt?
3283 1351 3415 1408 Nam

1810 1441 2072 1496 discretio
2121 1449 2330 1496 tantum
2381 1457 2627 1512 persona:
2674 1443 2724 1497 in
2769 1453 2816 1497 te
2852 1453 2908 1500 et
2943 1454 3062 1499 tuus
3105 1449 3274 1516 posita
3307 1457 3412 1515 est,

1811 1536 1867 1590 in
1914 1536 2062 1590 nullo
2111 1545 2289 1592 tamen
2335 1545 2542 1593 natura:
2586 1537 2836 1594 disriucta
2879 1539 3238 1596 confessione.
3271 1541 3417 1598 Tuus

1811 1630 1954 1685 enim
1985 1631 2212 1685 relatmn
2234 1640 2320 1685 est
2339 1630 2405 1686 ad
2437 1641 2737 1696 auctorem,
2773 1643 2818 1686 te
2844 1647 2972 1688 vero
2993 1633 3058 1688 ad
3081 1634 3197 1704 ejus
3224 1636 3314 1706 qui
3344 1650 3412 1691 ex

1810 1732 2032 1779 auctore
2068 1734 2152 1779 est
2181 1723 2650 1794 signiﬁcationem.
2685 1725 2776 1780 Est
2814 1727 2957 1780 enim
2995 1727 3134 1781 Deus
3161 1743 3228 1782 ex
3263 1728 3399 1792 Deo.

131 1817 240 1858 cum
293 1805 698 1860 benedicel'ellﬂ‘
740 1812 1012 1870 ονιθηιυτ-
1058 1801 1175 1856 NO"
1220 1800 1339 1855 ideo
1384 1815 1489 1854 "0“
1541 1801 1700 1864 υρηε»
1736 1808 1782 1868 Β
1810 1819 2072 1885 propheta
2121 1817 2315 1872 eodem
2360 1817 2550 1872 ordine
2575 1817 2870 1873 conﬁtente
2905 1835 2918 1872 :
2955 1817 3115 1874 Unxit
3142 1829 3213 1886 te,
3246 1819 3411 1889 Deus,

131 1897 240 1966 quia
265 1897 482 1967 angelus
517 1897 610 1952 Dei
640 1907 756 1962 cst;
788 1911 961 1966 neque
988 1909 1199 1950 rursum
1231 1892 1453 1963 angelus
1484 1891 1576 1945 Dei
1605 1907 1711 1946 non

133 1989 333 2053 idcirco,
377 1992 502 2061 quia
554 1991 693 2046 Deus
722 1999 845 2045 est:
888 1988 982 2044 sed
1027 1985 1321 2058 signiﬁcata
1363 2000 1711 2056 personarum

131 2084 484 2155 intelligentia,
508 2091 564 2139 et
594 2084 674 2155 (ά)
707 2082 962 2137 distincto
995 2080 1432 2136 innascibilitatis
1458 2079 1710 2133 nativita-

133 2178 285 2246 tisque
323 2191 506 2244 sensu,
542 2190 606 2230 ac
647 2173 984 2230 manifestata
1021 2180 1487 2228 sacramentorum
1516 2171 1713 2226 coales-

133 2271 246 2326 tinm
271 2270 697 2341 dispensatione,
724 2286 827 2324 non
857 2268 1156 2324 solitarium
1193 2268 1355 2323 Deum
1388 2267 1570 2322 docuit
1597 2266 1715 2336 epi-

133 2363 364 2429 nandum,
391 2379 515 2419 cum
564 2363 812 2433 angelum
854 2369 910 2417 et
947 2363 1112 2416 ﬁlium
1158 2361 1264 2415 Dei
1301 2360 1492 2426 Deum,
1531 2359 1624 2414 Dei
1660 2369 1713 2415 et

134 2455 285 2528 angeli
311 2465 366 2510 et
397 2455 493 2510 ﬁlii
523 2453 850 2510 adorabunt.

195 2551 276 2606 Μ.
312 2550 379 2606 Ει
425 2550 548 2605 haec
594 2549 808 2621 quidem
856 2548 922 2604 de
967 2547 1136 2620 Moysi
1181 2548 1331 2603 libris
1386 2561 1644 2617 responsa
1683 2562 1711 2600 a

134 2641 270 2698 nobis
296 2643 419 2708 sint,
451 2643 541 2698 vel
575 2643 753 2713 potius
778 2639 990 2713 Moyses
1022 2641 1137 2711 ipse
1170 2638 1514 2710 responderit
1545 2656 1558 2696 :
1589 2639 1710 2709 quia

132 2748 190 2790 eo
216 2736 438 2792 hzrretici
472 2743 696 2790 auctore
726 2735 830 2799 usi,
862 2749 957 2804 per
988 2734 1146 2787 unius
1179 2733 1269 2788 Dei
1299 2730 1710 2787 confessionem

137 2839 301 2900 putent
327 2829 636 2901 persuaderi
667 2843 843 2900 posse,
872 2841 938 2884 ne
970 2829 1108 2883 Deus
1137 2842 1257 2882 esse
1284 2827 1374 2882 Dei
1405 2826 1544 2882 ﬁlius
1567 2841 1710 2898 prae-

138 2919 354 2987 dicetur;
382 2921 495 2995 96
524 2929 714 2978 contra
743 2919 982 2975 auctoris
1009 2919 1092 2974 sui
1131 2918 1496 2974 testimonium
1535 2917 1708 2989 impii,

138 3027 240 3068 cum
266 3015 471 3084 quando
501 3015 596 3070 ille
623 3029 790 3069 unum
823 3013 989 3067 Deum
1025 3012 1312 3077 conﬁtens,
1347 3028 1451 3066 non
1484 3010 1711 3066 destite-

141 3106 199 3162 rit
221 3108 280 3164 de
309 3109 393 3164 Dei
417 3107 529 3164 ﬁlio
560 3108 757 3164 docere
779 3107 924 3179 quod
950 3107 1090 3162 Deus
1115 3115 1218 3162 est.
1245 3104 1350 3162 Sed
1377 3121 1713 3177 consequens

1815 1905 1955 1962 Deus
1993 1919 2132 1963 tuus.
2162 1907 2276 1963 Non
2321 1918 2404 1964 est
2441 1919 2619 1964 autem
2663 1918 2787 1964 ante
2822 1910 3194 1965 innascibilem
3245 1912 3412 1968 Deum

1818 2001 1960 2056 Deus
1991 2003 2151 2067 ullus,
2204 2001 2320 2072 ipso
2350 2002 2566 2056 dicente
2603 2020 2616 2056 :
2655 2001 2831 2057 Estote
2870 2003 2998 2056 milii
3036 2013 3206 2069 testes,
3243 2015 3290 2058 et
3321 2020 3417 2076 ego

1816 2094 1976 2159 testis,
2010 2094 2132 2149 dicit
2159 2094 2406 2150 Dominus
2432 2094 2594 2162 Deus,
2629 2106 2676 2150 et
2697 2113 2822 2167 puer
2844 2113 2986 2150 meus
3006 2113 3154 2166 quem
3176 2097 3337 2169 elegi,
3360 2107 3418 2151 ut

1814 2187 1990 2242 sciatis
2019 2197 2065 2241 et
2111 2188 2331 2242 credatis
2374 2198 2421 2242 et
2460 2188 2760 2260 intelligatis
2791 2190 3032 2260 quoniam
3072 2207 3165 2262 ego
3199 2206 3333 2255 sum,
3371 2199 3418 2245 et

1813 2292 1931 2335 ante
1960 2298 2040 2334 me
2070 2292 2268 2336 nonest
2303 2283 2439 2336 alius
2471 2282 2630 2350 Deus,
2665 2294 2712 2338 et
2741 2293 2855 2352 post
2897 2300 2976 2338 me
3013 2300 3114 2338 non
3140 2285 3236 2339 erit
3262 2283 3414 2357 (Esa.

1815 2389 1964 2436 xun,
2003 2373 2112 2445 10).
2147 2372 2223 2443 (2)
2256 2375 2386 2444 Ejus
2409 2374 2591 2444 igitur,
2623 2373 2694 2448 (f)
2721 2376 2812 2446 qui
2842 2377 2959 2431 sine
2989 2376 3142 2432 initio
3171 2386 3282 2439 cst.
3317 2378 3414 2433 de-

1815 2473 2114 2520 monstrata
2137 2475 2221 2520 est
2241 2465 2509 2537 dignitas;
2541 2476 2593 2522 et
2621 2467 2740 2536 ejus
2768 2468 2858 2538 qui
2890 2484 2956 2523 ex
2984 2469 3286 2525 innascibili
3309 2481 3414 2542 est,

1817 2558 1992 2612 honor
2021 2567 2375 2613 conservatus
2404 2568 2487 2614 est
2518 2578 2530 2615 :
2567 2558 2728 2614 Unxit
2758 2570 2826 2626 te,
2866 2561 3010 2615 enim
3069 2560 3230 2626 Deus,
3275 2560 3416 2619 Deus

1822 2662 1962 2707 tuus.
1995 2651 2052 2708 id
2083 2652 2252 2716 enim,
2280 2652 2423 2723 quod
2469 2652 2542 2707 ait
2587 2663 2725 2721 tuus,
2769 2653 2835 2708 ad
2874 2655 3210 2710 nativitatem
3249 2656 3418 2711 refer-

1817 2756 1925 2814 tur,
1963 2757 2221 2802 caeterum
2273 2761 2378 2801 non
2437 2746 2655 2816 perimit
2704 2755 2950 2801 naturam
2997 2747 3158 2819 (Vide
3196 2748 3286 2804 lib.
3337 2764 3414 2815 χι,

1817 2856 1872 2895 n.
1911 2840 1999 2906 18,
2027 2840 2174 2911 etc.).
2207 2839 2276 2894 Et
2303 2838 2508 2895 idcirco
2541 2839 2680 2894 Deus
2700 2838 2817 2909 ejus
2847 2851 2951 2906 est,
2981 2840 3102 2910 quia
3137 2855 3202 2895 ex
3225 2855 3290 2896 co
3321 2855 3417 2896 na-

1817 2941 1902 2988 tus
1931 2933 1984 2988 in
2009 2933 2175 2988 Deum
2199 2942 2303 2988 est.
2328 2931 2442 2988 Non
2476 2941 2654 2986 tamen
2687 2947 2784 3002 per
2819 2932 2893 2998 id,
2917 2931 3057 3002 quod
3085 2931 3246 2986 Pater
3276 2933 3417 2988 Deus

1815 3033 1919 3092 est,
1960 3040 2067 3079 non
2118 3034 2174 3079 et
2212 3023 2380 3078 Filius
2429 3024 2568 3078 Deus
2611 3034 2738 3078 est:
2777 3022 2935 3078 Unxit
2981 3022 3124 3080 enim
3169 3033 3234 3088 te,
3281 3022 3419 3078 Deus

1816 3115 1958 3170 Deus
2002 3129 2119 3170 tuus
2148 3132 2166 3170 :
2195 3116 2474 3187 designata
2505 3115 2754 3171 videlicet
2782 3124 2836 3169 rt
2876 3116 3134 3182 auctoris,
3164 3124 3218 3171 et
3243 3131 3308 3170 ex
3351 3129 3418 3170 eo

142 3210 211 3254 est
254 3202 572 3274 multiplices
617 3200 685 3257 de
741 3200 932 3256 eodem
985 3198 1368 3270 prophetarum
1416 3201 1714 3254 sententias
1741 3199 1786 3262 C
1818 3208 1987 3278 geniti
2017 3207 2434 3278 signiﬁcatione,
2468 3221 2578 3262 uno
2613 3207 2913 3278 eodemque
2949 3207 3096 3262 dicto
3130 3215 3419 3277 utrumque

144 3294 374 3363 proferre.

201 3387 278 3443 55.
313 3390 410 3458 Qui
434 3390 690 3460 propheta
721 3388 767 3442 F
770 3389 916 3443 ilium
941 3398 988 3443 et
1016 3385 1176 3442 Deum
1205 3387 1405 3454 doceat,
1428 3397 1474 3442 et
1501 3405 1532 3442 a
1563 3386 1720 3442 Patre

146 3495 364 3539 secernat.
390 3482 516 3538 Filii
563 3500 656 3536 cur
693 3493 834 3554 pater
877 3480 1016 3536 Deus
1043 3483 1129 3537 sit.
1157 3511 1226 3521 -
1254 3479 1430 3536 Tenes
1465 3481 1664 3536 dictum
1698 3499 1712 3538 :

147 3574 279 3640 Audi,
302 3574 482 3641 Israel,
516 3575 772 3631 Dominus
799 3574 937 3630 Deus
965 3584 1080 3628 tuus
1108 3591 1239 3629 unus
1271 3582 1343 3629 est
1377 3589 1395 3628 :
1421 3583 1580 3646 atque
1611 3577 1714 3632 uti-

149 3681 251 3722 nam
303 3681 441 3726 recte
497 3680 740 3725 teneres.
791 3669 897 3725 Sed
947 3669 1243 3726 secundum
1300 3687 1517 3729 sensum
1569 3682 1719 3727 tuum

150 3758 253 3815 dicti
293 3763 589 3832 prophetici
633 3777 819 3833 qurero
851 3763 1138 3817 rationem.
1170 3762 1428 3819 Aitenim
1477 3766 1527 3820 in
1572 3765 1718 3835 psal-

152 3853 235 3910 mis
260 3873 272 3909 :
312 3855 462 3912 Unxit
490 3867 563 3924 te,
589 3853 761 3921 Deus,
794 3853 932 3910 Deus
960 3865 1077 3910 tuus
1100 3854 1274 3930 (Psal.
1303 3873 1448 3925 thv,
1483 3856 1560 3930 8).
1604 3860 1723 3916 Dis—

212 4018 279 4095 (_l)
305 4019 365 4095 Et
386 4024 494 4095 ejus
527 4035 621 4095 per
650 4019 818 4095 cujus.

216 4088 282 4161 (ἱ)
307 4088 432 4153 Eius
471 4093 632 4164 igitur
673 4088 758 4161 qui
796 4089 904 4164 sine
942 4088 1206 4164 nativitate
1243 4098 1338 4164 est,
1380 4089 1725 4164 demonstrata

157 4178 341 4229 persona
363 4173 454 4232 est,
489 4160 640 4228 mox,
673 4160 770 4232 pro
799 4161 854 4214 id
896 4162 1029 4214 enim
1069 4160 1206 4230 quod
1242 4161 1334 4227 ait,
1369 4169 1453 4216 est
1497 4160 1551 4214 id
1587 4161 1724 4232 quod

221 4297 374 4369 (a)lta
403 4300 515 4365 En,
556 4297 704 4365 Lips.
739 4305 792 4352 et
835 4296 960 4352 Par.
1009 4312 1128 4365 qua:
1169 4296 1332 4352 lectio
1373 4296 1526 4369 nobis
1567 4296 1721 4353 valde

163 4368 375 4438 suspecta
406 4380 510 4439 est,
544 4385 667 4425 cum
699 4385 796 4424 nec
827 4370 960 4421 satis
987 4381 1248 4437 coogruat
1279 4368 1722 4439 cttmsubnexis,

167 4455 248 4494 nec
271 4438 516 4498 habeatur
545 4442 649 4496 nisi
683 4442 733 4493 in
775 4439 1172 4510 recentioribus
1211 4455 1340 4494 mss.
1372 4438 1506 4510 Nam
1541 4440 1593 4494 in
1629 4456 1723 4510 po—

168 4510 360 4568 tioribus
404 4514 578 4568 tribus
629 4512 811 4576 Colb.,
877 4510 1068 4572 Carn.,
1119 4508 1309 4575 Corb.,
1356 4509 1566 4576 Gcrm.,
1626 4508 1731 4566 Re-

168 4582 296 4655 tnig.,
323 4593 445 4649 etc.,
477 4586 658 4655 legere
689 4594 787 4655 est,
823 4591 868 4635 et
898 4583 1010 4655 eius
1050 4599 1139 4652 per
1163 4584 1312 4654 cujus
1343 4581 1542 4655 (potest
1574 4583 1731 4638 intel-

170 4651 245 4723 ligi
263 4656 459 4710 tacitum
489 4651 711 4712 vérbum
740 4653 1008 4720 honorem)
1038 4651 1112 4706 est
1143 4651 1492 4707 honorandus.
1529 4653 1583 4708 In
1627 4671 1727 4709 ms.

171 4722 303 4780 Cerb.
329 4729 572 4782 secundis
598 4728 743 4781 curis
768 4727 1098 4796 adscriptum
1121 4735 1222 4789 cst,
1255 4733 1300 4777 et
1327 4727 1438 4796 ejus
1471 4741 1560 4792 per
1584 4743 1729 4794 quem

175 4807 231 4848 est
258 4800 590 4853 honorandus.
621 4797 679 4852 In
711 4795 1093 4870 Vindocinensi
1121 4805 1302 4870 autem
1329 4795 1598 4870 existat,‘et
1623 4801 1734 4870 ejus

177 4883 250 4934 per
272 4886 386 4936 quos
410 4883 477 4925 est
506 4869 860 4925 honorandus.
897 4867 1097 4922 Deinde
1126 4867 1177 4920 iu
1207 4867 1496 4938 vetustiore
1522 4865 1730 4938 Beniig.

178 4943 415 5012 mendose,
435 4943 714 5012 intelligere
733 4939 1238 5012 scilicetur‘Angelus
1255 4945 1302 4990 et
1322 4936 1491 5012 Filius
1514 4936 1631 5012 Dei.
1659 4936 1734 4994 Ex

179 5011 341 5076 quibus
370 5028 467 5068 non
497 5009 840 5068 incommode
865 5009 1140 5079 conﬁcere
1165 5009 1370 5072 liceret,
1395 5009 1737 5079 signiﬁcatio-

182 5097 274 5154 nem
290 5082 565 5139 honorandi
591 5100 654 5139 ex
676 5083 748 5137 eis
768 5096 1004 5154 pet-quos
1028 5091 1117 5154 est
1123 5078 1456 5134 honorandus
1483 5080 1734 5154 intellige,

183 5153 350 5230 scilicet
369 5165 422 5209 ut
452 5157 684 5230 Angelus
708 5148 927 5230 “flius
951 5148 1048 5205 Dei
1071 5150 1236 5230 Deus.

241 5223 308 5296 (lt)
333 5225 384 5280 ln
430 5223 754 5282 uno'codire
796 5223 1093 5296 Vati_c._s_ub
1135 5223 1312 5296 eodgm
1354 5223 1574 5296 nomine.
1601 5223 1737 5279 Tum

185 5292 554 5353 in‘recentiore
593 5297 805 5365 Remig.
857 5293 924 5348 ad
967 5292 1175 5348 Theod.
1223 5293 1384 5349 Jacob
1428 5297 1496 5348 ad
1545 5295 1740 5365 Joseplt

190 5365 400 5435 disponit.
444 5370 717 5424 Stncerior
757 5374 840 5422 est
881 5365 1043 5420 lectio
1086 5373 1432 5422 cancrorum.
1487 5367 1739 5436 Snbjecta

193 5434 312 5511 enim
341 5443 494 5495 verba
540 5436 937 5494 Deuteronomii
982 5439 1428 5511 syntaquamvis
1471 5438 1537 5494 ad
1577 5434 1740 5494 bene-

193 5508 442 5566 dictionem
466 5511 630 5566 .lacob
653 5512 788 5566 Gen.
821 5523 970 5572 χιιι,
999 5505 1090 5570 26,
1120 5505 1381 5564 alludant.

253 5581 315 5649 (ι)
340 5581 408 5635 Ita
428 5597 555 5636 mss.
582 5583 651 5636 At
679 5581 832 5644 editi,
857 5579 1082 5651 Angelus
1106 5589 1185 5651 est
1208 5582 1295 5651 qui
1319 5583 1382 5635 de
1397 5583 1542 5638 rubo.
1577 5579 1666 5638 Sic
1687 5589 1744 5636 et

199 5647 478 5708 Ambrosius
509 5656 558 5708 in
601 5653 742 5709 Psal.
778 5647 1016 5713 erttfn.
1049 5649 1138 5711 15,
1171 5647 1361 5706 Filium
1405 5655 1455 5708 in
1494 5653 1629 5707 rubo
1658 5651 1741 5704 vi-

201 5734 297 5798 sum
315 5721 476 5798 fuisse
492 5726 728 5798 declarat
753 5723 852 5798 liis,
869 5715 1050 5798 vgrbis
1067 5720 1344 5798 E‘Quisﬂe‘st
1367 5724 1431 5798 _t'n
1460 5723 1584 5798 rupe
1607 5723 1742 5788 visus

209 5784 363 5864 ﬂagri,
386 5789 478 5851 ttltl
498 5783 866 5870 'pritnog'énl'lut
896 5783 989 5845 D‘ei
1028 5783 1190 5861 plicis,
1220 5785 1308 5865 qui
1329 5789 1399 5851 alt
1433 5802 1450 5850 ς
1488 5785 1601 5865 Ego
1631 5783 1743 5847 sum

1820 3301 1971 3356 illum
2020 3301 2072 3356 in
2103 3310 2308 3356 natura:
2338 3299 2582 3372 ejusdem
2615 3301 2693 3372 (g)
2736 3311 2790 3356 et
2826 3301 3101 3371 dignitatis
3144 3315 3422 3372 nuncupa-

1824 3397 1972 3452 tione
1997 3395 2304 3450 constituit.

1891 3487 1998 3558 97
2012 3487 2100 3542 56.
2133 3485 2330 3541 Filium
2356 3485 2530 3541 Putris
2549 3485 2750 3558 qualem
2769 3484 2955 3540 Esaias
2977 3484 3420 3553 praedicat—Vc-

1821 3597 1939 3638 rum
1964 3598 2030 3637 ne
2054 3581 2190 3638 forte
2219 3598 2283 3638 ex
2314 3597 2380 3637 eo
2401 3583 2563 3653 arripi
2594 3582 2768 3652 impia:
2799 3582 3116 3638 assertionis
3138 3583 3303 3652 possit
3325 3596 3421 3635 oc-

1823 3675 1988 3741 casio,
2011 3675 2152 3744 quod
2185 3675 2385 3730 dictum
2416 3685 2518 3738 est,
2554 3675 2814 3743 Quoniam
2843 3691 2932 3743 ego
2958 3690 3092 3738 sum,
3127 3683 3174 3728 et
3201 3683 3317 3728 ante
3343 3690 3426 3728 me

1824 3783 1924 3821 non
1944 3777 2018 3822 est
2046 3765 2186 3821 Deus
2207 3767 2363 3831 alius,
2385 3776 2428 3820 et
2451 3778 2562 3838 post
2591 3782 2670 3820 me
2690 3782 2789 3820 non
2813 3767 2905 3819 erit
2929 3764 3098 3832 (Esai,
3122 3781 3272 3831 sun,
3291 3766 3380 3837 10)
3407 3783 3420 3830 ;

1826 3871 2097 3934 tamquam
2130 3879 2226 3934 per
2275 3863 2326 3918 id
2370 3877 2476 3918 non
2528 3871 2581 3916 ct
2634 3861 2801 3916 Filius
2834 3860 2975 3918 Deus
3015 3862 3104 3926 sit,
3137 3860 3260 3932 quia
3307 3869 3429 3931 post

1830 4022 1923 4084 ait,
1953 4031 2005 4074 et
2040 4020 2200 4089 paulo
2231 4028 2373 4092 post,
2405 4018 2524 4087 quia
2551 4034 2614 4073 ea:
2659 4015 2769 4072 Deo
2811 4028 2961 4072 natus
2998 4017 3209 4089 legitur,
3244 4029 3342 4087 pro
3368 4031 3431 4070 ea:

1831 4109 1888 4147 ρο
1919 4101 2090 4147 natus.

1828 4297 1968 4352 Deus
1999 4307 2198 4363 patrum
2230 4307 2532 4361 vestrorum,
2570 4296 2708 4350 Deus
2739 4297 3019 4362 Abraham,
3066 4295 3206 4354 Deus
3245 4297 3396 4354 Isaac
3416 4342 3431 4367 ,

1828 4370 1971 4423 Dens
1999 4369 2182 4424 Iacob.
2209 4367 2336 4422 Ideo
2358 4385 2412 4423 se
2427 4369 2794 4444 demonstrauit
2820 4371 3059 4444 liunmnis
3091 4371 3431 4444 adspectibus,

1831 4443 1952 4513 quia
1977 4450 2220 4496 venturus
2242 4451 2349 4494 erat
2373 4451 2425 4494 ut
2456 4441 2519 4494 ab
2550 4439 2784 4495 omnibus
2813 4441 3088 4496 uideretur.

1907 4535 1988 4609 (ιι)
2024 4535 2080 4590 In
2129 4533 2310 4602 editis,
2339 4535 2601 4590 distinctio
2635 4536 2934 4591 :mendum
2979 4537 3123 4607 quod
3169 4537 3437 4610 castigant

1758 4615 1812 4676 D
1836 4622 1969 4663 mss.

1913 4679 1982 4752 (e)
2015 4679 2161 4748 Lips.
2187 4688 2242 4734 ct
2268 4679 2417 4744 Par.,
2441 4679 2696 4752 discernat
2717 4680 2928 4751 legentis
2954 4680 3289 4750 intelligentia
3315 4697 3439 4736 :re-

1842 4751 2166 4807 luetantibus
2222 4753 2341 4804 aliis
2396 4753 2562 4805 libris.
2624 4751 2696 4805 lla
2761 4751 3121 4805 'l‘ertullianns
3174 4752 3440 4807 adversus

1841 4822 2102 4878 Praxeam
2129 4840 2182 4877 n.
2214 4823 2304 4886 15,
2333 4822 2652 4878 Ambrosius
2679 4823 2772 4876 lib.
2809 4839 2821 4876 ι
2849 4822 2916 4875 rlc
2938 4820 3069 4876 Fide
3094 4837 3143 4874 c.
3175 4822 3229 4884 5,
3263 4833 3316 4876 et
3343 4823 3438 4878 alti

1844 4894 2036 4951 Patres
2073 4896 2124 4948 in
2159 4897 2260 4948 hoc
2312 4895 2612 4948 Psalmistae
2655 4895 2774 4948 loco
2815 4893 2950 4946 duos
2993 4902 3178 4961 aperte
3203 4893 3439 4949 discerni

1843 4965 2158 5021 observant.
2191 4965 2549 5020 Luculentum
2579 4974 2659 5018 est
2705 4979 2811 5032 pra'
2841 4964 3054 5016 ca-teris
3095 4963 3221 5016 illud
3254 4963 3438 5019 lrenmi

1846 5039 1940 5092 lib.
1983 5054 2059 5101 nt,
2109 5054 2158 5091 c.
2208 5036 2241 5091 6
2274 5055 2285 5089 :
2315 5035 2566 5106 Utrosque
2610 5033 2706 5089 Dei
2745 5034 3091 5106 appellatigne
3133 5033 3440 5106 signiﬁcat-it

1847 5108 2076 5178 Spiritus
2111 5119 2340 5172 sanctus,
2374 5119 2419 5178 et
2466 5101 2579 5160 eum
2611 5107 2695 5175 qui
2726 5101 2932 5177 ungitur
2977 5101 3198 5172 Filium;
3240 5101 3285 5160 et
3327 5122 3441 5162 eum

1841 5181 1929 5248 qui
1963 5181 2106 5250 ungit
2128 5219 2149 5250 η
2178 5179 2233 5232 id
2261 5187 2356 5245 est,
2387 5177 2616 5232 Patrem.

1915 5268 1984 5341 (ί)
2033 5267 2172 5342 Editi
2213 5277 2442 5342 excepto
2483 5269 2629 5342 Pan,
2660 5270 2746 5337 qui
2775 5269 2884 5342 sine
2913 5269 3174 5324 nativitate
3194 5279 3270 5342 est
3303 5287 3322 5324 :
3351 5272 3440 5342 qui

1844 5339 2022 5396 tamen
2067 5339 2224 5405 infra,
2270 5341 2432 5407 n.57,
2463 5341 2532 5396 de
2572 5340 2730 5396 Patre
2777 5339 2996 5407 habent,
3031 5343 3115 5412 qui
3155 5341 3267 5395 sine
3295 5339 3442 5397 initio

1843 5424 2064 5468 wternus
2088 5421 2180 5468 est.

1923 5503 2142 5579 (g)‘V‘at.
2171 5505 2285 5560 bas.
2315 5505 2508 5579 codex,
2543 5505 2595 5579 in
2633 5513 2831 5579 natura?
2860 5508 3088 5579 ejusdem
3119 5507 3368 5577 dignitate
3397 5518 3444 5562 et

1849 5576 2060 5632 Domini
2082 5578 2460 5647 nuncupatione
2482 5596 2498 5632 ;
2524 5577 2699 5632 minus
2727 5576 2957 5633 sincere.
2986 5578 3060 5632 Ex
3088 5576 3189 5632 hoc
3212 5580 3445 5636 maxime

1851 5651 1969 5718 loco
2000 5655 2144 5718 patet
2168 5665 2327 5718 quam
2371 5649 2515 5718 apud
2555 5650 2812 5703 llilarium
2847 5651 2949 5703 vim
2984 5649 3179 5705 haheat
3214 5653 3446 5706 vocabu—

1971 5713 2272 5843 Idignitatis,
2303 5713 2446 5792 quod
2473 5721 2754 5776 divinitatis
2779 5721 2899 5778 loco
2930 5720 3213 5778 manifeste
3237 5721 3322 5777 hic
3352 5736 3448 5792 po-

1951 5803 1964 5843 l
2005 5807 2016 5843 ι

1849 5797 2016 5847 illum
