3960 6202
503 292 609 348 ηδ

1654 295 1661 301 ’
1696 296 1941 360 SANCTI
1982 294 2235 355 HILARII
2273 296 2581 357 EPlSCOPl

3704 303 3809 359 {24

502 407 675 466 Deum
699 451 718 479 ,
766 419 892 466 ante
919 423 1077 480 quem
1114 408 1260 465 Deus
1301 409 1482 465 nullus
1529 409 1624 478 sit,
1670 411 1849 467 nullus
1883 425 2098 483 quoque
2123 414 2173 475 Α
2205 412 2469 491 professio
2484 412 2977 484 est.Aitnamqne:
3009 411 3263 481 Quoniam
3289 411 3363 468 sic
3384 412 3510 467 dicit
3547 410 3810 470 Dominus

499 508 688 573 postea
717 500 860 558 Deus
886 499 1097 555 fumi-us
1125 500 1233 555 sit:
1264 500 1426 559 totius
1455 500 1527 557 ob
1560 501 1614 557 id
1641 500 1771 558 dicti
1794 504 1934 558 ratio
1959 510 2101 558 trac-

399 626 405 632 -
501 593 661 649 tanda
685 603 788 649 est.
844 590 983 653 Deus
1010 592 1126 662 ipse
1152 594 1421 650 sermonis
1448 594 1531 649 sui
1569 595 1723 651 testis
1764 605 1843 651 est
1866 636 1883 663 ,
1914 595 2009 652 sed
2043 605 2100 652 et

502 700 636 755 puer
663 685 780 755 ejus
802 685 1015 741 electus
1043 700 1152 741 una
1182 700 1305 742 cum
1350 702 1416 743 eo
1447 689 1598 743 testis
1630 698 1745 755 est,
1781 690 1945 744 Deum
1974 698 2100 746 ante

499 790 561 834 se
587 792 691 831 non
722 791 864 843 esse,
897 792 1074 847 neque
1105 787 1227 846 post
1274 794 1334 836 se
1366 780 1622 835 futurum.
1667 778 1956 837 Sufﬁciens
1983 781 2102 852 qui-

497 871 623 928 dem
651 871 751 927 sibi
805 872 921 942 ipse
964 872 1116 928 testis
1142 882 1226 928 est
1251 895 1264 927 :
1289 874 1399 928 scd‘
1424 874 1728 930 testimonio
1759 875 1827 929 de
1874 889 1933 929 se
1964 890 2063 930 suo
2083 915 2098 941 ,

499 965 865 1021 testimonium
893 968 1041 1036 pueri
1064 982 1224 1035 quem
1254 966 1417 1037 elegit
1442 966 1745 1023 admiscuit.
1774 969 1948 1024 Unum
1971 984 2101 1041 ergo

497 1057 664 1114 duum
696 1057 1063 1114 testimonium
1086 1068 1191 1126 est,
1221 1060 1426 1114 nullum
1447 1069 1574 1116 ante
1593 1075 1654 1116 se
1685 1061 1850 1116 Deum
1868 1074 2007 1127 esse;
2035 1076 2103 1116 ex

497 1165 567 1205 eo
594 1151 737 1205 enim
759 1151 939 1207 omnia
969 1162 1093 1206 sunt
1126 1168 1139 1205 :
1173 1167 1350 1222 neque
1388 1162 1509 1221 post
1539 1167 1598 1207 se
1636 1154 1800 1207 Deum
1834 1152 2100 1220 futurum;

500 1258 609 1299 non
649 1244 835 1314 utique
862 1258 926 1299 ex
968 1257 1028 1300 se
1054 1260 1162 1299 non
1195 1244 1382 1300 fuisse.
1418 1244 1549 1300 Erat
1576 1247 1720 1300 enim
1754 1246 1868 1315 jam
1894 1261 2026 1315 puer
2048 1246 2102 1301 in

503 1334 812 1391 testimonio
842 1336 1015 1391 Patris
1044 1336 1158 1393 hanc
1187 1336 1435 1407 loquens,
1469 1353 1602 1407 puer
1629 1336 1682 1393 in
1718 1338 1859 1393 tribu
1892 1353 1957 1394 ex
1997 1355 2101 1408 qua

498 1426 645 1498 gigni
694 1426 925 1482 habebat
962 1428 1190 1485 electus.
1218 1428 1453 1499 ldipsutn
1493 1429 1565 1484 ita
1588 1430 1640 1485 in
1672 1430 1977 1501 Evangeliis
2001 1429 2100 1487 de-

502 1526 815 1575 monstrat:
852 1519 993 1575 Ecce
1047 1536 1178 1590 puer
1226 1536 1380 1576 meus
1434 1537 1593 1593 quem
1646 1523 1823 1592 elegi,
1874 1523 2104 1578 dilectus

501 1625 675 1679 mens,
708 1611 762 1666 in
803 1626 909 1680 quo
953 1612 1574 1685 cortiplacuittl)anima
1615 1630 1735 1671 mea
1763 1614 1975 1689 (Matth.
2006 1632 2102 1682 an,

504 1703 615 1776 18).
649 1703 764 1759 Non
795 1715 878 1760 cst
899 1719 1026 1775 ergo
1047 1714 1172 1761 ante
1202 1720 1289 1761 me
1315 1706 1453 1762 alius
1471 1707 1634 1773 Deus,
1662 1716 1717 1763 et
1741 1719 1861 1779 post
1883 1724 1972 1765 me
1996 1725 2102 1765 non

2202 505 2343 561 Deus
2370 515 2578 561 sanctus
2601 506 2714 581 98
2740 505 2943 575 Israel,
2993 508 3081 579 qui
3106 507 3230 578 fecit
3266 522 3381 578 qua:
3405 518 3624 562 uentura
3649 518 3809 564 sunt:

2201 596 2523 672 Interrogare
2542 615 2622 652 me
2646 601 2708 652 de
2726 598 2853 670 ﬁliis
2874 600 3051 654 uestris
3076 608 3122 654 et
3150 599 3214 655 de
3248 599 3477 672 ﬁliabus,
3510 610 3558 654 et
3586 601 3653 656 de
3679 617 3806 670 ope-

2199 692 2340 746 ribus
2383 707 2634 746 manuum
2692 708 2923 747 mearum
2964 692 3205 747 mandate
3232 693 3380 748 mihi.
3421 692 3532 768 Ego
3568 694 3669 766 feci
3699 702 3806 747 ter-

2200 799 2346 849 ram,
2396 794 2445 838 et
2490 785 2743 839 hominem
2777 800 2929 857 super
2955 801 3067 840 eam
3096 827 3111 851 ,
3166 799 3259 856 ego
3287 786 3522 840 omnibus
3550 786 3808 841 sideribus

2205 878 2441 950 prwcepi,
2465 894 2558 949 ego
2587 879 2826 932 suscitari
2856 894 3027 953 regem
3052 895 3164 932 cum
3183 878 3412 952 justitia,
3441 890 3489 933 et
3515 895 3692 933 omnes
3712 881 3810 935 eice

2204 972 2315 1041 ejus
2340 979 2507 1024 recite.
2549 968 2647 1023 Htc
2666 970 2938 1039 mdifieabit
2966 972 3218 1026 ciuitatem
3248 987 3432 1032 meam.
3460 977 3510 1026 et
3535 972 3808 1039 captiuita-

2205 1071 2305 1118 tem
2327 1063 2488 1131 plebis
2506 1078 2634 1119 mete
2659 1073 2932 1133 convertet,
2964 1081 3068 1119 non
3089 1081 3205 1119 eum
3230 1066 3463 1139 praemio,
3494 1080 3658 1133 neque
3690 1080 3811 1120 cum

2204 1155 2518 1225 muneribus,
2552 1156 2674 1212 dicit
2701 1155 2955 1211 Dominus
2992 1157 3242 1213 Sabaoth.
3274 1156 3555 1211 Laborabit
3596 1153 3812 1231 £93m-

2205 1259 2307 1314 tus,
2330 1258 2376 1302 et
2398 1259 2653 1304 mercatus
2679 1249 3009 1322 AithiOpum,
3042 1249 3114 1325 (c)
3143 1260 3194 1305 et
3226 1250 3439 1307 Sabain.
3485 1249 3594 1306 Viri
3619 1250 3812 1305 excelsi

2203 1343 2272 1394 ad
2293 1350 2340 1395 te
2365 1342 2673 1409 transibunt,
2706 1350 2753 1398 ct
2783 1344 2858 1398 tui
2882 1352 3032 1398 erant
3062 1344 3192 1398 servi
3210 1384 3224 1407 ,
3250 1350 3300 1397 et
3323 1353 3435 1412 post
3462 1351 3510 1397 te
3535 1352 3812 1412 sequentur

2204 1437 2406 1511 alligati
2425 1437 2660 1503 vinculis,
2690 1448 2736 1492 et
2766 1438 3133 1503 adorabuntte,
3164 1444 3211 1489 et
3238 1438 3289 1489 in
3305 1443 3354 1490 te
3373 1434 3813 1505 deprecabuntur;

2204 1531 2445 1599 quoniam
2482 1530 2535 1582 in
2561 1542 2609 1582 te
2633 1537 2705 1583 est
2734 1527 2895 1595 Deus,
2927 1538 2973 1583 et
3000 1545 3101 1582 non
3135 1537 3207 1582 est
3234 1526 3375 1582 Deus
3402 1537 3591 1599 praeter
3627 1537 3697 1581 te.
3732 1524 3815 1581 Tu

2207 1622 2344 1674 enim
2378 1636 2430 1674 es
2471 1619 2629 1687 Deus,
2663 1630 2711 1675 et
2739 1621 3106 1676 nesciebamus.
3158 1617 3302 1674 Deus
3344 1618 3514 1674 Israel
3558 1619 3810 1674 salvator.

2206 1711 2516 1768 Erubescent
2543 1722 2589 1767 et
2612 1712 2819 1781 pudebit
2844 1729 3016 1767 omnes
3037 1712 3125 1782 qui
3148 1711 3485 1766 adversantur
3500 1711 3573 1776 ei,
3599 1719 3649 1764 et
3670 1709 3817 1764 ibunt

502 1796 608 1852 erit
632 1813 646 1851 :
673 1805 891 1851 atteram
934 1797 1182 1854 videlicet
1210 1807 1267 1853 et
1308 1798 1708 1856 indemutabilis
1736 1801 1952 1857 virtutis
1977 1802 2098 1858 inﬁ-
2132 1808 2180 1871 Β
2207 1824 2325 1863 cum
2352 1807 2655 1877 confusione
2687 1806 2856 1878 (Esai,
2888 1822 3015 1873 XLV,
3053 1807 3113 1863 ll
3159 1815 3207 1861 et
3255 1805 3409 1873 seq.).
3444 1805 3614 1860 Estne
3638 1804 3817 1860 adhuc

500 1891 722 1946 nitatem
747 1889 802 1946 in
829 1907 916 1958 eo,
950 1891 1092 1962 quod
1110 1902 1235 1949 ante
1256 1900 1311 1949 et
1335 1903 1519 1964 postea
1561 1895 1702 1950 Deus
1724 1904 1922 1967 preter
1950 1911 2010 1952 se
2036 1898 2107 1953 sit

502 1985 704 2053 nullus,
727 1985 1023 2043 ostendens
1053 2004 1066 2040 :
1098 2002 1268 2059 puero
1287 1998 1464 2045 tamen
1491 2005 1611 2056 suo,
1636 1998 1693 2045 ut
1719 1990 1771 2048 in
1799 1991 2105 2049 testimonio

501 2092 622 2147 suo,
650 2077 721 2134 ita
746 2088 803 2135 et
830 2080 881 2134 in
911 2081 1153 2148 nomine,
1178 2081 1465 2138 collocato.
1848 2086 1859 2095 ’

575 2173 668 2230 57.
702 2172 847 2230 Osee
866 2174 1010 2230 locus
1046 2191 1140 2245 pro
1168 2174 1296 2232 Filii
1318 2176 1520 2233 deitate.
1557 2176 1705 2233 Patri
1725 2178 1925 2246 nullus,
1963 2177 2105 2235 Filio

506 2262 689 2333 Pater,
726 2265 871 2322 nobis
898 2265 1058 2322 Pater
1084 2276 1130 2322 et
1158 2267 1327 2324 Filius
1353 2277 1428 2324 est
1447 2268 1756 2327 Deus.—Et
1799 2270 1902 2328 hoc
1927 2270 2102 2342 ipsum

503 2365 814 2429 promptum
843 2368 1010 2415 estex
1039 2374 1270 2431 persona
1298 2361 1468 2432 ipsius
1486 2362 1720 2419 discere.
1742 2363 1831 2419 Ait
1860 2363 2104 2420 enimsd

503 2449 643 2508 Osee
678 2452 1031 2523 prophetam,
1090 2452 1216 2508 Non
1260 2470 1517 2527 apponam
1555 2455 1725 2511 adhuc
1774 2465 1830 2511 ut
1859 2458 2106 2513 miserear

504 2543 678 2598 domui
704 2543 903 2615 Israel,
942 2546 1034 2601 sed
1059 2547 1193 2602 enim
1222 2549 1498 2604 aduersam
1522 2548 1830 2604 adversabor
1860 2551 1966 2605 illis
1995 2567 2014 2605 :
2040 2552 2106 2623 ﬁ-

505 2635 697 2692 liorum
732 2646 903 2692 autem
926 2637 1070 2693 Juda
1097 2639 1375 2694 miserebor
1393 2682 1409 2708 ,
1437 2649 1486 2695 et
1509 2641 1676 2698 salvos
1702 2659 1789 2698 eos
1817 2644 2011 2714 faciam
2048 2645 2105 2699 in

505 2728 729 2786 Domino
777 2731 891 2789 Deo
917 2732 1149 2801 ipsorum
1176 2732 1193 2805 (
1221 2732 1368 2789 Oseat
1394 2750 1444 2803 ι,
1474 2734 1528 2800 6,
1578 2735 1609 2789 7
1639 2734 1682 2807 ).
1728 2736 1868 2805 Ergo
1900 2734 1976 2807 (2)
2008 2737 2105 2792 ab-

502 2824 681 2880 solute
706 2823 780 2898 (a)
806 2825 962 2881 Pater
991 2827 1158 2882 Deum
1179 2826 1376 2883 Filium
1404 2834 1698 2897 nuncupat,
1716 2828 1767 2883 in
1785 2843 1893 2899 quo
1911 2837 1967 2884 et
1994 2829 2106 2884 cle-

499 2918 581 2988 git
599 2932 699 2973 nos
718 2927 844 2975 ante
872 2929 1110 2987 tempora
1136 2920 1414 2975 saecularia
1441 2918 1661 2992 (Ep/tes.
1684 2938 1724 2989 ι,
1748 2920 1827 2994 4).
1855 2921 2101 2992 Ipsorum

500 3007 704 3065 idcirco
727 3010 827 3076 ait,
848 3011 972 3081 quia
1005 3011 1144 3066 Deus
1175 3011 1511 3067 innascibilis
1532 3028 1562 3066 a
1582 3012 1734 3069 nullo
1760 3022 1865 3082 est,
1895 3030 2100 3086 nosque

503 3099 641 3156 Filio
670 3103 723 3158 in
758 3102 1128 3159 hereditatem
1157 3118 1186 3157 a
1213 3104 1322 3161 Deo
1351 3114 1501 3174 patre
1527 3106 1813 3163 donamur.
1846 3106 2100 3179 Legimus

2208 1900 2402 1971 aliquis
2426 1899 2742 1955 temeritatis
2769 1899 2961 1955 locus?
3000 1908 3092 1953 aut
3122 1898 3229 1953 ulla
3263 1898 3450 1954 relicta
3479 1907 3560 1952 est
3592 1898 3815 1969 ignora-

2208 1993 2369 2049 tionis
2397 1996 2610 2049 occasio
2641 2010 2654 2047 :
2685 1994 2788 2049 nisi
2819 1993 2872 2048 id
2898 2001 3100 2048 tantum
3125 1993 3394 2063 reliquum
3423 1992 3516 2058 sit,
3550 1999 3611 2045 ut
3633 1991 3819 2063 impie-

2208 2097 2289 2142 tas
2325 2087 2564 2158 prol‘essa
2596 2103 2656 2145 se
2682 2086 2908 2159 prodat?
2940 2088 3079 2143 Deus
3104 2101 3167 2143 ex
3199 2102 3308 2157 quo
3336 2085 3514 2142 omnia
3544 2097 3696 2152 sunt,
3726 2086 3816 2157 qui

2206 2179 2385 2235 omnia
2415 2179 2494 2255 (ιι)
2523 2179 2829 2236 mandando
2858 2178 3149 2242 lceit,l'acti
3181 2192 3345 2248 opera
3376 2177 3476 2232 sibi
3496 2192 3815 2242 assumens,

2207 2287 2313 2327 non
2342 2273 2525 2343 utique
2551 2270 2859 2337 efﬁcienda,
2885 2271 2985 2327 nisi
3011 2270 3237 2327 dixisset
3263 2276 3323 2325 ut
3338 2269 3552 2336 tierent,
3581 2275 3817 2325 testatur

2206 2381 2388 2438 regem
2422 2382 2519 2437 per
2542 2381 2601 2422 se
2629 2364 2707 2437 (4)
2736 2367 3030 2422 excitatum
3075 2368 3273 2436 justum
3301 2406 3317 2429 ,
3365 2372 3422 2420 et
3450 2363 3816 2420 aediﬁcantem

2206 2461 2307 2517 sibi
2343 2462 2451 2518 Deo
2472 2462 2769 2526 civitatem,
2795 2469 2850 2516 et
2877 2460 3047 2532 plebis
3067 2460 3427 2531 Captivitatem
3450 2468 3815 2526 avertentem,

2204 2573 2313 2613 non
2342 2572 2463 2612 cum
2498 2558 2720 2626 praemio
2742 2571 2918 2627 neque
2947 2570 3067 2610 cum
3090 2555 3436 2618 muneribus;
3463 2554 3635 2626 gratia
3668 2559 3817 2611 enim

2205 2664 2398 2705 omnes
2420 2648 2711 2704 salvamur.
2744 2648 2945 2705 Deinde
2971 2649 3042 2703 ita
3075 2648 3329 2719 loquitur,
3359 2656 3482 2701 cum
3510 2656 3635 2717 post
3665 2648 3821 2704 labo-

2204 2757 2320 2798 rem
2352 2740 2593 2813 Aﬁgypti,
2647 2741 2699 2796 id
2746 2751 2857 2807 est,
2889 2741 3072 2796 srecnli
3115 2740 3196 2813 (5)
3236 2740 3599 2796 calamitatem
3634 2739 3733 2813 (ε),
3766 2748 3821 2798 et

2205 2842 2473 2890 mercatus
2511 2833 2825 2905 EthiOpum
2870 2840 2925 2889 et
2956 2833 3152 2889 Sabain
3197 2828 3295 2888 viri
3326 2833 3525 2888 excelsi
3568 2832 3638 2887 ad
3690 2848 3819 2888 cum

2207 2929 2531 2984 transibunt.
2556 2927 2623 2983 Et
2643 2928 2732 2999 qui
2749 2927 2963 2982 tandem
2988 2926 3377 2983 existimandus
3400 2925 3553 2981 labor
3568 2925 3820 2999 Egypti,

2205 3030 2260 3077 et
2281 3029 2548 3076 mercatus
2575 3019 2888 3090 ΑΞιΙιὶοριιιιι
2907 3029 2958 3074 et
2974 3019 3206 3075 Sabain?
3234 3019 3606 3075 Recordemur
3624 3018 3823 3076 Orien-

2202 3116 2274 3169 tis
2297 3113 2479 3185 Magos
2507 3111 2798 3167 adorantes
2842 3110 3124 3166 Dominum
3164 3119 3221 3166 et
3252 3120 3619 3176 munerantes,
3645 3112 3709 3166 'et
3747 3113 3823 3165 la-

505 3213 761 3269 namqne,
795 3197 959 3254 Posce
994 3216 1026 3254 a
1054 3216 1156 3266 me,
1187 3210 1236 3254 et
1278 3201 1407 3255 dabo
1440 3202 1528 3255 tibi
1565 3213 1737 3277 gentes
1760 3201 1841 3276 (5)
1884 3205 2099 3259 hmedi-
2128 3195 2175 3261 C
2204 3208 2390 3264 borem
2424 3205 2672 3261 veniendi
2702 3219 2868 3276 usque
2892 3206 2943 3258 in
2973 3204 3287 3260 Bethlebem
3312 3205 3465 3260 Judm
3493 3206 3627 3261 tanti
3657 3208 3824 3262 itine-

502 3300 661 3346 tatem
685 3289 761 3364 (b)
800 3302 941 3347 tuam
969 3291 1142 3363 (Psal.
1166 3309 1227 3357 ll,
1259 3291 1337 3366 8).
1373 3294 1483 3349 Deo
1510 3296 1654 3350 enim
1697 3311 1763 3351 ex
1790 3310 1898 3367 quo
1923 3297 2104 3352 omnia

503 3390 631 3436 sunt
662 3384 801 3438 Deus
831 3384 1008 3438 nullus
1036 3392 1140 3451 est,
1171 3386 1260 3456 qui
1290 3386 1408 3441 sine
1431 3385 1584 3441 initio
1613 3396 1848 3443 teternus
1873 3396 1978 3445 est.
2012 3388 2100 3443 Fi-

404 3474 414 3498 '
504 3475 581 3532 lio
619 3485 800 3531 autem
835 3476 1188 3535 Deus.Pater
1225 3489 1345 3547 est;
1396 3496 1463 3535 ex
1503 3495 1567 3535 eo
1601 3482 1744 3536 enim
1776 3482 1916 3537 Deus
1946 3493 2103 3539 natus

503 3578 608 3625 est.
639 3569 803 3627 Nobis
832 3580 1013 3628 autem
1039 3582 1094 3628 et
1139 3572 1298 3628 Pater
1327 3574 1469 3629 Deus
1499 3582 1611 3640 est,
1645 3582 1700 3629 et
1742 3573 1911 3630 Filius
1965 3576 2102 3633 Deus

502 3669 587 3717 est
615 3677 630 3715 :
660 3661 819 3717 Patre
843 3662 912 3717 de
942 3663 1082 3719 Filio
1109 3662 1404 3720 conﬁtente
1432 3666 1574 3736 quod
1609 3666 1748 3721 Deus
1777 3675 1964 3721 noster
1990 3666 2097 3733 sit,

505 3754 645 3812 Filio
672 3754 741 3811 de
779 3755 939 3813 Patre
974 3756 1201 3813 docente
1237 3758 1379 3829 quod
1409 3758 1547 3813 Deus
1574 3759 1732 3815 nobis
1757 3760 1827 3814 sit
1854 3776 1868 3813 :
1893 3758 2003 3816 Deo
2034 3768 2105 3814 ta-

505 3862 629 3903 men
657 3846 795 3904 Filio
822 3862 855 3902 a
893 3848 1074 3917 Patre,
1117 3850 1169 3906 id
1200 3858 1315 3915 est,
1358 3853 1478 3921 ipso
1526 3851 1859 3907 innascibilis
1893 3853 2105 3910 virtutis

505 3954 617 3995 sua:
645 3941 880 4008 nomine,
911 3951 1236 4015 nuncupato.
1261 3943 1328 3999 Et
1352 3943 1468 3999 lucc
1489 3943 1705 4015 quidem
1745 3944 1811 3999 ad
1841 3945 2003 4001 Osee.

578 4032 671 4091 38.
722 4032 1087 4115 Testimonium
1135 4036 1451 4093 luculentum
1494 4056 1559 4095 ea:
1598 4039 1776 4096 Esaia.
1828 4039 2103 4114 Magorum

507 4127 741 4184 adoratio
783 4131 1052 4202 praedicta.
1095 4131 1197 4200 Qui
1225 4132 1436 4204 fuerunt
1477 4135 1634 4207 magi.
1667 4166 1737 4176 —
1761 4134 1863 4192 Per
1891 4134 2100 4191 Esaiam

508 4228 686 4276 autem
717 4237 874 4294 quam
903 4223 1149 4280 absoluta
1195 4224 1288 4282 Dei
1321 4228 1490 4299 patris
1532 4228 1601 4284 de
1648 4227 1876 4285 Domino
1920 4238 2107 4286 nostro

605 4378 659 4448 l)
674 4378 875 4435 Animae
891 4396 1036 4437 mete.

575 4378 598 4596 Ξ
605 4378 659 4448 1)
674 4378 875 4435 Animae
891 4396 1036 4437 mete.

600 4453 635 4504 2
691 4451 933 4507 Absoluta
958 4453 1110 4509 deest
1133 4453 1187 4510 in
1209 4468 1312 4511 ms.
1338 4453 1540 4512 Veron.

600 4454 657 4595 ὅ)
681 4523 750 4580 In
775 4524 1141 4583 hmreditatem.

600 4523 657 4583 1’s)
681 4523 750 4580 In
775 4524 1141 4583 hmreditatem.

579 4660 657 4748 (a)
684 4660 841 4748 Apud
869 4663 994 4748 Par.
1025 4672 1081 4719 et
1110 4664 1166 4748 in
1196 4663 1474 4748 non-nullis
1499 4678 1630 4748 mss.
1662 4664 1933 4748 omittitur
1955 4663 2108 4720 abso-

507 4733 807 4806 lute,'quod
834 4746 940 4802 est,
972 4744 1158 4805 aperte
1187 4745 1241 4788 et
1266 4736 1473 4804 absque
1496 4735 1600 4791 ulla
1623 4736 1994 4807 ambiguitate.

579 4824 655 4901 (ὁ)
704 4827 988 4901 Εάἱιὶηἱκ
1036 4828 1404 4896 hmoditatem,
1449 4828 1839 4885 dissidentibus
1877 4843 2007 4885 mss.
2051 4838 2108 4887 et

507 4897 688 4954 'l‘ract.
712 4899 769 4953 2.
796 4899 940 4955 Psal.

580 4989 649 5065 (ε)
672 4992 929 5071 Quamvis
959 5006 1023 5047 ex
1052 4998 1422 5071 grimcnlextu,
1446 4996 1531 5071 κᾳὶ
1558 4992 1603 5071 οξ
1633 4993 1857 5071 Saliari};
1882 4990 2062 5071 ἄνδρες
2086 5034 2102 5061 ,

507 5063 725 5136 planum
759 5066 827 5118 sit
865 5079 1051 5119 vocem
1083 5063 1277 5117 Sabain
1310 5064 1500 5118 referri
1538 5063 2059 5136 adisuhsequentem
2087 5107 2102 5131 ,

510 5135 617 5192 non
643 5136 712 5191 ad
754 5136 1143 5207 praecedentem
1178 5152 1191 5190 :
1222 5150 1340 5189 eam
1372 5144 1549 5190 tamen
1583 5135 1651 5192 ab
1684 5135 1886 5207 Hilario
1919 5137 1984 5192 ad
2013 5153 2108 5195 vu-

509 5208 755 5262 cuhnlum
802 5219 1055 5262 mercatus
1101 5208 1321 5262 relatam
1354 5220 1473 5261 esse
1505 5222 1613 5262 non
1663 5206 1883 5263 dubium
1913 5221 1996 5264 eSt
2037 5222 2103 5264 ex

509 5279 783 5348 subjectis.
813 5278 1176 5334 'l'ertullianus
1200 5279 1457 5334 adversus
1494 5279 1752 5334 Praxeam
1785 5295 1839 5334 ιι.
1868 5281 1956 5347 l3,
1980 5294 2102 5335 cum

512 5349 711 5405 Hilario
734 5352 1101 5420 consentiens,
1132 5350 1277 5420 quod
1315 5365 1381 5404 ex
1412 5350 1603 5406 eodem
1634 5351 1806 5405 Esaia:
1836 5351 1955 5405 loco
1985 5368 2107 5421 pro-

510 5421 601 5477 bet
620 5421 759 5478 duos
785 5438 907 5478 esse
933 5422 1023 5492 qui
1055 5438 1217 5477 unum
1252 5421 1342 5476 Dei
1373 5438 1566 5477 nomen
1587 5422 1886 5491 obtineant,
1912 5425 2013 5478 hoc
2040 5423 2107 5479 ab

510 5508 578 5548 eo
597 5493 868 5561 dissentit,
890 5494 1029 5563 quod
1063 5493 1224 5564 legat,
1253 5502 1301 5548 et
1325 5492 1517 5548 Sabain
1540 5494 1653 5549 uiri.

607 5588 665 5657 ά)
696 5586 824 5654 Lips
877 5595 935 5642 et
960 5587 1084 5641 Par.
1116 5602 1182 5642 ex
1206 5586 1445 5657 margine
1474 5589 1564 5641 Er.
1591 5588 1854 5643 mandato.

583 5588 658 5729 is)
686 5657 763 5713 Ita
788 5659 1107 5714 vetustiores
1148 5658 1292 5714 libri.
1325 5658 1428 5714 Alii
1464 5674 1609 5727 vero,
1640 5660 1854 5715 sacultt

608 5660 658 5729 ο)
686 5657 763 5713 Ita
788 5659 1107 5714 vetustiores
1148 5658 1292 5714 libri.
1325 5658 1428 5714 Alii
1464 5674 1609 5727 vero,
1640 5660 1815 5715 amuli
1838 5664 2110 5731 captiuita-

678 5799 738 5858 In
758 5799 990 5858 ms.Vat.
1018 5800 1158 5870 bas.,
1180 5801 1234 5856 in
1258 5800 1509 5874 principio
1523 5801 1668 5861 labor
1682 5801 1837 5860 totius
1857 5802 2117 5878 .Egypti:

2122 4456 2329 4555 D‘5

2206 3301 2281 3355 ris
2320 3301 2626 3355 metiamur.
2682 3295 2750 3371 (Γ)
2783 3296 2837 3350 In
2879 3298 3175 3367 principum
3209 3297 3352 3353 enim
3402 3297 3589 3354 labore
3646 3300 3822 3355 totius

2206 3392 2427 3465 Επειιί
2456 3393 2607 3447 labor
2629 3391 3033 3446 demonstratus
3060 3400 3163 3446 est.
3194 3391 3360 3461 Magis
3392 3405 3627 3462 namque
3668 3392 3819 3448 divi~

2207 3501 2290 3541 nec
2318 3485 2530 3542 virtutis
2559 3483 2903 3554 Operationes
2932 3484 3068 3539 falsa
3090 3499 3271 3539 rerum
3296 3485 3478 3554 specie
3497 3486 3823 3543 mentienti—

2205 3579 2326 3646 bus,
2376 3576 2693 3649 potissimus
2747 3576 2927 3645 impiae
2975 3576 3256 3647 religionis
3303 3576 3478 3631 honor
3527 3590 3558 3631 a
3614 3578 3824 3635 surculo

2207 3671 2355 3726 omni
2385 3668 2754 3725 deferebatur.
2799 3668 2993 3724 Iisdem
3036 3668 3200 3740 Magis
3228 3678 3284 3725 et
3326 3678 3566 3726 mercatu
3600 3669 3826 3727 Ethio-

2208 3775 2336 3834 pum
2367 3771 2421 3817 et
2447 3760 2668 3829 Sabain,
2698 3760 2852 3826 auri,
2897 3769 2949 3814 et
2983 3761 3187 3823 thuris,
3243 3771 3296 3817 et
3324 3760 3560 3834 myrrhas
3590 3776 3823 3821 munera

2208 3852 2578 3909 deferentibus
2607 3870 2620 3907 :
2651 3851 2795 3923 quod
2817 3852 3031 3924 quidem
3054 3853 3288 3923 idipsum
3310 3860 3366 3909 et
3388 3855 3527 3909 alius
3549 3856 3825 3926 propheta

2208 3947 2576 4019 prannonnit,
2631 3945 2947 4002 dicens:ln
3007 3955 3300 4017 conspectu
3355 3946 3472 4017 ejus
3529 3949 3824 4018 procident

2211 4040 2520 4113 IEthittpes,
2543 4048 2598 4095 ct
2615 4039 2816 4096 inimici
2841 4039 2958 4110 ejus
2981 4039 3167 4094 limum
3188 4038 3414 4109 litigent.
3448 4037 3625 4110 Reges
3644 4032 3825 4096 Thar-

2210 4134 2286 4190 sis
2315 4148 2538 4189 munera
2560 4131 2809 4197 oﬁ‘erent,
2841 4145 2996 4201 reges
3017 4131 3256 4186 Arabum
3287 4137 3343 4186 et
3369 4124 3565 4186 Sabain
3590 4146 3824 4188 munera

2211 4226 2503 4294 adducent,
2519 4236 2574 4281 et
2600 4224 2814 4281 dabitur
2833 4224 2885 4280 ei
2913 4222 2980 4280 de
3005 4237 3139 4279 auro
3158 4220 3545 4295 Arabia:(Psal.
3568 4238 3730 4293 Lm,
3761 4223 3819 4288 9,

2278 4383 2358 4451 (4)
2389 4381 2730 4441 Suscitatum.

2389 4383 2730 4441 Suscitatum.

2334 4383 2358 4529 ἶ
2383 4454 2764 4527 Captivitatem.

2211 4666 2484 4730 corrupte.
2516 4656 2617 4713 Hic
2632 4655 2698 4711 de
2718 4654 2884 4727 Magis
2907 4653 3192 4730 duotradit
3208 4653 3460 4730 Hilarius,
3484 4666 3582 4709 eos
3604 4654 3825 4730 scilicet

2211 4741 2264 4786 et
2290 4718 2561 4802 principes
2591 4730 2774 4789 fuisse,
2802 4718 2867 4802 et
2896 4728 3117 4797 magicae
3158 4727 3259 4802 arti
3290 4718 3532 4802 deditos;
3561 4726 3712 4802 quod
3741 4727 3825 4781 ul-

2213 4796 2383 4859 teriun
2418 4796 2595 4871 plures
2618 4815 2680 4855 ex
2706 4800 2942 4870 antiquis
2972 4796 3093 4854 cum
3122 4812 3188 4871 eo
3224 4798 3468 4871 docuisse
3486 4796 3599 4871 jam
3625 4798 3825 4871 obser-

2210 4885 2390 4929 vatum
2412 4868 2563 4928 estin
2589 4883 2702 4926 not.
2722 4871 2787 4926 ad
2807 4868 2856 4926 cI
2887 4873 2911 4925 l
2939 4884 3137 4925 comm.
3163 4869 3215 4923 in
3245 4868 3455 4940 Matth.,
3475 4885 3532 4921 ιι.
3557 4870 3613 4922 5.
3640 4869 3825 4940 Reges

2210 4960 2422 5016 quoque
2448 4958 2541 4998 eos
2570 4944 2735 4998 luisse
2769 4942 2957 4996 scribit
2985 4939 3592 5016 Tertullianus,_lib._m
3624 4939 3821 5016 contra

2210 5008 2376 5072 Marc.
2407 5032 2460 5071 ιι.
2497 5017 2585 5082 15,
2619 5016 2707 5069 ubi
2738 5024 3084 5069 enarraturus
3110 5012 3237 5066 illud
3274 5014 3431 5082 psal.,
3483 5008 3651 5082 Reges
3678 5010 3822 5065 Ara-

2209 5089 2348 5155 bum,
2379 5094 2512 5152 etc.,
2544 5081 2757 5156 subjicit
2782 5128 2801 5157 ,ν
2847 5083 2985 5157 Nam
3013 5094 3059 5138 et
3108 5081 3289 5155 Magos
3318 5098 3460 5157 reges
3500 5081 3684 5157 habuit
3709 5085 3823 5156 fere

2213 5155 2831 5240 _Ori’ensﬂui‘Cunseutit
2863 5155 3245 5240 Hieronymus,
3269 5155 3558 5240 conimjn
3596 5155 3731 5207 Dan.
3762 5168 3817 5208 c.

2207 5232 2263 5286 2.
2296 5229 2386 5288 Sic
2415 5242 2469 5288 et
2509 5229 2777 5287 Ca-sarlns
2801 5228 3027 5295 Arelat.,
3071 5225 3121 5281 in
3152 5225 3448 5295 appendice
3485 5225 3820 5281 Sermonum

2212 5303 2494 5374 Augustini
2522 5344 2535 5368 ,
2587 5301 2762 5374 Serm.
2803 5300 2929 5374 _1339
2957 5341 2970 5366 ,
3008 5316 3076 5374 _n.
3109 5298 3166 5374 Δ5
3198 5295 3349 5374 :_llli_
3367 5295 3509 5369 Magi
3538 5306 3822 5374 tres-rcges

2216 5367 2378 5447 [uitiae
2400 5376 2661 5428 dicuntur.
2682 5371 2854 5447 Unde
2870 5369 3190 5426 Paschasius
3218 5367 3521 5447 iladbertns
3540 5370 3593 5447 in
3617 5367 3817 5447 blattis.

2216 5439 2253 5502 it
2282 5464 2293 5498 :
2327 5444 2507 5515 Magos
2540 5460 2684 5514 reges
2713 5444 2956 5515 extitisse,
2989 5456 3134 5496 nemo
3164 5441 3249 5515 qui
3272 5440 3516 5515 historias
3540 5439 3662 5508 legit
3690 5454 3823 5515 grn-

2215 5518 2382 5589 titium
2414 5508 2636 5589 ignora}.
2656 5518 2772 5589 Qua
2814 5513 3025 5589 ratione
3062 5508 3381 5589 explicatur,
3413 5512 3501 5589 qui
3524 5524 3720 5589 omnes

2215 5588 2410 5643 Snbain
2432 5581 2506 5640 'ad
2539 5581 2812 5643 Christum
2840 5585 3086 5639 venerint
3112 5601 3124 5638 :
3151 5584 3272 5651 quia
3307 5582 3584 5644 nitnirum,
3615 5584 3695 5634 uti
3721 5581 3825 5633 de-

2213 5661 2384 5713 clarat
2417 5656 2671 5722 Hilarius,
2710 5660 2760 5711 iu
2794 5655 2982 5711 Matth.
3020 5670 3068 5710 c.
3116 5669 3227 5720 λιν,
3262 5670 3317 5707 ιι.
3342 5654 3412 5707 7:
3446 5651 3640 5721 Papuli
3667 5652 3824 5720 prin-

2214 5746 2331 5803 ceps
2356 5728 2597 5803 subjectae
2621 5729 2717 5785 sibi
2744 5728 3087 5789 universitatis
3116 5741 3301 5781 nomen
3328 5737 3638 5793 causamque
3675 5740 3823 5779 com-

2214 5802 2473 5876 plectitur.
