3960 6202
140 335 240 390 FB

1367 337 1452 392 DE
1483 334 1862 392 TRINITATE
1901 335 2104 393 LIBER
2136 338 2222 395 IV.

3345 348 3440 402 lﬂli

134 455 241 522 i0).
293 453 376 525 (ιι)
422 454 484 508 1η
529 453 576 507 Μ
596 456 696 524 igis
754 454 929 523 itaque
961 453 1072 526 99
1120 462 1172 506 et
1201 453 1536 518 muneribus,
1585 452 1735 507 labor
1761 451 1815 512 Α
1839 453 2102 522 sequitur,
2133 451 2199 507 In
2227 464 2275 507 te
2302 462 2374 508 est
2411 453 2569 520 Dens,
2599 469 2704 510 non
2734 458 2908 511 solum
2930 472 3055 511 eum
3085 456 3177 528 qui
3209 467 3446 528 praesens

137 545 352 618 [Ευριί
384 555 442 599 et
477 556 751 600 mercatus
770 543 1082 615 zEtitiopum
1113 553 1167 598 ct
1193 543 1387 599 Sabain
1413 542 1734 608 ostenditur,

136 640 338 694 scilicet
367 637 561 694 mundi
592 653 744 694 error
769 637 932 708 Magis
947 636 1317 702 adorantibus,
1341 646 1394 690 et
1411 636 1581 692 electa
1609 650 1740 706 gen-

139 734 264 788 tium
297 748 528 787 munera
559 730 783 787 adorato
809 733 877 785 ab
903 729 986 785 his
1015 729 1240 784 Domino
1269 728 1472 783 oblata.

204 827 291 882 39.
325 826 569 892 Apostoli
594 825 690 879 uiri
716 825 922 879 excelsi.
945 853 1016 864 —
1040 823 1250 878 Excelsi
1281 832 1457 877 autem
1483 821 1614 886 viri,
1647 821 1737 891 qui

139 919 198 972 ad
225 933 352 975 eum
383 917 665 972 transituri
695 926 842 982 sunt,
872 924 1031 986 atque
1055 931 1177 969 eum
1205 915 1368 969 vincti
1411 920 1734 984 sequentur,

139 1013 222 1080 qui
250 1011 472 1065 tandem
501 1011 588 1064 isti
613 1022 762 1075 sunt,
794 1025 900 1062 non
932 1011 982 1062 in
1004 1009 1234 1063 obscuro
1263 1017 1365 1061 cst.
1402 1006 1631 1074 Respice
1669 1004 1736 1059 ad

141 1104 426 1176 Evangelia
458 1122 474 1168 ;
505 1103 699 1160 Petrus
749 1103 1032 1158 Dominum
1080 1117 1235 1157 suum
1271 1112 1556 1156 secuturus
1596 1114 1736 1169 prte-

139 1198 366 1269 cingitur
397 1194 582 1268 (Joan.
633 1212 745 1261 ut,
793 1194 870 1267 7).
914 1194 1127 1250 Intuere
1160 1196 1447 1264 Apostolus
1487 1210 1500 1245 :
1548 1205 1737 1248 servus

142 1291 329 1346 Christi
362 1290 563 1344 Paulus
589 1289 641 1344 in
676 1289 904 1343 vinculis
924 1288 1187 1359 gloriatur
1213 1286 1537 1360 (Philem.t).
1569 1287 1633 1340 Et
1653 1286 1734 1339 vi-

142 1383 358 1438 deamus
383 1398 452 1436 an
479 1383 684 1437 vinctus
712 1379 910 1436 Christi
940 1379 1068 1436 Iesu
1097 1396 1184 1446 ea,
1215 1396 1333 1450 quac
1365 1381 1502 1433 Deus
1528 1377 1595 1433 de
1624 1377 1736 1431 tilio

142 1490 238 1530 suo
279 1476 387 1530 Deo
414 1474 592 1530 fuerat
619 1475 850 1539 locutus,
878 1474 1201 1543 impleverit.
1237 1471 1622 1537 Preeabunlur,
1655 1472 1736 1525 in-

142 1569 274 1638 quit,
303 1568 544 1639 qnoniam
580 1567 633 1620 in
657 1577 705 1621 te
731 1576 803 1621 est
837 1565 974 1621 Deus
1019 1565 1187 1639 (Esai.
1228 1579 1350 1626 xcv,
1380 1563 1488 1635 M).
1529 1565 1732 1617 Dictum

143 1661 314 1732 itaque
337 1662 407 1715 ab
431 1660 694 1730 Apostolo
726 1673 1076 1730 recognosce,
1116 1666 1170 1714 et
1198 1659 1529 1728 recognitum
1577 1657 1735 1710 intel-

146 1754 282 1823 lige:
315 1754 454 1809 Deus
484 1756 534 1808 in
567 1753 772 1809 Christo
814 1763 923 1807 erat
966 1753 1215 1808 mundum
1257 1751 1590 1806 reconcilians
1638 1750 1736 1804 sibi

1845 552 1947 608 est,
1979 543 2074 599 sed
2088 543 2249 600 etiam
2276 560 2396 600 eum
2432 547 2589 618 100
2604 547 2692 616 qui
2723 546 2805 620 (1)
2837 560 3047 604 maneat
3097 551 3148 604 in
3173 560 3442 620 pra'sente

1841 635 2181 692 demonstrat
2211 656 2223 691 :
2251 637 2580 693 habitantem
2611 640 2679 693 ab
2711 654 2776 694 eo
2798 640 2848 694 iu
2882 657 2989 710 quo
3009 641 3211 698 habitet
3233 642 3440 698 discer-

1844 743 2000 794 nens,
2033 743 2277 798 persome
2304 739 2480 786 tamen
2513 740 2713 786 tantum
2737 732 3115 800 distinctione,
3142 727 3248 790 non
3279 751 3444 803 gene-

1841 821 1950 876 ris:
1985 821 2128 877 Deus
2151 823 2296 878 enim
2328 825 2378 877 in
2410 840 2477 879 eo
2508 835 2626 879 est:
2655 833 2711 880 et
2751 827 2804 880 in
2835 843 2941 898 quo
2963 837 3046 883 est
3077 829 3250 895 Deus,
3304 830 3444 885 Dens

1840 924 1945 972 est.
1970 915 2086 972 Non
2115 919 2258 972 enim
2288 918 2431 972 Deus
2457 919 2508 972 in
2542 918 2769 974 diversae
2799 929 2960 990 atque
2988 923 3178 978 alienae
3203 939 3230 977 a
3255 937 3315 978 se
3349 939 3443 978 na-

1843 1017 1976 1064 tura:
2005 1009 2313 1066 habitacqu
2340 1022 2444 1077 est,
2475 1012 2568 1066 scd
2603 1012 2653 1066 in
2681 1027 2780 1067 suo
2801 1013 2873 1084 (ε)
2893 1025 3054 1081 atque
3079 1031 3145 1070 ex
3176 1031 3234 1070 se
3258 1017 3442 1085 genito

1843 1113 2041 1158 manet.
2077 1105 2214 1158 Deus
2237 1105 2288 1158 in
2307 1105 2434 1168 Deo,
2461 1106 2584 1174 quia
2607 1122 2671 1160 ex
2700 1105 2810 1160 Deo
2836 1108 2974 1162 Dens
2997 1116 3098 1162 est.
3133 1107 3214 1161 Tu
3232 1125 3283 1162 es
3304 1111 3440 1164 enim

1840 1196 1997 1261 Deus,
2022 1205 2069 1250 et
2086 1195 2455 1261 nesciebamus,
2482 1196 2617 1250 Deus
2635 1196 2800 1252 Israel
2821 1199 3044 1252 salvator
3067 1198 3166 1271 (Is.
3182 1216 3305 1264 xcv,
3327 1201 3436 1269 15).

1910 1291 2004 1346 41.
2047 1289 2184 1344 Filio
2210 1292 2534 1346 adversantes
2564 1293 2873 1347 erubescenl.
2916 1291 3104 1346 Filium
3128 1295 3215 1364 qui
3243 1303 3391 1365 negat
3420 1336 3434 1360 ,

1840 1382 2050 1438 Patrem
2083 1384 2380 1439 inltonorat.
2422 1414 2480 1424 —
2501 1383 2797 1453 Negantem
2829 1394 2881 1439 te
2911 1386 3074 1439 Deum
3103 1386 3157 1440 in
3193 1387 3320 1454 Deo,
3347 1400 3438 1442 se-

1838 1491 2010 1547 quens
2037 1491 2216 1530 sermo
2244 1475 2485 1530 confutat
2510 1494 2522 1530 :
2555 1479 2629 1530 ait
2658 1477 2823 1543 enim,
2851 1475 3166 1532 Erubescenl
3191 1520 3206 1545 ,
3245 1488 3294 1532 et
3336 1495 3432 1546 pu-

1838 1568 1972 1622 debit
1996 1584 2168 1622 omnes
2192 1569 2278 1638 qui
2306 1569 2642 1622 adversantur
2671 1570 2737 1632 ei,
2767 1578 2814 1623 et
2851 1569 2995 1623 ibunt
3021 1586 3134 1623 cum
3167 1570 3434 1640 confusio-

1838 1679 1902 1716 ne
1928 1661 2119 1735 (Ibid.,
2151 1660 2240 1734 to)
2269 1678 2280 1714 :
2309 1662 2376 1733 (ί)
2414 1663 2696 1716 Decretum
2731 1661 2834 1716 hoc
2860 1662 2911 1715 in
2937 1661 3266 1731 impietatem
3293 1673 3434 1716 tuam

1843 1757 1935 1811 Dei
1959 1765 2060 1810 est.
2088 1755 2412 1810 Atlversaris
2436 1755 2578 1810 enim
2604 1754 2838 1818 Christo,
2872 1753 2940 1809 de
2967 1771 3074 1821 quo
3098 1761 3148 1808 te
3173 1754 3438 1825 professio

143 1847 206 1920 (II
233 1847 348 1904 Cor.
405 1865 461 1915 v,
496 1849 611 1920 19).
649 1849 854 1904 Dehinc
897 1848 1178 1918 sequitur,
1223 1846 1290 1899 Et
1331 1861 1432 1900 non
1479 1854 1554 1901 est
1595 1843 1734 1898 Deus
1762 1841 1812 1903 B
1843 1857 2077 1918 paternae
2124 1847 2272 1900 vocis
2299 1845 2567 1915 objurgat.
2605 1845 2744 1899 Deus
2771 1854 2857 1900 est
2897 1845 3084 1910 enim,
3114 1860 3272 1916 quem
3316 1861 3438 1900 esse

144 1953 314 2012 preter
339 1954 404 1996 te.
439 1941 646 2008 Quibus
672 1941 930 1995 continuo
974 1939 1114 1994 idem
1148 1938 1441 2009 Apostolus
1467 1938 1562 2002 ait,
1595 1953 1732 1994 unus

142 2041 218 2088 est
251 2035 389 2090 enim
443 2034 706 2090 Dominus
738 2043 921 2089 noster
956 2031 1112 2088 Jesus
1139 2031 1386 2086 Christus
1437 2046 1531 2100 per
1573 2047 1732 2101 quem

145 2132 307 2183 omnia
337 2128 383 2199 (l
411 2128 537 2183 Cor.
582 2144 697 2195 vm,
725 2130 777 2197 6)
811 2146 822 2180 :
855 2137 908 2183 et
948 2126 1127 2181 nullus
1147 2135 1342 2196 pra-ter
1368 2142 1489 2182 eum
1519 2127 1733 2182 Vidcllll'

145 2221 265 2276 alius
285 2236 424 2286 esse,
460 2222 586 2293 quia
625 2237 762 2276 unus
792 2229 897 2276 est.
943 2219 1128 2275 Tertio
1171 2235 1383 2290 quoque
1429 2219 1536 2284 ait,
1577 2218 1651 2272 Tn
1682 2237 1734 2276 es

1840 1948 1893 1995 tu
1929 1940 2096 1996 Deum
2137 1939 2390 2009 denegas.
2448 1939 2688 2008 Denegas
2710 1952 2840 1993 vero
2868 1939 2968 1994 sub
2995 1937 3177 2003 specie
3219 1938 3438 1994 honoris

1839 2034 1932 2088 Dei
1966 2033 2225 2103 (Patris),
2255 2033 2513 2099 dicentis,
2549 2031 2672 2086 Nan
2701 2042 2776 2086 est
2809 2033 2945 2087 alius
2973 2029 3115 2086 Deus
3146 2044 3328 2104 printer
3359 2051 3438 2088 me

1839 2127 2000 2200 (Ibid.
2028 2169 2042 2193 ,
2072 2127 2188 2197 18).
2214 2126 2321 2183 Sed
2354 2125 2684 2181 contundere
2734 2136 2791 2182 et
2835 2126 3096 2182 erubesco
3126 2144 3139 2180 :
3171 2143 3276 2181 non
3297 2136 3438 2197 .eget

1836 2223 2016 2277 delato
2042 2237 2072 2274 a
2102 2231 2154 2276 te
2183 2221 2386 2276 honore
2415 2219 2748 2275 innascibilis
2794 2219 2959 2285 Deus,
2988 2220 3214 2289 gloriam
3239 2218 3378 2275 hanc
3407 2237 3434 2274 ιι

146 2311 290 2378 Deus,
318 2322 364 2366 et
393 2313 764 2368 nesciebamus.
795 2313 901 2368 Sed
932 2330 999 2369 ex
1039 2323 1388 2384 persecutore
1417 2312 1489 2384 (b)
1533 2311 1731 2369 Eccle-

144 2409 228 2463 sizc
248 2409 379 2464 dixit
412 2427 428 2465 :
467 2408 702 2475 Quorum
729 2419 897 2478 patres
919 2451 933 2476 ,
965 2427 1025 2464 ea:
1053 2409 1233 2480 quibus
1263 2406 1517 2472 Christus,
1548 2409 1635 2478 qui
1662 2418 1734 2464 est

145 2518 279 2572 super
308 2501 485 2558 omnia
514 2498 656 2556 Deus
687 2502 862 2572 (Rom.
889 2517 966 2566 ιι,
999 2500 1076 2574 5).
1123 2501 1184 2555 iii
1218 2501 1377 2572 igitur
1422 2498 1587 2554 vincti
1618 2500 1734 2556 haec

145 2593 501 2666 praedicabunt
530 2613 542 2648 :
575 2594 774 2650 excelsi
804 2593 1076 2660 videlicet,
1109 2592 1234 2648 etin
1267 2591 1551 2648 duodecim
1579 2591 1731 2645 thro-

147 2689 223 2743 nis
242 2687 532 2758 iudicaturi
577 2689 652 2758 (e)
699 2687 873 2742 tribus
901 2686 1094 2756 Israel,
1145 2694 1200 2741 et
1253 2685 1538 2740 Dominum
1574 2699 1732 2739 suum

147 2778 387 2835 doctrina:
413 2790 474 2835 et
505 2780 769 2850 passionis
795 2795 908 2835 suae
936 2779 1196 2851 martyrio
1221 2779 1480 2834 secuturi.

209 2873 290 2928 40.
317 2871 478 2927 Pater
508 2873 572 2927 de
599 2890 653 2926 se
678 2873 823 2936 dicit,
857 2872 975 2926 Non
1019 2881 1100 2927 est
1143 2871 1280 2926 Deus
1310 2882 1507 2941 praeter
1552 2885 1659 2936 me,
1687 2879 1734 2925 et

149 2965 202 3018 de
240 2964 411 3034 Filio,
462 2965 583 3021 Non
625 2975 709 3022 est
766 2966 908 3021 Deus
951 2976 1145 3034 praeter
1185 2975 1258 3021 te.
1309 2964 1477 3020 Filius
1517 2981 1734 3036 persona

1839 2327 1889 2372 te
1918 2314 2225 2370 solitudinis
2249 2328 2359 2369 suae
2402 2327 2507 2368 non
2541 2312 2802 2382 postulat,
2841 2328 2952 2368 non
2980 2312 3244 2368 desiderat
3298 2312 3437 2367 hanc

1837 2409 2105 2480 opinionis
2137 2417 2240 2462 tua:
2267 2407 2709 2478 intelligentiam;
2741 2415 2796 2461 ut
2823 2405 2893 2460 ob
2915 2407 3018 2462 hoc
3046 2407 3188 2477 quod
3215 2407 3434 2476 dixerit,

1839 2502 1961 2557 Non
1987 2511 2060 2558 est
2090 2500 2229 2557 Deus
2256 2511 2442 2568 prieter
2469 2517 2564 2565 me,
2585 2516 2708 2555 eum
2722 2514 2882 2570 quem
2899 2515 2965 2554 ex
2983 2516 3042 2554 se
3064 2502 3247 2570 genuit
3267 2501 3434 2556 Deum

1835 2595 2090 2665 abneges.
2111 2597 2186 2649 Ac
2213 2609 2280 2648 ne
2304 2594 2408 2648 sibi
2433 2593 2556 2658 hoc,
2579 2592 2645 2646 ad
2664 2591 2996 2647 divinitatem
3019 2592 3139 2648 Filii
3156 2593 3442 2648 destruem

1836 2687 1982 2751 dam,
2008 2687 2276 2756 peculiare
2300 2685 2377 2756 (g)
2394 2683 2666 2749 deferres;
2691 2683 3055 2753 Unigenitisui
3082 2684 3311 2754 gloriam
3339 2685 3437 2741 lto-

1838 2796 1970 2836 nore
1998 2780 2249 2850 perfectae
2274 2777 2568 2833 divinitatis
2596 2778 2872 2846 implevit,
2904 2777 3111 2841 dicens,
3149 2777 3212 2830 Et
3238 2793 3340 2832 non
3366 2785 3443 2832 est

1837 2874 1978 2928 Deus
2030 2881 2214 2943 printer
2258 2883 2324 2926 te.
2373 2870 2510 2938 Quid
2558 2876 2834 2939 ex:cquata
2881 2868 3263 2923 discriminas?
3310 2869 3440 2938 quid

1836 2973 2142 3034 Comparate
2170 2962 2468 3018 discernis?
2500 2961 2781 3030 Proprium
2815 2960 2906 3014 Dei
2941 2958 3051 3014 lilio
3072 2967 3174 3026 est,
3207 2975 3275 3013 ne
3305 2976 3439 3029 prae-

151 3073 239 3112 non
277 3076 452 3130 genere
508 3076 540 3112 a
579 3068 724 3130 patre
761 3059 1028 3113 discretus.
1071 3089 1142 3100 —
1185 3059 1323 3114 Deus
1369 3073 1498 3128 ergo
1539 3059 1590 3113 in
1625 3061 1733 3114 Deo
1836 3065 1921 3112 ter
1948 3072 2070 3112 eum
2105 3058 2244 3110 Deus
2263 3055 2362 3120 sit;
2394 3053 2668 3124 proprium
2697 3053 2804 3106 Deo
2835 3052 2969 3121 patri
2997 3059 3115 3117 est,
3149 3066 3215 3105 ne
3235 3051 3440 3120 absque

150 3157 217 3202 cst
245 3169 256 3201 :
285 3160 337 3205 et
375 3152 427 3206 in
459 3166 573 3220 quo
602 3161 682 3205 est
713 3149 853 3204 Deus
873 3193 886 3216 ,
919 3151 1060 3205 Deus
1090 3160 1191 3205 est.
1240 3150 1306 3205 Et
1332 3150 1600 3220 quomodo
1630 3167 1732 3205 non
1837 3167 1901 3206 eo
1933 3152 2072 3205 Deus
2087 3151 2366 3220 quisquam
2397 3149 2465 3201 sit
2499 3165 2511 3200 :
2539 3145 2719 3200 verbis
2750 3146 2840 3200 Dei
2872 3145 2940 3200 de
2962 3145 3068 3199 Deo
3097 3154 3269 3200 utere.
3293 3142 3439 3200 Con-

150 3251 210 3296 est
239 3239 369 3297 Deus
390 3253 583 3314 prater
605 3252 683 3308 te;
712 3258 832 3298 cum
863 3244 914 3298 in
945 3243 1132 3298 eodem
1160 3244 1300 3298 Deus
1328 3243 1440 3298 sit?
1465 3241 1728 3313 Usurpas,
1757 3235 1804 3298 C
1839 3245 1991 3298 litere
2015 3245 2106 3308 ita,
2134 3252 2187 3296 et
2215 3256 2434 3311 precare
2477 3253 2657 3309 regem
2690 3257 2703 3293 :
2735 3239 2990 3306 Quoniam
3018 3238 3071 3292 in
3101 3248 3147 3292 te
3172 3248 3243 3292 est
3278 3237 3440 3305 Dens,

152 3350 178 3385 ο
203 3333 464 3403 btet-elice,
497 3336 564 3391 ad
588 3337 982 3392 confessionem
1012 3336 1236 3391 solitarii
1269 3338 1358 3392 Dei
1393 3339 1580 3408 patris,
1612 3337 1734 3394 Non
1836 3347 1883 3390 et
1915 3353 2016 3390 non
2044 3345 2116 3389 est
2149 3334 2283 3388 Deus
2314 3343 2497 3404 prater
2529 3343 2594 3388 te.
2630 3331 2708 3387 Tu
2733 3332 2867 3386 enim
2898 3348 2949 3386 es
2981 3330 3138 3397 Deus,
3174 3342 3220 3385 et
3250 3332 3443 3387 nescie-

153 3436 216 3481 ιιι
243 3427 371 3483 Deus
398 3441 590 3500 praeter
634 3445 714 3483 me
746 3445 764 3485 :
793 3430 1067 3500 quomodo
1109 3445 1173 3485 ex
1218 3430 1598 3501 praedicatione
1641 3431 1734 3488 Dei
1837 3431 2035 3496 bamus,
2066 3428 2202 3482 Deus
2237 3427 2398 3482 Israel
2420 3429 2664 3480 salvator.
2693 3425 2858 3479 Caret
2883 3424 2963 3494 (li)
2990 3425 3316 3478 contumelia
3343 3423 3442 3478 ho-

155 3520 300 3587 patris
323 3520 575 3591 dicentis,
612 3519 737 3576 Non
765 3535 839 3578 est
868 3520 1010 3576 Deus
1042 3533 1225 3593 praeter
1247 3532 1313 3585 te.
1340 3523 1540 3578 dictum
1564 3526 1737 3580 inter-
1839 3523 1984 3578 noris
2013 3519 2272 3585 officium,
2302 3533 2475 3590 neque
2505 3515 2858 3574 oliensionem
2893 3516 3057 3570 habet
3084 3515 3440 3572 confessionis

156 3611 448 3680 prctabcris,
482 3614 529 3669 si
576 3629 670 3684 per
696 3611 749 3668 id
781 3614 923 3684 quod
951 3615 1152 3669 dictum
1179 3623 1284 3680 est,
1318 3611 1441 3669 Non
1481 3625 1555 3670 est
1596 3615 1732 3671 Deus
1835 3619 2182 3686 exctnplum;
2225 3616 2457 3670 maxime
2486 3628 2611 3668 cum
2644 3611 2952 3666 adversatio
2974 3609 3090 3680 ejus
3123 3609 3277 3680 plena
3306 3624 3438 3666 con-

157 3715 314 3770 prater
340 3723 418 3759 me
446 3704 629 3777 (Deut.
659 3721 836 3772 xxxii,
883 3705 1000 3778 39),
1026 3705 1298 3760 aflirmare
1327 3706 1628 3772 contendis,
1663 3721 1731 3763 ne
1836 3710 2060 3765 lusionis
2090 3710 2161 3764 sit
2189 3719 2242 3765 et
2273 3707 2512 3778 pudoris.
2544 3707 2841 3761 lmmorare
2888 3704 2980 3759 Dei
3008 3703 3218 3767 verbis,
3271 3705 3440 3758 conli-

158 3795 232 3851 Dei
259 3797 390 3853 ﬁlius
417 3801 561 3853 Deus
590 3799 694 3853 sit?
725 3799 790 3852 Et
816 3799 899 3853 cui
929 3814 1057 3869 ergo
1088 3799 1229 3854 Deus
1258 3797 1464 3872 (Pater)
1497 3798 1724 3867 dixerit,
1836 3811 1948 3857 tere
1977 3801 2070 3856 Dei
2101 3800 2352 3865 vocibus;
2384 3810 2435 3854 et
2455 3798 2578 3870 fuge
2599 3797 2932 3852 confusionis
2953 3796 3437 3851 denuntiationem.

156 3884 257 3942 Non
280 3899 347 3944 est
373 3887 508 3946 Dens
531 3891 824 3961 praeterte?
850 3889 1120 3960 subjicere
1140 3891 1282 3946 enim
1311 3890 1396 3946 hic
1418 3891 1510 3946 tibi
1546 3905 1732 3961 perso-
1836 3895 2004 3951 Dcum
2051 3894 2194 3950 enim
2228 3894 2320 3948 Dei
2359 3893 2526 3948 tilium
2556 3890 2871 3962 abnegando
2897 3932 2910 3955 ,
2964 3907 3069 3945 non
3113 3899 3221 3945 tam
3270 3890 3437 3945 Deum

155 3997 257 4037 natu
277 3985 494 4039 solitarii
525 3983 606 4056 (d)
635 4001 742 4039 non
769 3984 970 4040 licebit.
1000 3985 1256 4041 Dominus
1287 3987 1431 4041 enim
1453 3986 1587 4040 dixit
1616 3986 1731 4056 regi
1836 4001 2106 4060 tamquam
2139 3987 2220 4060 (Ω)
2255 3988 2555 4044 solitarium
2590 3987 2650 4058 (i)
2693 3987 2879 4056 gloriae
2913 3986 3118 4041 honore
3149 3985 3443 4040 venerabe-

154 4088 289 4142 quem
311 4079 581 4141 excitavit,
611 4093 674 4133 ex
700 4093 930 4148 persona
962 4078 1199 4132 virorum
1231 4078 1569 4134 excelsorum
1597 4079 1730 4134 ado-
1835 4085 1932 4151 ris,
1959 4099 2117 4157 quam
2147 4083 2358 4138 Patrem
2391 4081 2510 4137 Filii
2542 4081 3303 4136 inlumorationecontemnes.
3339 4079 3446 4134 lio-

155 4169 432 4225 rantiumet
461 4169 904 4242 deprecantium,
939 4170 1196 4238 Quoniam
1243 4171 1298 4226 in
1345 4180 1393 4226 te
1440 4181 1514 4228 est
1561 4171 1722 4229 Deus.
1833 4179 1985 4233 noris
2037 4175 2198 4231 ﬁdem
2243 4175 2549 4232 innascibili
2597 4175 2706 4230 Deo
2733 4172 3029 4242 conﬁtere,
3070 4173 3214 4245 quod
3246 4183 3441 4246 przetcr

157 4261 437 4322 Solitarium
465 4282 559 4322 res
587 4266 687 4321 ista
719 4281 826 4320 non
875 4266 1091 4335 recipit.
1125 4263 1191 4320 In
1230 4274 1277 4320 te
1315 4266 1456 4320 enim
1486 4281 1730 4336 praesen-
1837 4288 1962 4328 eum
1989 4272 2130 4327 Deus
2159 4270 2336 4326 nullus
2364 4269 2436 4325 sit
2465 4287 2479 4323 :
2513 4268 2790 4341 unigenito
2831 4268 2943 4325 Deo
2985 4269 3250 4339 pracdica,
3298 4267 3440 4340 quod

155 4363 267 4425 tem,
285 4361 442 4416 veluti
470 4361 538 4416 ad
564 4371 724 4434 quem
751 4361 823 4418 sit
848 4373 1052 4428 sermo,
1075 4360 1360 4432 signiﬁcat.
1378 4361 1531 4433 Quod
1551 4371 1730 4421 autem
1839 4365 2044 4436 absque
2066 4377 2132 4419 eo
2160 4362 2300 4419 Deus
2323 4376 2430 4419 non
2459 4361 2550 4417 sit.

216 4495 288 4567 (l)
311 4496 501 4554 Manet.
1901 4501 1982 4578 (2)
2011 4502 2278 4560 Solitario.

238 4633 458 4708 a)§olus
482 4635 655 4691 codex
684 4634 808 4690 Vat.
836 4633 974 4700 bas.,
1004 4633 1059 4687 in
1090 4633 1467 4708 donisit_aque._
1754 4647 1809 4708 ι)
1833 4636 2107 4693 sufﬁciens
2137 4645 2219 4691 est
2245 4635 2507 4692 habitatio
2535 4636 2708 4692 Patris
2747 4653 2760 4691 ι
2803 4635 2905 4708 qui
2931 4634 2984 4689 in
3025 4633 3240 4708 cretei-is
3271 4633 3434 4708 etiam

241 4704 288 4774 li)
316 4705 368 4760 id
391 4717 491 4772 est,
524 4709 608 4778 qui
638 4709 735 4778 fuit
765 4703 1222 4779 persecutor..l_am
1256 4705 1388 4779 alias
1418 4705 1727 4762 observavi-
1754 4703 1796 4708 —
1834 4710 2058 4770 habitat.
2080 4719 2344 4779 quatenus
2357 4708 2494 4763 Filio
2520 4709 2789 4776 conjuncti
2815 4703 2866 4761 in
2896 4706 3012 4779 ipso
3034 4706 3436 4774 quodammodo

165 4787 264 4828 mus
289 4775 715 4849 pra-positionem
749 4793 820 4849 ex,
844 4777 911 4832 ad
969 4775 1376 4848 signiﬁcandum
1418 4785 1614 4849 statum
1662 4795 1727 4835 ac
1833 4775 2198 4842 contineniur,
2232 4792 2288 4834 nt
2323 4783 2598 4849 eleganter
2624 4775 2822 4834 ibidem
2854 4778 3171 4841 explicatur.

166 4851 351 4924 tempus
375 4848 731 4924 "praeteritum
787 4848 986 4924 Hilario
1042 4863 1162 4924 esse
1208 4850 1503 4924 usitatam,
1529 4848 1619 4906 Sic
1657 4852 1726 4905 de
1908 4852 1982 4924 (f)
2010 4853 2125 4905 Vat.
2153 4854 2265 4906 bas.
2301 4848 2626 4906 ms.’dictnm
2654 4853 2747 4905 hoc
2770 4867 2789 4904 :
2822 4851 3007 4924 minus
3029 4849 3185 4924 bene.

163 4913 350 4973 Christo
375 4913 422 4974 in
451 4923 588 4976 servi
628 4925 851 4976 fortnam
884 4919 1158 4973 exinanito
1188 4933 1332 4988 saepe
1364 4920 1597 4989 loquitur
1621 4964 1634 4986 ,
1666 4939 1728 4977 ea:
2018 4924 2158 4978 Idem
2199 4925 2389 4982 codex.
2425 4924 2716 4990 defenderet
2742 4938 2761 4976 :
2789 4935 2960 4990 neque
2994 4918 3080 4972 hic
3107 4915 3429 4972 audiendus.

168 4982 259 5034 Deo
281 4989 418 5034 Imma
469 5008 582 5034 nm,
610 5008 728 5034 cum
757 5000 883 5034 nth
918 4989 1078 5034 DEMI_
1111 4994 1275 5034 facta:
1316 5001 1387 5034 est
1419 4993 1581 5034 Immn.
1633 4994 1726 5034 l—Iin
1905 4943 1961 5034 lg
2017 4995 2195 5034 Nomm
2223 4995 2307 5034 hin
2329 4995 2538 5034 vidntur
2564 4996 2828 5034 sinam-im-
2860 4990 3142 5034 nnmlinlns
3169 5004 3272 5034 ms-
3306 5005 3428 5034 t-Itm

168 4943 350 4973 υυΙΊῠιυ
375 4943 422 4974 Ill
451 4943 588 4976 5(2er
628 4943 851 4976 ΙυΙΊΙΙεΙΙΙ
884 4943 1158 4973 θλΙΙΙῖΙΙΙΙΙυ
1188 4943 1332 4988 saepe
1364 4943 1597 4989 ιυψιιιιιι·
1621 4964 1634 4986 ,
1666 4943 1728 4977 ea:
1907 4943 1920 4988 ί
1967 4943 1986 5034 ζ
2018 4943 2158 4978 luem
2199 4943 2389 4982 CIMICX.
2425 4943 2716 4990 ai'lenaeret
2742 4943 2761 4976 .'
2789 4943 2960 4990 neque
2994 4943 3080 4972 IIIU
3107 4943 3429 4972 διιυΙυΙΙυιΙδο

168 4982 259 5040 Deo
281 4989 440 5068 homo,
469 5008 586 5068 pro,
610 5008 728 5068 cum
757 5000 883 5068 esset
917 4989 1079 5054 Deus,
1107 4994 1275 5068 [actus
1316 5001 1387 5043 est
1418 4993 1583 5068 homo.
1630 4994 1728 5048 ilic
1905 4943 1984 5068 (ἕ,
2014 4995 2307 5068 Nequehic
2329 4995 2538 5068 videtur
2564 4996 2828 5068 sincerior
2859 4990 3142 5059 pr:cdictns
3169 5004 3272 5041 ms.
3306 5005 3430 5043 cum

167 5069 330 5136 autem,
361 5065 409 5116 in
455 5064 678 5134 vulgatis
727 5073 781 5117 et
830 5064 880 5115 in
911 5077 1019 5136 uno
1059 5062 1231 5116 solum
1284 5063 1586 5120 recentiore
1622 5080 1722 5120 ms.
1831 5062 1930 5136 pro
1956 5062 2289 5136 contumelia,
2319 5065 2537 5120 exhibet
2562 5063 2822 5117 calumnia
2847 5077 2866 5116 :
2894 5070 2949 5116 et
2974 5077 3096 5115 mox
3127 5076 3275 5129 plena
3304 5076 3427 5113 con-

166 5123 296 5208 Colb.
322 5123 570 5208 insertum
602 5145 714 5208 est,
737 5136 901 5208 factus
920 5135 1115 5208 doctor:
1301 5204 1331 5208 __

1841 5123 2073 5208 lusionis,
2113 5153 2206 5208 pro
2237 5123 2746 5208 plenaconfusionis.

249 5201 292 5279 c)
322 5203 474 5279 Editi,
501 5201 772 5279 duodecim
793 5205 952 5279 tribus
979 5220 999 5258 :
1027 5203 1418 5279 refragantibus
1436 5220 1577 5279 inss.
1835 5201 1845 5208 ’
1905 5207 1980 5279 (i)
2023 5201 2306 5279 Editicnm
2337 5201 2536 5276 aliquot
2577 5222 2708 5279 mss.
2735 5204 2983 5279 solitario.
3020 5203 3281 5279 Malumus
3305 5217 3429 5257 cum

245 5273 295 5346 ιι)
318 5273 410 5329 llic
434 5278 588 5342 enim,
609 5278 685 5332 uti
717 5275 1099 5339 'i‘ertullianus,
1122 5278 1384 5330 adversus
1436 5276 1721 5344 Praxeam,
1831 5273 2044 5333 caeteris
2074 5278 2382 5343 solitarium,
2414 5273 2557 5346 prius
2584 5278 2828 5331 restituta
2853 5277 3110 5346 particula
3136 5285 3389 5342 tamquam
3411 5314 3426 5340 ,

170 5351 217 5421 ειη.
242 5343 320 5421 [τι.
347 5349 394 5401 in
439 5349 686 5421 eutndem
714 5347 890 5421 locum
921 5349 1017 5421 ait,
1045 5348 1278 5411 dicendo,
1316 5347 1451 5401 Deus
1478 5348 1532 5401 in
1558 5357 1624 5421 te,
1655 5343 1722 5415 et,
1831 5365 1990 5421 quam
2039 5348 2248 5416 Lipsius
2291 5343 2494 5421 absque
2519 5343 3218 5421 auctoritate'espunxerat.
3271 5347 3430 5421 Pater

176 5405 238 5464 Τιι
255 5405 398 5483 Deus,
425 5420 550 5473 duas
579 5419 849 5489 proponit;
870 5419 957 5487 qui
976 5405 1178 5482 erat,.et
1208 5405 1387 5489 in'quo
1407 5429 1552 5483 erat;
1575 5405 1723 5474 (Ωιι-εί
1831 5405 2010 5475 autem
2040 5405 2564 5486 inhonoratuﬂdum
2598 5419 2689 5473 lilii
2721 5405 3005 5489 degeneris
3051 5425 3201 5486 pater
3231 5417 3426 5487 praedi-

173 5493 301 5561 uitis,
325 5498 372 5561 et
392 5489 643 5558 Spiritum
667 5507 680 5542 :
707 5489 794 5542 ubi
825 5491 1078 5558 Spiritum
1108 5490 1317 5544 Patrem
1343 5491 1612 5561 intelligit.
1830 5502 1984 5547 catur
2007 5536 2021 5557 ,
2074 5501 2131 5545 ut
2159 5506 2303 5559 saepe
2335 5492 2570 5545 insinuat
2607 5501 2790 5545 noster
2820 5491 3053 5545 Hilarius
3081 5533 3094 5552 ,
3145 5504 3206 5542 ac
3240 5489 3428 5561 probat

234 5553 300 5634 (ε)
323 5558 373 5612 In
398 5553 495 5620 nis.
525 5561 684 5617 Caro.
721 5553 951 5634 atquein
981 5578 1034 5634 se
1060 5562 1227 5634 genito
1255 5576 1273 5615 :
1301 5562 1458 5634 male.
1490 5553 1600 5616 Cur
1627 5575 1726 5634 au-
1831 5553 2180 5634 Augustinus,
2212 5553 2388 5618 Serm.
2443 5563 2567 5629 159,
2621 5579 2674 5616 ιι.
2709 5561 2743 5615 5
2767 5603 2783 5626 ,
2833 5577 3059 5634 necnon
3081 5553 3424 5634 Ambrosius,

177 5628 262 5703 teni
288 5628 414 5687 ineo
439 5640 682 5696 maneat,
709 5628 793 5684 sic
816 5628 1101 5701 exponitur
1124 5632 1174 5685 in
1207 5631 1342 5701 psal.
1373 5646 1543 5696 cxxtt,
1570 5651 1622 5686 η.
1657 5633 1721 5696 2,:
1830 5628 1971 5689 libft
2002 5637 2068 5690 de
2102 5633 2231 5689 Fide
2258 5651 2308 5689 c.
2344 5637 2398 5700 ti,
2442 5635 2524 5690 vel
2554 5628 2680 5689 dum
2711 5633 2998 5703 aliquando
3023 5633 3136 5687 sine
3164 5633 3338 5687 Verbo
3367 5646 3429 5684 ac

175 5689 289 5776 Dm
313 5704 434 5756 sitim
455 5721 517 5758 ex
545 5689 898 5776 Deo'qenitus;
922 5719 1020 5756 non
1040 5704 1181 5757 abest
1199 5689 1287 5773 per
1305 5689 1545 5776 naturain
1575 5704 1638 5756 ab
1667 5689 1724 5758 eo
1828 5689 2090 5774 sapientia
2127 5706 2316 5772 fuisse,
2346 5689 2590 5776 adeoque
2621 5689 2837 5760 aliunde
2867 5710 3127 5762 rationem
3156 5713 3429 5758 mutuatus

1828 5792 1951 5904 isse
1978 5783 2262 5909 assgri‘tur,
2294 5789 2352 5834 ut
2387 5778 2622 5837 ostendit
2651 5779 2997 5845 Athanasius,
3020 5779 3171 5833 Orat.
3219 5792 3254 5832 ιι
3279 5782 3430 5835 conta

1877 5865 1949 5909 r..
1981 5864 2034 5909 ι).
2106 5867 2138 5908 a
2182 5892 2195 5907 .

1877 5865 1949 5918 r.,
1978 5864 2034 5921 p.
2068 5864 2195 5909 ast.

178 5775 227 5815 οε
246 5783 331 5835 σιω
356 5776 548 5842 genitus
574 5773 891 5845 conﬁtenda:
911 5783 985 5829 est
1013 5791 1032 5830 :
1063 5790 1184 5830 cum
1212 5786 1408 5829 cratera
1428 5775 1601 5829 absint
1629 5789 1726 5845 per

178 5845 349 5898 natura
372 5845 808 5918 discrepantiam.
840 5843 1004 5902 Filius
1049 5847 1229 5918 itaque
1256 5845 1416 5918 digna
1461 5861 1556 5918 per
1583 5843 1644 5904 se
1670 5855 1728 5905 et
