3960 6202
479 320 617 378 -127

1708 316 1950 377 SANCTI
1993 317 2248 373 "ILARII
2289 317 2594 376 EPISCOPI
3285 299 3290 302 Ι
3713 321 3802 377 ηε

586 438 738 511 ιθι
769 436 860 493 49..
896 435 1024 492 Filii
1050 435 1304 491 divinitati
1331 435 1692 506 adstipttlatur
1718 434 1987 491 Jeremias.
2018 434 2122 502 Qui
2145 443 2195 500 Α
2224 451 2382 506 puero
2407 451 2522 503 suo,
2553 443 2598 490 et
2616 433 2786 490 Israel
2813 435 3000 491 dilecto
3029 453 3122 490 suo
3152 452 3169 490 :
3197 443 3309 507 post
3335 435 3430 490 hoc
3460 450 3613 506 super
3633 444 3802 492 terrain

514 531 652 587 Deus
676 546 832 601 super
859 540 1047 585 terram
1074 531 1232 585 visus.
1265 528 1440 585 Filius
1477 538 1522 584 et
1548 531 1600 584 in
1629 529 1756 600 legis
1786 529 1976 583 latione
1996 537 2042 583 et
2066 529 2120 583 in

511 623 682 678 carnis
721 621 1067 691 assumptione
1115 637 1248 675 unus
1317 620 1598 675 Mediator.
1650 618 1810 674 Pater
1853 629 1901 675 et
1950 619 2122 675 Filius

511 729 692 769 unum.
723 743 796 755 ——
825 713 960 768 Audi
990 713 1133 768 enim
1165 720 1359 783 praeter
1396 712 1616 786 Moysen
1649 721 1704 769 et
1733 711 1980 779 Esaiam,
2011 722 2120 767 tum

514 808 676 864 tertio
718 807 771 862 Id
818 807 992 878 ipsum
1024 822 1238 879 quoque
1269 822 1324 863 et
1355 805 1432 880 (a)
1477 808 1766 863 Jeretniam
1797 807 2080 862 docentem
2105 847 2120 874 ,

512 914 636 956 cum
667 899 842 956 dicit:
876 899 979 955 Hic
1030 901 1166 956 Deus
1207 912 1374 957 noster
1405 911 1509 967 est,
1558 913 1605 956 et
1646 918 1749 956 non
1789 902 2122 972 deputabitur

513 995 648 1050 alter
677 993 746 1048 ad
775 1009 908 1048 eum.
948 992 1049 1060 Qui
1073 994 1262 1048 invenit
1290 1011 1490 1048 omnem
1521 994 1655 1048 viam
1676 995 1922 1060 scientiae,
1957 1001 2004 1048 et
2035 993 2126 1046 de-

515 1087 590 1142 dit
631 1103 744 1141 eam
772 1083 938 1139 Iacob
985 1101 1141 1156 puero
1186 1102 1311 1154 suo,
1344 1095 1389 1140 et
1439 1084 1607 1140 Israel
1633 1085 1819 1138 dilecto
1851 1101 1964 1138 suo.
1997 1083 2125 1139 Post

526 1182 622 1233 hoc
649 1194 803 1250 super
823 1187 1013 1231 terram
1035 1178 1169 1231 visus
1191 1187 1285 1242 est,
1315 1187 1360 1232 et
1383 1178 1514 1231 inter
1546 1177 1776 1231 homines
1799 1185 2125 1230 conversatus

517 1279 588 1325 est
619 1268 870 1342 (Baruch.
910 1283 988 1334 ut,
1019 1266 1088 1324 56
1133 1277 1181 1321 et
1207 1270 1395 1339 seqq.).
1430 1268 1646 1322 Dixerat
1670 1267 1814 1323 enim
1834 1267 1944 1335 jam
1968 1280 2127 1337 supe-

517 1361 652 1427 rius,
685 1360 749 1414 Et
781 1360 933 1415 homo
962 1368 1055 1425 est,
1089 1369 1136 1414 et
1163 1360 1275 1430 quis
1302 1368 1572 1429 cognoscet
1603 1375 1717 1413 eum
1740 1359 1766 1412 ?
1795 1356 1975 1414 Habes
1997 1372 2126 1427 ergo

521 1457 692 1512 Deum
725 1455 774 1509 in
801 1453 956 1510 terris
978 1454 1174 1521 vistnn,
1197 1463 1252 1509 et
1274 1455 1414 1510 inter
1435 1454 1684 1510 homines
1708 1464 2123 1510 conversatum:

517 1559 576 1606 et
602 1550 819 1622 requiro
861 1549 1132 1621 quomodo
1176 1549 1589 1619 intelligendum
1621 1549 1922 1615 existimes,
1959 1547 2128 1602 Deum

517 1657 667 1697 nemo
707 1643 832 1696 vidit
872 1659 1141 1713 umquam,
1175 1642 1275 1696 nisi
1305 1642 1597 1714 unigenitus
1635 1643 1804 1712 ﬁlius,
1848 1642 1937 1712 qui
1969 1652 2044 1695 est
2074 1641 2128 1696 in

521 1735 641 1789 sinu
670 1733 848 1788 Patris
889 1732 1070 1807 (Joan.
1105 1750 1160 1801 ι,
1196 1733 1317 1806 Ι8);
1351 1750 1472 1790 cum
1493 1734 1757 1790 Jeremias
1794 1735 1959 1790 Deum
1991 1750 2126 1804 pra:-

2224 529 2362 584 visus
2402 540 2508 595 est,
2555 538 2603 584 et
2640 529 2773 584 inter
2813 530 3046 585 homines
3075 540 3400 585 conversatus
3437 539 3530 585 est.
3565 529 3707 586 Unus
3733 541 3804 588 est

2224 621 2366 676 enim
2393 620 2654 676 Mediator
2679 622 2769 676 Dei
2793 631 2846 677 et
2870 622 3168 686 hominum,
3197 623 3338 678 Dens
3359 632 3414 676 et
3445 623 3600 694 102
3623 622 3801 679 homo:

2224 723 2280 769 et
2307 715 2359 768 in
2406 715 2539 783 legis
2585 715 2816 781 latione,
2843 727 2898 771 et
2941 717 2991 769 in
3022 716 3266 786 corporis
3308 717 3675 787 assumptione
3702 733 3802 773 me-

2224 807 2421 862 diator.
2457 807 2610 863 Alius
2639 808 2798 878 igitur
2827 808 2890 864 ad
2922 824 3044 864 eum
3083 824 3187 863 non
3229 808 3539 879 deputatur.
3565 807 3708 865 Unus
3736 818 3806 865 est

2224 900 2366 954 enim
2412 899 2498 954 hic
2525 900 2575 954 in
2621 901 2787 955 Deum
2820 916 2885 957 ex
2931 901 3041 956 Deo
3087 913 3274 968 natus,
3323 916 3418 971 per
3444 917 3604 973 quem
3645 912 3806 958 creata

2227 1004 2350 1046 sunt
2378 994 2556 1047 omnia
2587 993 2638 1048 in
2672 995 2810 1047 cmlo
2838 1002 2893 1048 et
2923 995 2974 1049 in
3007 1002 3172 1060 terra,
3205 1009 3302 1065 per
3327 1011 3485 1064 quem
3511 1004 3743 1065 tempora
3763 1005 3808 1052 et

2227 1085 2420 1140 sarcula
2450 1084 2586 1140 facta
2618 1093 2760 1140 sunt.
2796 1085 2990 1141 Totum
3019 1087 3163 1141 enim
3196 1085 3458 1157 quidquid
3481 1095 3586 1150 est,
3618 1102 3684 1141 ex
3707 1087 3807 1158 ejus

2226 1176 2546 1246 Operatione
2571 1176 2814 1231 subsistit
2847 1175 2939 1248 (ι’).
2983 1177 3080 1232 llic
3106 1192 3234 1248 ergo
3257 1193 3395 1232 unus
3423 1187 3506 1232 est
3532 1177 3806 1248 disponens

2227 1270 2292 1324 ad
2322 1269 2592 1325 Abraham
2615 1312 2628 1335 ,
2665 1272 2889 1340 loquens
2910 1271 2976 1325 ad
3017 1271 3268 1344 Moysen,
3301 1281 3504 1328 testans
3531 1273 3596 1328 ad
3628 1274 3806 1342 Israel,

2228 1379 2450 1419 manens
2474 1364 2523 1418 in
2561 1365 2854 1435 prophetis,
2887 1381 2980 1435 per
3008 1366 3268 1437 virginem
3296 1379 3455 1422 natus
3480 1366 3561 1439 (Ι)
3605 1383 3668 1423 ex
3695 1369 3808 1438 Spi-

2227 1457 2331 1512 ritu
2362 1455 2440 1531 (ά)
2475 1468 2666 1512 saneto
2688 1499 2701 1523 ,
2748 1457 3098 1513 adversantes
3129 1459 3284 1513 nobis
3332 1460 3684 1530 inimicasque
3710 1461 3808 1515 vir—

2229 1557 2369 1603 tutes
2398 1549 2542 1618 ligno
2570 1549 2838 1619 passionis
2863 1549 3110 1620 alligans,
3127 1550 3421 1604 mortemin
3438 1549 3648 1606 inferno
3673 1550 3804 1620 peri-

2228 1665 2401 1718 mens,
2453 1651 2569 1722 spei
2619 1661 2818 1707 nostra:
2864 1653 3021 1707 ﬁdem
3057 1654 3451 1708 resurrectione
3476 1652 3811 1723 conﬁrmans,

2228 1753 2629 1820 corruptionem
2659 1753 2838 1808 carnis
2870 1753 3116 1808 humana:
3148 1753 3316 1822 gloria
3344 1755 3590 1824 corporis
3617 1754 3695 1808 sui
3725 1769 3812 1822 pe-

519 1826 687 1893 dicet,
715 1827 806 1897 qui
833 1837 888 1883 et
915 1829 1063 1883 visus
1086 1828 1137 1883 in
1166 1829 1324 1884 terris
1351 1838 1453 1895 est,
1482 1840 1535 1886 et
1563 1829 1707 1885 inter
1732 1829 1979 1886 homines
2003 1844 2123 1885 con-

2234 1843 2452 1898 timens.
2502 1843 2584 1899 Ad
2618 1843 2758 1899 hunc
2800 1859 2929 1916 ergo
2974 1859 3079 1900 non
3124 1844 3469 1914 deputabitur
3512 1843 3669 1899 alius.
3713 1845 3814 1902 Soli

525 1930 774 1975 versatus
816 1920 941 1975 est?
969 1921 1128 1976 Pater
1148 1930 1298 1977 certe
1339 1937 1446 1977 non
1477 1923 1578 1977 nisi
1604 1919 1677 1994 (b)
1707 1922 1805 1981 soli
1834 1922 1970 1978 Filio
1997 1923 2126 1977 visi-

525 2011 654 2070 bilis
673 2012 926 2080 est.Quis
953 2027 1083 2083 ergo
1112 2014 1210 2069 iste
1239 2024 1322 2070 est
1340 2015 1428 2084 qui
1446 2024 1528 2068 est
1549 2015 1694 2069 visus
1708 2023 2126 2070 etconversatus

521 2105 664 2162 inter
689 2106 983 2162 homines?
1016 2108 1158 2164 Deus
1186 2118 1335 2165 certe
1365 2118 1551 2164 noster
1576 2118 1690 2176 est,
1733 2118 1790 2164 et
1816 2109 2044 2166 visibilis
2069 2110 2122 2166 in

523 2201 742 2256 homine
763 2209 818 2257 et
843 2202 1247 2258 contrectabilis
1279 2202 1442 2258 Deus.
1469 2201 1534 2257 Et
1561 2201 1873 2273 prophetam
1897 2202 2124 2274 loquen-

522 2303 630 2351 tem
648 2296 888 2368 intellige
914 2315 928 2352 :
956 2294 1076 2351 Non
1099 2297 1427 2370 deputabitur
1439 2297 1571 2352 alter
1586 2297 1655 2351 ad
1671 2313 1805 2352 eum.
1822 2296 1880 2353 Si
1898 2297 2118 2368 quaeris,

522 2389 837 2460 quomodo?
881 2389 1005 2444 audi
1045 2405 1164 2461 qua:
1214 2400 1553 2460 sequuntur:
1602 2405 1671 2446 ne
1700 2405 1799 2462 per
1840 2390 1893 2444 id
1936 2405 2040 2444 non
2069 2397 2125 2445 et

521 2478 667 2536 Patri
698 2481 970 2553 proprium
992 2497 1115 2538 esse
1136 2481 1411 2538 existimes
1441 2481 1582 2554 quod
1605 2481 1805 2538 dictum
1821 2491 1905 2538 est
1927 2499 1939 2536 :
1961 2481 2120 2545 Audi,

520 2572 716 2641 Israel,
751 2573 1000 2630 Dominus
1027 2575 1165 2631 Deus
1188 2586 1304 2630 tuus
1323 2592 1456 2631 unus
1484 2586 1554 2631 est
1577 2574 1755 2649 (Deut.
1786 2592 1858 2644 vr,
1881 2574 1962 2647 4).
1996 2575 2122 2631 llaec

519 2666 664 2722 enim
695 2666 794 2722 sibi
834 2668 1110 2724 cohaerent
1139 2687 1152 2723 :
1187 2667 1312 2723 Non
1357 2670 1685 2742 deputabitur
1711 2670 1842 2724 alter
1867 2669 1936 2722 ad
1964 2685 2076 2723 eum
2100 2684 2120 2724 :

518 2761 609 2833 qui
646 2763 834 2817 invenit
870 2779 1070 2818 omnem
1097 2764 1229 2818 viam
1269 2764 1524 2828 scientiaz,
1559 2773 1605 2818 et
1631 2763 1769 2818 dedit
1806 2779 1921 2818 eam
1955 2761 2120 2817 Jacob

593 2876 671 2951 (l)
706 2877 788 2934 Ex
813 2880 995 2952 spiritu
1025 2889 1228 2936 tantum
1252 2881 1304 2934 in
1336 2889 1522 2934 nostro
1551 2896 1653 2936 ms.

594 2972 669 3043 (a)
696 2973 796 3042 Qui
825 2983 1148 3044 postremam
1180 2974 1469 3030 editionem
1502 2975 1624 3029 I‘ar.
1655 2975 1991 3044 procuravit,
2025 2974 2111 3028 hic

519 3045 725 3101 Baruch
776 3047 898 3102 loco
947 3048 1092 3101 vocis
1138 3047 1416 3100 Jeremiam
1456 3047 1772 3102 substituit:
1816 3047 1956 3101 idem
1987 3060 2114 3101 vero

519 3133 715 3173 nomen
750 3132 870 3172 mox
905 3119 1191 3187 repetitum
1223 3120 1506 3173 immutare
1537 3134 1641 3172 non
1672 3119 1936 3176 meminit.

593 3188 670 3262 (b)
710 3187 808 3243 Hic
832 3189 1078 3262 addimus
1107 3191 1203 3262 soli
1243 3190 1561 3262 auctoritate
1588 3192 1826 3244 omnium
1861 3205 1990 3262 mss.
2024 3188 2114 3243 Hi-

523 3259 644 3332 l_arii
695 3261 978 3332 sententia:
1023 3261 1090 3316 de
1145 3261 1316 3316 Patris
1372 3261 1735 3316 invisibilitate
1793 3261 2117 3332 sull'ragatttr

520 3329 909 3413 Tertullianns,
937 3331 1028 3413 lib.
1083 3335 1127 3415 ιι
1176 3335 1296 3415 adv.
1347 3333 1605 3387 Marcion.
1660 3348 1712 3387 n.
1909 3329 2116 3426 Prqtreni
2145 3365 2188 3426 ρ

522 3403 714 3456 nemini
743 3403 924 3466 visum,
957 3405 1146 3467 inquit,
1177 3407 1327 3458 etiam
1357 3421 1623 3458 commune
1647 3406 1914 3458 testabitur
1939 3404 2106 3458 Evan‘
2145 3403 2190 3426 “

520 3473 744 3544 getiam,
774 3475 972 3528 dicente
1002 3475 1245 3531 Christo:
1277 3475 1447 3530 Nemo
1492 3477 1727 3544 cognovit
1775 3474 1985 3531 Patrem
2023 3476 2121 3529 nisi

521 3543 573 3615 ξ’
575 3544 739 3601 ilius:
784 3545 893 3614 ipse
937 3547 1069 3600 enim
1105 3556 1151 3600 et
1181 3549 1332 3600 veteri
1376 3543 1694 3600 Testamento
1726 3548 2116 3615 pronuntiarat,

523 3613 689 3670 Deum
724 3613 870 3670 nemo
896 3617 1102 3680 videbit,
1135 3627 1180 3669 et
1210 3619 1358 3679 vivet,
1390 3616 1595 3671 Patrem
1627 3613 1928 3670 inuisibilem
1959 3619 2123 3670 deter-

527 3687 766 3759 minans,
800 3689 853 3739 in
889 3690 1037 3759 cujus
1063 3695 1364 3742 auctoritate
1395 3698 1440 3741 et
1479 3691 1681 3742 nomine
1713 3691 1822 3759 ipse
1847 3699 1953 3743 erat
1983 3687 2122 3743 Deus

522 3758 610 3827 qui
631 3758 892 3827 videbatur
909 3757 1002 3811 Dei
1028 3759 1403 3827 ﬁlius.Videsis
1419 3759 1692 3826 eumdem,
1710 3757 1833 3813 adv.
1862 3761 2118 3815 Praxeatn

525 3826 592 3900 ii.
632 3826 716 3883 14.
748 3829 838 3882 Sic
882 3826 1215 3900 Ambrosius,
1251 3831 1300 3883 in
1351 3828 1546 3884 Lucam
1583 3831 1720 3888 :Aut
1769 3832 2120 3900 acquiescatnr

523 3899 680 4024 initur
700 3914 899 3953 necesse
923 3908 1016 3963 est,
1051 3901 1093 3954 si
1117 3898 1280 3954 Deum
1309 3900 1515 3954 Patrem
1544 3918 1690 3954 nemo
1712 3898 2116 3973 vidit'umquain,

578 3971 724 4024 ilium
747 3971 908 4024 visum
936 3987 1041 4024 esse
1069 3973 1121 4024 in
1149 3974 1302 4024 veteri
1326 3971 1667 4024 Testamento.
1699 3973 1772 4024 Ita
1801 3984 1855 4024 et
1885 3974 2116 4024 Pruden-

578 3971 724 4024 iliuni
747 3971 908 4024 visum
936 3987 1041 4024 esse
1069 3973 1121 4024 in
1149 3974 1302 4026 veteri
1326 3971 1667 4028 Testamento.
1698 3973 1772 4027 Ita
1801 3984 1855 4028 et
1885 3971 2124 4028 Pruden-

530 4041 666 4116 tins,
687 4039 889 4108 Aporh.
923 4043 1157 4116 νει-539,
1193 4045 1333 4098 inter
1349 4044 1451 4097 alia
1475 4047 1582 4099 ait:
1611 4041 1763 4098 Cerni
1783 4046 1916 4116 potis
1937 4055 2009 4100 est
2034 4048 2123 4115 qui

525 4114 755 4172 nascitur
784 4129 802 4166 :
830 4122 882 4184 at
923 4130 1023 4167 non
1052 4115 1258 4169 innatus
1287 4117 1425 4168 cerni
1465 4116 1599 4184 potis
1626 4125 1718 4169 est.
1753 4114 1958 4182 Quibus
1993 4114 2125 4170 con-

525 4185 693 4258 s_entit
715 4183 980 4258 Justinus,
1002 4186 1144 4258 Dial.
1173 4201 1291 4241 cum
1324 4183 1552 4258 Tryph.,
1571 4185 1817 4258 favetqne
1845 4185 2118 4254 Clemens,

526 4253 728 4311 Strom.
759 4271 834 4319 IV,
866 4271 919 4324 p.
963 4257 1087 4312 537.
1125 4258 1326 4312 Horum
1365 4253 1635 4313 sententia
1667 4253 1900 4313 maxime
1939 4253 2126 4313 nititur

525 4325 613 4382 his
638 4326 900 4398 Johannis
928 4327 1135 4383 verbis:
1168 4327 1332 4382 Deunt
1371 4345 1519 4384 nemo
1547 4330 1669 4383 vidit
1697 4345 1960 4398 umquam.
1989 4329 2122 4384 Nam

523 4411 725 4470 vocem,
761 4397 933 4465 Deus,
990 4401 1200 4469 quoties
1243 4400 1558 4470 simpliciter
1605 4397 1844 4469 ponitur,
1895 4401 1963 4455 de
2015 4401 2126 4456 Deo

525 4467 687 4524 Patre
714 4467 1052 4539 interpretari
1085 4472 1264 4525 solent
1293 4467 1530 4539 priorum
1561 4467 1879 4527 saeculorum
1911 4472 2118 4528 Patres.

526 4540 665 4597 Hinc
692 4539 1087 4596 cnncludebant
1111 4539 1304 4595 Filium
1336 4543 1424 4610 qui
1456 4543 1600 4595 visus
1629 4542 1733 4606 sit,
1767 4558 1796 4596 a
1833 4543 1993 4598 Patre
2033 4545 2124 4612 qui

527 4627 819 4684 numquam
853 4613 1020 4675 visus,
1049 4612 1210 4667 alium
1239 4627 1378 4668 esse.
1409 4613 1515 4669 Sed
1542 4613 1687 4684 quod
1711 4613 1785 4667 illi
1812 4614 1878 4669 ad
1904 4615 2126 4670 distinc-

528 4682 730 4740 tionem
755 4698 1103 4753 personarum
1128 4684 1503 4746 observarunt,
1532 4682 1877 4739 detorserunt
1897 4687 2125 4741 subinde

2226 1945 2370 2000 enim
2401 1945 2514 2001 hwc
2543 1946 2819 2017 unigenito
2847 1945 2959 2001 Deo
2991 1945 3209 2016 propria
3235 1955 3379 2007 sunt,
3411 1953 3465 2001 et
3487 1961 3628 2000 unus
3654 1945 3736 2001 hic
3765 1946 3812 2002 in

2229 2045 2329 2100 hac
2380 2047 2639 2116 peculiari
2667 2047 2920 2101 virtutum
2951 2061 3168 2101 suarum
3217 2046 3549 2104 beatitudine
3577 2056 3730 2102 natus
3755 2062 3814 2102 ex

2229 2149 2339 2204 Deo
2364 2157 2467 2204 est.
2500 2146 2614 2203 Non
2637 2148 2774 2204 alter
2795 2148 2858 2202 ad
2884 2164 3006 2203 eum
3030 2148 3174 2204 Deus
3197 2147 3483 2219 deputatur
3509 2167 3522 2203 :
3551 2163 3655 2203 non
3683 2150 3812 2204 cnim

2227 2265 2293 2306 ex
2329 2250 2429 2305 alia
2457 2249 2755 2305 substantia
2781 2291 2794 2316 ,
2841 2249 2934 2304 sed
2967 2265 3032 2304 ex
3061 2249 3175 2304 Deo
3208 2249 3350 2305 Deus
3377 2255 3480 2304 est.
3511 2248 3654 2304 Nihil
3681 2251 3728 2304 in
3754 2265 3814 2305 eo

2227 2355 2406 2425 itaque
2428 2369 2647 2418 novum,
2675 2352 2804 2406 nihil
2827 2360 3167 2419 extraneum,
3197 2352 3326 2407 nihil
3351 2365 3543 2407 recens
3565 2360 3668 2406 est.
3693 2351 3812 2408 Cum

2227 2455 2369 2511 enim
2397 2453 2549 2508 audit
2586 2453 2779 2514 Israel,
2809 2451 2952 2524 quod
2984 2452 3088 2507 sibi
3121 2453 3258 2507 Deus
3290 2467 3428 2508 unus
3457 2454 3565 2520 sit,
3611 2462 3664 2509 et
3687 2452 3814 2508 Filio

2230 2557 2325 2613 Dei
2357 2557 2469 2612 Deo
2495 2570 2600 2612 non
2632 2555 2768 2611 alter
2799 2555 2940 2610 Deus
2979 2554 3284 2624 deputetur,
3318 2558 3390 2627 te)
3451 2564 3508 2609 ut.
3555 2555 3695 2611 Deus
3721 2555 3811 2622 sit;

2230 2657 2476 2713 absolute
2507 2667 2658 2728 pater
2679 2657 2822 2711 Deus
2845 2665 2897 2714 et
2938 2655 3080 2712 ﬁlius
3125 2656 3267 2712 Deus
3311 2671 3478 2711 unum
3528 2665 3676 2717 sunt.
3715 2633 3814 2711 non

2229 2759 2426 2817 unione
2450 2756 2518 2830 (f)
2546 2772 2810 2829 persona),
2827 2756 2920 2814 sed
2943 2756 3259 2813 substantia:
3282 2756 3488 2815 unitate
3517 2775 3530 2813 :
3563 2757 3688 2830 quia
3714 2757 3816 2814 tilio

2217 2972 2325 3027 haec
2355 2971 2428 3044 (in
2463 2978 2600 3025 terra
2638 2969 2896 3044 visttsest)
2926 2977 3100 3038 aperte
3127 2969 3352 3044 declarat
3379 2985 3394 3022 :
3429 2968 3530 3044 Hic
3559 2972 3780 3044 enimest
3801 3011 3816 3036 ,

2222 3045 2308 3114 qui
2337 3040 2647 3114 corpoream,
2677 3041 2936 3114 nobiscum
2971 3040 3625 3114 consuetudinemhabuit.
3674 3042 3815 3098 Unde

2223 3111 2278 3170 et
2318 3131 2347 3169 a
2379 3111 2564 3168 uestro
2610 3113 2814 3167 Hilario
2854 3127 2978 3166 mox
3023 3111 3220 3166 dicitur
3264 3111 3475 3166 visibilis
3519 3115 3574 3167 in
3622 3115 3818 3168 homine

2228 3182 2548 3256 (assumpto)
2575 3194 2624 3238 et
2654 3182 3027 3256 contrectabilis
3051 3180 3220 3256 Deus:
3245 3181 3347 3256 Ubi
3375 3183 3540 3237 editio
3598 3185 3721 3239 Par.
3749 3200 3816 3240 ex

2225 3252 2808 3314 Nivelliaoa'mendose
2851 3270 2960 3326 pra:
2991 3269 3049 3308 se
3092 3252 3297 3308 terebat
3333 3255 3601 3310 invisibilis
3639 3257 3691 3310 in
3734 3256 3820 3311 ho-

2226 3346 2381 3384 mine.

2297 3401 2368 3473 (c)
2391 3400 2596 3456 Eadem
2623 3401 2734 3473 fere
2761 3397 2921 3453 habet
2950 3395 3270 3466 rescriptum
3293 3396 3359 3452 ad
3385 3397 3660 3454 Liberium
3684 3398 3816 3472 apud

2223 3471 2511 3531 Atlninas.,
2537 3488 2590 3541 p.
2619 3471 2745 3525 244.

2297 3545 2376 3614 (d)
2423 3539 2608 3598 Plures
2656 3541 2838 3612 probas
2868 3548 3008 3596 notae
3035 3554 3166 3594 mss.
3198 3556 3263 3595 ea:
3293 3539 3522 3615 Spiritu,
3556 3557 3656 3598 nec
3692 3541 3820 3613 adji-

2225 3615 2374 3670 ciunt
2401 3625 2596 3668 sancto.

2297 3684 2366 3757 (e)
2401 3685 2455 3739 In
2501 3685 2770 3741 nonnullis
2812 3682 3204 3740 recentioribus
3249 3697 3380 3739 mss.
3453 3693 3508 3738 ut
3574 3685 3820 3742 redimens

2229 3756 2366 3811 Deus
2393 3758 2460 3810 sit
2486 3773 2499 3809 :
2530 3758 2820 3825 glossema.

2299 3827 2383 3902 (ί)
2404 3828 2549 3902 Quia
2569 3844 2667 3882 vox
2699 3829 2818 3902 nnio
2846 3828 3044 3902 surpius
3074 3829 3325 3893 recurrit,
3348 3829 3572 3902 omnino
3604 3844 3821 3884 necesse

2226 3909 2309 3954 est
2339 3899 2444 3953 vim
2477 3899 2620 3954 illius
2661 3900 2827 3970 probe
2870 3899 3066 3954 habere
3111 3909 3468 3968 perspectam.
3515 3901 3823 3969 Respondet

2225 3980 2404 4044 autem
2439 3970 2603 4044 verbo
2631 3987 2808 4041 graeco
2837 3972 3027 4044 μονὰς,
3061 3970 3433 4044 significatque
3473 3972 3814 4044 solitudinem

2226 4056 2291 4098 ac
2333 4043 2777 4113 singularitatem.
2833 4041 2886 4096 In
2936 4045 3038 4097 hoc
3077 4041 3257 4098 dill'ert
3303 4044 3371 4095 ab
3417 4043 3650 4111 unitate,
3687 4043 3821 4113 quod

2227 4114 2396 4167 unitas
2427 4114 2490 4168 ad
2525 4125 2766 4168 naluram
2787 4155 2802 4176 ,
2833 4116 2954 4167 uitio
2985 4123 3162 4167 autem
3207 4114 3274 4168 ad
3317 4129 3578 4183 personas
3608 4130 3820 4183 semper

2226 4184 2314 4256 ab,
2341 4184 2543 4240 Hilario
2590 4185 2854 4241 referatur
2884 4203 2896 4238 :
2930 4196 3091 4253 atque
3122 4185 3191 4238 ita
3226 4200 3569 4256 prapttgnans
3612 4186 3669 4240 in
3710 4186 3817 4241 Deo

2229 4255 2524 4321 unitatem,
2577 4257 2774 4312 acriter
2829 4256 3071 4325 eXplodit
3125 4255 3420 4310 unionem.’
3461 4256 3632 4325 Hujus
3680 4262 3822 4313 vocis

2227 4337 2417 4383 auctor
2437 4328 2649 4383 videtur
2667 4327 2952 4394 Sabellius,
2979 4343 3148 4398 eaque
3169 4342 3319 4382 suam
3343 4327 3580 4383 heresim
3604 4343 3823 4398 expres-

2229 4399 2384 4471 sisse.
2422 4398 2573 4454 Unde
2601 4399 2693 4471 lib.
2721 4398 2789 4453 de
2811 4399 3011 4471 Synod.
3047 4415 3099 4453 ιι.
3123 4399 3214 4464 26,
3233 4399 3447 4471 hwresis
3469 4400 3680 4454 unionis
3700 4401 3824 4455 sim-

2232 4469 2440 4540 pliciter
2484 4470 2785 4539 appellatur
2819 4469 2918 4525 :‘et
2962 4472 3051 4538 qui
3083 4472 3130 4523 ei
3178 4470 3376 4524 addicti
3401 4479 3593 4537 erant,
3627 4487 3655 4523 a
3688 4471 3820 4528 Pru-

2229 4541 2416 4595 dentio
2461 4541 2707 4594 unionitte
2754 4541 2996 4610 inscripti
3037 4543 3307 4612 leguntur,
3337 4541 3538 4610 Apelh.
3587 4553 3716 4598 ante
3766 4559 3818 4598 γ.

2233 4613 2354 4668 178.
2404 4612 2480 4683 lta
2527 4612 2764 4682 Sulpicio
2815 4621 2951 4668 teste
2983 4628 3038 4683 p.
3079 4610 3208 4670 255.
3239 4612 3542 4683 Orientales
3584 4613 3823 4681 suspica-

2231 4683 2427 4738 bantur
2454 4682 2638 4754 Gallos
2672 4682 3222 4754 trionyniam’solitarii
3256 4682 3348 4737 Dei
3378 4684 3621 4738 unionem
3646 4702 3822 4740 secun-

526 4753 712 4810 Ariani
739 4752 764 4818 ,⁷
785 4764 844 4809 ut
877 4755 986 4825 jam
1021 4756 1357 4819 monuimus,
1385 4756 1450 4809 ad
1498 4755 1863 4810 diversitatem
1909 4768 2126 4812 natura-
2151 4752 2206 4813 D
2230 4755 2352 4808 dum
2391 4753 2674 4810 Sabellium
2700 4752 2996 4810 credidisse.
3029 4755 3166 4810 Galli
3205 4765 3383 4810 autem
3417 4756 3650 4810 concilio
3678 4756 3824 4811 Pari-

527 4842 668 4881 rum.
705 4826 900 4886 Filius,
937 4826 1183 4897 inquiunt
1212 4828 1350 4897 apud
1393 4828 1772 4897 Augustinum,
1797 4829 1974 4883 Serm.
2017 4844 2122 4894 vn,

531 4913 584 4951 ιι.
618 4897 653 4951 4
680 4916 692 4952 :
721 4900 856 4952 visus
881 4907 955 4950 est
982 4896 1228 4952 Patribus
1247 4939 1262 4960 ,
1303 4896 1462 4953 Pater
1487 4896 1601 4953 non
1631 4909 1703 4953 est
1733 4899 1872 4953 visus
1898 4915 1916 4954 :
1957 4899 2132 4960 invisi-

531 4969 646 5023 bilis
689 4981 735 5024 et
764 4969 976 5024 visibilis
1024 4970 1223 5024 diversa
1265 4978 1452 5024 natura
1493 4978 1598 5035 est,
1647 4979 1751 5025 etc.
1797 4970 1959 5038 Quasi
2001 4986 2130 5026 vero

534 5039 698 5095 Filius
741 5041 1038 5096 secundum
1070 5040 1304 5095 divinam
1335 5051 1579 5095 naturam
1611 5055 1717 5096 non
1751 5058 1902 5112 :rqne
1938 5044 2127 5096 invisi.

535 5112 656 5183 bilis
686 5113 755 5168 sit
796 5128 859 5167 ac
895 5113 1054 5166 Pater
1086 5129 1098 5166 :
1134 5123 1190 5166 ut
1220 5115 1412 5167 merito
1453 5113 1806 5183 Augustinus,
1846 5114 1938 5168 lib.
1985 5129 2021 5168 ιι
2059 5115 2129 5169 de

533 5181 725 5238 Trioit.
753 5201 803 5239 c.
845 5182 935 5249 M,
965 5184 1240 5238 delirantes
1264 5199 1358 5239 eos
1390 5181 1574 5250 vocet,
1604 5185 1694 5253 qui
1720 5183 1916 5239 Filium
1955 5189 2009 5239 in
2035 5202 2128 5240 sua

534 5254 814 5309 substantia
835 5257 994 5309 visum
1019 5256 1211 5308 volunt.
1237 5256 1441 5324 Quibus
1461 5255 1665 5311 deliriis
1693 5267 1749 5310 ut
1769 5272 1984 5312 omnem
2007 5257 2126 5311 adi-

538 5336 648 5379 tum
703 5328 1084 5394 prtncluderet,
1133 5328 1242 5380 visa
1293 5328 1718 5396 patriarcharum
1769 5328 1926 5396 paulo
1971 5329 2130 5383 aliter

535 5397 804 5466 explicare
833 5399 1026 5467 cepit,
1062 5412 1220 5468 quam
1250 5400 1487 5454 solerent
1515 5398 1607 5452 alii
1638 5400 1854 5462 Patres,
1889 5413 2125 5468 negans,

536 5479 793 5540 quantum
839 5471 1031 5537 potuit,
1065 5467 1259 5523 Filium
1294 5469 1356 5524 iis
1386 5471 1565 5541 potius
1593 5470 1937 5540 apparuisse,
1965 5467 2129 5540 quam

540 5553 799 5610 personas
823 5543 975 5593 alias.
1008 5541 1175 5607 Quem
1220 5549 1396 5596 tamen
1440 5558 1548 5611 pra:
1585 5541 1830 5595 manibus
1871 5542 2130 5596 habemus

539 5611 832 5676 Scriptura:
854 5611 1027 5665 locum
1059 5626 1252 5680 urgens
1283 5614 1540 5667 adversus
1565 5611 2031 5678 Maximinumdib.
2068 5628 2127 5679 ιι,

537 5695 595 5753 e.
636 5680 738 5746 26,
785 5696 841 5734 η.
877 5681 970 5746 15,
1012 5695 1136 5753 eum
1171 5682 1240 5753 de
1279 5681 1416 5735 Filio
1450 5683 1910 5753 interpretandum
1950 5683 2128 5738 docet.

539 5750 714 5824 Nam,
747 5759 984 5824 ugnotat
1021 5750 1618 5824 Gregoriits‘i‘lazianzg
1648 5754 1746 5824 Qr.
1782 5768 1975 5824 xxxvi,
1994 5755 2130 5824 quod

543 5823 642 5905 mm
675 5814 737 5878 de
785 5816 970 5890 Patre,
1002 5816 1091 5874 sed
1130 5814 1193 5874 de
1225 5814 1362 5876 Filio
1399 5834 1560 5877 sortito
1602 5814 1868 5890 habeatur,
1910 5814 2129 5894 adjéctio

2233 4829 2395 4881 siensi
2415 4827 2628 4895 Fragm.
2645 4843 2720 4890 χι,
2741 4842 2793 4880 ιι.
2809 4827 2864 4890 2,
2880 4827 3185 4881 rescribnnt
3201 4842 3260 4882 se
3273 4826 3530 4882 detestari
3545 4828 3822 4880 secundum

2234 4897 2450 4952 Sabe/lii
2466 4897 2811 4965 blasphemiae
2828 4899 2992 4968 ipsam
3010 4898 3504 4952 unionemJlursum
3523 4898 3818 4966 aSulpicio,

2233 4984 2288 5038 p.
2311 4968 2440 5034 242,
2471 4971 2723 5024 scribitur
2750 4969 3010 5024 Photinus
3036 4986 3069 5023 a
3089 4968 3318 5023 Sabellio
3344 4969 3397 5022 in
3416 4969 3608 5023 unione
3628 4971 3823 5024 dissen-

2233 5040 2393 5104 tiens,
2424 5041 2543 5109 quia
2594 5040 2711 5095 scil.
2753 5055 2857 5095 non
2905 5039 3112 5094 unicam
3160 5041 3211 5094 in
3238 5041 3500 5095 Trinitate
3539 5054 3820 5108 personam

2234 5113 2507 5179 praedicat.
2558 5111 2759 5165 Eodem
2776 5127 2938 5168 sensu
2968 5127 2998 5166 a
3037 5109 3267 5166 Maximo
3299 5109 3545 5178 Tanrin.,
3590 5114 3739 5169 hom.
3770 5128 3816 5180 I,

2231 5182 2302 5238 de
2350 5182 2408 5239 S.
2459 5182 2714 5246 Eusebio,
2749 5192 3040 5253 usurpatur
3071 5182 3282 5254 unionis
3325 5184 3648 5238 vocabulum
3675 5202 3688 5237 :
3717 5199 3822 5254 quo

2276 5255 2438 5308 aritcr
2469 5255 2547 5308 usi
2597 5265 2723 5308 sunt
2761 5255 3008 5309 Gelasius
3049 5253 3139 5308 lib.
3175 5253 3241 5307 de
3279 5254 3488 5309 duabus
3527 5253 3748 5309 naturis
3769 5268 3822 5311 et

2269 5325 2466 5396 iigilius
2488 5325 2702 5396 ATapsit.
2736 5325 2828 5380 lib.
2877 5342 2914 5380 ιι
2950 5335 3134 5380 contra
3165 5325 3391 5396 Eutych.
3418 5325 3485 5379 ad
3513 5328 3821 5396 exprimen-

2238 5394 2360 5452 dam
2393 5398 2444 5452 in
2473 5394 2691 5450 Christo
2725 5413 2967 5461 persona)
3011 5394 3464 5465 singularitatem,
3499 5394 3663 5466 quem
3700 5400 3821 5466 quia

2238 5469 2527 5534 restiuebat
2555 5467 2843 5534 Sabellius,
2862 5470 2929 5524 ab
2945 5466 3158 5523 Arianis
3185 5466 3343 5536 epist.
3367 5466 3432 5520 ad
3457 5469 3821 5525 Alexandrum

2237 5539 2532 5594 Alexandr.
2563 5542 2802 5610 arguitur
2830 5540 2972 5610 quod
3005 5540 3240 5592 unionem
3267 5539 3468 5610 dividit,
3499 5538 3602 5593 hoc
3633 5551 3733 5602 est,
3766 5551 3824 5595 ut

2235 5610 2618 5678 interpretatur
2647 5608 2903 5678 Hilarius,
2931 5611 3024 5666 lib.
3051 5625 3123 5674 vr,
3155 5610 3271 5674 n.7,
3295 5608 3567 5664 Christum
3589 5612 3820 5667 eumdem

2235 5682 2402 5735 divisit
2423 5683 2477 5734 in
2505 5679 2737 5752 Virgine.
2769 5682 2863 5737 His
2888 5682 3097 5737 accedit
3120 5680 3478 5752 Hieronymus
3498 5682 3660 5750 epist.
3693 5698 3818 5746 χιιι.

2232 5752 2301 5823 ad
2330 5750 2611 5823 Eustocl1_..
2635 5765 2664 5823 ξι
2695 5765 2805 5823 quo
2829 5752 3032 5810 Christi
3057 5763 3228 5823 mater
3251 5750 3572 5823 praedicatur
3590 5753 3665 5823 ad
3684 5754 3825 5823 simis

2233 5815 2502 5878 litudinem
2549 5817 2646 5875 Dei
2691 5815 2877 5879 unione
2919 5820 3142 5896 fecundi!
3173 5831 3191 5876 ι
3222 5815 3344 5894 quia
3387 5815 3641 5879 nimirum
3687 5822 3820 5882 sicut
