3960 6202
99 243 177 301 129
1303 230 1390 286 DE
1428 226 1673 286 TRINIT:

1787 226 1797 282 Ξ
1835 223 2041 282 LIBER
2083 221 2145 280 γ.

3265 219 3367 277 I30

93 359 167 414 Dei
188 359 285 412 Deo
312 353 560 425 deputari
592 353 661 410 ad
691 353 918 410 alterum
945 349 1112 405 Deum
1143 363 1250 404 non
1270 347 1400 403 sinit
1427 347 1502 419 (a)
1538 362 1662 417 pro—
1687 352 1736 411 Α
1767 341 1964 398 rationi
1995 341 2300 407 conveniat,
2330 348 2387 395 ut
2413 339 2614 395 utiliter
2637 338 2957 405 afﬁrmetur,
2990 336 3135 408 quod
3163 337 3369 393 utiliter

95 452 254 522 pheta,
285 449 423 519 quod
456 449 601 502 Deus
625 457 730 504 est.

388 566 740 643 103-1“
777 567 980 624 LIBER
1015 565 1338 636 QUINTUS.

91 685 266 743 Dicitur
287 684 438 738 etiam
470 682 742 740 secundus
775 700 789 736 :
840 684 962 753 quia
1002 680 1258 740 secundus
1298 691 1372 736 est
1417 679 1665 734 adversus

147 778 439 832 Arianorum
482 775 706 846 partium
751 773 1054 844 perﬁdiam,
1093 772 1346 845 superiori
1392 771 1521 826 libro
1553 771 1664 841 pri-

149 884 273 922 munt
318 878 534 937 coeptam
579 866 892 938 impugnari.
945 864 1095 919 Hanc
1144 865 1376 935 agnoscit
1424 862 1666 917 Hilarius

147 961 342 1016 subdole
361 962 490 1015 adeo
520 971 830 1027 contextam,
859 969 913 1014 ut
935 961 978 1011 ei
1001 960 1085 1030 qui
1107 957 1437 1021 consenserit,
1470 955 1664 1010 Filium

147 1054 298 1109 Deum
324 1071 539 1126 negare;
567 1054 653 1124 qui
683 1051 1050 1106 contradixerit
1075 1092 1090 1118 ,
1125 1049 1337 1104 Patrem
1377 1059 1422 1103 et
1469 1047 1666 1101 Filium

145 1160 227 1203 aut
254 1148 378 1202 duos
420 1147 552 1203 Deos
571 1189 584 1213 ,
612 1156 701 1200 aut
742 1144 958 1202 Sabellii
1004 1161 1142 1198 more
1171 1160 1329 1198 tntum
1355 1154 1401 1198 et
1430 1140 1664 1197 eumdem

153 1243 418 1314 pradicare
453 1243 703 1296 videatur.
765 1239 1018 1306 Quocirca
1070 1255 1184 1290 cum
1236 1235 1364 1290 libro
1403 1235 1665 1301 superiore

144 1337 373 1391 adversus
420 1334 652 1400 fraudem
700 1344 933 1402 paratam
982 1332 1033 1385 in
1076 1330 1254 1402 primis
1301 1327 1664 1382 lurreticorum

147 1428 320 1493 verbis,
346 1427 601 1483 Novimus
630 1441 789 1480 unum
823 1426 1020 1490 Deum,
1054 1440 1117 1477 ea:
1145 1424 1272 1495 legis
1307 1432 1353 1477 et
1391 1421 1666 1492 prop/teta-

150 1537 255 1575 rum
285 1520 577 1575 testimoniis
605 1518 782 1586 ﬁdeles
811 1517 1089 1580 munierit;
1117 1533 1252 1569 nunc
1281 1517 1334 1568 in
1357 1514 1662 1585 subsequen-

151 1615 279 1668 tibus
307 1614 428 1678 illis,
459 1613 635 1668 solum
665 1627 873 1678 verum,
909 1610 1070 1664 latens
1101 1626 1343 1664 venenum
1373 1607 1662 1678 propulsat,

147 1707 333 1762 Filium
369 1724 479 1763 esse
506 1706 670 1761 Deum
699 1722 867 1760 verum
905 1705 1086 1758 iisdem
1118 1703 1223 1771 {ere
1246 1703 1543 1758 testimoniis
1569 1701 1660 1754 de-

146 1801 376 1871 fendens,
402 1799 585 1869 quibus
615 1801 666 1852 in
697 1809 876 1868 quarto
904 1797 1033 1851 libro
1067 1795 1231 1850 Deum
1267 1805 1312 1849 et
1347 1793 1546 1858 Deum,
1575 1810 1664 1850 seu

145 1891 296 1946 Deum
339 1909 440 1947 non
495 1891 782 1946 solitarium
823 1906 883 1943 ac
922 1889 1230 1960 singularem
1271 1904 1378 1942 esse
1421 1887 1658 1942 ostendit.

142 1983 262 2040 Tum
295 1986 388 2042 sub
419 1985 537 2040 libri
567 1985 720 2054 ﬁnem
752 1982 932 2055 probat
963 1982 1175 2038 Patrem
1209 1993 1254 2036 et
1281 1981 1476 2036 Filium
1504 1998 1665 2035 unum

142 2095 240 2134 esse
263 2080 312 2133 in
345 2079 602 2134 distinctis
642 2077 868 2147 personis
894 2075 1078 2132 Deum.
1114 2075 1181 2130 In
1205 2076 1283 2129 Itis
1322 2092 1474 2145 porro
1501 2077 1665 2130 omni-

140 2172 258 2238 bus,
308 2172 539 2227 nondum
591 2171 659 2226 ad
709 2170 996 2242 evangelica
1037 2171 1281 2224 excedens
1335 2169 1661 2234 testimonia,

142 2283 338 2336 prorsus
363 2282 418 2320 se
436 2265 660 2320 continet
678 2265 810 2318 intra
825 2264 952 2331 ﬁnes
974 2262 1121 2334 legis,
1149 2262 1201 2316 in
1225 2277 1325 2332 qua
1341 2259 1440 2314 Dei
1460 2277 1662 2326 nomen,

140 2361 398 2427 virtutem,
445 2375 553 2413 rem
594 2377 656 2412 ac
699 2367 970 2425 naturam,
1014 2355 1328 2427 proindeque
1366 2355 1663 2420 veritatem,

142 2452 271 2506 Filio
303 2452 524 2506 attribui
554 2452 884 2505 demonstrat.
919 2447 1068 2519 Legis
1093 2457 1260 2502 autem
1289 2447 1492 2501 nomine
1519 2445 1670 2500 intel-

143 2543 278 2614 ligit,
323 2544 580 2614 quidquid
618 2543 778 2598 sacris
819 2543 1004 2597 litteris
1033 2549 1150 2596 ante
1189 2540 1451 2596 Christum
1492 2547 1667 2592 natum

143 2640 337 2708 scriptis
367 2639 683 2693 continetur.

145 2754 189 2808 Ι.
239 2751 519 2807 Htcreticis
548 2747 717 2805 Deum
753 2767 907 2804 unum
947 2747 1345 2822 prazdicantibus
1374 2756 1461 2801 aut
1490 2763 1669 2802 assen-

85 2847 183 2913 tiri,
212 2855 299 2899 aut
326 2841 602 2898 aduersari
644 2843 1006 2912 periculosum.
1035 2870 1108 2882 -
1135 2839 1541 2910 Respondentes
1573 2839 1672 2893 im-

84 2942 170 3009 piis
192 2951 241 2996 et
281 2940 511 2996 vesanis
539 2937 916 2992 haereticorum
955 2933 1379 2992 institutionibus
1411 2935 1673 3006 superio-

85 3033 214 3087 ribus
231 3033 405 3099 libris,
424 3045 536 3086 non
561 3030 921 3102 ignoravimus
944 3029 994 3082 in
1014 3043 1131 3084 eam
1150 3043 1248 3084 nos
1265 3027 1670 3084 contradicendi

85 3127 450 3182 necessitatem
479 3121 743 3178 deductos
783 3121 948 3176 fuisse
969 3163 982 3184 ,
1012 3132 1067 3175 ut
1097 3137 1201 3176 non
1238 3122 1416 3175 minus
1447 3120 1666 3191 periculi
1699 3153 1744 3216 ε

86 3220 405 3276 audientibus
459 3217 748 3287 responsio
778 3225 958 3272 nostra
982 3258 995 3282 ,
1027 3231 1188 3285 quam
1221 3215 1492 3269 silentium
1525 3229 1674 3270 com—

85 3322 325 3366 moveret.
357 3309 501 3365 Cum
533 3309 679 3365 enim
703 3323 866 3363 untun
896 3308 1061 3360 Deum
1089 3307 1163 3378 (ιι)
1196 3305 1417 3377 profane
1445 3307 1674 3362 assertio

87 3402 296 3460 inlidelis
323 3408 639 3477 ingereret,
670 3413 723 3459 et
771 3417 983 3460 rursum
1016 3417 1179 3456 unum
1217 3401 1378 3456 Deum
1423 3401 1676 3470 religiose

84 3512 260 3567 negare
290 3498 430 3554 ﬁdes
453 3513 587 3552 sana
622 3512 729 3551 non
759 3506 972 3566 posset;
1002 3493 1218 3550 tractari
1240 3495 1306 3549 de
1329 3510 1392 3550 eo
1421 3509 1528 3550 non
1557 3495 1676 3550 sine

85 3592 312 3660 ancipitis
341 3591 574 3662 periculi
605 3588 939 3644 conscientia
969 3587 1158 3658 potuit,
1188 3586 1330 3658 quod
1364 3603 1470 3642 non
1501 3585 1678 3642 minus

80 3682 228 3753 impie
273 3685 728 3750 conﬁrmaretur,
781 3697 942 3754 quam
990 3689 1304 3752 negaretur.
1353 3679 1421 3734 Et
1465 3679 1679 3750 quidem

86 3777 286 3834 humani
318 3792 529 3834 sensus
557 3777 813 3847 opinione
844 3775 1088 3844 ineptum
1108 3784 1162 3828 ct
1192 3772 1418 3828 rationis
1445 3771 1680 3827 alienum

85 3886 189 3928 esse
210 3874 310 3930 hoc
335 3872 488 3929 forte
514 3869 937 3933 existimabitur,
962 3875 1022 3922 ut
1040 3866 1184 3938 quod
1215 3866 1576 3937 irreligiosum
1599 3874 1684 3922 est

86 3981 296 4038 negare,
332 3967 581 4037 idipsum
615 3961 972 4034 irreligiosum
1003 3961 1075 4018 sit
1103 3959 1348 4016 conﬁteri
1376 3978 1388 4013 :
1422 3975 1541 4014 enm
1575 3959 1682 4030 pie-

85 4069 154 4117 tas
176 4059 510 4127 conﬁtendi,
544 4057 878 4128 impietatem
909 4053 1235 4124 condemnet
1277 4053 1537 4125 negandi;
1581 4069 1683 4110 nec

83 4240 224 4301 Pater
264 4245 418 4301 solus
468 4245 593 4299 sine
637 4250 809 4297 matre
836 4238 1106 4301 Verbum,
1137 4239 1208 4294 ita
1249 4238 1362 4308 ipsa
1404 4237 1518 4293 sola
1559 4239 1675 4295 sine

85 4327 216 4388 patre
241 4316 541 4388 generavit
578 4313 870 4388 Christum.
904 4310 974 4388 At
1003 4326 1032 4365 a
1059 4310 1675 4388 Tertulliauoﬁadversns‘

85 4381 312 4442 Praxfn.
350 4388 444 4454 1'5,
480 4395 541 4441 et
568 4385 636 4440 de
662 4384 1057 4439 resurrectione
1085 4382 1263 4436 carnis
1292 4397 1347 4436 n.
1379 4381 1446 4444 2,
1474 4397 1580 4454 non
1609 4382 1673 4435 ad

1759 436 2088 490 destruatur.
2135 434 2242 490 Sed
2274 433 2338 488 ad
2385 433 2582 487 divina:
2624 433 2906 502 sapientia:
2951 429 3366 500 intelligentiam

1761 529 2028 584 humanus
2058 541 2250 584 sensus
2281 527 2593 594 imprudens
2618 568 2632 593 ,
2663 535 2720 581 et
2750 525 3052 580 secundum
3083 524 3368 580 ccelestem

1765 623 2101 694 prudentiam
2133 622 2348 688 stultus,
2379 620 2526 690 juxta
2560 619 2902 675 inﬁrmitates
2931 632 3056 672 suas
3082 617 3247 672 sentit
3268 657 3282 682 ,
3315 623 3371 670 et

1763 717 1910 787 juxta
1958 715 2383 772 imbecillitatem
2424 724 2630 769 natura:
2657 729 2770 768 sure
2813 711 2985 783 sapit;
3037 710 3235 767 stultus
3265 706 3370 764 sibi

1765 811 1999 879 futurus,
2028 822 2085 866 ut
2115 809 2228 865 Deo
2258 809 2450 878 sapiat,
2477 808 2685 864 scilicet
2713 815 2771 860 ut
2796 820 2991 861 sensus
3019 803 3102 859 sui
3131 803 3367 872 inopiam

1767 904 2094 973 intelligens,
2124 913 2178 958 et
2205 901 2301 957 Dei
2326 900 2643 970 sapientiam
2672 907 3014 965 consectans,
3043 913 3146 951 non
3177 910 3371 951 secun-

1767 998 1892 1055 dtun
1923 1001 2212 1054 humanam
2233 997 2555 1066 sapientiam
2582 993 2817 1064 prudens
2840 993 2930 1057 sit,
2951 990 3045 1047 sed
3070 989 3366 1046 secundum

1767 1092 1910 1163 quod
1940 1092 2007 1146 ad
2038 1090 2205 1145 Deum
2239 1089 2452 1160 proﬁcit
2479 1087 2682 1158 sapiat,
2733 1087 2784 1140 in
2821 1084 2913 1140 Dei
2954 1083 3272 1155 Sapientiam
3301 1097 3367 1137 ex

1766 1185 2044 1256 recognita
2094 1181 2279 1238 mundi
2324 1180 2548 1235 stultitia
2597 1179 2940 1235 transiturus.
2973 1175 3138 1245 Cujus
3183 1174 3367 1230 stulta:

1766 1275 2046 1345 sapientiae
2068 1288 2283 1330 sensum
2310 1271 2563 1327 hairetica
2586 1270 2858 1326 subtilitas
2883 1269 2948 1324 ad
2973 1267 3190 1323 fallendi
3211 1281 3372 1322 occa-

1773 1369 1982 1423 sionem
2037 1378 2313 1436 coaptans,
2363 1379 2526 1419 unum
2577 1363 2744 1418 Deum
2806 1362 3044 1432 professa
3092 1371 3195 1423 est,
3245 1374 3372 1415 auc-

1778 1459 1992 1513 toritate
2013 1457 2172 1526 Legis
2203 1455 2720 1525 Evangeliorumqne
2749 1467 2864 1519 usa,
2893 1467 2996 1522 qua
3020 1451 3220 1505 dictum
3251 1458 3367 1504 est:

1768 1551 1929 1616 Audi,
1962 1550 1985 1603 Ι
1995 1550 2150 1614 srael,
2181 1548 2428 1602 Dominus
2460 1546 2594 1600 Deus
2621 1556 2737 1599 tuus
2768 1561 2900 1598 unus
2921 1553 2993 1598 est
3019 1544 3278 1611 (Deut.vr,
3300 1543 3366 1608 4;

1768 1639 1938 1696 Marc.
1972 1655 2066 1705 xu,
2097 1638 2191 1711 ‘29)
2228 1656 2241 1693 :
2276 1653 2382 1694 non
2427 1637 2680 1707 ignorans
2724 1643 2978 1706 quantum
3036 1633 3090 1688 in
3119 1650 3186 1690 eo
3225 1641 3373 1688 esset

1697 1754 1740 1814 Β
1771 1735 1852 1790 vel
1879 1733 2253 1804 responsionis
2287 1731 2603 1802 periculum,
2646 1729 2728 1784 vel
2757 1728 2991 1793 silentii;
3021 1736 3076 1783 et
3115 1743 3180 1782 ex
3221 1734 3370 1782 utro-

1768 1842 1874 1897 que
1906 1824 2362 1896 opportunitatem
2385 1822 2676 1892 impietatis
2700 1831 3020 1890 exspectans
3049 1836 3062 1873 :
3095 1827 3152 1873 ut
3173 1819 3216 1873 si
3248 1832 3374 1872 san-

1767 1921 2004 1974 ctitatem
2033 1916 2105 1990 (c)
2131 1916 2256 1972 dicti
2291 1915 2578 1972 inﬁdeliter
2604 1916 2864 1986 usurpati,
2913 1915 2991 1986 (ιι)
3035 1911 3373 1969 conniventis

1768 2013 2106 2068 taciturnitas
2132 2013 2510 2077 conﬁrmaret,
2548 2026 2645 2081 per
2671 2011 2718 2064 id
2748 2009 2892 2080 quod
2921 2008 3066 2065 Deus
3098 2023 3234 2062 unus
3263 2016 3368 2074 est,

1771 2107 1911 2162 illius
1943 2117 2121 2162 tamen
2149 2107 2242 2162 Dei
2289 2107 2432 2162 Deus
2476 2121 2582 2160 non
2610 2115 2788 2172 esset,
2836 2103 2948 2159 Deo
2997 2113 3204 2158 tantum
3235 2102 3376 2157 sicut

1776 2209 1859 2254 est
1879 2215 1986 2254 uno
2017 2208 2296 2265 manente;
2331 2209 2385 2252 at
2416 2214 2544 2253 vero
2569 2199 2612 2253 si
2644 2197 3001 2253 contradictio
3031 2204 3374 2267 praesumpta:

1777 2292 1954 2362 impia:
1989 2292 2145 2362 hujus
2187 2291 2538 2362 professionis
2569 2293 2892 2359 exsisteret,
2932 2291 3213 2346 veritatem
3249 2289 3374 2346 lidei

1771 2387 2095 2457 evangelicae
2141 2402 2248 2440 non
2299 2395 2644 2442 conservaret
2699 2386 2866 2440 Deum
2920 2401 3084 2440 unum
3135 2383 3204 2458 (ε)
3259 2399 3366 2440 non

1770 2479 2017 2534 confessa
2068 2479 2381 2549 responsio,
2419 2493 2542 2533 cum
2576 2477 2698 2532 ﬁdei
2745 2486 2946 2533 nostra:
2987 2477 3254 2548 professio
3281 2493 3375 2534 se-

1771 2573 2003 2628 cundum
2029 2574 2191 2630 Deum
2216 2589 2380 2628 unum
2403 2573 2508 2638 sit;
2541 2572 2914 2642 recideretque
2943 2573 2993 2627 in
3025 2573 3244 2628 alterius
3265 2573 3375 2629 hee-

1771 2681 1954 2722 reseos
1976 2667 2324 2738 impietatem,
2346 2667 2510 2720 Deum
2535 2681 2695 2719 unum
2723 2664 2935 2720 Patrem
2962 2673 3017 2720 et
3036 2664 3229 2721 Filium
3247 2681 3375 2736 pro-

1774 2758 1914 2816 lessa
1949 2758 2022 2832 (i)
2051 2759 2341 2816 confessio.
2386 2757 2562 2828 Atque
2597 2758 2668 2814 ita
2707 2757 2969 2825 sapientia
3002 2759 3220 2825 mundi,
3255 2774 3374 2829 qua:

1775 2851 1999 2908 stultitia
2041 2851 2182 2922 apud
2217 2852 2380 2907 Deum
2412 2861 2524 2915 est,
2555 2850 2738 2920 specie
2785 2849 2993 2904 blandae
3023 2859 3078 2904 et
3106 2850 3375 2918 pestifera:

1776 2943 1852 3018 (g)
1885 2944 2244 3014 simplicitatis
2276 2942 2526 2998 illuderet
2547 2984 2561 3008 ,
2591 2957 2712 2997 cum
2745 2941 2844 2994 hoc
2873 2940 2998 2996 ﬁdei
3034 2955 3147 2996 suae
3176 2940 3378 2996 consti—

1778 3047 1951 3092 tueret
1973 3036 2280 3102 exordium,
2315 3035 2366 3089 in
2393 3049 2500 3106 quo
2530 3035 2630 3089 sibi
2662 3033 2824 3104 impie
2851 3034 3378 3101 autassculiremur,

1776 3139 1870 3184 aut
1909 3129 2325 3184 adversaremur
2353 3145 2366 3181 :
2401 3137 2455 3182 et
2493 3142 2588 3198 per
2621 3127 2722 3183 hoc
2754 3128 3032 3196 utriusque
3065 3127 3140 3182 rei
3170 3129 3382 3194 pericu-

1778 3223 1909 3287 lum,
1938 3221 2034 3276 Dei
2065 3221 2230 3274 ﬁlium
2267 3220 2434 3274 Deum
2469 3234 2573 3273 non
2605 3234 2726 3274 esse
2756 3218 3048 3286 obtineret,
3081 3218 3204 3290 quia
3238 3218 3380 3274 Deus

1779 3329 1917 3369 unus
1941 3323 2052 3382 est;
2085 3323 2177 3367 aut
2202 3320 2554 3379 extorqueret
2585 3313 2857 3367 Increseos
2886 3312 3301 3378 necessitatem,
3334 3309 3380 3366 si

1780 3418 1835 3463 et
1862 3408 2075 3463 Patrem
2105 3408 2270 3462 Deum
2305 3417 2354 3462 et
2393 3406 2586 3461 Filium
2628 3407 2792 3460 Deum
2832 3404 3182 3470 conﬁtentes,
3214 3419 3380 3460 unum

1782 3500 1952 3556 Deum
1987 3501 2284 3571 prmdicare
2322 3500 2617 3556 secundum
2667 3498 2889 3554 Sabellii
2929 3499 3242 3568 opinionem
3278 3499 3382 3553 im-

1781 3594 1924 3663 piam
1965 3595 2440 3649 existimarentur:
2489 3601 2544 3647 et
2581 3593 2650 3646 ita
2693 3591 2795 3648 hoc
2835 3591 3234 3662 prcedicationis
3270 3605 3384 3646 sua:

1785 3687 1946 3741 modo
1969 3705 2100 3742 unus
2126 3686 2268 3741 Dens
2293 3696 2382 3741 aut
2413 3686 2576 3740 alium
2608 3685 2941 3753 excluderet,
2973 3694 3068 3742 aut
3094 3701 3192 3757 per
3221 3687 3385 3741 alium

1801 3796 1905 3834 non
1939 3790 2080 3835 esset
2115 3779 2340 3851 (supple,
2375 3779 2570 3848 unus),
2612 3786 2703 3833 aut
2743 3787 2950 3833 tantum
2989 3778 3040 3833 in
3082 3777 3388 3834 nominibus

1787 3889 1924 3928 unus
1945 3881 2090 3929 esset
2115 3890 2128 3927 :
2153 3873 2276 3954 quia
2304 3873 2459 3945 105
2477 3881 2530 3928 et
2556 3871 2636 3944 (li)
2669 3872 2842 3928 unitas
2867 3873 3030 3928 alium
3059 3873 3311 3940 nesciret,
3334 3880 3390 3928 et

1785 3968 2058 4024 aliusnon
2089 3967 2425 4036 permitteret
2459 3967 2745 4034 unionem,
2805 3974 2860 4022 et
2913 3967 3018 4023 duo
3075 3982 3212 4024 unus
3268 3981 3390 4024 esse

1787 4059 1851 4132 (i)
1884 4075 1990 4116 non
2023 4069 2227 4132 posset.

1882 4243 2085 4319 c)_i\’at.
2136 4242 2387 4319 bas._ms.
2412 4242 2749 4319 securitatem
2785 4242 2927 4298 dicti.
2975 4242 3230 4304 Proxime
3271 4253 3394 4319 post

1782 4313 2084 4384 inﬁdeliter,
2115 4314 2338 4384 supple,
2370 4315 2432 4368 ab
2463 4313 2741 4370 hwreticis.

1858 4383 1937 4457 (ιι)
1970 4383 2273 4460 ApudPar.
2305 4387 2665 4440 convenientis.
2713 4389 2781 4460 At
2822 4387 2871 4442 in
2903 4403 3035 4443 mss.
3078 4391 3352 4448 coniventis
3372 4433 3388 4460 ,

84 4475 358 4528 personas,
394 4451 501 4515 sed
547 4457 614 4512 ad
646 4467 888 4528 naturam
919 4457 1090 4523 ipsam
1123 4455 1389 4528 refertur;
1421 4461 1481 4528 ut
1503 4451 1555 4528 ei
1583 4469 1676 4528 sy-
1704 4459 1756 4520 Ι)
1780 4451 2194 4528 νεὶέὸιιὶιὶεηιίε,
2230 4464 2456 4517 mutato.
2488 4468 2544 4512 nt
2572 4472 2718 4528 seepe
2750 4459 2829 4525 ﬁt,
2861 4477 2894 4515 u
2923 4461 2975 4514 in
3005 4461 3055 4515 b.
3089 4461 3225 4519 Hinc
3253 4474 3306 4518 et
3336 4451 3392 4520 ni

85 4524 300 4602 nonyma
344 4533 462 4585 sint
496 4530 655 4602 unio,
697 4537 771 4602 et_
796 4527 988 4602 unitas.
1019 4526 1174 4602 Quini
1217 4535 1396 4602 autem
1424 4524 1672 4602 _llila_rius

87 4595 348 4669 unitincm,
378 4604 492 4656 hoc
522 4599 840 4655 Ambrosius
868 4597 1293 4669 singularitatem
1323 4596 1482 4669 dixit,
1507 4595 1621 4669 lib.
1647 4611 1677 4650 ν

85 4673 142 4727 de
167 4673 293 4728 Fide
336 4667 389 4730 c.
425 4674 448 4727 1
498 4694 514 4728 ;
549 4670 770 4724 Evidens
792 4679 864 4724 est
903 4667 1090 4739 igitur,
1117 4668 1237 4738 quia
1262 4667 1400 4736 quod
1429 4667 1577 4739 unius
1607 4676 1677 4721 est

86 4746 368 4800 substantiae
390 4787 406 4810 ,
438 4742 807 4814 separarinon
835 4738 1038 4814 potest,
1062 4739 1261 4814 etiamsi
1285 4756 1386 4792 non
1416 4740 1480 4814 sit
1503 4738 1682 4810 singu-

87 4815 319 4884 laritatis,
370 4815 470 4872 sed
503 4810 742 4867 unitatis.
774 4811 1198 4884 Singularitatem
1229 4811 1362 4864 harae
1392 4810 1506 4864 dico
1525 4851 1539 4874 ,
1566 4825 1682 4884 qua:

88 4905 234 4956 στας
260 4881 492 4961 ise-sbrie;
523 4886 731 4939 dicitur.
756 4882 1105 4955 Singularitas
1129 4881 1197 4936 ad
1219 4897 1460 4952 personas
1480 4883 1678 4948 attinet,

90 4962 244 5015 unitas
270 4961 341 5014 ad
371 4971 645 5013 natumut.

151 5031 218 5104 (a)
245 5032 324 5088 Ita
349 5031 494 5085 Bad.
523 5041 800 5104 cum_m_ss.
827 5026 926 5104 nisi
953 5025 1165 5104 quodin
1182 5023 1406 5104 Carnut_.
1440 5024 1686 5104 propheta

151 5041 218 5104 (a)
246 5041 324 5088 Ita
349 5041 494 5085 uad.
523 5042 646 5082 cum
669 5041 800 5082 mss.
827 5041 926 5082 ntSt
953 5041 1095 5096 quoa
1112 5041 1165 5081 In
1182 5041 1406 5081 uaruut.
1440 5041 1686 5150 prqpneta

91 5105 210 5171 quod
235 5105 390 5159 inest.
428 5105 504 5156 Αι
536 5099 674 5169 apud
704 5099 822 5164 Er.,
848 5097 997 5167 Lips.
1024 5109 1076 5153 et
1099 5094 1495 5171 Par._pr0pl_teta
1554 5098 1688 5171 icens

92 5167 211 5241 quod
235 5172 380 5230 Deus
404 5187 552 5228 utrm
573 5167 653 5224 est
675 5185 694 5222 :
722 5171 1003 5241 immutato
1025 5183 1186 5224 sensu
1217 5167 1424 5241 Hilarii,
1456 5168 1687 5237 prophe-

95 5239 150 5299 ta:
174 5249 394 5303 noine
420 5241 724 5300 Jeremiam
756 5256 849 5296 seu
881 5240 1109 5298 Baruch.
1145 5257 1249 5294 non
1281 5239 1496 5310 Moysen
1532 5241 1688 5294 intel-

94 5315 290 5385 ligentia
319 5336 335 5373 :
366 5317 481 5372 hoc
503 5321 615 5379 est,
643 5313 765 5382 quia
794 5313 1050 5385 propheta
1080 5311 1288 5385 Baruch
1319 5311 1429 5385 lilio
1457 5310 1549 5385 Dei
1582 5313 1688 5365 Deo

94 5382 215 5462 hoc,
242 5389 391 5462 quod
429 5388 582 5443 Deus
609 5394 714 5450 est,
746 5385 813 5438 ad
841 5384 1070 5444 alterum
1104 5383 1272 5438 Deum
1303 5382 1552 5452 deputari
1583 5397 1692 5437 non

94 5462 229 5515 sinit.

156 5550 228 5625 (ὁ)
253 5549 427 5617 Editi,
463 5550 712 5623 profante
751 5549 964 5625 assertio
991 5547 1334 5625 inﬁdelitatis;
1365 5546 1694 5625 Concinnius

95 5619 219 5707 ipsa."
240 5619 518 5707 potiores,
547 5619 771 5707 profane
783 5621 993 5707 asseﬂiq
1021 5619 1388 5707 iu/id‘elisnlﬁst
1414 5619 1558 5674 enim
1591 5633 1692 5707 an-

97 5690 312 5767 tithesis,
341 5690 838 5767 quanpponuntur
869 5694 1082 5765 profane
1109 5701 1156 5748 et
1191 5691 1457 5762 religiose;
1477 5690 1693 5746 assertio

101 5765 330 5840 inﬁdelis,
360 5763 412 5824 ea
440 5763 584 5835 ﬁdes
609 5780 756 5818 sana.

1785 4530 2007 4585 Carnut.
2038 4539 2092 4584 et
2125 4527 2244 4583 Vat.
2280 4529 2392 4583 bas.
2425 4527 2717 4599 depravate
2758 4530 2954 4586 factum
2984 4544 3066 4588 est
3090 4535 3388 4589 cohibentis.

1848 4599 1942 4682 .(e)
1967 4600 2236 4682 Particula
2267 4615 2469 4682 negans
2496 4601 2739 4682 anLipsio
2771 4603 2912 4659 male
2942 4617 3206 4674 expuncta
3237 4606 3392 4661 resti-

1790 4673 1956 4726 tuitur
1981 4673 2306 4728 auctoritate
2332 4673 2489 4740 Bad.,
2519 4673 2610 4727 Er.
2641 4683 2696 4728 et
2721 4688 2852 4729 mss.

1862 4741 1934 4815 (f)
1975 4743 2107 4800 Bad.
2151 4754 2207 4800 et
2236 4743 2327 4799 Er.
2371 4759 2438 4815 ex
2471 4744 2773 4800 recentiore
2816 4760 2920 4801 ms.
2947 4745 3101 4802 Colb.
3133 4763 3237 4801 non
3267 4763 3389 4815 pro-

1791 4813 1928 4884 fessa
1960 4830 1978 4869 :
2008 4815 2149 4871 male
2174 4823 2230 4869 et
2258 4814 2644 4871 dissidentibus
2673 4816 2797 4871 aliis
2823 4817 2993 4873 libris.
3027 4817 3219 4873 Totum
3250 4813 3392 4876 Hila-

1794 4887 1857 4940 rii
1890 4895 2264 4957 argumentum
2297 4887 2366 4942 ita
2416 4886 2600 4955 paucis
2642 4888 2929 4958 perstringi
2979 4897 3197 4957 potest:
3243 4890 3394 4946 Sicut

1790 4958 1878 5027 qui
1910 4959 2178 5013 haereticis
2203 4974 2367 5012 unum
2398 4959 2566 5012 Deum
2596 4959 3012 5026 praedicantibus
3036 4975 3142 5014 non
3170 4973 3391 5015 contra-

1792 5028 1996 5112 dicunt,
2026 5030 2077 5084 in
2112 5029 2768 5112 periculuminciduntne
2791 5027 2980 5112 Filium
3006 5031 3168 5112 Deum
3194 5047 3392 5112 negare

1793 5111 2077 5170 putentur;
2111 5099 2182 5154 ita
2211 5100 2304 5165 iis,
2338 5101 2425 5169 qui
2456 5099 2864 5161 contradicunt,
2899 5100 3100 5171 duplex
3146 5099 3391 5160 imm—inet

1794 5171 2126 5241 periculum.
2162 5185 2229 5225 ne
2274 5171 2525 5241 videlicet
2569 5180 2660 5224 aut
2702 5185 2864 5224 unum
2906 5171 3073 5227 Deum
3105 5174 3392 5232 videantur

1794 5240 2022 5312 negare,
2054 5249 2148 5295 aut
2191 5241 2380 5312 saltem
2426 5240 2642 5312 Patrem
2676 5251 2741 5312 et
2789 5241 2982 5297 Filium
3025 5244 3194 5300 Deum
3227 5263 3390 5304 unum

1795 5311 2014 5369 Sabellii
2047 5325 2198 5367 more
2231 5311 2543 5382 pra-dicare.
2576 5311 2642 5366 Et
2673 5311 2774 5368 hoc
2824 5330 3010 5369 revera
3054 5320 3270 5373 nomine
3300 5336 3392 5374 ca-

1797 5385 1980 5440 tholici
2017 5385 2084 5439 ab
2118 5383 2385 5439 haareticis
2428 5384 2629 5456 passim
2659 5395 2786 5438 sunt
2817 5385 3082 5442 infamati.
3126 5390 3392 5456 Quocirca

1797 5471 1896 5526 pro
1926 5456 2287 5521 recideretque,
2319 5457 2477 5524 longe
2510 5454 2791 5511 mallemus
2819 5454 3166 5515 recideretue.1

1869 5547 2075 5630 ζα)..Μῇ
2127 5546 2241 5602 bas.
2292 5545 2412 5601 Vat.
2444 5561 2564 5603 cum
2615 5544 2775 5604 Carn.
2807 5547 3033 5622 aliisque
3077 5555 3392 5630 nonnullis,

1796 5619 2115 5676 subtilitatis.

1868 5688 1950 5835 ἕιι)
1975 5691 2030 5745 In
2060 5706 2163 5747 ms.
2183 5689 2307 5746 Vat.
2340 5688 2456 5748 bas.
2488 5691 2635 5750 unio.

1895 5762 1935 5830 ἱ)
1958 5761 2170 5832 Lipsius
2199 5762 2268 5820 de
2296 5776 2396 5821 suo
2425 5777 2635 5835 reposui

1895 5762 1935 5830 ἱ)
1958 5761 2170 5832 Lipsius
2199 5762 2268 5820 de
2296 5776 2396 5821 suo
2425 5772 2758 5838 reposuerat,
2795 5781 2896 5823 non
2921 5776 3147 5841 possent.
3181 5771 3386 5834 Sensus
