3960 6202
550 257 645 326 ls't

1732 241 1980 304 SANCTI
2020 236 2280 299 HILARII
2328 230 2635 299 EPISCOPI

3746 221 3845 281 153

599 350 674 438 ’2.
719 380 832 449 Quo
862 378 1254 447 temperamento
1283 365 1569 439 periculum
1589 378 1738 419 omne
1775 360 1961 416 caverit
1996 356 2143 412 Hila-
2169 356 2218 421 Α
2247 370 2387 419 sum,
2414 361 2470 409 et
2506 352 2585 424 (Ι)
2616 350 2669 406 in
2698 345 2923 407 farinam
2951 342 3029 417 (e)
3054 338 3468 403 comminutum,
3490 344 3547 393 et
3578 335 3632 392 in
3660 348 3843 406 panem

548 480 682 534 rius.
714 476 915 547 Scapus
943 470 1060 526 libri
1083 463 1387 532 superioris.
1409 488 1484 502 --
1531 457 1637 514 Sed
1684 469 1784 511 nos
1826 452 2150 524 sapientiam

554 573 671 639 Dei,
702 568 793 640 qui
821 540 1025 621 mundo
1054 557 1280 615 stultitia
1309 565 1414 619 est,
1460 550 1761 614 consecuti,
1807 556 1863 602 et
1904 560 1998 616 per
2028 540 2155 599 ﬁdei

551 637 833 720 dominicae
860 657 1153 713 salutarem
1196 660 1251 706 et
1289 650 1557 704 sinceram
1605 640 2003 700 confessionem
2024 681 2041 705 ,
2071 637 2156 691 vi-

554 749 1001 829 pereaedoctrinze
1014 743 1433 802 fraudulentiam
1465 735 1751 809 proditori,
1771 735 1915 791 hunc
1934 744 2162 800 respon-

551 824 721 904 sionis
750 851 948 900 nostrae
973 838 1218 896 ordinem
1271 832 1647 892 inchoavimus
1672 870 1689 894 ,
1720 828 1811 900 qui
1851 836 1906 881 et
1951 824 2157 880 aditum

553 942 653 998 sibi
679 934 1115 996 demonstrandze
1145 929 1388 987 veritatis
1422 927 1761 997 aequireret,
1790 935 1893 979 nec
1926 934 1987 978 se
2014 919 2160 989 peri-

554 1034 677 1091 culo
700 1033 879 1102 impia:
908 1024 1260 1099 professionis
1311 1023 1573 1078 insereret
1614 1035 1627 1072 :
1680 1024 1977 1086 temperato
2020 1010 2165 1067 inter

554 1134 848 1196 utrumque
876 1116 1267 1182 moderamine;
1316 1128 1423 1169 non
1469 1119 1729 1183 negantes
1774 1109 1943 1164 Deum
1973 1119 2162 1172 unum,

557 1218 651 1274 sed
700 1233 766 1273 eo
811 1217 927 1286 ipso
970 1220 1196 1268 auctore
1247 1208 1411 1263 Deum
1451 1212 1509 1260 et
1542 1204 1734 1266 Deum,
1762 1197 1845 1272 (α)
1874 1213 1969 1268 per
2003 1211 2164 1268 quem

561 1311 703 1366 Dens
749 1323 885 1365 unus
929 1304 1252 1376 praedicatus
1291 1308 1410 1363 est,
1464 1295 1853 1366 praedicantes;
1900 1298 1959 1347 et
1998 1289 2167 1345 Deum

562 1418 727 1458 unum
760 1415 866 1455 non
899 1412 997 1468 per
1019 1395 1276 1448 unionem
1301 1388 1596 1453 decentes,
1643 1398 1818 1452 neque
1843 1395 2060 1440 rursum
2101 1377 2170 1434 ad

561 1493 889 1551 diversitatis
918 1499 1203 1543 numerum
1235 1483 1555 1536 desecantes
1575 1517 1592 1543 ,
1623 1489 1802 1543 neque
1829 1484 2019 1529 contra
2048 1481 2171 1526 tan-

564 1596 675 1642 tum
723 1587 776 1639 in
820 1578 1130 1637 nominibus
1155 1573 1508 1638 conﬁtentes;
1541 1569 1636 1626 sed
1684 1568 1849 1623 Deum
1887 1575 1943 1623 et
1978 1565 2171 1633 Deum,

563 1681 797 1752 reposita
847 1684 904 1732 et
947 1673 1109 1730 dilata
1139 1670 1315 1726 adhuc
1344 1666 1558 1737 plenius
1589 1661 1808 1720 unitatis
1849 1659 2171 1731 quaestione,

2242 457 2511 510 coactum,
2542 454 2596 498 et
2627 442 2682 496 in
2725 439 2901 496 cibum
2945 446 3241 505 sumptum,
3289 429 3590 488 reddiderit
3619 444 3686 486 ex
3715 444 3772 484 se
3800 439 3848 481 et

2245 547 2491 594 naturam
2524 534 2679 606 panis
2705 542 2760 589 et
2789 542 3004 591 munus.
3052 527 3237 599 Itaque
3278 524 3402 596 quia
3449 530 3659 581 natum
3688 518 3848 574 virtus

2248 638 2467 700 prrestat
2486 626 2765 682 veritatem
2787 640 2802 688 ;
2828 621 3106 676 videamus
3132 633 3200 671 an
3226 630 3389 671 verus
3419 614 3563 669 Deus
3583 613 3675 677 sit,
3698 627 3847 682 quem

2248 721 2462 795 Moyses
2497 720 2663 774 Deum
2699 731 2821 773 esse
2848 714 3115 785 signiﬁcat
3146 730 3157 763 :
3189 708 3258 764 de
3286 723 3393 762 uno
3426 705 3560 769 Deo.
3592 715 3644 760 et
3671 704 3849 760 eodem

2251 831 2380 872 vero
2414 815 2523 870 Deo
2552 821 2734 884 postea
2778 806 3048 871 locuturi;
3098 820 3164 859 ne
3193 819 3297 859 non
3330 800 3648 873 interposita
3692 815 3847 872 spon«

2251 911 2404 965 sione
2434 908 2517 982 (f)
2551 907 2620 963 de
2648 910 2802 960 unius
2832 910 2887 958 et
2915 901 3031 958 veri
3075 899 3166 955 Dei
3196 897 3249 953 in
3290 898 3451 954 Patre
3490 907 3541 950 et
3577 893 3714 951 Filio
3738 895 3853 949 sub-

2252 1002 2571 1059 sistentibus
2589 997 3022 1063 conlirmatione,
3044 992 3345 1067 periculosa
3365 987 3602 1060 suspicio
3618 985 3853 1058 pendula

2255 1092 2678 1166 exspectationis
2702 1086 3120 1146 sollicitudinem
3153 1082 3432 1154 defatiget.

2329 1186 2385 1244 4.
2418 1184 2587 1241 Filius
2613 1201 2676 1239 ea:
2695 1180 2904 1238 creandi
2927 1181 3113 1236 uirtute
3138 1174 3389 1249 probatur
3423 1187 3575 1228 verus
3610 1170 3764 1228 Deus.
3795 1200 3855 1210 —

2260 1279 2479 1336 Creatio
2499 1278 2663 1350 igitur
2692 1275 2901 1342 mundi,
2931 1280 3215 1346 postquam
3257 1279 3312 1325 et
3351 1267 3445 1323 Dei
3480 1266 3717 1337 cognitio
3744 1278 3855 1320 sus-

2261 1387 2414 1447 cepta
2447 1381 2549 1439 est,
2584 1371 2749 1427 ﬁlium
2791 1370 2885 1425 Dei
2921 1369 3086 1425 Deum
3118 1380 3241 1422 esse
3267 1362 3580 1435 signiﬁcans
3603 1404 3617 1426 ,
3652 1376 3780 1437 rogo
3812 1358 3857 1413 in

2263 1484 2371 1541 quo
2412 1466 2628 1522 tandem
2669 1478 2854 1520 verum
2902 1475 3024 1516 esse
3068 1459 3233 1515 Deum
3284 1457 3530 1528 deneget.
3572 1453 3691 1509 Non
3730 1452 3860 1508 enim
3954 1516 3955 1521 η

2265 1560 2581 1631 ambigitur,
2610 1559 2737 1629 quin
2772 1571 2868 1627 per
2896 1554 3088 1610 Filium
3121 1553 3299 1609 omnia
3327 1552 3455 1605 sint.
3489 1549 3679 1604 Omnia
3720 1563 3861 1602 nam-
3954 1548 3955 1551 “

2268 1668 2393 1723 que,
2417 1651 2714 1706 secundum
2742 1647 3083 1719 Apostolum,
3115 1662 3207 1716 per
3234 1644 3423 1715 ipsum,
3453 1652 3499 1696 et
3522 1644 3577 1697 in
3605 1641 3721 1711 ipso
3739 1637 3865 1715 (Co—

566 1732 952 1831 nnrmstrantes.
987 1767 1155 1822 Recte
1179 1762 1322 1819 enim
1356 1775 1522 1815 unum
1552 1758 1719 1813 Deum
1750 1771 1779 1810 a
1813 1754 1996 1825 Moyse
2024 1768 2165 1823 pra-
2198 1742 2248 1804 B
2274 1744 2394 1799 loss.
2424 1759 2463 1808 ι,
2494 1741 2607 1814 l6).
2638 1739 2694 1799 Si
2727 1739 2909 1795 omnia
2933 1754 3031 1811 per
3060 1752 3204 1804 eum,
3234 1745 3286 1792 et
3314 1736 3494 1791 omnia
3521 1749 3587 1790 cx
3617 1732 3800 1799 nihilo,
3821 1743 3866 1787 et

566 1870 801 1923 dicatum
831 1859 1127 1928 Evangelia
1174 1865 1443 1910 testantur
1474 1870 1487 1907 :
1515 1863 1571 1907 et
1598 1864 1815 1906 rursum
1857 1846 2089 1901 ﬁdeliter
2114 1844 2167 1899 in

569 1957 878 2030 Evangeliis
900 1955 1068 2009 Deum
1089 1959 1142 2006 et
1172 1951 1336 2003 Deum
1359 1943 1793 2010 doceri,bloyses
1816 1940 1984 1995 Deum
2007 1952 2169 1993 unum

569 2050 870 2121 pmdieans
893 2053 1079 2100 auctor
1109 2050 1212 2096 est.
1238 2037 1413 2107 Atque
1443 2035 1518 2091 ita
1566 2050 1672 2090 non
1701 2030 2008 2087 auctoritati
2039 2044 2174 2085 con—

572 2155 610 2198 ιι
624 2142 790 2197 aitum
818 2138 891 2211 (b)
924 2144 1029 2201 est,
1059 2132 1156 2190 sed
1186 2148 1252 2188 ex
1283 2127 1604 2185 auctoritate
1626 2140 1945 2195 reSpunsum
1966 2133 2072 2188 est,
2105 2135 2175 2177 ne

571 2248 668 2304 per
694 2231 746 2287 id
780 2232 871 2286 Dei
913 2228 1080 2282 ﬁlium
1127 2225 1312 2280 liceret
1364 2221 1531 2275 Deum
1582 2214 1888 2289 negari,(c)
1935 2215 2058 2285 quia
2106 2212 2175 2268 ad

570 2324 736 2382 Israel
788 2322 933 2378 Deus
980 2333 1119 2374 unus
1150 2324 1283 2372 est:
1332 2328 1453 2368 cum
1511 2309 1800 2367 conlltendi
1858 2307 1948 2363 Dei
2009 2305 2177 2361 ﬁlium

577 2419 741 2474 Deum
777 2414 921 2473 idem
963 2420 1153 2468 auctor
1191 2414 1359 2475 esset,
1388 2405 1481 2477 qui
1519 2416 1708 2461 auctor
1749 2412 1833 2459 est
1878 2400 1973 2458 Dei
2020 2400 2178 2456 unius

574 2507 921 2581 pra-dicendi.

647 2604 700 2658 '5.
745 2602 945 2669 Scopas
972 2598 1128 2670 hujus
1147 2593 1358 2649 alterius
1387 2590 1527 2647 libri.
1564 2588 1763 2645 Veritas
1789 2586 1863 2641 rei
1893 2583 2029 2640 unde
2054 2599 2178 2641 con-

573 2706 689 2752 stet.
717 2692 1068 2762 —-Sequitur
1117 2690 1296 2758 itaque
1345 2685 1592 2741 ordinem
1654 2679 1970 2753 qumtinnis
2016 2678 2181 2734 etiam

575 2787 711 2843 ordo
731 2783 958 2841 connexi
983 2780 1086 2839 sibi
1114 2780 1301 2837 libelli.
1328 2776 1463 2843 Nam
1485 2776 1609 2846 quia
1634 2773 1750 2831 hinc
1774 2786 2012 2842 sequens
2034 2769 2184 2839 impii

574 2876 930 2936 blandimenti
985 2875 1159 2946 posita
1202 2869 1469 2929 sententia
1522 2876 1609 2923 est
1654 2882 1669 2920 :
1732 2863 1981 2921 Nouimus
2024 2878 2185 2917 unum

574 2972 745 3028 Deum
784 2984 960 3027 verum
1003 2982 1022 3021 :
1073 2966 1200 3020 hinc
1236 2977 1450 3033 quoque
1476 2959 1559 3032 (ά)
1603 2956 1827 3015 secundi
1876 2954 2036 3026 hujus
2066 2954 2186 3013 libri

576 3067 754 3124 omnis
786 3077 968 3122 sermo
993 3058 1262 3120 consistit,
1307 3072 1376 3110 an
1423 3055 1567 3109 ﬁlius
1596 3053 1688 3109 Dei
1723 3051 1865 3107 Deus
1902 3065 2064 3106 verus
2092 3050 2180 3105 sit.

2274 1833 2407 1889 nihil
2438 1849 2544 1888 non
2578 1849 2670 1902 per
2695 1848 2848 1899 eum;
2882 1844 3064 1901 qner
3084 1828 3138 1884 in
3167 1844 3272 1900 quo
3297 1827 3348 1883 ei
3371 1828 3567 1882 veritas
3600 1827 3688 1881 Dei
3719 1825 3864 1887 desit,

2275 1926 2360 1982 cui
2384 1940 2488 1982 non
2513 1924 2652 1980 desit
2675 1924 2767 1979 Dei
2794 1938 2891 1978 nec
2917 1930 3127 1988 natura,
3160 1935 3258 1975 nec
3275 1919 3462 1975 virtus.
3495 1917 3712 1974 Natura:
3736 1917 3867 1974 enim

2277 2036 2388 2076 sua:
2414 2021 2615 2075 virtute
2640 2032 2770 2074 usus
2816 2025 2919 2083 est,
2963 2024 3019 2071 ιιι
3050 2024 3104 2069 et
3128 2021 3314 2069 essent
3342 2029 3461 2084 qua:
3494 2027 3602 2067 non
3634 2022 3805 2077 erant,
3825 2020 3871 2064 et

2279 2115 2471 2171 ﬁerent
2512 2129 2632 2186 qua:
2670 2112 2968 2184 placerent.
3015 2108 3161 2166 Vidit
3194 2108 3337 2164 enim
3384 2107 3526 2163 Deus
3568 2105 3693 2178 quia
3741 2104 3867 2161 bona

2280 2217 2428 2264 ευιιι.

2353 2300 2406 2354 ες.
2439 2299 2545 2355 Lex
2570 2300 2622 2353 in
2649 2299 2847 2353 dicente
2872 2295 2986 2353 Deo
3011 2305 3060 2352 et
3086 2297 3138 2351 in
3163 2297 3381 2369 faciente
3409 2294 3521 2351 Deo
3544 2294 3680 2351 solas
3710 2309 3871 2367 persa-

2281 2412 2374 2450 ηας
2424 2393 2715 2465 distinguit.
2765 2391 2997 2448 Dicentis
3033 2400 3084 2446 et
3121 2391 3356 2464 facientis
3400 2407 3509 2444 una
3561 2398 3748 2444 natura
3793 2400 3869 2444 est.

2283 2487 2458 2543 Filius
2482 2485 2579 2541 Dei
2608 2503 2710 2540 non
2730 2495 2802 2540 est
2833 2484 2973 2540 Deus
2997 2486 3163 2557 falsus
3185 2493 3274 2538 aut
3302 2482 3593 2554 adaptivus.
3618 2513 3690 2524 -—
3709 2480 3875 2553 Neque

2284 2584 2427 2639 enim
2459 2579 2536 2655 (g)
2563 2580 2744 2647 aliam,
2776 2595 2937 2652 quam
2964 2594 3229 2650 personae,
3284 2578 3464 2635 intulit
3491 2580 3577 2635 lex
3625 2577 3876 2648 signiﬁca-

2287 2675 2524 2741 tionem,
2566 2687 2689 2727 cum
2736 2671 2810 2726 ait
2837 2690 2851 2725 ε
2880 2669 2951 2725 Ει
2998 2671 3127 2726 dixit
3174 2669 3333 2738 Deus,
3383 2669 3476 2740 ﬁat
3515 2669 3877 2740 [irritamentum

2289 2764 2441 2838 (Gen.
2471 2782 2509 2830 ι,
2541 2766 2629 2837 6);
2653 2773 2709 2820 et
2739 2763 2969 2835 subjecit
2994 2778 3209 2819 rursum
3242 2781 3256 2819 :
3289 2762 3354 2817 Et
3390 2762 3509 2835 fecit
3535 2760 3678 2817 Deus
3714 2760 3877 2831 ﬁrma-

2289 2873 2512 2917 mentum
2555 2861 2743 2935 (Ibid,
2773 2858 2851 2935 7).
2889 2859 3161 2916 Caeterum
3204 2874 3306 2915 nec
3332 2860 3588 2917 virtutem
3627 2856 3878 2917 distinxit,

2292 2971 2392 3012 nec
2420 2964 2667 3010 naturam
2697 2955 2991 3024 separavit,
3036 2968 3133 3009 nec
3177 2966 3374 3008 nomen
3403 2950 3700 3007 demutavit
3729 2950 3781 3004 in
3805 2963 3877 3013 eo,

2292 3049 2344 3102 in
2392 3062 2501 3118 quo
2540 3056 2745 3102 tantum
2788 3046 3017 3101 dicentis
3057 3045 3467 3116 intelligentiam
3517 3042 3785 3113 praestitit,
3832 3049 3880 3095 ut

578 3159 713 3215 Nam
742 3155 861 3211 sine
889 3151 1053 3209 dubio
1083 3151 1135 3205 in
1175 3147 1316 3203 hunc
1343 3161 1405 3201 se
1433 3144 1678 3200 ordinem
1709 3139 1956 3197 haeretici
1987 3138 2188 3210 ingenii
2215 3139 2262 3204 C.
2293 3140 2738 3213 signiﬁcationem
2783 3140 3071 3197 efﬁcientis
3093 3138 3332 3196 afferret.
3375 3137 3675 3195 Veritatem
3718 3145 3882 3192 autem

577 3246 855 3309 subtilitas
900 3241 1162 3311 coaptavit
1192 3281 1206 3307 ,
1249 3238 1481 3311 primum
1530 3252 1691 3291 unum
1741 3232 1911 3289 Deum
1959 3232 2183 3297 dicens,

580 3343 779 3403 deinde
804 3357 960 3397 unum
986 3352 1157 3395 verum
1183 3335 1345 3390 Deum
1374 3333 1640 3388 conﬁtens
1674 3348 1687 3384 :
1722 3338 1780 3387 ut
1808 3344 1903 3400 per
1926 3327 1976 3385 id
2015 3326 2183 3382 ﬁlium

584 3441 681 3498 Dei
701 3456 729 3495 a
758 3446 949 3497 natura
976 3433 1070 3491 Dei
1097 3440 1154 3488 et
1184 3428 1411 3486 veritate
1436 3432 1727 3488 averteret,
1758 3437 1879 3485 cum
1911 3421 2109 3476 veritas
2130 3419 2183 3474 in

581 3545 777 3593 natura
800 3532 962 3590 unius
983 3539 1230 3589 manens,
1259 3519 1559 3577 naturalem
1583 3512 1741 3572 unius
1768 3530 1874 3571 non
1898 3513 2190 3589 excederet

582 3628 889 3684 veritatem.
940 3620 1106 3691 Igitur
1129 3615 1253 3686 quia
1284 3610 1653 3683 ambiguitatis
1690 3608 1844 3665 locus
1874 3606 2052 3663 nullus
2079 3616 2185 3673 est,

587 3717 717 3788 quin
746 3714 960 3784 Moyses
991 3723 1155 3765 unum
1192 3706 1360 3760 Deum
1390 3699 1689 3772 praedicans
1714 3742 1731 3767 ,
1763 3698 2097 3768 intelligatur
2124 3698 2193 3755 de

587 3809 685 3869 Dei
715 3807 823 3863 ﬁlio
849 3802 1182 3875 signiﬁcasse
1207 3796 1351 3870 quod
1384 3795 1525 3850 Deus
1545 3794 1635 3855 sit.
1670 3807 1766 3864 per
1796 3793 1942 3863 ipsas
1972 3790 2091 3847 illas
2115 3792 2193 3849 si-

589 3897 950 3973 gniﬁcationis
970 3910 1080 3950 sure
1118 3890 1474 3948 auctoritates
1515 3897 1862 3947 recurremus
1893 3902 1904 3937 :
1933 3892 1987 3939 et
2016 3886 2197 3956 requi-

589 4005 794 4054 ramus.
819 4004 886 4045 an
913 4002 1073 4059 quem
1103 3985 1271 4040 Deum
1313 3979 1720 4051 signiﬁcaverit,
1771 3977 1939 4032 Deum
1983 3992 2197 4046 quinque

595 4099 782 4141 verum
814 4078 1217 4151 intelligendum
1269 4072 1535 4129 docuerit.
1567 4070 1708 4125 Nulli
1750 4080 1928 4124 antem
1973 4068 2196 4125 dubium

594 4189 699 4246 est,
725 4175 1009 4232 veritatem
1040 4186 1107 4226 ex
1139 4166 1297 4242 106
1324 4170 1513 4220 natura
1541 4171 1596 4217 et
1623 4177 1687 4216 ex
1717 4166 1918 4215 virtute
1943 4176 2064 4216 csse
2091 4178 2103 4214 :
2141 4169 2199 4216 ut

594 4271 829 4339 exempli
852 4281 1014 4325 causa
1042 4264 1245 4321 dietum
1274 4259 1366 4326 sit,
1399 4273 1584 4314 verum
1621 4253 1857 4315 triticum
1905 4265 2008 4320 est,
2056 4255 2199 4329 quod

594 4368 741 4440 spica
768 4370 1053 4429 Structum,
1085 4368 1135 4415 et
1159 4356 1340 4413 aristis
1362 4354 1639 4420 vallatum,
1658 4359 1713 4407 et
1736 4348 1988 4406 folliculis
2008 4349 2201 4406 deeus’«

670 4506 751 4579 ll)
780 4505 851 4561 In
878 4505 965 4576 {ar
990 4500 1380 4557 comminutum.

2293 3244 2498 3289 natura:
2541 3242 2704 3305 atque
2749 3233 2986 3302 virtutis,
3018 3232 3101 3306 (Ii)
3133 3231 3452 3301 signiﬁcatio
3491 3229 3885 3287 sermocinantis

2293 3341 2403 3382 non
2430 3325 2648 3392 adimit;
2682 3325 2809 3396 quin
2844 3327 3019 3395 potius
3040 3325 3323 3380 veritatem
3357 3324 3528 3394 ipsam
3551 3332 3754 3395 quanta
3780 3336 3888 3393 pro-

2295 3422 2525 3490 prietate
2551 3419 2918 3475 commendat.
2949 3416 3163 3475 Afferre
3187 3418 3333 3473 enim
3361 3416 3508 3472 dicto
3536 3416 3885 3479 efﬁcientiam,

2294 3521 2501 3569 natura:
2534 3511 2653 3583 ejus
2700 3521 2804 3582 est,
2856 3527 2978 3584 quas
3022 3511 3265 3569 efﬁciens
3309 3510 3363 3567 id
3408 3512 3583 3582 possit
3622 3518 3887 3582 prarstare,

2292 3604 2436 3676 quod
2463 3603 2670 3660 dicens.
2717 3604 2774 3661 In
2812 3618 2917 3675 quo
2943 3618 3075 3671 ergo
3104 3602 3319 3658 tandem
3350 3617 3459 3657 non
3488 3604 3593 3656 erit
3624 3613 3786 3656 verus
3811 3598 3891 3653 ille

2295 3702 2384 3768 qui
2411 3697 2599 3765 efﬁcit,
2625 3714 2749 3755 cum
2781 3714 2941 3755 verus
2985 3697 3058 3752 sit
3095 3697 3186 3754 ille
3223 3696 3315 3767 qui
3355 3695 3517 3760 dicit;
3546 3693 3765 3767 quando
3787 3692 3894 3764 qui-

2298 3792 2421 3849 dem
2445 3793 2577 3849 dicti
2608 3794 2911 3859 veritatem,
2941 3791 3068 3847 facti
3110 3792 3311 3845 veritas
3339 3787 3743 3860 consequatur?
3766 3787 3893 3843 Deus

2300 3896 2385 3943 est
2409 3888 2497 3959 qni
2522 3888 2683 3956 dixit,
2708 3888 2849 3944 Deus
2875 3895 2962 3944 est
2976 3886 3065 3957 qui
3095 3883 3243 3941 fecit.
3275 3884 3329 3939 Si
3360 3884 3414 3938 in
3443 3883 3593 3939 dicto
3622 3882 3699 3956 (in
3726 3896 3793 3937 eo
3812 3878 3892 3949 qui

2302 3981 2460 4053 dixit)
2486 3984 2685 4037 veritas
2714 3992 2827 4047 est;
2875 3996 3063 4053 quaero
3108 3994 3207 4036 cur
3250 3988 3476 4048 negetur
3522 3977 3577 4032 in
3634 3976 3777 4032 facto
3825 3975 3895 4044 (in

2303 4089 2369 4129 eo
2427 4074 2517 4145 qui
2576 4073 2762 4144 fecit).
2815 4073 2929 4129 Nisi
2979 4072 3119 4127 forte
3160 4071 3250 4126 hic
3300 4068 3533 4125 dicendo
3588 4083 3748 4123 verus
3800 4066 3895 4131 sit,

2303 4177 2357 4223 et
2411 4182 2519 4222 non
2576 4167 2648 4221 sit
2701 4182 2862 4222 verus
2905 4166 3009 4222 iste
3053 4164 3319 4221 faciendo.
3400 4162 3673 4217 Habemus
3731 4160 3897 4230 itaque
3958 4160 3960 4230 ξ

2303 4261 2355 4315 in
2388 4260 2501 4315 ﬁlio
2530 4259 2624 4315 Dei
2648 4260 2758 4316 Deo
2784 4268 2990 4314 naturae
3018 4258 3323 4314 veritatem.
3381 4252 3523 4308 Deus
3567 4262 3673 4317 est,
3700 4261 3897 4306 creator

2304 4362 2406 4422 est,
2443 4352 2538 4409 Dei
2564 4352 2707 4411 ﬁlius
2731 4360 2837 4420 est,
2868 4359 3044 4423 potest
3065 4348 3266 4411 omnia.
3313 4344 3469 4423 107
3512 4344 3705 4403 Parum
3736 4353 3815 4399 est
3850 4346 3899 4395 ut

596 4639 760 4698 porro
779 4632 907 4698 est;
936 4628 991 4675 et
1014 4633 1153 4675 unus
1184 4630 1289 4673 non
1322 4618 1504 4686 posset
1532 4622 1655 4665 esse
1683 4603 1813 4674 duo,
1851 4604 1954 4664 nisi
1986 4616 2192 4667 tantum
2220 4599 2276 4661 D
2300 4614 2467 4698 opus,
2496 4600 2811 4698 cuqusrtres
2847 4599 3052 4683 primos
3088 4608 3345 4680 spectare.
3395 4597 3733 4698 “lectu-velutl
3761 4608 3897 4669 φιτ·
3958 4608 3960 4663 ρ

601 4692 654 4753 in
685 4692 1010 4751 nominibus.

668 4788 745 4863 (α)
779 4784 913 4863 med
957 4798 1046 4857 tm
1082 4796 1253 4853 ηυοηις
1283 4792 1390 4863 ιιοη
1420 4774 1489 4830 ιδ
1521 4775 1701 4863 ρριιω,
1724 4771 2202 4863 τθξθτξίπάωηηίῖείν

598 4842 794 4918 sed'ad
841 4842 1492 4927 Hoy’seanuolauotore
1541 4848 1708 4927 Deum
1755 4854 1819 4927 et
1851 4845 2016 4927 Deum
2067 4842 2207 4927 liber

601 4914 847 5001 superior
890 4914 1315 5001 détnotistravit,
1364 4934 1485 4974 eum
1532 4918 1650 4986 ejus
1702 4916 2021 5001 attetmitate
2067 4914 2206 4970 nbu-

601 4986 842 5059 ierentur
865 4996 1128 5062 htnretici,
1157 5004 1217 5049 ut
1239 4993 1406 5048 Deum
1435 5003 1599 5045 unum
1636 4999 1692 5043 et
1720 4986 2019 5042 solitarium
2065 4999 2205 5054 pra:-

603 5076 867 5133 dicerent.

673 5145 750 5219 (ὁ)
778 5143 855 5201 Ita
885 5156 1014 5198 mss.
1046 5140 1116 5197 At
1145 5135 1298 5198 editi,
1323 5133 1645 5188 contrarium
1671 5139 1768 5187 est.

673 5242 748 5312 (ci
793 5240 1201 5312 Quinqne‘mss.
1241 5227 1742 5312 recentioresaquia
1767 5224 1891 5280 audi
1919 5221 2110 5281 Israel.
2147 5221 2206 5279 In

604 5298 711 5372 ttnb
738 5298 770 5369 ε
793 5298 1096 5375 Celeique:
1125 5306 1218 5370 ait,
1253 5302 1411 5369 Audi,
1444 5298 1635 5354 Israel.

679 5414 761 5486 (ά)
790 5408 915 5465 Vat.
945 5406 1074 5486 _l_)_as.
1109 5416 1210 5457 ms.
1237 5394 1741 5486 quintihujustibri.
1774 5392 2209 5486 Relin'elmusntf.

607 5464 882 5539 rnéii’eum
912 5477 1033 5533 aliis
1061 5464 1301 5538 secundi,
1342 5464 1527 5540 sicque
1558 5476 1779 5540 vocatur
1808 5464 1894 5521 hic
1928 5464 2064 5540 liber
2092 5475 2199 5540 non

609 5530 1054 5625 respeciuntn—tiits
1091 5530 1299 5625 operis,
1338 5530 1545 5625 sed-vel
1588 5537 1813 5625 quo'dliu
1845 5551 1911 5591 eo
1944 5530 2197 5614 Hilarius,

609 5603 1156 5692 niiprieinonnimus',
1184 5603 1559 5692 hatreticorurn
1592 5603 2202 5692 perﬁdiamLSnperiore

609 5672 1016 5762 libra-primum
1062 5672 1421 5762 oppugnatam
1444 5724 1459 5750 ,
1491 5672 1670 5762 den-uo
1695 5672 2037 5762 aggrediatur
2069 5691 2082 5731 ε
2116 5672 2199 5762 vel

612 5744 775 5822 etiam
789 5744 911 5837 quia
934 5744 1313 5816 secundits'est
1342 5769 1407 5811 ex
1438 5744 1541 5831 quo
1567 5751 1634 5809 ad
1656 5744 2022 5815 intei'missutn
2040 5744 2203 5809 rediit

2308 4672 2432 4799 dimi
2465 4668 2742 4743 preludia,
2775 4668 2895 4743 quin
2925 4674 3087 4729 etiam
3113 4668 3145 4727 ξι
3164 4670 3379 4727 caeteris
3402 4669 3589 4725 divelli
3615 4668 3902 4738 faciln'pos-

2309 4760 2436 4800 Sllllo

2382 4813 2455 4960 ge)
2484 4815 2734 4898 Plerique
2756 4831 2888 4871 mss.
2920 4816 2979 4870 in
3009 4819 3093 4888 {ar
3120 4814 3510 4868 comminutum.

2409 4889 2459 4959 f)
2492 4887 2633 4943 Edttt
2658 4928 2674 4954 ,
2705 4889 2769 4942 de
2793 4888 2947 4960 unius
2975 4887 3081 4941 ueri
3113 4883 3209 4943 Dei
3235 4885 3292 4939 in
3322 4882 3480 4960 Patre

2341 4959 2353 4969 .
2382 4879 2459 4960 (Γ)
2480 4879 2674 4969 βάίιὶζ
2705 4889 2769 4942 de
2791 4888 2947 4969 unius
2975 4879 3081 4941 o'cri
3113 4883 3209 4943 Dei
3235 4885 3292 4939 in
3318 4882 3480 4969 farre
3516 4894 3574 4969 ἐκ
3610 4882 3756 4969 two
3958 4896 3960 4959 ἓ

2309 4954 2531 5013 sistentis
2565 4974 2583 5014 :
2613 4959 2967 5014 emendantur
3018 4973 3085 5012 ex
3137 4972 3267 5011 mss.
3317 4954 3688 5011 Subsistentes
3736 4962 3901 5007 autem
3958 4956 3960 4981 ί

2314 5040 2474 5112 uacat
2520 5028 2735 5086 Patrem
2785 5039 2873 5112 ρι’
2909 5028 3102 5112 [filium
3129 5070 3145 5095 ,
3180 5029 3299 5112 hoc.
3329 5033 3450 5092 est,
3510 5028 3754 5112 personis
3806 5023 3906 5079 dis-

2313 5101 2546 5227 tinctos;
2601 5118 2709 5173 quo
2785 5100 3077 5160 Sabelliani
3126 5099 3330 5156 ert-oris
3373 5099 3742 5165 suspicionem
3777 5110 3807 5149 ι
3848 5106 3902 5148 se

2317 5185 2550 5229 avertat.

2385 5243 2461 5317 (g)
2494 5244 2617 5298 Mss.
2643 5242 2839 5317 Carm,
2872 5242 3037 5317 aliud.
3067 5239 3631 5317 Vetus‘Coibqﬂaliam
3665 5248 3902 5310 passm.

2315 5313 2520 5395 ginis“)
2564 5331 2741 5395 quam.
2791 5315 2955 5395 Pejus
2990 5315 3176 5395 a_|ter,_
3398 5313 3623 5382 aliquam
3662 5321 3902 5395 pergite.

2314 5381 2773 5465 Nihmutalndum:
2827 5381 3085 5457 apposite
3133 5381 3900 5465 TertullianusncontL'Pra}.

2318 5474 2373 5511 n.
2405 5458 2509 5513 1'2:
2542 5456 2709 5511 Habes
2737 5452 2893 5522 duos,
2916 5452 3093 5511 unum
3117 5457 3364 5509 dicentem
3406 5464 3458 5508 ut
3499 5454 3614 5523 fiat,
3648 5454 3808 5507 alium
3835 5452 3908 5519 {o-

2309 5530 2542 5585 cientcm.
2590 5527 2763 5583 Alium
2813 5538 2985 5587 autem
3024 5526 3277 5599 quomodo
3299 5525 3537 5599 accipere
3564 5525 3766 5599 debeas.
3799 5523 3907 5599 ,ὶηπξ

2310 5601 2570 5682 professus
2597 5615 2750 5666 sum;
2792 5586 3180 5682 ρεηομιξξξμρη
3226 5586 3529 5653 substantia!
3571 5586 3774 5653 nomine
3786 5586 3819 5664 ξ
3844 5586 3907 5644 ad

2310 5668 2685 5727 distinctionem
2708 5711 2724 5737 ,
2753 5668 2854 5726 non
2881 5670 2950 5729 ad
2975 5669 3293 5726 diuisionem.

2385 5743 2463 5812 (Ιι)
2502 5739 2559 5796 ln
2593 5755 2724 5796 mss.
2748 5740 2939 5812 Carn.,
2962 5739 3319 5799 sermocinatio
3342 5737 3704 5811 significantis.

3957 0 3960 25 l
