3960 6202
117 268 199 333 153

1312 258 1402 325 DE
1438 247 1810 321 TRINITATE
1838 250 2043 315 LIBER
2074 249 2140 313 ll.

3282 228 3391 299 tu

113 391 233 464 quod
262 388 370 445 vult
400 385 611 459 possit,
641 384 759 457 quia
788 395 999 454 semper
1030 379 1281 437 voluntas
1307 380 1522 436 virtutis
1550 385 1677 443 est;
1709 425 1717 439 ι

1857 395 1911 449 7.
1963 391 2119 447 Pater
2143 388 2316 444 dicens
2361 386 2647 444 Faciamus
2696 382 2943 453 (aqualem
2996 379 3092 436 sibi
3139 380 3392 453 signiﬁcat

116 486 218 558 quin
248 484 403 540 etiam
437 481 489 535 id
514 479 658 550 quod
685 479 784 536 sibi
814 477 1007 537 dicitur
1025 485 1220 546 potest.
1252 475 1511 532 Perfecta:
1536 473 1680 528 etiim

117 575 369 650 potestatis
411 581 519 638 est,
574 570 679 626 hoc
727 577 970 625 naturam
1019 582 1178 639 posse
1226 566 1491 631 facientis,
1539 563 1684 635 quod

118 663 583 741 possitsigniiicare
610 677 791 719 sermo
814 662 1060 718 dicentis.
1087 665 1260 731 Atque
1287 660 1356 719 ita
1378 674 1503 714 cum
1524 657 1685 728 quid-

117 762 225 834 quid
250 759 348 816 dici
375 766 573 829 potest,
623 756 674 812 id
722 756 894 825 ipsum
925 761 981 810 et
1009 751 1089 828 (I)
1117 752 1259 809 effici
1305 752 1506 824 possit;
1542 758 1690 807 tenet

118 853 331 909 veritatis
370 859 614 905 naturam
645 864 705 903 ea
737 864 858 919 qua:
900 847 1056 903 dictis
1083 855 1393 918 exaequetur
1419 844 1683 914 operatio.

118 947 215 1003 Non
240 957 316 1000 est
345 945 521 1013 itaque
554 941 647 996 Dei
676 941 817 996 filius
845 941 987 996 Deus
1011 938 1211 1008 falsus.
1224 953 1323 994 nec
1356 938 1498 1012 Deus
1526 936 1691 1005 adop-

122 1042 261 1108 tivus,
291 1054 384 1093 nec
408 1033 553 1090 Deus
583 1033 661 1106 (a)
692 1043 1158 1102 connuncupatus,
1190 1030 1284 1086 sed
1322 1028 1464 1085 Deus
1509 1043 1687 1084 verus.

122 1133 176 1189 Et
193 1130 260 1205 (ὁ)
288 1144 387 1184 non
417 1141 641 1183 necesse
666 1136 747 1180 est
778 1122 979 1196 aliquid
1004 1138 1034 1180 e
1056 1124 1270 1179 diverso
1297 1120 1690 1184 denionsware.

120 1241 204 1297 per
225 1223 356 1295 quod
400 1237 505 1278 non
546 1219 619 1277 sit
672 1219 812 1274 Deus
840 1234 1002 1275 verus
1036 1236 1050 1273 :
1084 1217 1212 1273 mihi
1236 1217 1379 1275 enim
1409 1215 1612 1273 sufficit
1637 1213 1692 1273 in

123 1337 179 1376 eo
199 1317 286 1374 Dei
313 1332 501 1373 nomen
529 1324 692 1385 atque
706 1323 915 1369 natura.
948 1312 1090 1369 Deus
1118 1312 1262 1367 enim
1283 1319 1386 1377 est,
1419 1325 1514 1380 per
1532 1323 1692 1379 quem

122 1412 239 1466 facta
291 1420 410 1465 sunt
472 1406 679 1463 omnia.
748 1407 820 1479 (ο)
885 1405 999 1461 Hoc
1053 1404 1184 1460 mihi
1233 1405 1300 1460 de
1374 1417 1441 1459 eo
1491 1401 1696 1458 creatio

121 1502 286 1559 mundi
335 1503 502 1559 locuta
554 1508 657 1556 est.
721 1498 1052 1571 Exmquatur
1093 1498 1239 1555 Deus
1293 1497 1406 1555 Deo
1454 1497 1694 1562 nomine,

124 1608 407 1668 exsequatur
444 1595 654 1671 veritati
697 1596 898 1649 veritas
933 1607 1115 1662 opere.
1152 1590 1223 1648 Ut
1258 1589 1581 1663 significatio
1617 1597 1698 1644 est

130 1693 213 1749 Dei
234 1692 456 1765 potentis
480 1690 533 1747 in
556 1689 723 1757 dicto,
753 1688 827 1744 ita
854 1687 1211 1759 intelligentia
1236 1695 1320 1742 est
1344 1685 1438 1741 Dei
1462 1683 1699 1755 potentis

1787 489 1876 541 cui
1894 485 1948 539 id
1977 485 2199 538 dicit.—
2225 482 2357 548 Qua:
2381 494 2502 533 cum
2530 479 2596 532 ita
2615 478 2742 544 sint,
2760 476 3038 545 interrogo
3056 474 3391 528 interverum

1785 585 1841 633 et
1872 576 2061 631 falsum
2092 574 2263 629 Deum
2295 569 2568 642 quomodo
2616 568 2720 622 hoc
2759 566 2960 621 dietum
3013 565 3344 636 intelligatur
3378 580 3392 617 :

1788 670 2067 725 Faciamus
2098 668 2353 722 hominem
2380 663 2447 719 ad
2470 664 2746 735 imaginem
2770 669 2819 715 et
2841 658 3229 715 similitudinem
3278 672 3400 711 nos-

1790 773 1926 818 tram
1953 761 2108 834 (Gen.
2133 777 2167 826 ι,
2198 758 2315 831 26).
2359 756 2536 813 Verba
2581 770 2800 811 sensum
2847 754 3153 816 enuntiant,
3208 765 3399 808 sensus

1789 859 2015 915 rationis
2040 856 2107 928 (Γ)
2132 865 2217 911 est
2238 861 2416 909 motus
2435 894 2449 918 ,
2476 852 2703 907 rationis
2730 859 2934 905 motum
2965 847 3163 902 veritas
3189 846 3398 900 incitat.

1792 952 1873 1008 Ex
1893 951 2073 1006 verbis
2102 949 2266 1021 igitur
2288 960 2505 1003 sensum
2530 959 2839 1016 sequamur,
2865 959 2929 999 ex
2953 957 3114 997 sensu
3138 944 3401 994 rationem

1794 1044 2175 1114 intelligamus,
2217 1051 2272 1097 et
2313 1055 2380 1096 ex
2429 1038 2639 1094 ratione
2694 1036 2979 1091 veritatem
3029 1032 3403 1106 oppri-benda-

1796 1152 1938 1191 mus.
1967 1134 2067 1189 Cui
2098 1134 2243 1188 enim
2283 1132 2483 1187 dicitur
2515 1147 2529 1184 :
2562 1128 2840 1184 Faciamus
2881 1128 3141 1182 hominem
3176 1128 3243 1181 ad
3266 1127 3404 1180 ima-

1795 1233 1964 1304 ginem
1995 1236 2042 1285 et
2071 1227 2459 1283 similitudinem
2483 1235 2727 1285 nostram,
2757 1237 2942 1294 quzero
2970 1222 3024 1277 in
3053 1236 3163 1293 quo
3192 1235 3297 1275 non
3320 1234 3407 1276 se—

1798 1323 2032 1381 cundum
2057 1321 2134 1396 (g)
2159 1338 2280 1378 eum
2311 1336 2471 1376 verus
2501 1320 2608 1384 sit,
2641 1318 2732 1389 qui
2760 1317 2862 1373 sibi
2903 1316 3046 1372 dicat
3080 1333 3093 1371 :
3123 1331 3244 1370 nam
3288 1316 3407 1370 sine

1799 1418 1963 1474 dubio
1990 1417 2197 1473 dictum
2254 1417 2355 1471 hoc
2407 1430 2476 1471 ex
2516 1413 2710 1469 affectu
2739 1427 3010 1481 sensuque
3047 1410 3276 1466 dicentis
3301 1420 3404 1465 est.

1801 1511 1944 1582 Ergo
1972 1510 2062 1581 qui
2088 1508 2220 1564 dicit
2249 1507 2564 1574 Faciamus,
2600 1505 2866 1576 significat
2893 1519 3078 1561 secum
3111 1503 3179 1559 ad
3209 1502 3409 1558 facien-

1801 1603 1930 1659 dum
1962 1617 2069 1658 non
2092 1601 2527 1665 dissentientem,
2548 1615 2656 1654 non
2680 1599 2934 1663 alienum,
2970 1614 3076 1652 non
3110 1595 3408 1662 infirmum,

1804 1695 1900 1752 sed
1928 1695 2019 1767 qui
2052 1702 2243 1765 potens
2273 1694 2343 1748 sit
2373 1693 2438 1747 ad
2468 1692 2542 1760 id,
2570 1690 2714 1748 unde
2739 1700 2822 1746 est
2844 1706 3046 1757 sermo,
3078 1687 3405 1746 faciendum.

125 1787 171 1840 in
196 1784 341 1842 facto.
384 1784 446 1839 Et
498 1791 620 1854 post
663 1779 782 1837 haec
809 1796 1014 1853 quacro,
1041 1781 1095 1834 in
1127 1780 1300 1835 Patris
1328 1787 1386 1834 et
1416 1777 1535 1833 Filii
1565 1792 1697 1837 con-

1829 1786 1923 1842 ioc
1948 1802 2080 1857 ergo
2098 1787 2224 1842 sine
2249 1785 2413 1841 dubio
2441 1784 2681 1839 sensisse
2703 1784 2793 1855 qui
2819 1783 3082 1855 loquitur,
3105 1782 3228 1853 quia
3261 1781 3310 1836 id
3338 1784 3416 1837 lo-

125 1877 332 1934 frssione
368 1892 470 1948 qua
520 1875 847 1932 auctoritate
894 1884 1099 1930 natura:
1130 1873 1327 1929 veritas
1356 1872 1435 1945 (tl)
1468 1872 1703 1942 denegev

126 1981 220 2038 tur,
237 1986 382 2042 quam
395 1980 451 2026 et
463 1972 633 2024 virtus
648 1968 906 2035 nominis,
925 1975 981 2023 ct
996 1981 1190 2022 nomen
1209 1966 1422 2021 virtutis
1436 1964 1700 2035 implevit.

183 2063 440 2139 6.0bjeeta
461 2079 526 2117 ea:
553 2060 850 2135 Evangeliis
877 2061 1100 2115 adducta
1124 2059 1249 2115 alibi
1268 2060 1551 2115 diluentur.
1575 2056 1701 2113 Cur.

132 2157 309 2213 Veritas
336 2175 435 2212 non
458 2155 788 2230 intelligitur,
816 2156 916 2209 nisi
932 2154 1129 2227 objecta
1155 2153 1293 2225 falsa
1326 2169 1436 2209 esse
1465 2152 1704 2209 euincun-

127 2259 216 2304 tur.
243 2280 310 2291 --
333 2248 643 2305 Meminisse
667 2256 848 2304 autem
888 2247 1153 2319 legentem
1199 2256 1435 2319 oportet,
1465 2261 1573 2301 non
1616 2259 1706 2301 me

131 2339 479 2399 immemorem
502 2350 595 2397 aut
615 2340 946 2396 difﬁdentem
970 2355 1154 2395 earum
1174 2355 1292 2409 qum
1307 2337 1468 2410 objici
1495 2339 1709 2395 soleant

127 2440 482 2510 quresnonum,
524 2436 593 2492 de
633 2435 718 2491 his
766 2451 907 2490 nunc
949 2444 1147 2490 tacere.
1195 2433 1381 2505 Neque
1427 2432 1570 2489 enim
1604 2431 1708 2489 hoc

127 2534 249 2606 quod
270 2533 370 2590 dici
402 2532 543 2589 solet
574 2551 585 2585 :
618 2531 775 2587 Pater
805 2532 973 2602 major
1002 2545 1084 2583 me
1110 2538 1182 2583 est
1215 2526 1394 2601 (Joan.
1428 2541 1547 2595 xw,
1588 2525 1705 2598 28),

129 2636 173 2682 et
199 2638 381 2684 caetera
413 2625 722 2698 hujusmodi
747 2622 970 2692 similia,
1004 2634 1098 2678 aut
1124 2622 1459 2692 ignorantur,
1486 2626 1579 2675 aut
1601 2632 1707 2674 non

129 2721 497 2795 intelliguntur,
526 2729 589 2777 ut
626 2735 732 2776 non
781 2734 877 2788 per
905 2717 1020 2773 haec
1053 2716 1167 2787 ipsa
1206 2714 1322 2771 veri
1348 2714 1443 2770 Dei
1487 2714 1538 2770 in
1571 2712 1712 2769 Filio

131 2825 297 2871 natura
338 2817 640 2870 doceatur:
674 2811 769 2868 sed
810 2810 1055 2867 ordinem
1096 2807 1467 2880 responsionis
1510 2814 1712 2863 nostrai

131 2922 237 2963 eum
277 2923 396 2964 esse
433 2905 706 2971 convenit,
738 2903 828 2975 qui
872 2911 989 2959 erat
1022 2901 1404 2973 propositionis
1434 2900 1709 2964 adversus;

134 3013 180 3055 ut
201 3003 415 3073 resugia
437 3000 619 3071 impiae
649 2997 1005 3053 institutionis
1032 3009 1253 3068 greSSus
1279 2992 1366 3049 hic
1388 2993 1490 3063 pia:
1516 2990 1714 3063 praedi-

133 3094 339 3149 cationis
366 3093 664 3159 inculcatis,
713 3091 827 3161 ipsa
877 3089 967 3144 illa
1019 3089 1188 3158 prima
1220 3084 1499 3143 evadentis
1530 3084 1581 3138 in
1611 3082 1715 3139 hoc

138 3185 397 3253 profanum
425 3184 898 3257 irreligiosumque
925 3181 1029 3237 iter
1049 3179 1253 3237 fallacis
1275 3178 1535 3233 doctrina:
1567 3176 1716 3248 signa
1743 3169 1789 3233 C

136 3282 339 3338 deleret.
376 3280 566 3335 Dilatis
619 3279 780 3351 igitur
809 3285 970 3347 atque
993 3275 1046 3330 in
1073 3282 1405 3346 postremum
1434 3270 1722 3327 reservatis

137 3371 438 3445 evangelicis
460 3382 624 3444 atque
645 3369 955 3439 apostolicis
979 3367 1282 3440 praeconiis,
1307 3365 1483 3423 onmis
1504 3366 1721 3423 interim

142 3467 275 3523 nobis
300 3468 370 3524 de
399 3467 516 3538 lege
548 3474 604 3521 ct
633 3463 911 3537 prOphetis
928 3461 1188 3519 adversus
1204 3461 1398 3531 impios
1428 3475 1599 3529 pugna
1630 3459 1722 3524 sit,

140 3562 431 3618 ementitum
464 3575 657 3616 eorum
682 3573 745 3612 ac
775 3556 1018 3611 fallacem
1051 3553 1462 3626 perversitatem
1486 3551 1567 3607 his
1594 3550 1726 3620 ipsis

142 3652 357 3721 interim,
406 3651 605 3722 quibus
634 3648 826 3706 fallere
871 3654 1098 3711 tentant,
1132 3644 1290 3701 dictis
1317 3641 1394 3718 (2)
1426 3658 1726 3714 coarguen-

145 3748 270 3801 t‘tbus
311 3746 407 3820 (e).
455 3744 641 3815 Neque
684 3742 828 3798 enim
856 3741 1015 3796 aliter
1044 3738 1242 3796 veritas
1269 3737 1495 3809 intelligi
1530 3744 1729 3808 potest,

144 3854 283 3907 quam
308 3840 351 3895 si
387 3838 517 3894 falsa
545 3852 609 3893 ea
640 3851 784 3904 esse,
827 3850 947 3906 quas
977 3832 1191 3888 veritati
1219 3831 1431 3900 objecta
1460 3839 1606 3897 sunt,
1636 3830 1734 3887 de-

146 3939 407 4000 tegantur;
435 3939 489 3984 et
508 3929 611 3984 huc
637 3926 854 4000 quidem
879 3924 1254 3982 mentientium
1278 3922 1611 3980 absolutiore
1631 3921 1731 3977 de-

146 4019 342 4093 decore,
383 4020 432 4076 si
464 4020 743 4077 mendacia
778 4020 888 4091 ipsa
938 4016 1221 4089 proficiant
1250 4014 1484 4072 veritati.
1520 4015 1585 4070 Et
1615 4016 1736 4085 qui-

147 4112 253 4169 dcm
290 4130 452 4169 sensu
511 4115 761 4167 humana:
807 4108 1083 4179 Opinionis
1135 4123 1425 4165 commune
1456 4107 1732 4177 judicium

150 4213 239 4273 est,
265 4220 599 4278 nequaquam
630 4203 779 4260 veris
803 4201 935 4257 falsa
966 4202 1181 4268 sociari,
1211 4216 1389 4270 neque
1411 4199 1529 4256 haec
1551 4214 1733 4256 rerum

151 4313 328 4367 genera
354 4310 544 4367 nrutuo
568 4296 671 4354 sibi
703 4296 864 4371 108
887 4310 1114 4355 assensu
1138 4293 1407 4350 contineri
1439 4311 1452 4347 :
1485 4293 1610 4364 quia
1640 4308 1737 4363 per

153 4392 345 4457 generis
364 4389 729 4447 differentiam
756 4390 1078 4444 adversante
1102 4399 1295 4443 natura
1312 4401 1607 4458 numquam
1627 4385 1741 4442 dis-

154 4483 363 4539 sidentis
417 4493 632 4550 coeant,
683 4496 784 4537 nec
821 4480 1033 4536 diversa
1082 4478 1442 4549 consentiant,
1485 4494 1586 4536 nec
1636 4478 1742 4537 sibi

156 4577 370 4633 invicem
396 4575 572 4632 aliena
602 4574 907 4631 communia
937 4572 1067 4629 sint.

218 4692 293 4766 (i)
311 4692 367 4747 in
383 4691 663 4757 anteriori,
682 4691 819 4762 efﬁci
846 4697 1028 4762 potest.

1807 1889 1963 1936 cutus
1993 1889 2098 1943 est.
2133 1878 2515 1950 intelligendus
2541 1888 2643 1935 est.

1882 1994 1935 2051 8.
1979 1994 2169 2049 Dicens
2198 1993 2265 2048 ad
2290 1993 2576 2065 imaginem
2606 2002 2845 2048 nostram
2876 2009 3033 2049 unam
3060 1991 3155 2048 sibi
3179 2006 3297 2049 cum
3323 1987 3370 2049 1Ρ
3372 1990 3417 2043 i-

1809 2090 1878 2144 lio
1905 2096 2143 2143 naturam
2170 2086 2386 2141 indicat.
2406 2115 2477 2127 —
2499 2086 2566 2143 Ut
2595 2086 2805 2157 plenior
2824 2097 3006 2141 autem
3030 2095 3231 2139 naturae
3257 2092 3419 2154 atque

1808 2181 2139 2251 operationis
2173 2182 2372 2236 veritas
2400 2179 2727 2246 doceretur;
2762 2179 2853 2253 qui
2881 2194 3103 2234 sensum
3131 2192 3285 2231 suum
3324 2190 3420 2247 per

1810 2277 1969 2331 verba
1993 2274 2368 2346 eloquebatur,
2396 2289 2589 2330 sensus
2610 2289 2826 2346 quoque
2849 2273 3112 2329 rationem
3132 2287 3201 2327 ex
3228 2278 3420 2325 natura

1810 2384 1934 2425 cum
1976 2371 2205 2425 veritate
2235 2368 2486 2438 subjecit,
2533 2367 2720 2422 dicens
2757 2366 2825 2419 ad
2854 2366 3130 2437 imaginem
3157 2375 3201 2418 et
3232 2362 3420 2418 simili-

1811 2460 2036 2515 tudinem
2069 2469 2315 2515 nostram.
2353 2456 2451 2514 Ubi
2476 2467 2559 2513 est
2598 2457 2687 2513 hic
2715 2457 2883 2512 falsus
2914 2455 3080 2521 Deus,
3126 2455 3212 2510 cui
3260 2468 3423 2511 verus

1815 2552 1957 2609 Deus
1999 2551 2130 2609 dicit
2173 2553 2242 2606 ad
2289 2551 2566 2623 imaginem
2615 2562 2662 2605 et
2710 2549 3101 2606 similitudinem
3151 2545 3420 2604 nostram?

1818 2642 2065 2699 Nostram
2089 2659 2196 2700 non
2230 2643 2390 2699 habet
2416 2644 2696 2711 unionem,
2720 2657 2824 2697 non
2850 2642 3007 2697 habet
3025 2641 3420 2706 diversitatem,

1817 2754 1924 2796 non
1952 2738 2539 2795 habetdiscretionem.
2570 2735 2742 2795 Homo
2770 2735 2915 2791 enim
2964 2734 3030 2789 ad
3078 2747 3422 2795 communem

1818 2836 1897 2903 lit,
1921 2834 2216 2890 secundum
2258 2832 2541 2888 veritatem
2581 2830 2848 2885 sermonis
2872 2870 2888 2897 ,
2923 2827 3231 2897 imaginem.
3264 2825 3429 2881 Com.-

1820 2928 2004 2983 munio
2034 2938 2215 2982 autem
2246 2924 2384 2980 falso
2414 2938 2653 2991 veroque
2686 2938 2791 2977 non
2821 2918 3102 2991 competit.
3134 2915 3301 2987 Deus,
3334 2915 3427 2987 qui

1821 3022 2077 3094 loquitur,
2108 3021 2174 3074 ad
2199 3018 2370 3074 Deum
2400 3017 2641 3088 loquitur
2676 3032 2689 3070 :
2729 3015 2795 3070 ad
2840 3013 3014 3069 Patris
3046 3021 3102 3067 et
3135 3010 3257 3067 Filii
3288 3009 3429 3065 ima-

1820 3117 1998 3185 ginem
2022 3112 2186 3167 homn
2211 3110 2483 3168 conditur.
2518 3108 2721 3165 Nomen
2754 3123 2861 3163 non
2893 3107 3194 3179 discrepat,
3238 3112 3430 3157 natura

1825 3224 1931 3263 non
1981 3205 2181 3261 differt.
2237 3203 2352 3260 Una
2401 3203 2545 3259 enim
2594 3213 2680 3258 est
2728 3199 2812 3274 (h)
2843 3197 3119 3271 imaginis,
3160 3194 3228 3252 ad
3271 3209 3433 3271 quam

1826 3301 1988 3355 homo
2009 3306 2224 3354 creatus
2253 3307 2359 3361 est,
2392 3296 2623 3367 species.
2658 3292 2726 3348 Et
2771 3293 2912 3347 inter
2954 3293 3069 3346 haec
3116 3286 3318 3344 veritas
3345 3286 3434 3343 ubi

1826 3392 2058 3463 deperit,
2088 3400 2339 3447 manente
2364 3389 2426 3460 (i)
2456 3389 2598 3443 inter
2629 3396 2915 3456 utrumque
2942 3394 2995 3458 et
3035 3385 3159 3436 facti
3190 3394 3437 3435 commu-

1830 3484 2012 3551 nione,
2041 3490 2098 3539 et
2122 3478 2425 3537 communis
2467 3477 2714 3549 imaginis
2758 3472 3022 3531 veritate?
3050 3470 3299 3527 Nondum
3337 3468 3434 3524 ab-

1829 3578 2102 3634 solvenda:
2132 3575 2291 3647 hujus
2314 3573 2631 3646 qumstionis
2660 3570 2789 3627 mihi
2832 3579 3044 3640 tempus
3073 3575 3156 3623 est
3194 3582 3208 3619 :
3250 3573 3436 3637 poste-

1833 3674 1945 3730 rius
1967 3670 2109 3728 cnim
2138 3669 2656 3734 demonstrabimus,
2707 3667 2760 3720 in
2815 3681 2976 3736 quam
3017 3662 3309 3735 imaginem
3338 3655 3438 3719 Dei

1837 3767 2002 3837 patris
2032 3775 2087 3822 et
2115 3765 2208 3822 Dei
2252 3764 2346 3819 filii
2394 3768 2556 3818 homo
2593 3760 2843 3817 conditus
2890 3760 2979 3816 sit.
3033 3756 3185 3813 Nunc
3222 3755 3439 3812 interim

1836 3859 1938 3915 hoc
1971 3871 2235 3927 tenemus,
2261 3876 2328 3914 an
2356 3873 2517 3913 verus
2548 3857 2694 3911 Deus
2723 3870 2831 3911 non
2876 3855 2968 3919 sit,
3001 3854 3084 3909 cui
3111 3866 3271 3907 verus
3298 3850 3443 3909 Deus

1837 3954 2029 4011 dixerit
2061 3972 2073 4009 :
2105 3952 2380 4008 Faciamus
2404 3951 2663 4006 hominem
2683 3949 2751 4002 ad
2770 3946 3043 4020 imaginem
3073 3956 3121 4000 et
3144 3941 3445 4003 similitudi-

1845 4065 1958 4102 nem
1983 4058 2229 4102 nostram.
2256 4046 2534 4113 Discerne,
2565 4046 2610 4098 si
2636 4042 2765 4114 quid
2793 4051 2964 4112 potes,
2993 4040 3046 4095 in
3072 4040 3171 4099 hac
3195 4037 3444 4109 imaginis

1835 4141 2216 4198 communione
2247 4155 2434 4195 verum
2462 4147 2623 4210 atque
2655 4135 2816 4213 109
2837 4134 3025 4189 falsum
3061 4150 3074 4187 :
3103 4140 3159 4187 et
3185 4131 3446 4188 hairetico

1838 4237 2018 4292 furore
2067 4234 2181 4289 haec
2211 4232 2605 4289 indissecabilia
2645 4229 2857 4285 decide.
2896 4227 3071 4285 Unum
3111 4226 3254 4282 enim
3299 4233 3443 4293 sunt,

1840 4326 1908 4400 (j)
1939 4342 2169 4399 quorum
2196 4324 2446 4396 imaginis
2475 4330 2532 4378 et
2555 4319 2930 4383 similitudinis
2958 4333 3123 4381 unum
3170 4326 3256 4381 est
3284 4316 3449 4377 homo

1845 4423 2019 4478 factus
2049 4420 2381 4490 exemplum.

1916 4512 1972 4570 9.
2005 4510 2178 4567 Homo
2221 4508 2492 4583 faciendus
2517 4507 2586 4563 ad
2627 4507 2905 4580 imaginem
2952 4501 3133 4563 Patris
3178 4511 3226 4560 et
3266 4500 3366 4579 ﬁlii
3392 4499 3453 4573 fit

1923 4689 2006 4765 (2)
2025 4691 2103 4747 Ita
2124 4690 2259 4748 Cod.
2285 4689 2487 4747 Veron.
2518 4688 2577 4745 In
2603 4685 2887 4753 anteriori,
2917 4690 3266 4755 coarguentes.

344 4787 485 4860 Editj
509 4830 523 4852 ,
570 4784 710 4841 Deus
734 4785 1111 4860 nuncupatim“
1135 4798 1154 4838 :
1178 4781 1733 4860 reluctantibnsptss.
1761 4786 1816 4849 D
1914 4787 1985 4860 (ε)
2014 4785 2178 4852 Editi,
2211 4795 2445 4860 excepto
2475 4783 2598 4860 Par.
2630 4778 3057 4860 coarguentibus,
3077 4773 3248 4860 mullo
3288 4769 3458 4831 adsti-

241 4805 271 4840 a
344 4787 485 4843 Editi
509 4830 523 4852 ,
570 4787 710 4841 Deus
734 4787 1111 4856 nuncupativus
1135 4798 1154 4838 :
1178 4787 1567 4839 reluctantibus
1598 4795 1733 4841 mss.

220 4787 293 4933 {bl
316 4861 415 4933 Qui
442 4857 779 4933 Garnuten~e
816 4857 1123 4933 exemptae
1141 4863 1265 4909 ante
1303 4868 1475 4908 annos
1502 4852 1606 4910 700
1654 4869 1741 4908 rc-

161 4926 414 5000 cog'novit,
463 4932 545 4985 hic
590 4930 857 4999 expunxit
902 4926 1216 4996 particulam
1265 4936 1550 5000 negantem
1577 4941 1739 5000 :_no_n

161 4995 288 5058 malo
310 5017 495 5057 sensu.
526 5001 648 5056 Mox
670 4995 727 5055 in
755 4995 946 5055 eodem
975 5013 1075 5053 ms.
1120 5011 1328 5052 necnon
1354 4998 1407 5052 in
1432 4995 1739 5051 vetustiori-

165 5072 250 5129 bus
480 5073 718 5143 ussing“
740 5080 871 5143 διο),
896 5067 1370 5143 demonstrandum,
1395 5083 1501 5143 non
1534 5067 1747 5122 deruun-

165 5152 328 5201 ttrare.
359 5143 631 5212 nutantum
646 5140 725 5198 ex
752 5140 1203 5212 subsequentibus
1226 5142 1597 5212 assequimur,
1620 5153 1745 5193 seu-

168 5214 329 5275 lentim
358 5211 517 5283 liuius
538 5217 655 5279 iure
676 5222 760 5269 est
780 5211 1131 5283 intelligentia
1159 5230 1172 5265 :
1196 5211 1310 5265 Non
1337 5227 1477 5283 nunc
1504 5225 1640 5281 opus
1661 5218 1747 5283 est

166 5281 544 5359 emonertt'qui
568 5287 639 5349 ab
664 5281 988 5343 adversariis
1015 5292 1337 5359 apponatur,
1372 5282 1512 5339 unde
1543 5283 1597 5338 in
1627 5281 1745 5337 ani-

168 5354 297 5431 mum
321 5354 577 5431 inducam
607 5371 1010 5431 eumrionesse
1032 5370 1216 5431 verum
1243 5354 1432 5431 Deum.

228 5424 486 5505 (cisiilus
698 5426 822 5483 Vat.
874 5427 1017 5494 bas.,
1065 5427 1160 5481 hoc
1207 5425 1333 5483 mihi
1390 5427 1454 5482 de
1512 5423 1753 5480 Creatore

360 5498 572 5557 Genesis
602 5499 775 5565 locuta
804 5506 896 5556 est.

232 5566 307 5645 (tl)
324 5570 381 5628 in
410 5569 737 5645 recentiore
750 5584 848 5624 ms.
869 5568 1027 5645 Colb.
1044 5570 1112 5645 ab
1134 5568 1530 5645 interpolatum
1540 5567 1646 5645 irit;
1658 5567 1758 5623 ad-

174 5639 327 5713 eius
352 5653 442 5703 ost
470 5646 547 5701 vel
568 5641 859 5713 divinitas;
889 5642 1030 5713 quod
1059 5639 1259 5698 deinde
1286 5639 1341 5697 in
1371 5640 1503 5696 edit.
1538 5639 1680 5713 Bad.
1702 5647 1757 5713 et

176 5710 257 5767 Er.
286 5715 515 5771 transiit.
541 5710 740 5784 Postea
766 5727 796 5766 a
825 5708 1007 5784 Lipsio
1038 5713 1389 5771 substitutum
1419 5719 1504 5769 est
1526 5709 1605 5767 uel
1624 5708 1759 5765 diui-

180 5784 357 5854 nitatis,
385 5792 443 5846 et
469 5782 615 5859 apud
646 5782 768 5841 Par.
799 5782 1087 5847 reﬂuum.

1847 4847 2066 4928 pula'nte
2092 4847 2274 4913 vetere
2302 4847 2440 4913 libro
2460 4896 2476 4924 ,
2500 4854 2596 4911 sed
2619 4847 2846 4909 servatis
2874 4847 3242 4918 scrupulosius
3277 4857 3458 4915 gram—

1848 4933 2056 4985 matican
2087 4929 2317 5001 legibus.

1920 5023 1986 5149 ῳ
2018 5020 2359 5148 igrbgiunfssé
2384 5035 2416 5079 a
2443 5017 2631 5089 Lipsio
2659 5022 2987 5086 expunctum
3016 5007 3362 5070 restiluimus
3390 5021 3460 5066 ex

1850 5093 2010 5159 Badl,
2035 5093 2127 5148 Er.
2165 5105 2218 5147 et
2249 5107 2382 5147 mss.

1923 5184 2000 5261 (g)
2032 5184 2085 5236 Id
2108 5192 2220 5248 est,
2252 5183 2305 5239 in
2336 5195 2453 5262 quo.
2472 5194 2579 5252 non
2605 5191 2763 5233 verus
2790 5175 2863 5233 sit
2884 5173 2952 5231 ad
2976 5174 3161 5258 instar
3187 5172 3331 5230 illius
3367 5168 3462 5243 qui

1882 5257 1954 5305 ibi
1981 5256 2141 5305 dicat.
2176 5253 2581 5305 Prainosnmnis
2619 5249 2899 5305 secundum
2943 5244 3176 5305 Similem
3226 5251 3462 5305 potestas

1851 5251 2141 5312 sib'i'dicat.
2176 5251 2581 5322 Prtnptisitinnis
2619 5251 2899 5305 secundum
2943 5251 3176 5309 similem
3226 5251 3465 5314 potest»

1854 5324 2536 5456 gssinpxbsgrvmimus
2569 5322 2621 5378 in
2653 5319 3093 5381 adnotationibus
3121 5316 3190 5375 ad
3214 5323 3372 5377 tract.
3406 5315 3463 5375 in

1901 5415 1948 5454 s.
1979 5412 2200 5462 cxxxtx,
2232 5412 2285 5452 n.
2315 5412 2402 5452 w.

1934 5492 2013 5563 (h)
2037 5490 2094 5545 ln
2137 5488 2259 5563 cod.
2304 5486 2423 5563 Vat.
2464 5484 2586 5540 bas.
2637 5481 2877 5554 imaginis
2913 5479 3232 5548 similitudo,
3263 5476 3468 5541 omisso

1858 5558 2055 5619 deinde
2079 5562 2243 5619 verbo
2270 5558 2483 5632 species.

1933 5633 1997 5708 (i)
2019 5632 2115 5708 Ms.
2144 5620 2310 5708 βοιὺῖ
2351 5645 2474 5686 cum
2513 5624 2823 5708 Gertnnad
2855 5634 3151 5708 utrumque.
3181 5623 3304 5690 llos
3333 5620 3461 5685 Vat.

1860 5694 2003 5769 has},
2027 5705 2152 5760 mihi
2178 5719 2342 5759 sermo
2372 5708 2468 5769 est,
2501 5715 2599 5771 pro
2626 5694 2750 5753 mihi
2775 5709 2974 5771 tempus
3004 5694 3099 5771 est.

1935 5763 2005 5849 (jl
2054 5777 2229 5847 Editi,
2280 5774 2349 5831 ad
2387 5763 2607 5846 quorum
2643 5786 2664 5827 :
2714 5763 3109 5828 reluctantibus
3154 5781 3291 5825 mss.
3341 5763 3463 5820 Mox
