3960 6202
455 233 562 293 155
1650 226 1898 289 SANCTI
1936 227 2094 286 IllLA

2244 227 2548 287 EPISCOPI
3656 225 3762 287 £56

454 348 525 403 ad
551 346 826 419 imaginem
855 344 1199 404 Dei.—-Sed
1248 359 1540 419 sequamur
1586 346 1833 404 ordinem
1866 348 2055 404 lectio-
2081 348 2396 410 Anomen:
2445 357 2501 406 et
2547 346 2640 404 ubi
2688 346 3018 420 nuncupatio
3062 356 3148 405 est
3189 347 3407 420 generis
3450 345 3631 411 alieni,
3690 347 3764 401 ibi

459 438 562 506 nis,
597 450 657 495 ut
681 442 879 497 veritas
908 455 1125 511 seraper
1150 440 1251 495 sibi
1293 439 1577 496 cohaerens
1617 455 1722 497 non
1750 441 2058 498 demittetur
2157 444 2496 499 existimatur
2527 444 2726 501 veritas
2754 443 2995 516 ejusdem
3026 443 3245 516 generis
3290 458 3397 498 non
3446 444 3643 499 inesse.
3695 442 3766 499 Et

460 532 788 590 oﬁ’endiculo
817 533 1086 589 falsitatis.
1118 532 1184 587 Et
1214 532 1497 605 fecitDens
1519 534 1811 602 hominem;
1833 535 1902 589 ad
1929 536 2059 589 ima-
2158 520 2374 608 quidem
2410 536 2523 609 jam
2568 537 2816 611 superior
2847 539 2986 595 liber
3023 538 3338 595 inanitatem
3381 538 3543 610 hujus
3581 553 3763 610 qures-

461 626 631 700 ginem
671 624 769 685 Dei
807 627 927 698 fecit
966 642 1083 681 eum
1113 625 1268 693 (Gen.
1306 642 1346 693 ι,
1375 626 1494 700 27).
1534 627 1716 700 Imago
1758 629 2062 685 communis
2160 629 2325 684 tionis
2354 629 2609 686 ostendit.
2652 630 2709 686 In
2757 631 2949 703 angelo
2992 632 3136 688 enim
3182 630 3348 688 ofﬁcii
3397 632 3577 704 potius
3603 647 3764 703 quam

461 727 585 774 est:
617 716 759 773 Deus
786 716 852 773 ad
880 717 1169 790 imaginem
1204 719 1301 776 Dei
1328 718 1603 777 hominem
1646 719 1791 776 fecit.
1834 721 1935 789 Qui
1966 736 2061 777 ve-

466 827 588 869 rum
639 811 809 868 Deum
858 811 1025 869 ﬁlium
1073 814 1165 869 Dei
1192 812 1446 884 denegat,
1473 830 1657 886 quacro
1686 813 1754 871 ad
1782 814 1934 885 cujus
1968 813 2064 871 Dei

465 905 754 977 imaginem
784 921 815 961 a
844 906 953 962 Deo
982 905 1182 962 factum
1214 907 1491 964 hominem
1540 908 1819 979 intelligat.
1872 907 2064 963 Memi-

467 1002 610 1057 ncrit
639 1008 819 1056 tamen
847 1015 1065 1072 semper
1088 1017 1183 1072 per
1208 1001 1403 1057 Filium
1430 1003 1647 1069 omnia;
1690 1017 1757 1057 ne
1797 1000 1933 1058 forte
1959 1001 2069 1057 ba:-

469 1092 638 1149 retica
668 1091 1028 1164 intelligentia
1058 1093 1431 1163 operationem
1457 1092 1562 1148 sibi
1604 1093 1694 1149 Dei
1722 1093 1889 1163 patris
1910 1107 2072 1162 coap-

473 1193 571 1241 tet.
603 1184 661 1242 Si
689 1185 945 1258 igitur‘ad
974 1185 1265 1258 imaginem
1295 1185 1386 1242 Dei
1412 1184 1574 1257 patris
1596 1201 1693 1257 per
1713 1185 1881 1240 ﬁlium
1904 1184 2069 1240 Deum

475 1279 639 1335 homo
662 1279 930 1347 conditur,
954 1280 1206 1336 conditur
1235 1294 1446 1350 quoque
1476 1278 1544 1335 ad
1574 1278 1864 1351 imaginem
1911 1275 2031 1333 Filii
2055 1294 2071 1333 :

475 1371 599 1443 quia
648 1388 808 1428 nemo
856 1371 993 1427 Filio
1040 1370 1244 1427 dictum
1306 1370 1536 1441 denegat
1589 1368 1656 1424 ad
1703 1370 1979 1441 imaginem
2027 1376 2077 1423 et

477 1466 864 1523 similitudinem
915 1476 1161 1523 nostram.
1212 1464 1408 1522 Tenuit
1461 1480 1591 1536 ergo
1637 1480 1817 1522 sermo
1861 1463 2077 1520 divinus

475 1561 739 1617 rationem
772 1560 1017 1617 veritatis
1045 1558 1099 1615 in
1126 1557 1302 1624 dictis,
1347 1572 1509 1630 quam
1541 1572 1677 1630 Opus
1722 1556 1976 1627 explebat
2023 1555 2076 1610 in

478 1651 635 1713 factis
666 1674 679 1709 :
712 1665 769 1711 ut
795 1654 1069 1712 hominem
1097 1653 1164 1709 ad
1191 1654 1478 1724 imaginem
1513 1652 1607 1709 Dei
1638 1652 1778 1708 Deus
1800 1651 2076 1722 ﬁguraret,

2164 732 2371 779 naturae
2400 724 2755 797 intelligentia
2782 735 2886 782 est.
2918 725 2984 782 Et
3022 725 3284 797 prolilieta
3314 725 3449 781 mihi
3477 725 3626 782 testis
3657 733 3762 790 est,

2165 814 2388 873 dicens:
2424 818 2527 884 Qui
2565 819 2688 891 facit
2727 820 2936 891 angelos
2981 835 3103 874 suos
3139 818 3375 890 spiritus,
3417 828 3466 875 et
3511 818 3766 873 ministros

2166 927 2287 967 suos
2337 912 2506 984 ignem
2557 924 2784 970 urentem
2855 912 3026 985 (Psal.
3076 928 3188 981 cm,
3238 911 3319 985 4).
3372 911 3550 969 Urens
3607 912 3769 982 igitur

2168 1003 2308 1081 ignis
2333 1001 2411 1077 (Ξ)
2468 1004 2559 1060 ille
2620 1006 2851 1062 ministri
2901 1004 2976 1079 (ll)
3020 1005 3138 1076 ejus
3205 1014 3332 1061 sunt
3377 1022 3392 1060 :
3445 1015 3501 1061 et
3548 1006 3772 1060 veniens

2170 1096 2435 1168 spiritus,
2525 1097 2704 1170 angeli
2791 1098 2911 1169 ejus
2973 1108 3138 1170 _sunt.
3232 1099 3334 1155 Per
3422 1096 3541 1155 haec
3624 1099 3772 1155 enim

2172 1191 2503 1257 nuntiorum,
2534 1192 2624 1263 qui
2657 1193 2832 1264 angeli
2876 1166 3277 1264 nuricupantur,
3306 1206 3371 1247 ac
3400 1192 3772 1248 ministrorum

2175 1282 2480 1340 ostenditur
2507 1284 2591 1340 vel
2625 1295 2835 1352 natura,
2869 1285 2955 1340 vel
2985 1285 3174 1341 virtus.
3204 1283 3291 1340 Fit
3329 1299 3459 1356 ergo
3487 1284 3576 1340 hic
3616 1283 3777 1354 spiri-

2178 1388 2263 1432 tus
2288 1378 2531 1449 angelus,
2561 1377 2643 1434 vel
2673 1379 2760 1435 hic
2788 1379 2924 1451 ignis
2952 1395 3113 1436 urens
3133 1379 3380 1436 minister
3406 1379 3500 1436 Dei
3528 1398 3540 1433 :
3583 1388 3639 1435 et
3664 1383 3779 1433 ltarc

2180 1480 2366 1528 natura
2397 1489 2586 1530 eorum
2631 1474 2828 1544 accipit
2871 1474 3040 1530 nuntii
3087 1484 3139 1531 et
3169 1475 3253 1547 (ὅ)
3293 1474 3525 1532 ministri
3550 1472 3623 1547 (ε)
3662 1472 3777 1528 ofﬁ-

2181 1567 2343 1621 ciunt.
2376 1564 2577 1622 Valens
2608 1566 2767 1637 igitur
2796 1565 2904 1634 lex,
2939 1568 3103 1624 immo
3137 1583 3232 1638 per
3260 1566 3432 1639 legem
3467 1566 3628 1632 Deus,
3663 1580 3782 1635 per-

2183 1673 2371 1713 sonam
2424 1660 2633 1729 paterni
2676 1659 2911 1715 nominis
2969 1660 3238 1728 intimare,
3264 1658 3343 1733 (ἀ)
3398 1658 3564 1715 Deum
3615 1659 3780 1713 ﬁlium

481 1761 543 1810 ut
571 1752 744 1809 Deum
774 1751 1127 1824 signiﬁcaret,
1162 1765 1263 1807 nec
1300 1748 1582 1806 veritatem
1626 1747 1738 1803 Deo
1767 1745 2035 1807 adhaeret
2062 1760 2076 1797 :
2109 1745 2159 1806 Β
2183 1753 2433 1824 angelum
2465 1753 2557 1810 Dei
2590 1753 2767 1811 locuta
2795 1764 2901 1822 cst,
2929 1753 2981 1809 id
3012 1764 3116 1818 est,
3165 1755 3410 1809 nuntium
3447 1752 3560 1808 Dei.
3607 1749 3786 1821 Signi-

482 1861 605 1902 cum
637 1854 694 1902 et
741 1848 791 1901 in
842 1844 1226 1902 communione
1269 1840 1519 1913 imaginis
1551 1851 1696 1897 esset
1725 1840 1867 1895 Deus
1897 1853 2079 1907 verus,

484 1937 576 2010 qui
602 1937 658 1993 in
685 1950 852 2008 opere
882 1935 1169 1992 efﬁciendo
1197 1933 1597 2006 intelligebatur
1621 1933 1762 1988 Deus
1790 1931 1954 1987 ﬁlius.

560 2029 650 2089 10.
689 2029 935 2087 Haeretici
960 2030 1375 2103 perstringuntur
1416 2044 1479 2084 ea:
1521 2028 1693 2083 dictis.
1721 2056 1797 2071 —
1822 2025 1867 2083 Ο
1895 2025 2088 2096 despe-

486 2133 621 2181 rata:
653 2126 849 2181 mentis
881 2124 1033 2180 furor
1061 2121 1302 2195 perdite!
1335 2138 1368 2179 o
1395 2122 1560 2178 stulta
1586 2136 1746 2177 caecae
1797 2117 2088 2191 impietatis

491 2218 803 2276 temeritas!
851 2219 1021 2274 Audis
1057 2217 1225 2274 Deum
1266 2228 1321 2274 et
1360 2217 1550 2282 Deum,
1598 2215 1753 2272 audis
1802 2214 2089 2286 imaginem

491 2323 786 2370 nostram:
833 2311 961 2385 quid
1013 2321 1068 2366 tu
1117 2310 1341 2383 subjicis
1385 2325 1571 2365 verum
1618 2320 1673 2365 et
1722 2324 1827 2364 non
1866 2306 2092 2364 verum?

491 2405 621 2479 quid
652 2403 850 2462 inseris
882 2403 1180 2460 naturalem
1222 2412 1385 2474 atque
1429 2400 1666 2458 falsum?
1695 2399 1823 2473 quid
1862 2400 1964 2457 sub
2007 2413 2094 2454 re-

493 2497 711 2571 ligionis
738 2497 956 2553 nomine
996 2494 1310 2567 religionem
1341 2493 1582 2551 evertis?
1625 2492 1753 2566 quid
1802 2507 1899 2564 per
1927 2506 2093 2548 unum

497 2590 695 2659 Deum,
725 2599 779 2648 et
807 2606 975 2646 unum
1007 2589 1173 2645 Deum
1202 2604 1409 2654 verum,
1440 2595 1620 2643 tentas
1648 2601 1717 2643 ne
1742 2585 1889 2642 Deus
1935 2599 2097 2640 verus

497 2699 635 2741 unus
660 2683 764 2740 sit?
791 2681 1037 2739 Nondum
1070 2696 1304 2739 vesanos
1332 2681 1555 2752 spiritus
1591 2689 1713 2736 tuos
1742 2678 1900 2734 dictis
1928 2691 2097 2733 evan-

495 2778 685 2851 gelicis
714 2787 876 2850 atque
905 2777 1217 2850 apostolicis
1245 2774 1474 2845 suﬂoco,
1524 2776 1577 2830 in
1622 2773 1817 2845 quibus
1857 2772 2018 2829 Pater
2045 2780 2100 2828 et

497 2871 668 2930 Filius
713 2889 820 2929 non
853 2887 1107 2944 persona,
1154 2869 1251 2927 sed
1285 2880 1475 2925 natura
1509 2884 1645 2924 unus
1674 2877 1732 2924 et
1770 2881 1930 2923 verus
1959 2866 2101 2923 Deus

498 2975 724 3039 uterque
749 2975 831 3024 est
864 2980 881 3022 :
913 2964 1130 3021 interim
1179 2972 1233 3019 te
1278 2963 1367 3019 lex
1415 2961 1533 3018 sola
1579 2967 1791 3018 enecat.
1832 2958 2101 3031 Numquid

498 3063 574 3119 ait
598 3063 767 3120 Deum
793 3077 982 3118 verum
1023 3071 1077 3116 et
1103 3075 1212 3115 non
1260 3058 1426 3114 Deum
1452 3057 1680 3115 verum?
1707 3054 1974 3126 Numquid
2003 3052 2105 3109 ali-

505 3165 586 3213 ter
611 3156 665 3211 in
696 3165 926 3224 utroque
953 3161 1150 3224 praeter
1177 3166 1338 3222 quam
1367 3162 1577 3207 natura:
1608 3151 1830 3206 nomine
1858 3161 1954 3205 usa
1984 3146 2102 3203 est?
2130 3142 2176 3208 C

506 3246 676 3304 Deum
717 3256 773 3304 et
821 3247 985 3303 Deum
1033 3244 1200 3312 dixit,
1228 3243 1523 3316 qumdixit
1563 3244 1728 3300 Deum
1778 3259 1966 3299 unum.
1996 3240 2103 3299 Sed

502 3338 632 3412 quid
678 3349 885 3396 tantum
933 3337 1134 3394 dixisse
1179 3337 1340 3393 dico?
1397 3336 1565 3393 Deum
1614 3351 1800 3391 verum
1852 3343 1909 3391 et
1935 3335 2105 3390 Deum

503 3447 692 3490 verum
739 3447 838 3504 per
882 3430 1164 3487 veritatem
1211 3429 1460 3501 imaginis
1506 3428 1837 3500 prmdicavit.
1871 3427 1980 3486 Usa
2025 3436 2110 3485 est

506 3525 562 3583 in
607 3525 1007 3597 nuncupatione
1072 3524 1301 3595 primum
1353 3532 1562 3579 naturae
1608 3522 1825 3577 nomine
1874 3539 1888 3575 :
1942 3521 2109 3577 utitur

508 3618 765 3689 deinceps
795 3617 848 3672 in
899 3632 1097 3688 genere
1125 3615 1351 3672 veritate
1382 3624 1610 3670 naturae.
1658 3612 1792 3670 Cum
1834 3614 1977 3670 enim
2018 3613 2110 3685 qui

508 3710 593 3778 fit,
621 3710 926 3768 secundum
959 3709 1251 3780 imaginem
1294 3716 1511 3764 creatur
1537 3706 1838 3779 utriuSque,
1872 3723 1978 3763 non
2010 3722 2109 3778 po-

511 3804 717 3877 testu)
761 3818 871 3860 non
913 3818 982 3859 ex
1029 3818 1162 3859 vero
1189 3801 1268 3875 (a)
1314 3800 1638 3869 consistere,
1679 3800 1825 3873 quod
1885 3812 2112 3874 uterque

511 3894 656 3954 Deus
683 3910 844 3952 verus
872 3894 963 3950 sit.

586 3989 676 4047 ll.
707 3987 755 4044 F
756 3988 878 4046 ilius
904 3998 961 4044 ut
992 4003 1210 4061 persona
1229 3986 1363 4045 alius
1387 4004 1419 4044 a
1446 3986 1626 4056 Patre,
1653 3987 1870 4060 angelus
1896 3985 1997 4045 Dei
2036 3988 2117 4044 di-

514 4089 627 4140 ctus
654 4092 760 4150 est;
792 4079 933 4137 Deus
958 4097 1075 4137 vero
1102 4090 1158 4137 ut
1182 4082 1317 4138 idem
1344 4090 1549 4137 natura.
1579 4080 1685 4138 Cur
1722 4082 1890 4137 dictus
1927 4082 1994 4137 sit
2021 4098 2117 4136 an-

514 4178 658 4252 gelus
681 4176 797 4234 Dei.
820 4205 894 4219 -
920 4175 1027 4234 Sed
1059 4191 1344 4248 pergamus
1369 4177 1531 4233 etiam
1577 4191 1722 4233 nunc
1758 4190 1826 4233 eo
1857 4175 2117 4246 pradica-

515 4271 678 4330 tionis
717 4278 916 4335 nostra:
961 4268 1174 4336 itinere,
1214 4285 1323 4342 quo
1348 4269 1433 4325 lex
1458 4277 1641 4326 sancta
1672 4268 1741 4326 de
1771 4268 1882 4325 Deo
1911 4266 2114 4325 docuit.

518 4364 754 4437 Angelus
784 4362 877 4421 Dei
905 4363 971 4421 ad
1000 4364 1141 4437 Agar
1166 4364 1423 4435 loquitur,
1456 4374 1510 4420 et
1542 4363 1682 4421 idem
1713 4363 1953 4436 Angelus
1979 4363 2120 4419 Deus

518 4468 625 4517 est.
658 4458 765 4517 Sed
794 4459 935 4516 forte
963 4458 1167 4516 idcirco
1193 4459 1351 4532 110
1368 4473 1472 4514 non
1500 4457 1643 4515 Deus
1671 4472 1833 4514 verus
1857 4466 1964 4526 est,
1995 4457 2120 4528 quia

2186 1844 2492 1902 ﬁcationem
2539 1846 2683 1902 enim
2731 1845 2897 1902 ofﬁcii
2945 1855 3172 1903 testatur
3220 1845 3275 1902 in
3324 1845 3551 1902 nuntio:
3584 1855 3786 1900 natura:

2187 1949 2367 1995 autem
2400 1937 2683 1995 veritatem
2710 1939 3053 1996 conﬁrmavit
3084 1939 3138 1995 in
3186 1939 3424 2005 nomine,
3455 1953 3576 1994 cum
3621 1937 3787 1994 Deum

2189 2033 2343 2089 dixit.
2385 2033 2482 2089 Hic
2524 2045 2704 2090 autem
2739 2049 2880 2090 nunc
2925 2034 3344 2106 dispensationis
3373 2042 3458 2090 est
3499 2032 3653 2099 ordo,
3685 2044 3787 2087 non

2190 2126 2425 2199 generis.
2472 2126 2589 2183 Non
2632 2128 2776 2184 cnim
2819 2126 2964 2182 aliud
3012 2142 3171 2198 quam
3223 2127 3437 2183 Patrem
3497 2134 3554 2181 et
3596 2124 3787 2179 Filium

2194 2219 2551 2291 praedicamus
2590 2229 2622 2276 :‘
2645 2229 2701 2276 et
2732 2221 2802 2276 ita
2836 2231 3084 2276 naturam
3113 2222 3388 2276 nominum
3421 2231 3787 2290 coaequamus,

2194 2323 2254 2369 ut
2279 2314 2561 2370 veritatem
2597 2314 2689 2369 Dei
2720 2322 2900 2370 teneat
2926 2329 2991 2369 ex
3024 2312 3331 2370 innascibili
3381 2313 3492 2369 Deo
3533 2311 3625 2368 Dei
3659 2310 3781 2365 uni-

2195 2407 2360 2478 geniti
2387 2405 2658 2462 nativitas.
2685 2405 2832 2461 Missi
2860 2415 3040 2463 autem
3071 2416 3125 2462 et
3173 2406 3438 2462 mittentis
3473 2403 3793 2477 signiﬁcatio

2198 2497 2289 2556 hic
2315 2513 2420 2556 non
2451 2498 2595 2555 aliud
2624 2514 2783 2571 quam
2825 2498 3041 2555 Patrem
3079 2509 3134 2554 et
3164 2497 3357 2555 Filium
3400 2498 3582 2567 docet,
3631 2506 3794 2553 caete-

2197 2608 2319 2649 rum
2346 2593 2627 2649 veritatem
2655 2607 2761 2648 non
2811 2591 3002 2648 adimit
3039 2599 3265 2656 natura),
3327 2605 3504 2662 neque
3556 2590 3607 2645 in
3660 2587 3797 2644 Filio

2202 2685 2418 2756 perimit
2446 2685 2640 2741 nativa:
2678 2683 2973 2741 divinitatis
3003 2686 3423 2756 proprietatem:
3470 2680 3594 2755 quia
3642 2695 3798 2737 nemo

2203 2777 2441 2848 ambigat
2466 2788 2715 2834 naturam
2755 2778 2992 2834 auctoris
3032 2778 3084 2833 in
3118 2777 3211 2832 lilii
3252 2776 3533 2833 nativitate
3574 2789 3801 2831 cannas-

2204 2870 2277 2939 ci,
2313 2868 2385 2943 (e)
2418 2878 2477 2925 ut
2501 2886 2567 2926 ex
2600 2886 2709 2926 uno
2738 2872 2999 2927 consistat
3028 2871 3080 2926 in
3108 2885 3295 2938 unum,
3342 2868 3484 2942 quod
3514 2885 3609 2940 per
3637 2882 3799 2923 unum

2206 2980 2314 3020 non
2362 2963 2706 3021 discernatur
2752 2981 2820 3022 ex
2867 2981 2974 3021 uno
3019 2977 3227 3036 :atque
3253 2966 3327 3020 ita
3371 2978 3534 3019 unum
3566 2963 3671 3019 sint
3715 2974 3804 3033 per

2207 3057 2348 3129 quod
2381 3056 2518 3113 unu‘s
2541 3074 2606 3115 ex
2636 3074 2743 3114 uno
2774 3067 2879 3114 est.

2283 3151 2371 3207 1‘2.
2408 3150 2650 3208 Hilarius
2689 3152 2809 3224 ﬁdei
2837 3151 3023 3206 ardore
3050 3168 3263 3226 scopum
3288 3150 3505 3208 excedit.
3533 3179 3607 3191 —
3629 3147 3674 3205 0
3708 3148 3804 3203 int-

2209 3242 2421 3313 patiens
2455 3241 2577 3298 ﬁdei
2619 3244 2790 3309 calor,
2837 3253 2894 3299 et
2940 3242 3230 3308 desiderati
3269 3241 3539 3299 sermOuis
3583 3237 3807 3296 incomi-

2208 3351 2345 3392 nens
2371 3337 2673 3392 silentium!
2706 3336 2825 3393 Jam
2852 3337 2996 3393 enim
3038 3346 3094 3392 et
3124 3337 3177 3391 in
3226 3336 3490 3403 superiori
3533 3335 3671 3390 libro
3697 3347 3809 3388 mo-

2209 3426 2337 3484 dum
2364 3428 2671 3484 constitutae
2698 3427 3100 3499 praedicationis
3122 3431 3478 3496 excessimus,
3502 3442 3623 3483 cum
3645 3440 3808 3496 quatt-

2209 3519 2282 3575 do
2307 3521 2473 3591 impie
2501 3519 2702 3576 dictum
2733 3535 2895 3575 unum
2920 3521 3087 3577 Deum
3118 3522 3186 3577 ab
3211 3518 3479 3577 haereticis
3501 3528 3805 3591 arguentes,

2210 3621 2267 3670 et
2299 3613 2465 3669 Deum
2488 3623 2649 3684 atque
2679 3613 2844 3670 Deum
2880 3628 2909 3669 a
2938 3613 3122 3687 Moyse
3151 3614 3500 3686 praedicatum
3532 3614 3806 3679 docentes,

2212 3705 2277 3762 ad
2302 3706 2462 3761 unius
2486 3705 2582 3761 Dei
2624 3721 2806 3763 veram
2839 3716 2893 3762 et
2924 3708 3233 3779 religiosam
3280 3707 3669 3765 confessionem
3706 3706 3807 3776 pia,

2211 3800 2458 3872 quamvis
2500 3799 2915 3869 inconsiderata,
2979 3800 3322 3858 festinatione
3378 3800 3805 3858 descendimus:

2215 3903 2273 3950 et
2299 3910 2439 3951 nunc
2482 3908 2694 3966 quoque
2742 3895 2968 3950 alterius
3020 3895 3336 3966 quaestionis
3368 3896 3588 3967 negotio
3618 3895 3806 3950 intum-

2216 3994 2419 4055 rantes,
2468 4002 2577 4043 non
2608 3988 2877 4045 tenuimus
2907 3987 3151 4043 ordinem
3183 3989 3572 4055 constitutum;
3604 3995 3659 4042 et
3680 3984 3804 4041 dum

2220 4078 2287 4136 de
2302 4080 2412 4136 Deo
2428 4095 2560 4137 vero
2576 4081 2669 4137 Dei
2702 4080 2812 4139 ﬁlio
2841 4082 3133 4154 loquimur,
3151 4097 3319 4153 usque
3334 4081 3399 4137 ad
3414 4080 3801 4139 confessionem

2221 4174 2318 4231 Dei
2360 4166 2477 4232 veri
2524 4176 2576 4233 in
2616 4176 2776 4234 Patre
2815 4187 2869 4234 et
2912 4176 3052 4233 Filio
3089 4176 3347 4233 ferventis
3376 4176 3598 4248 spiritus
3624 4174 3813 4231 ardore

2224 4269 2591 4342 prorupimus.
2624 4268 2731 4326 Sed
2775 4269 3026 4326 tractatui
3074 4285 3175 4326 suo
3220 4268 3344 4325 ﬁdei
3385 4278 3585 4325 nostra:
3625 4267 3813 4323 veritas

2224 4370 2535 4418 reservetur
2575 4378 2590 4416 :
2630 4377 2750 4434 qua:
2797 4377 2918 4419 cum
2963 4362 3214 4419 inchoata
3261 4362 3333 4419 sit
3371 4360 3439 4417 ad
3480 4361 3812 4417 securitatem

2225 4452 2473 4525 legentis,
2518 4453 2792 4511 tractanda
2840 4462 3016 4511 tamen
3048 4466 3209 4525 atque
3255 4453 3582 4512 absolvenda
3614 4453 3815 4526 plenius

518 4551 742 4625 angelus
766 4550 860 4609 Dei
887 4560 990 4609 est.
1018 4549 1292 4608 Inferioris
1340 4550 1484 4607 enim
1515 4559 1720 4606 natura:
1760 4548 1974 4607 videtur
2016 4547 2121 4606 hoc
2146 4538 2198 4599 D
2224 4558 2307 4606 est
2331 4548 2397 4605 ad
2420 4547 2856 4620 desperationem
2886 4548 3329 4607 contradicentis.

595 4738 677 4812 (ᾖ)
706 4732 795 4812 Eat
820 4748 1053 4812 utroque.

595 4809 679 4882 (2)
705 4810 797 4866 Illi
818 4809 1061 4867 ministri.

525 5019 650 5149 Vlat.
685 5018 812 5148 tbas.
857 5018 1031 5078 codex
1075 5032 1199 5075 cum
1249 5017 1439 5085 Carn.,
1473 5019 1623 5073 ’unus
1672 5026 1746 5073 est
1789 5015 1941 5072 homo
1969 5030 2121 5073 :non

526 5107 564 5149 ι)
584 5107 679 5149 ace
710 5130 725 5147 .

526 5107 725 5166 placet.

599 5187 675 5260 (a)
711 5186 804 5255 Er,
832 5185 981 5259 Lips.
1015 5194 1071 5241 et
1090 5184 1336 5260 Par.,Ain
1375 5195 1596 5260 utroque
1620 5199 1642 5239 :
1680 5184 1812 5241 Bad.
1859 5201 1979 5242 cum
2008 5183 2127 5258 plu-

533 5257 686 5316 ribus
719 5272 854 5314 mss.
883 5257 947 5314 ea:
975 5268 1207 5328 utroque.
1244 5257 1587 5314 Praeferimus
1613 5271 1677 5312 ea:
1716 5274 1833 5313 vero
1871 5274 1995 5314 cum
2041 5272 2131 5313 ve—

532 5329 851 5387 tustioribus
877 5330 1055 5396 Colb.,
1088 5329 1271 5398 Rem.,
1301 5329 1510 5397 Germ.,
1542 5338 1649 5385 etc.

608 5424 684 5496 (lt)
714 5423 773 5479 In
796 5423 1047 5496 vulgatis,
1079 5421 1163 5477 illi
1194 5422 1455 5496 _ministri,
1485 5433 1613 5487 etc.,
1650 5433 1799 5496 tum,
1831 5424 1913 5480 sui
1958 5432 2131 5478 autem

535 5492 749 5566 spiritus
771 5510 791 5548 :
819 5492 911 5549 ubi
938 5493 992 5549 in
1022 5508 1154 5566 mss.
1182 5492 1372 5560 Corb.,
1406 5510 1511 5549 uno
1540 5496 1660 5551 Vat.
1691 5506 1745 5552 et
1770 5494 1945 5561 Prat.,
1969 5505 2019 5550 et
2058 5498 2132 5566 fn-

539 5564 678 5621 ciens
703 5566 914 5639 spiritus
938 5581 957 5620 :
990 5566 1047 5639 in_
1074 5564 1375 5639 aliis_vero_,
1420 5575 1468 5619 et
1494 5567 1696 5639 ueniens
1742 5567 1980 5639 spiritus,
2022 5564 2133 5639 ΔΙιόο

540 5645 650 5711 est,
692 5633 914 5707 spiritus
957 5636 1050 5709 qui
1096 5635 1246 5693 venit
1285 5635 1483 5693 missus
1520 5638 1589 5695 ad
1633 5633 1837 5711 aliquid
1881 5635 2137 5695 nuntian-

541 5707 693 5765 dum.

2304 4735 2384 4811 (3)
2407 4733 2683 4793 Minister-ii
2713 4737 2952 4810 oﬂicium.

2299 5016 2372 5091 (ο)
2405 5016 2522 5072 Duo
2548 5029 2680 5073 mss.
2711 5013 2868 5072 Colb.
2891 5055 2907 5083 ,
2934 5024 2989 5070 ut
3012 5017 3230 5080 nuntiet,
3277 5016 3549 5073 ministerii
3587 5015 3815 5088 oﬂicimtt.

2229 5090 2334 5145 hoc
2362 5088 2670 5145 faventibus
2696 5089 2931 5155 ca-teris,
2958 5088 3101 5159 quod
3152 5103 3319 5159 prope
3362 5104 3555 5145 omnes
3594 5088 3820 5144 habeant

2228 5161 2503 5215 ministerii
2551 5160 2792 5232 ofﬁcium.
2843 5160 3154 5232 Proximum
3197 5160 3502 5232 Psalmisue
3546 5161 3722 5216 locum
3752 5173 3817 5232 ex

2231 5232 2422 5288 Hilarii
2454 5228 2902 5303 interpretatione
2943 5230 3019 5286 ita
3054 5230 3462 5303 intelligendum
3493 5231 3697 5302 liquet:
3731 5228 3820 5297 Qui

2233 5305 2463 5376 spiritus
2491 5314 2538 5376 et
2583 5305 2753 5376 ignem
2796 5313 3026 5358 urentem
3067 5303 3190 5376 facit
3237 5302 3448 5375 angelos
3489 5313 3539 5358 et
3570 5303 3821 5376 ministros

2235 5374 2375 5431 suos.
2421 5374 2577 5432 Unde
2603 5374 2790 5441 sumit,
2822 5389 2918 5430 eos
2947 5375 3168 5444 spiritus
3198 5374 3319 5430 non
3356 5384 3543 5430 natura
3595 5375 3644 5429 id
3687 5387 3819 5435 esse,

2239 5446 2382 5517 quod
2414 5447 2567 5513 ﬁunt,
2601 5460 2697 5501 seu
2726 5445 2872 5517 quod
2897 5447 2978 5501 eis
3000 5447 3113 5517 jam
3141 5446 3453 5503 constitutis
3478 5446 3821 5502 adventitium

2241 5525 2396 5716 :35)
2434 5585 2598 5644 Εάίιίο
2644 5587 2743 5644 Dei
2788 5588 2972 5659 ﬁlium.
3019 5588 3348 5647 Coneinnius
3391 5603 3523 5648 mss.
3569 5586 3736 5646 Deum
3770 5585 3825 5657 [i-

2285 5676 2394 5805 alii
2417 5729 2706 5805 Exemplar
2726 5731 2889 5791 Caro.
2918 5732 3056 5805 quod
3080 5748 3144 5790 ea:
3166 5696 3292 5790 uno.
