3960 6202
181 325 276 382 Hi

1440 323 1529 383 ou
1557 298 1928 387 ruiturus
1967 328 2170 388 LIBER
2212 331 2274 387 v.

3382 341 3490 400 με

177 439 364 497 mundi
405 439 700 513 sapientia,
733 438 1079 511 Opprobrium
1105 440 1306 497 Christi
1335 457 1440 499 non
1470 442 1777 515 intelligens
1807 445 1850 507 Α
1881 447 2091 504 stulam
2138 447 2532 506 benedictionis
2566 450 2730 506 Israel
2778 464 2837 507 es
2886 451 3049 523 (Ibid.
3070 495 3085 521 ,
3113 453 3185 511 28
3210 471 3226 522 ;
3256 456 3357 513 uid.
3390 458 3482 515 Tr.

180 535 270 592 Dei
315 548 443 590 esse
488 534 765 600 virtutem,
808 543 862 590 et
893 534 1174 591 stultitiam
1224 534 1345 590 ﬁdei
1396 550 1501 592 non
1541 538 1782 596 sentiens

180 630 270 686 Dei
304 644 434 685 esse
463 629 824 699 sapientiam!
858 629 998 685 Deus
1025 642 1155 700 ergo
1179 628 1380 687 idcirco
1411 631 1505 687 tibi
1532 631 1782 689 Christus

176 740 282 783 non
310 734 431 793 est,
461 727 587 797 quia
613 726 704 798 qui
736 734 850 782 erat
877 724 1151 793 nascitur,
1184 728 1306 791 quia
1348 728 1436 798 qui
1482 727 1784 783 indemuta-

177 816 296 875 bilis
329 827 416 875 est
442 817 639 875 crescit
667 828 854 879 aetate.
881 818 1005 891 quia
1036 818 1384 891 impassibilis
1408 821 1632 891 patitur,
1658 823 1780 891 quia

176 914 360 967 vivens
388 911 643 981 moritur,
669 908 788 983 quia
822 921 1068 967 mortuus
1096 911 1250 977 vivit,
1276 911 1398 982 quia
1425 913 1606 967 omnia
1636 913 1688 968 in
1716 926 1782 968 eo

176 1013 364 1059 contra
393 1013 642 1060 naturam
668 1002 829 1059 sunt?
853 1000 1004 1074 Rogo
1032 1000 1135 1058 hoc
1160 1003 1287 1073 quid
1312 1002 1457 1059 aliud
1489 1013 1593 1070 est,
1617 1018 1779 1075 quam

176 1095 608 1167 omnipotentem
632 1109 771 1160 esse,
803 1094 945 1165 quod
978 1096 1115 1152 Deus
1145 1095 1275 1151 est?
1300 1094 1546 1151 Nondum
1571 1111 1668 1153 vos
1694 1110 1782 1151 83-

176 1202 264 1246 cra
305 1199 361 1246 et
405 1182 713 1246 veneranda
752 1189 1042 1259 Evangelia
1085 1189 1380 1260 contingo,
1416 1198 1471 1244 ut
1514 1205 1582 1245 ex
1626 1190 1780 1245 vobis

182 1282 335 1357 115
358 1282 613 1340 Christus
650 1278 806 1338 Jesus
849 1284 902 1337 in
929 1280 1014 1338 bis
1043 1282 1382 1352 passionibus
1409 1280 1488 1355 (a)
1517 1283 1657 1338 Dens
1685 1283 1775 1339 sit.

176 1378 254 1433 Ex
287 1379 407 1448 lege
431 1376 579 1433 enim
606 1375 738 1432 estis
763 1394 775 1430 :
800 1384 856 1432 et
881 1383 1096 1448 oportet
1125 1390 1243 1431 eam
1274 1376 1493 1443 docere,
1516 1375 1658 1446 quod
1686 1390 1780 1446 per

175 1481 507 1539 assumptam
550 1468 919 1525 inﬁrmitatem
959 1483 1063 1523 non
1110 1469 1321 1523 amittat
1352 1467 1492 1523 Deus
1520 1480 1659 1532 esse,
1688 1467 1777 1539 qui

176 1561 319 1617 Deus
347 1569 451 1616 est.
479 1561 890 1617 Sacramentum
920 1560 1067 1615 enim
1095 1559 1223 1616 ﬁdei
1246 1566 1463 1628 vestrm,
1493 1560 1780 1633 mysterio-

173 1668 287 1711 rum
315 1665 540 1710 suorum
568 1654 773 1710 virtute
795 1660 987 1709 testata
1018 1662 1123 1708 est.
1606 1678 1611 1681 -

243 1748 330 1805 19.
363 1748 533 1804 Iacob
564 1748 782 1803 intacta
816 1745 986 1802 Deum
1024 1747 1173 1815 vidit,
1216 1763 1319 1802 non
1355 1747 1519 1802 oculis
1543 1745 1779 1818 corporis

1890 539 2038 595 Psat.
2084 557 2181 608 an,
2229 560 2283 597 η.
2321 542 2435 612 21).
2483 542 2739 600 Subditnr
2790 544 2882 600 tibi
2923 547 3218 604 secundum
3264 565 3482 606 carnem

1887 630 2081 699 homo,
2113 633 2179 690 ad
2215 636 2531 707 mysterium
2576 637 2843 707 passionis
2883 639 2939 694 in
2981 655 3146 698 carne
3180 643 3388 700 :Deum
3431 646 3483 701 in

1883 724 2067 779 carnis
2096 724 2409 782 inﬁrmitate
2435 742 2540 782 non
2572 728 2773 795 nescis,
2796 729 2862 784 ad
2884 742 3279 790 sacramentum
3312 736 3482 793 bene-

1884 816 2136 872 dictionis
2167 818 2241 892 (ο)
2272 819 2324 874 in
2374 818 2595 889 Spiritu.
2625 820 2735 877 Nec
2775 821 3061 892 adspectus
3103 825 3326 896 impedit
3355 830 3484 897 quin

1886 908 2019 965 ﬁdes
2058 922 2305 977 maneat;
2339 926 2438 967 nec
2477 912 2763 967 inﬁrmitas
2790 925 2982 969 avocat
3019 916 3147 985 quin
3177 916 3485 975 benedictio

1884 1002 2204 1072 postuletur.
2236 1003 2345 1058 Nec
2376 1004 2535 1058 homo
2570 1002 2650 1076 (d)
2676 1003 2838 1059 eiﬁcit
2858 1044 2875 1071 ,
2907 1006 3032 1076 quin
3058 1008 3147 1077 qui
3176 1007 3336 1063 homo
3366 1020 3480 1075 est,

1886 1096 2029 1153 Deus
2056 1096 2127 1151 sit
2151 1114 2163 1151 :
2187 1110 2286 1152 nec
2313 1098 2400 1168 qui
2438 1098 2580 1153 Deus
2613 1109 2727 1165 est,
2754 1112 2862 1153 non
2898 1099 3040 1155 Dens
3076 1099 3151 1172 (ρ)
3181 1116 3340 1158 verus
3366 1112 3481 1167 est;

1882 1191 2005 1260 quia
2043 1206 2147 1245 non
2191 1199 2368 1260 potest
2402 1206 2510 1246 non
2550 1192 2690 1246 Deus
2720 1207 2881 1248 verus
2910 1207 3054 1259 esse,
3076 1193 3167 1263 qui
3198 1194 3337 1251 Deus
3367 1205 3482 1263 est,

1884 1279 1966 1353 (t)
1997 1292 2052 1337 et
2081 1279 2150 1354 (Ι)
2179 1281 2548 1338 benedicendo
2565 1290 2618 1338 et
2639 1283 2800 1355 116
2821 1283 3194 1341 transferendo
3210 1296 3485 1343 etnuncu-

1879 1372 2186 1475 minio}...
2407 1466 2437 1475 ..
2546 1464 2558 1475 .
2652 1463 2675 1475 -
2776 1465 2874 1475 ..κ
3064 1438 3076 1475 z

1951 1467 2043 1522 20.
2078 1466 2247 1521 Filius
2276 1482 2341 1522 ea:
2364 1466 2471 1521 alia
2508 1464 2616 1521 viso
2637 1463 2797 1522 Iacob
2829 1465 2971 1524 Dens
2995 1463 3141 1523 verus
3172 1468 3476 1525 ostenditur.

1881 1557 2026 1614 Deus
2061 1574 2162 1613 non
2198 1557 2502 1632 intelligitur
2535 1559 2634 1614 nisi
2670 1575 2763 1630 per
2787 1557 2976 1617 Deum.
3005 1588 3078 1601 --
3105 1558 3275 1617 Tenet
3305 1560 3480 1618 adhuc

1879 1654 2207 1709 sacramenti
2246 1653 2546 1724 evangelici
2575 1652 2819 1710 ordinem
2848 1654 2986 1725 legis
3010 1655 3235 1720 umbra,
3268 1666 3323 1713 et
3351 1672 3482 1726 apo-

1881 1747 2087 1801 stolicae
2108 1746 2371 1802 doctrinae
2396 1747 2677 1802 veritatem
2708 1747 2980 1818 mysteriis
3007 1748 3119 1805 suis
3146 1750 3258 1806 veri
3285 1750 3479 1806 :emula

170 1836 258 1896 sed
299 1841 541 1912 fidei.—
578 1840 814 1906 Adesto,
839 1840 1027 1897 adesto
1072 1855 1214 1897 nunc
1252 1854 1464 1897 meeum
1504 1838 1629 1895 ﬁdei
1675 1848 1780 1893 tua:
1811 1842 1859 1903 B
1889 1839 2220 1911 prwﬁgtirat.
2261 1838 2339 1912 (g)
2380 1839 2438 1894 In
2484 1840 2603 1895 visu
2638 1840 2834 1897 somnii
2872 1840 3065 1896 beatus
3097 1840 3267 1898 lacoh
3313 1843 3478 1897 Deum

171 1932 359 2003 spiritu
396 1933 664 1990 adversus
704 1941 968 1989 venenata
1016 1931 1349 1987 inlldelitatis
1380 1930 1560 1997 sibila,
1589 1938 1778 1985 sancte

169 2036 222 2082 et
258 2028 417 2085 beate
462 2027 766 2098 patriarcha
798 2025 984 2087 Jacob.
1015 2037 1069 2082 et
1099 2026 1154 2080 in
1185 2024 1325 2082 lucta
1361 2024 1594 2080 hominis
1624 2025 1775 2079 inva-

168 2118 408 2185 lescens,
456 2116 704 2175 benedici
751 2128 802 2173 tc
831 2118 898 2173 ab
937 2132 1005 2175 eo
1048 2118 1241 2173 fortior
1279 2118 1576 2189 deprecare
1621 2116 1772 2188 (Gen.

168 2224 339 2275 anu,
368 2211 446 2267 ‘26
470 2212 512 2279 ).
546 2210 686 2278 Quid
728 2211 867 2267 istud
899 2220 1015 2276 est,
1057 2211 1203 2281 quod
1247 2210 1576 2266 imbecillum
1616 2225 1772 2278 oras,

166 2301 303 2374 Quod
334 2302 406 2360 ab
434 2302 656 2359 inﬁrmo
685 2304 1010 2374 exspectas?
1041 2301 1194 2359 liunc
1240 2302 1393 2374 cujus
1419 2301 1497 2375 (b)
1523 2303 1779 2360 benedic-

170 2393 342 2451 tiones
384 2409 588 2466 rogas,
615 2395 900 2463 complexu
939 2404 1031 2449 tuo
1072 2395 1299 2450 validior
1328 2394 1505 2451 elidis.
1539 2396 1579 2449 Α
1612 2396 1778 2465 gestis

168 2488 409 2556 corporis
454 2489 567 2554 ttti,
601 2487 799 2544 mentis
837 2498 943 2544 tum
981 2502 1117 2560 Opus
1154 2488 1381 2544 dissidet
1414 2505 1428 2544 :
1456 2488 1599 2544 aliud
1630 2490 1773 2545 enim

169 2595 321 2650 quam
352 2582 478 2652 agis
503 2580 695 2636 sentis.
724 2580 904 2636 Tenes
929 2580 981 2634 in
1006 2590 1160 2652 gestu
1192 2581 1352 2636 lucta
1373 2590 1477 2636 tua:
1498 2581 1771 2636 hominem

168 2673 441 2730 inﬁrmum
480 2688 492 2727 :
524 2674 621 2729 sed
670 2672 759 2730 hic
795 2674 889 2729 tibi
929 2674 1090 2728 homo
1136 2674 1279 2727 Deus
1317 2688 1480 2729 verus
1517 2684 1633 2740 est,
1667 2689 1774 2729 non

168 2780 229 2821 es
256 2767 690 2838 nuncupatione,
717 2765 814 2822 sed
846 2781 910 2822 ex
951 2776 1159 2822 natura.
1190 2765 1306 2820 Non
1330 2767 1474 2821 enim
1506 2766 1775 2836 adoptivis

170 2859 639 2915 bertedictionibns
668 2858 914 2915 benedici
948 2867 1001 2913 te
1031 2859 1289 2928 postulas,
1324 2858 1647 2928 patriarcha,
1676 2857 1775 2913 sed

169 2952 327 3008 veris.
358 2951 502 3006 Cum
538 2950 757 3008 homine
797 2952 1017 3006 laetaris
1045 2969 1058 3006 :
1089 2950 1184 3006 sed
1226 2950 1394 3005 Deum
1437 2950 1570 3004 facie
1603 2950 1669 3004 ad
1703 2951 1776 3004 la-

170 3044 299 3103 clem
336 3044 501 3103 vides
531 3043 729 3115 (Ibid,
769 3044 882 3116 30).
917 3043 1035 3099 Non
1083 3044 1188 3100 hoc
1224 3044 1395 3099 oculis
1426 3043 1499 3098 tui
1529 3046 1774 3114 corporis

170 3143 372 3208 cernis,
404 3140 558 3211 quod
593 3139 711 3196 visu
756 3138 879 3194 ﬁdei
933 3148 1037 3194 tuze
1073 3139 1263 3194 sentis.
1301 3136 1553 3194 Inﬁrmus
1578 3152 1774 3194 secun-

1882 1933 2088 1989 viderat
2113 1932 2267 2007 (Gen.
2304 1948 2510 2001 xxvtu,
2544 1932 2635 2005 15)
2663 1950 2679 1988 :
2704 1934 2759 1988 in
2789 1935 3003 1990 somnio
3033 1934 3357 1990 sacramenti
3391 1951 3481 1989 re-

1880 2026 2080 2081 velatio
2109 2035 2210 2095 est,
2245 2040 2352 2081 non
2394 2025 2692 2096 corporalis
2716 2025 3121 2097 contemplatio.
3152 2024 3285 2082 Nam
3312 2036 3366 2084 et
3390 2044 3485 2096 per

1879 2120 2080 2176 scalam
2107 2120 2401 2175 descensus
2430 2132 2484 2173 et
2514 2117 2816 2175 adscensus
2846 2118 3160 2189 angelorum
3190 2119 3259 2175 ad
3285 2120 3480 2177 coelum

1879 2213 2306 2279 demonstratur,
2338 2221 2392 2267 et
2420 2226 2583 2282 super
2616 2211 2816 2267 scalam
2862 2211 3183 2268 incumbens
3213 2212 3352 2267 Deus
3389 2229 3480 2266 os-

1881 2307 2137 2371 tenditur,
2167 2314 2224 2361 et
2247 2305 2621 2373 interpretatio
2648 2304 2889 2368 visionis,
2916 2305 3299 2362 revelationem
3330 2323 3481 2362 sum-

1880 2401 1956 2456 nii
1984 2400 2343 2471 prophetarit.
2373 2399 2507 2455 Nam
2537 2398 2856 2468 patriarchae
2883 2398 3065 2466 dictis,
3096 2410 3143 2453 et
3170 2399 3353 2454 domus
3383 2397 3482 2457 Dei

1880 2500 1927 2548 et
1947 2501 2098 2565 porta
2122 2492 2235 2546 casti
2265 2491 2414 2546 locus
2436 2505 2557 2545 esse
2589 2490 2677 2545 hic
2703 2489 2927 2545 visionis
2955 2488 3261 2546 ostenditur
3283 2492 3475 2560 (llud,

1881 2584 1991 2658 17).
2023 2587 2087 2640 Et
2115 2592 2236 2655 post
2263 2585 2486 2639 multam
2513 2591 2789 2655 gestorum
2820 2583 2940 2653 ejus
2967 2582 3365 2641 enarrationem
3394 2602 3482 2642 sc-

1876 2678 2094 2748 quitur:
2120 2676 2265 2733 Dixit
2311 2687 2483 2733 autent
2530 2674 2670 2732 Deus
2714 2678 2786 2731 ad
2828 2676 3013 2740 Jacob,
3046 2694 3198 2749 surge
3220 2677 3299 2750 (2)
3326 2676 3405 2750 (lt)
3435 2687 3483 2733 et

1876 2770 2131 2825 adscende
2173 2772 2227 2825 in
2258 2772 2426 2825 locum
2462 2766 2661 2835 Bethel,
2692 2777 2743 2824 et
2774 2768 2946 2823 habita
2972 2768 3066 2835 ibi,
3094 2779 3143 2824 et
3192 2770 3253 2841 (i)
3284 2771 3370 2841 [ac
3413 2771 3482 2824 ibi

1875 2864 2188 2935 sacrificium
2221 2863 2325 2919 Deo
2350 2903 2365 2928 ,
2397 2865 2485 2934 qui
2515 2865 2653 2917 nisus
2680 2872 2756 2918 est
2787 2863 2876 2917 tibi
2902 2878 3019 2916 cunt
3050 2864 3311 2918 recedens
3336 2881 3367 2916 a
3393 2863 3478 2932 [a-

1875 2959 1951 3013 cie
1976 2958 2117 3014 Esau
2138 2958 2293 3028 (Gen.
2312 2973 2477 3026 xxxv,
2501 2956 2571 3029 l).
2601 2955 2659 3012 Si
2689 2956 2998 3026 evangelica
3028 2955 3162 3011 ﬁdes
3194 2971 3287 3025 per
3310 2956 3479 3011 Deum

1875 3051 2043 3106 lilium
2076 3050 2142 3106 ad
2173 3049 2343 3106 Deum
2378 3060 2584 3121 patrem
2612 3048 2686 3122 (j)
2718 3047 2879 3103 habet
2908 3047 3137 3115 aditum,
3166 3055 3223 3103 et
3249 3063 3355 3103 non
3377 3062 3478 3120 po-

1876 3149 1980 3197 test
2010 3142 2148 3195 Deus
2178 3142 2281 3197 nisi
2305 3154 2400 3212 per
2422 3140 2589 3196 Deum
2619 3140 2872 3210 intelligi;
2903 3154 3045 3194 nunc
3072 3139 3234 3207 Deus,
3264 3139 3354 3210 qui
3377 3139 3478 3195 ho-

171 3233 289 3291 dnm
321 3244 377 3292 te
413 3237 586 3290 homo
615 3245 739 3290 est:
762 3231 857 3289 scd
906 3235 1084 3288 anima
1135 3240 1223 3288 tua
1266 3232 1563 3289 secundum
1596 3232 1768 3287 visum
1796 3237 1839 3298 C
1877 3249 2063 3290 norem
2088 3234 2199 3291 Deo
2232 3234 2563 3289 incumbenti
2594 3233 2647 3288 in
2671 3232 2872 3288 scalam
2901 3231 3028 3289 coeli
3060 3233 3311 3300 postulat,
3343 3231 3481 3288 doce

174 3329 329 3385 Deum
370 3329 583 3385 salvata
620 3337 723 3385 est.
747 3326 915 3384 Jacob
955 3328 1007 3383 in
1042 3328 1184 3384 lucta
1214 3343 1273 3384 cs
1298 3344 1311 3381 :
1336 3336 1459 3398 post
1489 3324 1646 3383 ﬁdem
1682 3342 1775 3399 po-

239 3489 317 3562 (1)
351 3488 420 3544 Et
448 3488 699 3544 benedici:
728 3487 1094 3559 nuncupanda.

237 3628 309 3701 (a)
338 3624 645 3701 Inhcodice
688 3624 811 3701 Vat.
851 3624 1174 3701 bas.,__ver_us
1219 3618 1361 3701 Deus
1407 3619 1493 3701 sit.
1522 3618 1657 3701 Tum
1702 3619 1770 3701 dc

176 3692 474 3770 Evangeliis
501 3713 598 3770 cur
613 3696 963 3770 (subjiciatur,
987 3692 1074 3749 Ea:
1099 3694 1208 3770 lege
1225 3695 1361 3748 enim
1397 3694 1538 3770 estis,
1563 3692 1688 3770 haec
1716 3694 1768 3747 in

174 3763 350 3826 Matth:
395 3782 522 3838 cap.
554 3769 645 3828 27.
678 3763 739 3822 ιιξ
789 3768 878 3833 l0,
912 3763 1204 3838 repetenda
1232 3775 1316 3838 est
1343 3765 1518 3838 ratio:
1555 3763 1692 3819 Nam
1723 3775 1771 3818 et

175 3843 408 3897 adventus
431 3836 484 3896 et
508 3842 683 3913 passio
714 3842 824 3912 ejus
855 3836 1102 3913 (Christi)
1132 3854 1195 3913 erg
1219 3837 1327 3906 lege
1351 3846 1422 3890 est
1451 3851 1469 3901 ;
1500 3837 1569 3913 ita
1603 3845 1676 3913 ut
1689 3838 1768 3913 {a-

174 3915 287 3979 cile,
320 3902 598 3980 inquit'S.
634 3902 763 3975 Leo',
789 3902 952 3964 serm.
982 3925 1032 3973 ι,
1064 3902 1131 3963 de
1161 3902 1378 3980 Petitec.
1403 3947 1418 3972 ,
1448 3922 1496 3980 (ὲ
1528 3906 1549 3961 ‘l
1584 3925 1596 3960 :
1630 3902 1768 3980 Diti-7

172 3977 284 4053 gens
327 3977 645 4039 christianus
707 3990 952 4055 agnoscat
968 4023 993 4055 ,_
1024 3980 1187 4055 initia
1209 3978 1389 4033 veteris
1449 3977 1764 4055 Testamenti

173 4048 809 4139 strangelicis.ministrasse
831 4050 1260 4139 pt'i.ttcipiis.mlloc
1289 4059 1369 4105 est
1389 4050 1531 4139 quod
1559 4049 1633 4103 ait
1653 4048 1762 4131 Au:

173 4119 408 4191 guStinus
453 4127 521 4182 de
568 4123 971 4179 catechizaudis
1000 4119 1275 4183 rudibus,
1302 4136 1352 4175 c.
1393 4119 1427 4171 Α
1465 4119 1569 4173 :ln
1610 4122 1762 4175 veteri

176 4195 486 4254 Testamento
525 4205 601 4251 est
629 4196 899 4250 occultatio
938 4195 1076 4258 novi,
1106 4193 1159 4246 in
1185 4209 1313 4247 novo
1338 4191 1662 4246 Testamento
1688 4202 1761 4246 est

173 4272 512 4340 manifestatio
557 4269 860 4340 asterisgct
903 4276 1096 4340 qumst.
1141 4264 1243 4340 3‘5.
1269 4279 1433 4329 super
1478 4260 1639 4340 ᾖξε-11ης
1665 4279 1716 4318 at
1742 4306 1756 4327 ,

173 4354 225 4393 tt.
255 4343 277 4396 1
307 4333 319 4395 Ξ
346 4340 544 4395 Eadem
580 4333 771 4411 quippe
804 4345 927 4411 sunt
953 4334 1183 4411 in_veteri
1226 4345 1270 4390 et
1294 4350 1451 4411 nova,
1477 4333 1549 4411 ibi
1563 4335 1760 4411 Δοὸιωη-

175 4411 326 4478 bruta,
357 4415 440 4466 hic
482 4402 748 4474 rere-luta;
776 4409 843 4463 ibi
880 4404 1216 4479 prteﬁgurata
1236 4447 1252 4473 ,
1284 4402 1366 4479 Itic
1412 4403 1756 4479 manifestata.

171 4479 279 4537 Non
312 4474 423 4537 alio
464 4497 628 4539 sensu
678 4474 921 4549 proxime
971 4474 1125 4549 habet
1153 4476 1420 4532 Hilarius:
1448 4474 1759 4549 Sacramen-

173 4561 271 4609 llnt
290 4557 421 4609 enim
448 4554 572 4623 ﬁdei
612 4548 791 4607 vestra:
828 4548 1186 4632 mysteriorum
1209 4565 1420 4632 suorum
1433 4548 1639 4632 'virtnte
1662 4557 1761 4600 tes-

1884 3324 2027 3381 nnde
2061 3339 2167 3380 non
2209 3339 2369 3381 verus
2404 3325 2491 3380 sit.
2530 3325 2638 3379 Aut
2666 3337 2786 3393 quae
2816 3323 2871 3377 in
2903 3329 3132 3393 utroque
3160 3331 3367 3379 naturae
3396 3321 3480 3378 di-

1950 3484 2030 3558 (2)
2061 3484 2341 3540 Descende.

1881 3620 2131 3690 Plerique
2156 3619 2256 3675 alii
2299 3619 2419 3675 libri
2465 3619 2553 3674 hic
2594 3619 2821 3676 multum
2851 3619 3083 3676 variant.
3123 3621 3301 3680 Editio
3344 3625 3475 3685 Bad.

1879 3707 2001 3747 cum
2034 3707 2163 3746 mss.
2195 3691 2356 3747 Vind.
2387 3707 2450 3746 ac
2498 3692 2721 3763 llemig.
2754 3691 2945 3763 habet,
2976 3703 3025 3747 et
3055 3691 3306 3751 benedicit
3341 3716 3479 3754 nun-

1879 3765 2135 3834 cupanda.
2173 3763 2462 3830 Exemplar
2488 3762 2919 3832 Silvrc'Majuris,
2954 3773 2999 3818 et
3031 3764 3281 3821 benedicit
3308 3777 3481 3823 trans-

1879 3833 2180 3906 ferendodet
2216 3835 2582 3906 nuncupanda.
2630 3834 2818 3906 Corb.,
2858 3834 3029 3898 Prat.,
3077 3835 3275 3901 Faur.,
3319 3841 3476 3898 Colb.

1876 3904 2014 3978 eum
2047 3904 2177 3978 edit.
2225 3907 2317 3961 Er.
2344 3916 2399 3961 et
2438 3905 2608 3978 Lips,
2632 3905 2904 3978 Abenedicit
2938 3911 3254 3978 transferens
3284 3928 3481 3968 nuncet-

1875 3975 2068 4052 pando.
2103 3976 2192 4052 llis
2218 3977 2563 4052 cernentium
2592 3976 2728 4052 alter
2752 3975 3098 4052 ins.Colb.‘ct
3128 3995 3265 4036 unus
3290 3982 3474 4052 Snrb.,

1875 4044 1975 4101 nisi
2001 4047 2372 4123 quodaddnnt
2402 4062 2449 4123 te
2479 4057 2596 4116 post
2627 4045 2895 4123 benedieit.
2923 4048 2979 4123 In
3007 4044 3229 4104 Carnut.
3249 4068 3277 4105 a
3304 4044 3471 4123 prima

1872 4134 2031 4173 manu
2064 4119 2255 4188 legitur
2281 4120 2571 4183 mendose,
2601 4130 2647 4171 et
2684 4118 2960 4173 benediced
3000 4118 3317 4186 transfersn'
3339 4140 3474 4180 nitn-

1871 4192 2111 4262 cupando
2143 4206 2217 4262 :_a
2247 4190 2686 4262 socmida‘autetn
2709 4203 3012 4245 correctum
3035 4202 3116 4262 est
3143 4203 3198 4245 ut
3224 4195 3273 4246 in
3303 4207 3470 4262 textu,

1871 4258 2143 4329 (lliOllIOd'l
2168 4258 2361 4331 legitur
2389 4258 2440 4314 in
2473 4259 2595 4313 Par.
2620 4275 2831 4331 (necnon
2862 4262 2914 4314 in
2942 4277 3045 4315 ms.
3075 4261 3191 4319 Vat.
3222 4264 3361 4325 bus.,
3394 4258 3472 4320 al;

1873 4341 1989 4387 tero
2020 4331 2171 4386 Coll».
2207 4330 2260 4385 et
2290 4331 2492 4400 aliquot
2541 4330 2679 4385 aliis.
2712 4330 2827 4385 Non
2858 4331 3175 4397 displiceret
3198 4377 3211 4396 ,
3243 4348 3291 4391 ct
3322 4336 3474 4393 bene-

1868 4403 1995 4457 dicit
2028 4401 2196 4457 Israel
2237 4400 2602 4466 nuncupanda.
2632 4402 2737 4456 Sed
2769 4402 3024 4472 quidquid
3052 4405 3152 4468 sit,
3187 4407 3271 4461 illa
3302 4410 3469 4465 liene-

1866 4473 2031 4529 dictio
2072 4474 2286 4546 ponitur
2311 4472 2362 4546 in
2395 4474 2747 4546 translatione
2777 4489 2839 4528 ac
2880 4474 3175 4531 mutatione
3203 4480 3459 4546 nominis,

1866 4561 1967 4614 qun
2013 4542 2083 4599 ex’
2125 4542 2291 4599 Jzicoh
2336 4544 2495 4599 lsrael
2530 4555 2904 4613 nuncupatur:
2933 4548 3066 4612 Quia
3097 4547 3270 4605 Israel
3299 4542 3465 4605 Dauni

174 4634 268 4711 tata
294 4614 539 4711 εξελιρυο
577 4632 788 4694 Spectat
808 4614 1100 4702 etinitium
1130 4636 1277 4711 pum:
1307 4618 1400 4673 2³).
1433 4616 1545 4673 Lex
1576 4628 1754 4699 autem
1790 4648 1840 4711 ο
1866 4616 2156 4711 vidensusit,
2183 4625 2239 4670 ut
2258 4614 2464 4711 ldicitur
2484 4615 2536 4711 ip
2572 4616 2701 4701 psal.
2739 4631 2830 4683 LII,
2864 4631 2920 4671 η.
2954 4618 3045 4700 21.

170 4696 315 4754 ducet
350 4690 545 4752 Filium
579 4690 674 4764 per
697 4703 1026 4760 assumptam
1070 4691 1432 4764 inﬁrmitatem
1461 4704 1566 4764 non
1596 4690 1757 4764 amit-

174 4775 276 4822 tere
308 4767 447 4837 qnod
484 4759 624 4832 erat,
653 4780 775 4820 cum
818 4779 974 4831 eum,
1003 4765 1101 4837 etsi
1141 4760 1193 4816 in
1236 4761 1410 4837 aliena
1455 4772 1509 4814 et
1547 4759 1756 4815 inﬁrma

172 4833 362 4905 specie.
396 4842 560 4893 Deum
588 4846 769 4893 tamen
792 4845 846 4891 et
867 4833 1204 4905 agn0scit.et
1237 4834 1535 4899 proﬁtetur.

233 4908 307 4981 (ι)
343 4910 417 4965 Ita
446 4924 580 4964 mss.
608 4911 680 4963 At
706 4905 859 4974 editi,
889 4904 1287 4960 benedictionem
1311 4918 1502 4978 regas;
1528 4912 1581 4958 et
1608 4914 1751 4965 mox,

170 4982 576 5055 minantis-
755 5049 765 5055 .
997 5046 1078 5055 ..
1412 5054 1415 5055 ,
1574 5043 1607 5055 ._
1671 5042 1720 5055 ..

232 5050 303 5124 (ρ)
336 5043 594 5124 Ut'supra
623 5047 1034 5124 nornine‘carnis
1066 5046 1299 5124 humana
1332 5054 1541 5124 natura,
1574 5043 1643 5124 ita
1670 5043 1759 5100 hic

171 5114 336 5192 divina
372 5123 425 5179 in
463 5114 653 5192 spiritu
688 5119 1021 5191 signiﬁcatur
1045 5119 1329 5192 :__a_deo_nt_
1356 5114 1546 5180 Jacoh,
1583 5117 1751 5192 bene-

170 5191 441 5249 dictionem
476 5186 1015 5263 peteudufnatnram
1048 5189 1195 5263 illius
1224 5188 1458 5263 divinam
1493 5186 1715 5263 prodide
1735 5213 1748 5225 -

170 5263 252 5333 fit,
268 5281 423 5333 quem
448 5255 503 5320 in
538 5255 756 5320 homine
777 5261 1035 5318 cernebat
1059 5262 1356 5333 inﬁrmum.
1374 5255 1587 5333 iuverit
1609 5258 1750 5313 hunc

172 5329 337 5392 tom
365 5352 484 5393 cum
525 5337 699 5391 altero
726 5341 882 5387 tract.
914 5333 1051 5403 psal.
1081 5348 1173 5397 LII,
1206 5350 1260 5385 n.
1288 5330 1381 5396 21.
1406 5329 1673 5403 conferre.

240 5405 316 5479 (ἀ)
341 5407 455 5463 Vat.
492 5410 771 5479 bas._ms.,
800 5420 891 5458 nec
915 5399 1113 5479 ἸιρηιρΔ
1138 5402 1392 5479 inﬁr_i_nus_
1411 5401 1598 5469 ofﬁcit,
1622 5399 1753 5479 _quin

175 5471 257 5563 σιξ
279 5471 435 5563 ῥοσκο
469 5488 581 5547 est,
612 5477 755 5532 Deus
804 5492 906 5532 non
947 5476 1032 5531 sit.
1072 5471 1202 5531 Non
1235 5472 1486 5545 displicet
1529 5471 1753 5527 verbum

240 5558 333 5693 ιδ).
347 5621 441 5676 Ils.
488 5616 607 5693 vat.
660 5619 803 5684 bas.,
830 5633 969 5693 unus
1001 5617 1188 5693 9011).,
1220 5610 1408 5682 Carn.,
1440 5612 1581 5668 Deus
1611 5628 1758 5667 verus

178 5684 261 5743 sit:
282 5684 633 5748 Retinendum
664 5705 786 5745 cum
817 5690 960 5754 aliis,
990 5684 1131 5744 Deus
1152 5705 1299 5744 ceras
1328 5696 1422 5742 est.

216 5760 313 5835 ’(Ῑ)
346 5762 518 5819 Verba
562 5771 613 5818 et
658 5761 1001 5817 benedicendo
1029 5770 1078 5816 et
1104 5758 1460 5887 trttnséerendo
1484 5764 1531 5810 et
1556 5770 1753 5808 nuncu-

216 5835 362 5887 ondo.
387 5850 488 5887 non
524 5832 687 5887 habet
710 5832 941 5887 ootimus
961 5828 1130 5887 codex
1146 5830 1239 5887 Col
1285 5872 1323 5887 ..
1339 5845 1545 5887 necnon
1568 5825 1753 5882 Germ.

187 5825 362 5901 pondo,
387 5850 488 5890 non
524 5832 687 5889 habet
710 5832 941 5902 optimus
961 5828 1130 5889 codex
1146 5825 1323 5899 Colb.,
1339 5845 1545 5887 necnon
1568 5825 1755 5882 Germ.

1938 4688 2013 4761 (g)
2039 4690 2160 4742 Sola
2206 4687 2370 4744 editio
2413 4684 2565 4751 Bad.,
2595 4687 2647 4742 in
2692 4704 2789 4743 usu
2838 4690 3045 4743 somni:
3074 4688 3227 4753 alim,
3260 4692 3315 4745 in
3354 4693 3464 4748 visu

1863 4760 2030 4814 somni
2053 4776 2071 4813 :
2095 4760 2422 4830 castigantur
2444 4773 2509 4813 ex
2539 4772 2670 4814 mss.

1938 4851 2017 4925 (It)
2049 4852 2216 4925 B:td._,
2262 4850 2354 4905 Er.
2401 4860 2455 4905 et
2492 4850 2645 4925 Lips.
2677 4860 2902 4925 unguen
2958 4866 3091 4909 mss.
3133 4852 3255 4909 Vat.
3311 4854 3460 4923 has.,

1864 4916 2052 4986 Carn.,
2080 4923 2269 4988 Corb.,
2302 4932 2433 4989 etc.,
2466 4916 2735 4977 descende.
2760 4916 3076 4977 Relincmus
3103 4938 3223 4979 cum
3258 4925 3378 4981 Par.
3409 4916 3465 4985 et

1864 4999 2070 5069 optimo
2115 4993 2320 5069 codice
2344 4992 2535 5059 Colb.,
2576 4993 2851 5049 adscendc.
2883 4994 2973 5049 Sic
3020 4994 3110 5050 lib.
3146 5011 3233 5063 tv,
3263 5012 3319 5053 η.
3356 4999 3459 5069 28,

1866 5064 2100 5137 Surgens
2130 5066 2370 5120 ascende.

1931 5157 1994 5228 (ὅ)
2022 5157 2094 5211 Ita
2125 5173 2255 5212 mss.
2284 5156 2387 5209 nisi
2414 5154 2637 5228 quodin
2666 5155 2967 5222 exetnplari
2996 5152 3117 5228 Vat.
3154 5156 3269 5213 has.
3310 5170 3365 5216 et
3404 5162 3456 5216 in

1854 5226 2148 5299 unoColh.
2183 5228 2409 5297 legitur,
2441 5228 2524 5294 fac
2549 5226 2622 5299 ibi
2659 5228 2960 5299 sacrarium.
3008 5227 3063 5282 In
3103 5229 3329 5299 vulgatis
3358 5249 3458 5289 att-

1856 5310 2008 5374 tenr,
2032 5297 2161 5374 utier
2188 5296 2518 5374 sacri/ieiuni.
2549 5296 2713 5374 Paulo
2741 5297 2901 5374 aliter
2931 5299 3017 5374 hic
3047 5296 3222 5374 locus,
3258 5302 3347 5357 lib.
3382 5320 3456 5374 iv,

1855 5384 1912 5443 η).
1943 5370 2047 5437 28,
2074 5372 2154 5443 sic
2180 5367 2410 5443 refertur
2434 5385 2449 5421 :
2480 5367 2663 5443 fncgibt
2707 5368 2950 5443 altarium
2978 5368 3087 5425 Dea
3107 5372 3195 5440 qui
3216 5367 3460 5443 apparuit

1863 5440 2159 5507 tibimuod
2203 5439 2402 5511 indicio
2448 5449 2532 5493 est
2579 5439 2835 5495 Hilarium
2890 5457 3034 5511 saepe
3084 5439 3149 5499 ex
3199 5439 3459 5502 memoria

1860 5512 2167 5584 Scripturas
2198 5510 2421 5567 referre.

1935 5606 2004 5681 (λ)
2043 5606 2138 5662 Hic
2182 5605 2465 5681 respicitur
2503 5604 2632 5659 illud
2679 5604 2984 5681 Joan._xtv_,
3015 5608 3089 5681 67:
3126 5608 3295 5666 Nemo
3324 5613 3459 5667 venit

1862 5676 2173 5748 ad"Patr_em
2216 5676 2313 5731 nisi
2354 5692 2444 5748 per
2472 5690 2571 5740 me,
2600 5690 2807 5748 necnon
2841 5678 2981 5734 istud
3022 5679 3202 5734 Matth.
3234 5698 3308 5746 xl,
3338 5684 3407 5739 27
3443 5701 3454 5713 ·

1865 5747 2048 5876 ἔγεᾳυε
2073 5746 2277 5876 P'alrem
2298 5746 2412 5821 quis
2437 5749 2571 5803 novit
2600 5749 2698 5804 nisi
2719 5747 2916 5819 Filius,
2940 5762 2991 5805 et
3016 5754 3102 5807 cui
3126 5751 3341 5808 valuerit
3366 5753 3461 5808 Fi-

1887 5838 1965 5877 tus
1994 5834 2109 5876 ret'e
2132 5837 2238 5876 are.
