  <div class='ocr_page' id='page_1' title='image "/cluster/home/n/w/nwhite01/storage/ocr_20150623/10/uva.x000826522/080.png"; bbox 0 0 3960 6202; ppageno 0'>
   <div class='ocr_carea' id='block_1_1' title="bbox 160 259 262 317">
    <p class='ocr_par' dir='ltr' id='par_1_1' title="bbox 160 259 262 317">
     <span class='ocr_line' id='line_1_1' title="bbox 160 259 262 317; baseline -0.039 0"><span class='ocrx_word' id='word_1_1' title='bbox 160 259 262 317; x_wconf 73' lang='lat'><strong>“5</strong></span> 
     </span>
    </p>
   </div>
   <div class='ocr_carea' id='block_1_2' title="bbox 1377 269 2242 333">
    <p class='ocr_par' dir='ltr' id='par_1_2' title="bbox 1377 269 2242 333">
     <span class='ocr_line' id='line_1_2' title="bbox 1377 269 2242 333; baseline 0.008 -8"><span class='ocrx_word' id='word_1_2' title='bbox 1377 269 1465 326; x_wconf 82' lang='lat' dir='ltr'><strong>DE</strong></span> <span class='ocrx_word' id='word_1_3' title='bbox 1504 269 1879 330; x_wconf 82' lang='lat' dir='ltr'><strong>TRINITATE</strong></span> <span class='ocrx_word' id='word_1_4' title='bbox 1910 273 2117 331; x_wconf 83' lang='lat' dir='ltr'><strong>LIBER</strong></span> <span class='ocrx_word' id='word_1_5' title='bbox 2176 275 2242 333; x_wconf 85' lang='lat' dir='ltr'><strong>V.</strong></span> 
     </span>
    </p>
   </div>
   <div class='ocr_carea' id='block_1_3' title="bbox 3352 293 3455 350">
    <p class='ocr_par' dir='ltr' id='par_1_3' title="bbox 3352 293 3455 350">
     <span class='ocr_line' id='line_1_3' title="bbox 3352 293 3455 350; baseline 0 0"><span class='ocrx_word' id='word_1_6' title='bbox 3352 293 3455 350; x_wconf 70' lang='grc'><strong>146</strong></span> 
     </span>
    </p>
   </div>
   <div class='ocr_carea' id='block_1_4' title="bbox 161 381 3456 477">
    <p class='ocr_par' dir='ltr' id='par_1_4' title="bbox 161 381 3456 477">
     <span class='ocr_line' id='line_1_4' title="bbox 161 381 3456 477; baseline 0.008 -41"><span class='ocrx_word' id='word_1_7' title='bbox 161 390 266 436; x_wconf 89' lang='lat' dir='ltr'><strong>tem</strong></span> <span class='ocrx_word' id='word_1_8' title='bbox 297 381 426 436; x_wconf 92' lang='lat' dir='ltr'><strong>adiit</strong></span> <span class='ocrx_word' id='word_1_9' title='bbox 467 383 485 455; x_wconf 94' lang='lat'>(</span> <span class='ocrx_word' id='word_1_10' title='bbox 517 381 656 438; x_wconf 81' lang='lat' dir='ltr'><strong>Ibid.</strong></span> <span class='ocrx_word' id='word_1_11' title='bbox 705 384 775 439; x_wconf 69' lang='lat'><strong>24</strong></span> <span class='ocrx_word' id='word_1_12' title='bbox 798 386 846 458; x_wconf 89' lang='lat'><strong>);</strong></span> <span class='ocrx_word' id='word_1_13' title='bbox 879 385 1182 441; x_wconf 88' lang='lat' dir='ltr'><strong>divinorum</strong></span> <span class='ocrx_word' id='word_1_14' title='bbox 1231 397 1283 441; x_wconf 89' lang='lat' dir='ltr'><strong>et</strong></span> <span class='ocrx_word' id='word_1_15' title='bbox 1319 389 1618 445; x_wconf 72' lang='lat' dir='ltr'><strong>cmlestium</strong></span> <span class='ocrx_word' id='word_1_16' title='bbox 1659 405 1747 444; x_wconf 49' lang='lat' dir='ltr'><strong>sa.</strong></span> <span class='ocrx_word' id='word_1_17' title='bbox 1781 394 1825 452; x_wconf 82' lang='grc' dir='ltr'><strong>Α</strong></span> <span class='ocrx_word' id='word_1_18' title='bbox 1859 391 2024 448; x_wconf 89' lang='lat' dir='ltr'><strong>Deum</strong></span> <span class='ocrx_word' id='word_1_19' title='bbox 2049 393 2138 450; x_wconf 78' lang='lat' dir='ltr'><strong>lex</strong></span> <span class='ocrx_word' id='word_1_20' title='bbox 2175 396 2552 465; x_wconf 91' lang='lat' dir='ltr'><strong>essetlocuta;</strong></span> <span class='ocrx_word' id='word_1_21' title='bbox 2587 407 2643 454; x_wconf 91' lang='lat' dir='ltr'><strong>ut</strong></span> <span class='ocrx_word' id='word_1_22' title='bbox 2673 410 2920 458; x_wconf 90' lang='lat' dir='ltr'><strong>naturam</strong></span> <span class='ocrx_word' id='word_1_23' title='bbox 2950 405 3187 460; x_wconf 85' lang='lat' dir='ltr'><strong>nominis</strong></span> <span class='ocrx_word' id='word_1_24' title='bbox 3207 420 3303 477; x_wconf 90' lang='lat' dir='ltr'><strong>per</strong></span> <span class='ocrx_word' id='word_1_25' title='bbox 3327 423 3456 464; x_wconf 89' lang='lat' dir='ltr'><strong>aue-</strong></span> 
     </span>
    </p>
   </div>
   <div class='ocr_carea' id='block_1_5' title="bbox 157 479 1752 550">
    <p class='ocr_par' dir='ltr' id='par_1_5' title="bbox 157 479 1752 550">
     <span class='ocr_line' id='line_1_5' title="bbox 157 479 1752 550; baseline 0.006 -22"><span class='ocrx_word' id='word_1_26' title='bbox 157 485 554 530; x_wconf 88' lang='lat' dir='ltr'><strong>crameutnrum</strong></span> <span class='ocrx_word' id='word_1_27' title='bbox 605 479 967 547; x_wconf 75' lang='lat' dir='ltr'><strong>cognitionem</strong></span> <span class='ocrx_word' id='word_1_28' title='bbox 1018 479 1370 550; x_wconf 93' lang='lat' dir='ltr'><strong>quadraginta</strong></span> <span class='ocrx_word' id='word_1_29' title='bbox 1433 481 1641 536; x_wconf 90' lang='lat' dir='ltr'><strong>dierum</strong></span> <span class='ocrx_word' id='word_1_30' title='bbox 1689 496 1752 538; x_wconf 90' lang='lat' dir='ltr'><strong>ac</strong></span> 
     </span>
    </p>
   </div>
   <div class='ocr_carea' id='block_1_6' title="bbox 158 567 1754 644">
    <p class='ocr_par' dir='ltr' id='par_1_6' title="bbox 158 567 1754 644">
     <span class='ocr_line' id='line_1_6' title="bbox 158 567 1754 644; baseline 0.006 -24"><span class='ocrx_word' id='word_1_31' title='bbox 158 567 392 621; x_wconf 92' lang='lat' dir='ltr'><strong>noctium</strong></span> <span class='ocrx_word' id='word_1_32' title='bbox 421 577 662 638; x_wconf 88' lang='lat' dir='ltr'><strong>tempore</strong></span> <span class='ocrx_word' id='word_1_33' title='bbox 687 568 914 638; x_wconf 90' lang='lat' dir='ltr'><strong>adeptus</strong></span> <span class='ocrx_word' id='word_1_34' title='bbox 955 579 1066 635; x_wconf 91' lang='lat' dir='ltr'><strong>est,</strong></span> <span class='ocrx_word' id='word_1_35' title='bbox 1091 572 1270 626; x_wconf 81' lang='lat' dir='ltr'><strong>omnia</strong></span> <span class='ocrx_word' id='word_1_36' title='bbox 1303 573 1596 628; x_wconf 85' lang='lat' dir='ltr'><strong>secundum</strong></span> <span class='ocrx_word' id='word_1_37' title='bbox 1632 589 1754 644; x_wconf 82' lang='lat' dir='ltr'><strong>spe-</strong></span> 
     </span>
    </p>
   </div>
   <div class='ocr_carea' id='block_1_7' title="bbox 157 659 1754 738">
    <p class='ocr_par' dir='ltr' id='par_1_7' title="bbox 157 659 1754 738">
     <span class='ocr_line' id='line_1_7' title="bbox 157 659 1754 738; baseline 0.005 -24"><span class='ocrx_word' id='word_1_38' title='bbox 157 659 288 714; x_wconf 83' lang='lat' dir='ltr'><strong>ciem</strong></span> <span class='ocrx_word' id='word_1_39' title='bbox 337 669 574 714; x_wconf 77' lang='lat' dir='ltr'><strong>Ostensa:</strong></span> <span class='ocrx_word' id='word_1_40' title='bbox 606 661 706 715; x_wconf 91' lang='lat' dir='ltr'><strong>sibi</strong></span> <span class='ocrx_word' id='word_1_41' title='bbox 741 663 792 716; x_wconf 93' lang='lat' dir='ltr'><strong>in</strong></span> <span class='ocrx_word' id='word_1_42' title='bbox 842 674 1026 718; x_wconf 91' lang='lat' dir='ltr'><strong>monte</strong></span> <span class='ocrx_word' id='word_1_43' title='bbox 1073 663 1319 719; x_wconf 84' lang='lat' dir='ltr'><strong>veritatis</strong></span> <span class='ocrx_word' id='word_1_44' title='bbox 1367 666 1754 738; x_wconf 73' lang='grc' dir='ltr'><strong>ἰιιςιὶῑιιίῑ.·ρθι·</strong></span> 
     </span>
    </p>
   </div>
   <div class='ocr_carea' id='block_1_8' title="bbox 156 752 1752 826">
    <p class='ocr_par' dir='ltr' id='par_1_8' title="bbox 156 752 1752 826">
     <span class='ocr_line' id='line_1_8' title="bbox 156 752 1752 826; baseline 0.004 -20"><span class='ocrx_word' id='word_1_45' title='bbox 156 752 570 807; x_wconf 75' lang='lat' dir='ltr'><strong>familiaritatem</strong></span> <span class='ocrx_word' id='word_1_46' title='bbox 611 754 880 824; x_wconf 88' lang='lat' dir='ltr'><strong>loquentis</strong></span> <span class='ocrx_word' id='word_1_47' title='bbox 909 755 977 809; x_wconf 88' lang='lat' dir='ltr'><strong>ad</strong></span> <span class='ocrx_word' id='word_1_48' title='bbox 1023 771 1082 809; x_wconf 89' lang='lat' dir='ltr'><strong>se</strong></span> <span class='ocrx_word' id='word_1_49' title='bbox 1112 756 1237 821; x_wconf 91' lang='lat' dir='ltr'><strong>Dei,</strong></span> <span class='ocrx_word' id='word_1_50' title='bbox 1281 757 1508 826; x_wconf 82' lang='lat' dir='ltr'><strong>gloriam</strong></span> <span class='ocrx_word' id='word_1_51' title='bbox 1537 759 1752 813; x_wconf 86' lang='lat' dir='ltr'><strong>clarita-</strong></span> 
     </span>
    </p>
   </div>
   <div class='ocr_carea' id='block_1_9' title="bbox 159 845 1750 920">
    <p class='ocr_par' dir='ltr' id='par_1_9' title="bbox 159 845 1750 920">
     <span class='ocr_line' id='line_1_9' title="bbox 159 845 1750 920; baseline 0.004 -22"><span class='ocrx_word' id='word_1_52' title='bbox 159 845 221 898; x_wconf 91' lang='lat' dir='ltr'><strong>tis</strong></span> <span class='ocrx_word' id='word_1_53' title='bbox 266 845 705 913; x_wconf 67' lang='lat' dir='ltr'><strong>inconsiiicabilis</strong></span> <span class='ocrx_word' id='word_1_54' title='bbox 751 847 1012 920; x_wconf 70' lang='lat' dir='ltr'><strong>sumpsit,</strong></span> <span class='ocrx_word' id='word_1_55' title='bbox 1059 857 1113 902; x_wconf 91' lang='lat' dir='ltr'><strong>et</strong></span> <span class='ocrx_word' id='word_1_56' title='bbox 1158 850 1520 918; x_wconf 91' lang='lat' dir='ltr'><strong>corruptivam</strong></span> <span class='ocrx_word' id='word_1_57' title='bbox 1573 852 1750 906; x_wconf 91' lang='lat' dir='ltr'><strong>vulttts</strong></span> 
     </span>
    </p>
   </div>
   <div class='ocr_carea' id='block_1_10' title="bbox 156 936 1752 1010">
    <p class='ocr_par' dir='ltr' id='par_1_10' title="bbox 156 936 1752 1010">
     <span class='ocr_line' id='line_1_10' title="bbox 156 936 1752 1010; baseline 0.004 -20"><span class='ocrx_word' id='word_1_58' title='bbox 156 937 229 990; x_wconf 88' lang='lat' dir='ltr'><strong>sui</strong></span> <span class='ocrx_word' id='word_1_59' title='bbox 257 936 497 1006; x_wconf 80' lang='lat' dir='ltr'><strong>speciem</strong></span> <span class='ocrx_word' id='word_1_60' title='bbox 532 936 625 991; x_wconf 79' lang='lat' dir='ltr'><strong>lux</strong></span> <span class='ocrx_word' id='word_1_61' title='bbox 675 938 1030 994; x_wconf 84' lang='lat' dir='ltr'><strong>intolerabilis</strong></span> <span class='ocrx_word' id='word_1_62' title='bbox 1061 940 1250 994; x_wconf 70' lang='lat' dir='ltr'><strong>vicina:</strong></span> <span class='ocrx_word' id='word_1_63' title='bbox 1305 943 1606 1010; x_wconf 90' lang='lat' dir='ltr'><strong>majestatis</strong></span> <span class='ocrx_word' id='word_1_64' title='bbox 1660 943 1752 997; x_wconf 90' lang='lat' dir='ltr'><strong>im-</strong></span> 
     </span>
    </p>
   </div>
   <div class='ocr_carea' id='block_1_11' title="bbox 155 1028 1749 1104">
    <p class='ocr_par' dir='ltr' id='par_1_11' title="bbox 155 1028 1749 1104">
     <span class='ocr_line' id='line_1_11' title="bbox 155 1028 1749 1104; baseline 0.009 -28"><span class='ocrx_word' id='word_1_65' title='bbox 155 1029 326 1098; x_wconf 87' lang='lat' dir='ltr'><strong>plevit,</strong></span> <span class='ocrx_word' id='word_1_66' title='bbox 361 1028 529 1083; x_wconf 92' lang='lat' dir='ltr'><strong>Deum</strong></span> <span class='ocrx_word' id='word_1_67' title='bbox 581 1039 850 1095; x_wconf 87' lang='lat' dir='ltr'><strong>testatur,</strong></span> <span class='ocrx_word' id='word_1_68' title='bbox 883 1031 952 1086; x_wconf 87' lang='lat' dir='ltr'><strong>de</strong></span> <span class='ocrx_word' id='word_1_69' title='bbox 1012 1032 1120 1087; x_wconf 89' lang='lat' dir='ltr'><strong>Deo</strong></span> <span class='ocrx_word' id='word_1_70' title='bbox 1170 1035 1443 1104; x_wconf 83' lang='lat' dir='ltr'><strong>loquitur,</strong></span> <span class='ocrx_word' id='word_1_71' title='bbox 1491 1034 1556 1090; x_wconf 90' lang='lat' dir='ltr'><strong>ad</strong></span> <span class='ocrx_word' id='word_1_72' title='bbox 1607 1035 1749 1090; x_wconf 89' lang='lat' dir='ltr'><strong>hunc</strong></span> 
     </span>
    </p>
   </div>
   <div class='ocr_carea' id='block_1_12' title="bbox 154 1121 1746 1196">
    <p class='ocr_par' dir='ltr' id='par_1_12' title="bbox 154 1121 1746 1196">
     <span class='ocr_line' id='line_1_12' title="bbox 154 1121 1746 1196; baseline 0.004 -21"><span class='ocrx_word' id='word_1_73' title='bbox 154 1121 479 1176; x_wconf 88' lang='lat' dir='ltr'><strong>adorandum</strong></span> <span class='ocrx_word' id='word_1_74' title='bbox 513 1137 634 1177; x_wconf 90' lang='lat' dir='ltr'><strong>cum</strong></span> <span class='ocrx_word' id='word_1_75' title='bbox 686 1123 868 1178; x_wconf 70' lang='lat' dir='ltr'><strong>laetitia</strong></span> <span class='ocrx_word' id='word_1_76' title='bbox 918 1125 1156 1194; x_wconf 88' lang='lat' dir='ltr'><strong>gentium</strong></span> <span class='ocrx_word' id='word_1_77' title='bbox 1201 1126 1422 1196; x_wconf 78' lang='lat' dir='ltr'><strong>angelos</strong></span> <span class='ocrx_word' id='word_1_78' title='bbox 1457 1128 1546 1182; x_wconf 85' lang='lat' dir='ltr'><strong>Dei</strong></span> <span class='ocrx_word' id='word_1_79' title='bbox 1580 1127 1746 1182; x_wconf 85' lang='lat' dir='ltr'><strong>advo-</strong></span> 
     </span>
    </p>
   </div>
   <div class='ocr_carea' id='block_1_13' title="bbox 153 1213 1748 1287">
    <p class='ocr_par' dir='ltr' id='par_1_13' title="bbox 153 1213 1748 1287">
     <span class='ocr_line' id='line_1_13' title="bbox 153 1213 1748 1287; baseline 0.005 -21"><span class='ocrx_word' id='word_1_80' title='bbox 153 1223 250 1277; x_wconf 90' lang='lat' dir='ltr'><strong>cat,</strong></span> <span class='ocrx_word' id='word_1_81' title='bbox 277 1213 436 1283; x_wconf 84' lang='lat' dir='ltr'><strong>hujus</strong></span> <span class='ocrx_word' id='word_1_82' title='bbox 468 1214 693 1284; x_wconf 89' lang='lat' dir='ltr'><strong>placitas</strong></span> <span class='ocrx_word' id='word_1_83' title='bbox 742 1215 1145 1272; x_wconf 86' lang='lat' dir='ltr'><strong>benedictioncs</strong></span> <span class='ocrx_word' id='word_1_84' title='bbox 1175 1217 1375 1287; x_wconf 84' lang='lat' dir='ltr'><strong>Joseph</strong></span> <span class='ocrx_word' id='word_1_85' title='bbox 1405 1219 1593 1274; x_wconf 81' lang='lat' dir='ltr'><strong>vertici</strong></span> <span class='ocrx_word' id='word_1_86' title='bbox 1649 1220 1748 1274; x_wconf 90' lang='lat' dir='ltr'><strong>im-</strong></span> 
     </span>
    </p>
   </div>
   <div class='ocr_carea' id='block_1_14' title="bbox 151 1304 1746 1380">
    <p class='ocr_par' dir='ltr' id='par_1_14' title="bbox 151 1304 1746 1380">
     <span class='ocr_line' id='line_1_14' title="bbox 151 1304 1746 1380; baseline 0.005 -23"><span class='ocrx_word' id='word_1_87' title='bbox 151 1315 389 1376; x_wconf 87' lang='lat' dir='ltr'><strong>precatur</strong></span> <span class='ocrx_word' id='word_1_88' title='bbox 416 1304 600 1380; x_wconf 83' lang='lat' dir='ltr'><strong>(Deut.</strong></span> <span class='ocrx_word' id='word_1_89' title='bbox 633 1323 805 1362; x_wconf 73' lang='lat' dir='ltr'><strong>sunt</strong></span> <span class='ocrx_word' id='word_1_90' title='bbox 829 1349 844 1372; x_wconf 95' lang='lat'><strong>,</strong></span> <span class='ocrx_word' id='word_1_91' title='bbox 895 1308 1020 1379; x_wconf 70' lang='lat'><strong>16):</strong></span> <span class='ocrx_word' id='word_1_92' title='bbox 1053 1321 1108 1364; x_wconf 89' lang='lat' dir='ltr'><strong>et</strong></span> <span class='ocrx_word' id='word_1_93' title='bbox 1154 1319 1273 1380; x_wconf 90' lang='lat' dir='ltr'><strong>post</strong></span> <span class='ocrx_word' id='word_1_94' title='bbox 1323 1309 1438 1364; x_wconf 57' lang='lat' dir='ltr'><strong>hate</strong></span> <span class='ocrx_word' id='word_1_95' title='bbox 1468 1311 1585 1365; x_wconf 89' lang='lat' dir='ltr'><strong>solo</strong></span> <span class='ocrx_word' id='word_1_96' title='bbox 1613 1325 1746 1366; x_wconf 92' lang='lat' dir='ltr'><strong>con-</strong></span> 
     </span>
    </p>
   </div>
   <div class='ocr_carea' id='block_1_15' title="bbox 150 1400 1746 1473">
    <p class='ocr_par' dir='ltr' id='par_1_15' title="bbox 150 1400 1746 1473">
     <span class='ocr_line' id='line_1_15' title="bbox 150 1400 1746 1473; baseline 0.003 -19"><span class='ocrx_word' id='word_1_97' title='bbox 150 1413 299 1454; x_wconf 87' lang='lat' dir='ltr'><strong>cesso</strong></span> <span class='ocrx_word' id='word_1_98' title='bbox 327 1400 374 1455; x_wconf 92' lang='lat' dir='ltr'><strong>ei</strong></span> <span class='ocrx_word' id='word_1_99' title='bbox 407 1400 651 1468; x_wconf 86' lang='lat' dir='ltr'><strong>nomine,</strong></span> <span class='ocrx_word' id='word_1_100' title='bbox 681 1401 844 1457; x_wconf 88' lang='lat' dir='ltr'><strong>audet</strong></span> <span class='ocrx_word' id='word_1_101' title='bbox 873 1402 1156 1473; x_wconf 85' lang='lat' dir='ltr'><strong>quisquam</strong></span> <span class='ocrx_word' id='word_1_102' title='bbox 1189 1417 1387 1473; x_wconf 90' lang='lat' dir='ltr'><strong>negare</strong></span> <span class='ocrx_word' id='word_1_103' title='bbox 1413 1403 1557 1473; x_wconf 89' lang='lat' dir='ltr'><strong>quod</strong></span> <span class='ocrx_word' id='word_1_104' title='bbox 1584 1417 1746 1459; x_wconf 89' lang='lat' dir='ltr'><strong>verus</strong></span> 
     </span>
    </p>
   </div>
   <div class='ocr_carea' id='block_1_16' title="bbox 153 1494 281 1546">
    <p class='ocr_par' dir='ltr' id='par_1_16' title="bbox 153 1494 281 1546">
     <span class='ocr_line' id='line_1_16' title="bbox 153 1494 281 1546; baseline 0 -1"><span class='ocrx_word' id='word_1_105' title='bbox 153 1494 281 1546; x_wconf 82' lang='lat' dir='ltr'><strong>est?</strong></span> 
     </span>
    </p>
   </div>
   <div class='ocr_carea' id='block_1_17' title="bbox 219 1584 1742 1660">
    <p class='ocr_par' dir='ltr' id='par_1_17' title="bbox 219 1584 1742 1660">
     <span class='ocr_line' id='line_1_17' title="bbox 219 1584 1742 1660; baseline 0.004 -22"><span class='ocrx_word' id='word_1_106' title='bbox 219 1584 304 1638; x_wconf 74' lang='grc'><strong>94.</strong></span> <span class='ocrx_word' id='word_1_107' title='bbox 336 1586 554 1642; x_wconf 83' lang='lat' dir='ltr'><strong>Summa</strong></span> <span class='ocrx_word' id='word_1_108' title='bbox 579 1604 755 1643; x_wconf 85' lang='lat' dir='ltr'><strong>eorum</strong></span> <span class='ocrx_word' id='word_1_109' title='bbox 775 1604 891 1658; x_wconf 68' lang='lat' dir='ltr'><strong>quin</strong></span> <span class='ocrx_word' id='word_1_110' title='bbox 919 1588 1071 1643; x_wconf 84' lang='lat' dir='ltr'><strong>hocce</strong></span> <span class='ocrx_word' id='word_1_111' title='bbox 1095 1589 1226 1645; x_wconf 85' lang='lat' dir='ltr'><strong>libro</strong></span> <span class='ocrx_word' id='word_1_112' title='bbox 1257 1589 1504 1644; x_wconf 80' lang='lat' dir='ltr'><strong>hactenus</strong></span> <span class='ocrx_word' id='word_1_113' title='bbox 1527 1589 1742 1660; x_wconf 83' lang='lat' dir='ltr'><strong>probata</strong></span> 
     </span>
    </p>
   </div>
   <div class='ocr_carea' id='block_1_18' title="bbox 147 1679 1740 1752">
    <p class='ocr_par' dir='ltr' id='par_1_18' title="bbox 147 1679 1740 1752">
     <span class='ocr_line' id='line_1_18' title="bbox 147 1679 1740 1752; baseline 0.005 -19"><span class='ocrx_word' id='word_1_114' title='bbox 147 1688 276 1733; x_wconf 79' lang='lat' dir='ltr'><strong>sunt.</strong></span> <span class='ocrx_word' id='word_1_115' title='bbox 307 1709 374 1720; x_wconf 94' lang='lat'>—</span> <span class='ocrx_word' id='word_1_116' title='bbox 412 1679 570 1736; x_wconf 82' lang='lat' dir='ltr'><strong>Nune</strong></span> <span class='ocrx_word' id='word_1_117' title='bbox 596 1683 719 1752; x_wconf 87' lang='lat' dir='ltr'><strong>quia</strong></span> <span class='ocrx_word' id='word_1_118' title='bbox 768 1683 916 1737; x_wconf 91' lang='lat' dir='ltr'><strong>omni</strong></span> <span class='ocrx_word' id='word_1_119' title='bbox 964 1682 1066 1738; x_wconf 91' lang='lat' dir='ltr'><strong>hoc</strong></span> <span class='ocrx_word' id='word_1_120' title='bbox 1115 1699 1367 1740; x_wconf 90' lang='lat' dir='ltr'><strong>sermone</strong></span> <span class='ocrx_word' id='word_1_121' title='bbox 1419 1695 1606 1739; x_wconf 92' lang='lat' dir='ltr'><strong>nostro</strong></span> <span class='ocrx_word' id='word_1_122' title='bbox 1647 1685 1740 1741; x_wconf 76' lang='lat' dir='ltr'><strong>de~</strong></span> 
     </span>
    </p>
   </div>
   <div class='ocr_carea' id='block_1_19' title="bbox 1857 485 3460 568">
    <p class='ocr_par' dir='ltr' id='par_1_19' title="bbox 1857 485 3460 568">
     <span class='ocr_line' id='line_1_19' title="bbox 1857 485 3460 568; baseline 0.012 -32"><span class='ocrx_word' id='word_1_123' title='bbox 1857 485 2128 540; x_wconf 90' lang='lat' dir='ltr'><strong>toritatem</strong></span> <span class='ocrx_word' id='word_1_124' title='bbox 2175 486 2302 543; x_wconf 86' lang='lat' dir='ltr'><strong>dicti</strong></span> <span class='ocrx_word' id='word_1_125' title='bbox 2336 490 2634 560; x_wconf 80' lang='lat' dir='ltr'><strong>prophetici</strong></span> <span class='ocrx_word' id='word_1_126' title='bbox 2675 505 2937 564; x_wconf 91' lang='lat' dir='ltr'><strong>negaret,</strong></span> <span class='ocrx_word' id='word_1_127' title='bbox 2966 495 3204 568; x_wconf 90' lang='lat' dir='ltr'><strong>adjecit,</strong></span> <span class='ocrx_word' id='word_1_128' title='bbox 3237 497 3460 555; x_wconf 85' lang='lat' dir='ltr'><strong>Benedi-</strong></span> 
     </span>
    </p>
   </div>
   <div class='ocr_carea' id='block_1_20' title="bbox 1855 576 3455 658">
    <p class='ocr_par' dir='ltr' id='par_1_20' title="bbox 1855 576 3455 658">
     <span class='ocr_line' id='line_1_20' title="bbox 1855 576 3455 658; baseline 0.012 -30"><span class='ocrx_word' id='word_1_129' title='bbox 1855 585 1967 629; x_wconf 87' lang='lat' dir='ltr'><strong>cent</strong></span> <span class='ocrx_word' id='word_1_130' title='bbox 1992 587 2040 630; x_wconf 88' lang='lat' dir='ltr'><strong>te</strong></span> <span class='ocrx_word' id='word_1_131' title='bbox 2076 576 2244 632; x_wconf 86' lang='lat' dir='ltr'><strong>Deum</strong></span> <span class='ocrx_word' id='word_1_132' title='bbox 2287 596 2460 634; x_wconf 83' lang='lat' dir='ltr'><strong>verum</strong></span> <span class='ocrx_word' id='word_1_133' title='bbox 2492 581 2662 654; x_wconf 86' lang='lat' dir='ltr'><strong>(Esai.</strong></span> <span class='ocrx_word' id='word_1_134' title='bbox 2696 600 2820 650; x_wconf 71' lang='grc' dir='ltr'><strong>ων,</strong></span> <span class='ocrx_word' id='word_1_135' title='bbox 2850 585 2976 657; x_wconf 77' lang='grc'><strong>16);</strong></span> <span class='ocrx_word' id='word_1_136' title='bbox 3008 596 3066 642; x_wconf 87' lang='lat' dir='ltr'><strong>ut</strong></span> <span class='ocrx_word' id='word_1_137' title='bbox 3087 603 3181 658; x_wconf 88' lang='lat' dir='ltr'><strong>per</strong></span> <span class='ocrx_word' id='word_1_138' title='bbox 3207 589 3260 644; x_wconf 92' lang='lat' dir='ltr'><strong>id</strong></span> <span class='ocrx_word' id='word_1_139' title='bbox 3292 607 3455 647; x_wconf 90' lang='lat' dir='ltr'><strong>unum</strong></span> 
     </span>
    </p>
   </div>
   <div class='ocr_carea' id='block_1_21' title="bbox 1858 667 3456 747">
    <p class='ocr_par' dir='ltr' id='par_1_21' title="bbox 1858 667 3456 747">
     <span class='ocr_line' id='line_1_21' title="bbox 1858 667 3456 747; baseline 0.012 -27"><span class='ocrx_word' id='word_1_140' title='bbox 1858 667 2023 722; x_wconf 91' lang='lat' dir='ltr'><strong>Deum</strong></span> <span class='ocrx_word' id='word_1_141' title='bbox 2049 668 2227 725; x_wconf 88' lang='lat' dir='ltr'><strong>locuta</strong></span> <span class='ocrx_word' id='word_1_142' title='bbox 2261 671 2341 727; x_wconf 75' lang='lat' dir='ltr'><strong>lex</strong></span> <span class='ocrx_word' id='word_1_143' title='bbox 2366 683 2509 729; x_wconf 84' lang='lat' dir='ltr'><strong>esset</strong></span> <span class='ocrx_word' id='word_1_144' title='bbox 2536 717 2550 740; x_wconf 95' lang='lat'><strong>,</strong></span> <span class='ocrx_word' id='word_1_145' title='bbox 2589 686 2840 747; x_wconf 89' lang='lat' dir='ltr'><strong>essetque</strong></span> <span class='ocrx_word' id='word_1_146' title='bbox 2873 679 2923 732; x_wconf 92' lang='lat' dir='ltr'><strong>in</strong></span> <span class='ocrx_word' id='word_1_147' title='bbox 2954 677 3066 732; x_wconf 88' lang='lat' dir='ltr'><strong>filio</strong></span> <span class='ocrx_word' id='word_1_148' title='bbox 3093 680 3188 735; x_wconf 88' lang='lat' dir='ltr'><strong>Dei</strong></span> <span class='ocrx_word' id='word_1_149' title='bbox 3220 681 3330 738; x_wconf 93' lang='lat' dir='ltr'><strong>Deo</strong></span> <span class='ocrx_word' id='word_1_150' title='bbox 3356 698 3456 738; x_wconf 86' lang='lat' dir='ltr'><strong>no—</strong></span> 
     </span>
    </p>
   </div>
   <div class='ocr_carea' id='block_1_22' title="bbox 1853 762 3450 840">
    <p class='ocr_par' dir='ltr' id='par_1_22' title="bbox 1853 762 3450 840">
     <span class='ocr_line' id='line_1_22' title="bbox 1853 762 3450 840; baseline 0.011 -26"><span class='ocrx_word' id='word_1_151' title='bbox 1853 775 1978 814; x_wconf 86' lang='lat' dir='ltr'><strong>men</strong></span> <span class='ocrx_word' id='word_1_152' title='bbox 2012 762 2188 831; x_wconf 88' lang='lat' dir='ltr'><strong>potius</strong></span> <span class='ocrx_word' id='word_1_153' title='bbox 2215 779 2374 833; x_wconf 89' lang='lat' dir='ltr'><strong>quam</strong></span> <span class='ocrx_word' id='word_1_154' title='bbox 2408 764 2608 821; x_wconf 89' lang='lat' dir='ltr'><strong>veritas</strong></span> <span class='ocrx_word' id='word_1_155' title='bbox 2629 809 2643 833; x_wconf 94' lang='lat'><strong>,</strong></span> <span class='ocrx_word' id='word_1_156' title='bbox 2674 783 2779 822; x_wconf 93' lang='lat' dir='ltr'><strong>uno</strong></span> <span class='ocrx_word' id='word_1_157' title='bbox 2808 767 2888 840; x_wconf 80' lang='grc' dir='ltr'><strong>(ά)</strong></span> <span class='ocrx_word' id='word_1_158' title='bbox 2914 778 3120 825; x_wconf 88' lang='lat' dir='ltr'><strong>tantum</strong></span> <span class='ocrx_word' id='word_1_159' title='bbox 3165 787 3294 828; x_wconf 89' lang='lat' dir='ltr'><strong>vero</strong></span> <span class='ocrx_word' id='word_1_160' title='bbox 3339 774 3450 831; x_wconf 92' lang='lat' dir='ltr'><strong>Deo</strong></span> 
     </span>
    </p>
   </div>
   <div class='ocr_carea' id='block_1_23' title="bbox 1854 851 3453 934">
    <p class='ocr_par' dir='ltr' id='par_1_23' title="bbox 1854 851 3453 934">
     <span class='ocr_line' id='line_1_23' title="bbox 1854 851 3453 934; baseline 0.011 -30"><span class='ocrx_word' id='word_1_161' title='bbox 1854 851 2225 920; x_wconf 72' lang='lat' dir='ltr'><strong>intelligendo.</strong></span> <span class='ocrx_word' id='word_1_162' title='bbox 2274 855 2340 910; x_wconf 88' lang='lat' dir='ltr'><strong>Et</strong></span> <span class='ocrx_word' id='word_1_163' title='bbox 2389 856 2527 914; x_wconf 88' lang='lat' dir='ltr'><strong>forte</strong></span> <span class='ocrx_word' id='word_1_164' title='bbox 2547 859 2921 916; x_wconf 89' lang='lat' dir='ltr'><strong>contradicere</strong></span> <span class='ocrx_word' id='word_1_165' title='bbox 2943 877 3042 916; x_wconf 81' lang='lat' dir='ltr'><strong>nos</strong></span> <span class='ocrx_word' id='word_1_166' title='bbox 3073 862 3231 919; x_wconf 85' lang='lat' dir='ltr'><strong>dictis</strong></span> <span class='ocrx_word' id='word_1_167' title='bbox 3261 867 3387 934; x_wconf 88' lang='lat' dir='ltr'><strong>tuis,</strong></span> <span class='ocrx_word' id='word_1_168' title='bbox 3418 881 3453 922; x_wconf 88' lang='grc' dir='ltr'><strong>ο</strong></span> 
     </span>
    </p>
   </div>
   <div class='ocr_carea' id='block_1_24' title="bbox 1853 945 3446 1022">
    <p class='ocr_par' dir='ltr' id='par_1_24' title="bbox 1853 945 3446 1022">
     <span class='ocr_line' id='line_1_24' title="bbox 1853 945 3446 1022; baseline 0.009 -23"><span class='ocrx_word' id='word_1_169' title='bbox 1853 945 2037 1009; x_wconf 90' lang='lat' dir='ltr'><strong>stulte,</strong></span> <span class='ocrx_word' id='word_1_170' title='bbox 2065 947 2380 1013; x_wconf 89' lang='lat' dir='ltr'><strong>arbitraris,</strong></span> <span class='ocrx_word' id='word_1_171' title='bbox 2425 959 2481 1002; x_wconf 91' lang='lat' dir='ltr'><strong>ut</strong></span> <span class='ocrx_word' id='word_1_172' title='bbox 2532 966 2786 1022; x_wconf 82' lang='lat' dir='ltr'><strong>negemus</strong></span> <span class='ocrx_word' id='word_1_173' title='bbox 2815 969 2979 1008; x_wconf 90' lang='lat' dir='ltr'><strong>unum</strong></span> <span class='ocrx_word' id='word_1_174' title='bbox 3031 954 3198 1010; x_wconf 91' lang='lat' dir='ltr'><strong>Deum</strong></span> <span class='ocrx_word' id='word_1_175' title='bbox 3233 971 3446 1014; x_wconf 90' lang='lat' dir='ltr'><strong>verum.</strong></span> 
     </span>
    </p>
   </div>
   <div class='ocr_carea' id='block_1_25' title="bbox 1851 1037 3446 1123">
    <p class='ocr_par' dir='ltr' id='par_1_25' title="bbox 1851 1037 3446 1123">
     <span class='ocr_line' id='line_1_25' title="bbox 1851 1037 3446 1123; baseline 0.009 -31"><span class='ocrx_word' id='word_1_176' title='bbox 1851 1037 1967 1094; x_wconf 82' lang='lat' dir='ltr'><strong>Non</strong></span> <span class='ocrx_word' id='word_1_177' title='bbox 2004 1041 2160 1110; x_wconf 89' lang='lat' dir='ltr'><strong>plane</strong></span> <span class='ocrx_word' id='word_1_178' title='bbox 2202 1059 2460 1113; x_wconf 91' lang='lat' dir='ltr'><strong>negamus</strong></span> <span class='ocrx_word' id='word_1_179' title='bbox 2508 1047 2801 1102; x_wconf 87' lang='lat' dir='ltr'><strong>secttndum</strong></span> <span class='ocrx_word' id='word_1_180' title='bbox 2832 1057 2883 1102; x_wconf 90' lang='lat' dir='ltr'><strong>te</strong></span> <span class='ocrx_word' id='word_1_181' title='bbox 2932 1049 3011 1120; x_wconf 83' lang='lat' dir='ltr'><strong>(id</strong></span> <span class='ocrx_word' id='word_1_182' title='bbox 3035 1061 3138 1118; x_wconf 86' lang='lat' dir='ltr'><strong>est,</strong></span> <span class='ocrx_word' id='word_1_183' title='bbox 3182 1051 3338 1107; x_wconf 86' lang='lat' dir='ltr'><strong>sicuti</strong></span> <span class='ocrx_word' id='word_1_184' title='bbox 3369 1052 3446 1123; x_wconf 92' lang='lat' dir='ltr'><strong>tu)</strong></span> 
     </span>
    </p>
   </div>
   <div class='ocr_carea' id='block_1_26' title="bbox 1850 1131 3449 1210">
    <p class='ocr_par' dir='ltr' id='par_1_26' title="bbox 1850 1131 3449 1210">
     <span class='ocr_line' id='line_1_26' title="bbox 1850 1131 3449 1210; baseline 0.007 -24"><span class='ocrx_word' id='word_1_185' title='bbox 1850 1131 2180 1186; x_wconf 83' lang='lat' dir='ltr'><strong>conﬁtendo.</strong></span> <span class='ocrx_word' id='word_1_186' title='bbox 2212 1133 2337 1188; x_wconf 81' lang='lat' dir='ltr'><strong>llaec</strong></span> <span class='ocrx_word' id='word_1_187' title='bbox 2355 1135 2501 1190; x_wconf 90' lang='lat' dir='ltr'><strong>enim</strong></span> <span class='ocrx_word' id='word_1_188' title='bbox 2537 1136 2670 1192; x_wconf 91' lang='lat' dir='ltr'><strong>lides</strong></span> <span class='ocrx_word' id='word_1_189' title='bbox 2701 1147 2882 1194; x_wconf 88' lang='lat' dir='ltr'><strong>nostra</strong></span> <span class='ocrx_word' id='word_1_190' title='bbox 2913 1181 2928 1206; x_wconf 93' lang='lat'><strong>,</strong></span> <span class='ocrx_word' id='word_1_191' title='bbox 2952 1139 3068 1195; x_wconf 73' lang='lat' dir='ltr'><strong>haec</strong></span> <span class='ocrx_word' id='word_1_192' title='bbox 3093 1143 3449 1210; x_wconf 86' lang='lat' dir='ltr'><strong>conscientia,</strong></span> 
     </span>
    </p>
   </div>
   <div class='ocr_carea' id='block_1_27' title="bbox 1849 1221 3450 1300">
    <p class='ocr_par' dir='ltr' id='par_1_27' title="bbox 1849 1221 3450 1300">
     <span class='ocr_line' id='line_1_27' title="bbox 1849 1221 3450 1300; baseline 0.008 -24"><span class='ocrx_word' id='word_1_193' title='bbox 1849 1221 1938 1277; x_wconf 83' lang='lat' dir='ltr'><strong>hic</strong></span> <span class='ocrx_word' id='word_1_194' title='bbox 1969 1238 2147 1278; x_wconf 88' lang='lat' dir='ltr'><strong>sermo</strong></span> <span class='ocrx_word' id='word_1_195' title='bbox 2174 1233 2275 1280; x_wconf 91' lang='lat' dir='ltr'><strong>est.</strong></span> <span class='ocrx_word' id='word_1_196' title='bbox 2301 1226 2408 1281; x_wconf 90' lang='lat' dir='ltr'><strong>Sed</strong></span> <span class='ocrx_word' id='word_1_197' title='bbox 2438 1227 2783 1300; x_wconf 87' lang='lat' dir='ltr'><strong>intelligimus</strong></span> <span class='ocrx_word' id='word_1_198' title='bbox 2809 1231 2977 1286; x_wconf 88' lang='lat' dir='ltr'><strong>Deum</strong></span> <span class='ocrx_word' id='word_1_199' title='bbox 3008 1249 3192 1299; x_wconf 91' lang='lat' dir='ltr'><strong>unum,</strong></span> <span class='ocrx_word' id='word_1_200' title='bbox 3219 1241 3274 1288; x_wconf 88' lang='lat' dir='ltr'><strong>et</strong></span> <span class='ocrx_word' id='word_1_201' title='bbox 3302 1250 3450 1290; x_wconf 85' lang='lat' dir='ltr'><strong>eum-</strong></span> 
     </span>
    </p>
   </div>
   <div class='ocr_carea' id='block_1_28' title="bbox 1849 1315 3453 1396">
    <p class='ocr_par' dir='ltr' id='par_1_28' title="bbox 1849 1315 3453 1396">
     <span class='ocr_line' id='line_1_28' title="bbox 1849 1315 3453 1396; baseline 0.007 -27"><span class='ocrx_word' id='word_1_202' title='bbox 1849 1315 1970 1370; x_wconf 89' lang='lat' dir='ltr'><strong>dem</strong></span> <span class='ocrx_word' id='word_1_203' title='bbox 1999 1316 2166 1372; x_wconf 91' lang='lat' dir='ltr'><strong>Deutu</strong></span> <span class='ocrx_word' id='word_1_204' title='bbox 2198 1333 2403 1373; x_wconf 89' lang='lat' dir='ltr'><strong>verum.</strong></span> <span class='ocrx_word' id='word_1_205' title='bbox 2436 1319 2546 1376; x_wconf 86' lang='lat' dir='ltr'><strong>Nec</strong></span> <span class='ocrx_word' id='word_1_206' title='bbox 2597 1321 2868 1379; x_wconf 77' lang='lat' dir='ltr'><strong>confessio</strong></span> <span class='ocrx_word' id='word_1_207' title='bbox 2898 1333 3081 1380; x_wconf 87' lang='lat' dir='ltr'><strong>nostra</strong></span> <span class='ocrx_word' id='word_1_208' title='bbox 3119 1325 3453 1396; x_wconf 84' lang='lat' dir='ltr'><strong>periclitatur</strong></span> 
     </span>
    </p>
   </div>
   <div class='ocr_carea' id='block_1_29' title="bbox 1846 1406 3449 1487">
    <p class='ocr_par' dir='ltr' id='par_1_29' title="bbox 1846 1406 3449 1487">
     <span class='ocr_line' id='line_1_29' title="bbox 1846 1406 3449 1487; baseline 0.007 -25"><span class='ocrx_word' id='word_1_209' title='bbox 1846 1406 1904 1463; x_wconf 90' lang='lat' dir='ltr'><strong>in</strong></span> <span class='ocrx_word' id='word_1_210' title='bbox 1933 1411 2174 1476; x_wconf 90' lang='lat' dir='ltr'><strong>nomine,</strong></span> <span class='ocrx_word' id='word_1_211' title='bbox 2206 1427 2325 1478; x_wconf 70' lang='lat' dir='ltr'><strong>qua:</strong></span> <span class='ocrx_word' id='word_1_212' title='bbox 2370 1412 2422 1466; x_wconf 92' lang='lat' dir='ltr'><strong>in</strong></span> <span class='ocrx_word' id='word_1_213' title='bbox 2454 1424 2642 1468; x_wconf 88' lang='lat' dir='ltr'><strong>natura</strong></span> <span class='ocrx_word' id='word_1_214' title='bbox 2693 1413 2764 1487; x_wconf 92' lang='lat' dir='ltr'><strong>(e)</strong></span> <span class='ocrx_word' id='word_1_215' title='bbox 2793 1414 2913 1471; x_wconf 84' lang='lat' dir='ltr'><strong>Filii</strong></span> <span class='ocrx_word' id='word_1_216' title='bbox 2961 1433 3127 1472; x_wconf 90' lang='lat' dir='ltr'><strong>unum</strong></span> <span class='ocrx_word' id='word_1_217' title='bbox 3158 1429 3211 1473; x_wconf 94' lang='lat' dir='ltr'><strong>et</strong></span> <span class='ocrx_word' id='word_1_218' title='bbox 3259 1434 3449 1474; x_wconf 84' lang='lat' dir='ltr'><strong>verum</strong></span> 
     </span>
    </p>
   </div>
   <div class='ocr_carea' id='block_1_30' title="bbox 1848 1501 3448 1583">
    <p class='ocr_par' dir='ltr' id='par_1_30' title="bbox 1848 1501 3448 1583">
     <span class='ocr_line' id='line_1_30' title="bbox 1848 1501 3448 1583; baseline 0.008 -27"><span class='ocrx_word' id='word_1_219' title='bbox 1848 1501 2015 1556; x_wconf 89' lang='lat' dir='ltr'><strong>Deum</strong></span> <span class='ocrx_word' id='word_1_220' title='bbox 2058 1504 2334 1573; x_wconf 75' lang='lat' dir='ltr'><strong>przcdicat.</strong></span> <span class='ocrx_word' id='word_1_221' title='bbox 2389 1507 2544 1562; x_wconf 90' lang='lat' dir='ltr'><strong>Disce</strong></span> <span class='ocrx_word' id='word_1_222' title='bbox 2585 1511 2946 1565; x_wconf 87' lang='lat' dir='ltr'><strong>confessionis</strong></span> <span class='ocrx_word' id='word_1_223' title='bbox 2988 1520 3092 1566; x_wconf 78' lang='lat' dir='ltr'><strong>tua:</strong></span> <span class='ocrx_word' id='word_1_224' title='bbox 3138 1513 3448 1583; x_wconf 87' lang='lat' dir='ltr'><strong>intelligen-</strong></span> 
     </span>
    </p>
   </div>
   <div class='ocr_carea' id='block_1_31' title="bbox 1846 1593 3448 1674">
    <p class='ocr_par' dir='ltr' id='par_1_31' title="bbox 1846 1593 3448 1674">
     <span class='ocr_line' id='line_1_31' title="bbox 1846 1593 3448 1674; baseline 0.009 -26"><span class='ocrx_word' id='word_1_225' title='bbox 1846 1593 1976 1648; x_wconf 88' lang='lat' dir='ltr'><strong>tiam</strong></span> <span class='ocrx_word' id='word_1_226' title='bbox 1998 1636 2012 1660; x_wconf 94' lang='lat'><strong>,</strong></span> <span class='ocrx_word' id='word_1_227' title='bbox 2041 1606 2096 1650; x_wconf 92' lang='lat' dir='ltr'><strong>et</strong></span> <span class='ocrx_word' id='word_1_228' title='bbox 2142 1613 2304 1651; x_wconf 91' lang='lat' dir='ltr'><strong>unum</strong></span> <span class='ocrx_word' id='word_1_229' title='bbox 2345 1613 2408 1652; x_wconf 94' lang='lat' dir='ltr'><strong>ae</strong></span> <span class='ocrx_word' id='word_1_230' title='bbox 2439 1613 2624 1654; x_wconf 90' lang='lat' dir='ltr'><strong>verum</strong></span> <span class='ocrx_word' id='word_1_231' title='bbox 2658 1602 2821 1656; x_wconf 90' lang='lat' dir='ltr'><strong>Deum</strong></span> <span class='ocrx_word' id='word_1_232' title='bbox 2851 1619 3152 1674; x_wconf 88' lang='lat' dir='ltr'><strong>cognosce,</strong></span> <span class='ocrx_word' id='word_1_233' title='bbox 3187 1615 3242 1659; x_wconf 89' lang='lat' dir='ltr'><strong>ut</strong></span> <span class='ocrx_word' id='word_1_234' title='bbox 3283 1623 3448 1662; x_wconf 91' lang='lat' dir='ltr'><strong>unum</strong></span> 
     </span>
    </p>
   </div>
   <div class='ocr_carea' id='block_1_32' title="bbox 1845 1689 3449 1768">
    <p class='ocr_par' dir='ltr' id='par_1_32' title="bbox 1845 1689 3449 1768">
     <span class='ocr_line' id='line_1_32' title="bbox 1845 1689 3449 1768; baseline 0.008 -29"><span class='ocrx_word' id='word_1_235' title='bbox 1845 1701 1908 1741; x_wconf 91' lang='lat' dir='ltr'><strong>ac</strong></span> <span class='ocrx_word' id='word_1_236' title='bbox 1934 1703 2118 1742; x_wconf 89' lang='lat' dir='ltr'><strong>verum</strong></span> <span class='ocrx_word' id='word_1_237' title='bbox 2153 1689 2318 1744; x_wconf 88' lang='lat' dir='ltr'><strong>Demn</strong></span> <span class='ocrx_word' id='word_1_238' title='bbox 2345 1690 2431 1760; x_wconf 91' lang='lat' dir='ltr'><strong>pie</strong></span> <span class='ocrx_word' id='word_1_239' title='bbox 2472 1692 2751 1761; x_wconf 62' lang='lat' dir='ltr'><strong>praedices.</strong></span> <span class='ocrx_word' id='word_1_240' title='bbox 2782 1693 2946 1763; x_wconf 81' lang='lat' dir='ltr'><strong>Rapis</strong></span> <span class='ocrx_word' id='word_1_241' title='bbox 2991 1697 3134 1750; x_wconf 90' lang='lat' dir='ltr'><strong>enim</strong></span> <span class='ocrx_word' id='word_1_242' title='bbox 3162 1695 3230 1750; x_wconf 90' lang='lat' dir='ltr'><strong>ad</strong></span> <span class='ocrx_word' id='word_1_243' title='bbox 3258 1697 3449 1768; x_wconf 91' lang='lat' dir='ltr'><strong>impie-</strong></span> 
     </span>
    </p>
   </div>
   <div class='ocr_carea' id='block_1_33' title="bbox 149 1776 3446 1858">
    <p class='ocr_par' dir='ltr' id='par_1_33' title="bbox 149 1776 3446 1858">
     <span class='ocr_line' id='line_1_33' title="bbox 149 1776 3446 1858; baseline 0.006 -34"><span class='ocrx_word' id='word_1_244' title='bbox 149 1780 491 1826; x_wconf 89' lang='lat' dir='ltr'><strong>monstratum</strong></span> <span class='ocrx_word' id='word_1_245' title='bbox 521 1776 916 1840; x_wconf 80' lang='lat' dir='ltr'><strong>existimamus,</strong></span> <span class='ocrx_word' id='word_1_246' title='bbox 952 1776 1154 1831; x_wconf 89' lang='lat' dir='ltr'><strong>nullam</strong></span> <span class='ocrx_word' id='word_1_247' title='bbox 1185 1777 1553 1847; x_wconf 91' lang='lat' dir='ltr'><strong>interpositam</strong></span> <span class='ocrx_word' id='word_1_248' title='bbox 1577 1779 1735 1834; x_wconf 89' lang='lat' dir='ltr'><strong>intel-</strong></span> <span class='ocrx_word' id='word_1_249' title='bbox 1767 1785 1812 1846; x_wconf 84' lang='grc' dir='ltr'><strong><em>Β</em></strong></span> <span class='ocrx_word' id='word_1_250' title='bbox 1844 1787 2004 1834; x_wconf 89' lang='lat' dir='ltr'><strong>tatem</strong></span> <span class='ocrx_word' id='word_1_251' title='bbox 2031 1791 2174 1834; x_wconf 92' lang='lat' dir='ltr'><strong>tuam</strong></span> <span class='ocrx_word' id='word_1_252' title='bbox 2218 1782 2489 1851; x_wconf 77' lang='lat' dir='ltr'><strong>religionis</strong></span> <span class='ocrx_word' id='word_1_253' title='bbox 2520 1794 2720 1838; x_wconf 78' lang='lat' dir='ltr'><strong>nostra:</strong></span> <span class='ocrx_word' id='word_1_254' title='bbox 2766 1786 3185 1856; x_wconf 90' lang='lat' dir='ltr'><strong>professionem:</strong></span> <span class='ocrx_word' id='word_1_255' title='bbox 3213 1797 3268 1842; x_wconf 92' lang='lat' dir='ltr'><strong>et</strong></span> <span class='ocrx_word' id='word_1_256' title='bbox 3304 1789 3446 1858; x_wconf 89' lang='lat' dir='ltr'><strong>quod</strong></span> 
     </span>
    </p>
   </div>
   <div class='ocr_carea' id='block_1_34' title="bbox 148 1861 1738 1932">
    <p class='ocr_par' dir='ltr' id='par_1_34' title="bbox 148 1861 1738 1932">
     <span class='ocr_line' id='line_1_34' title="bbox 148 1861 1738 1932; baseline 0.006 -18"><span class='ocrx_word' id='word_1_257' title='bbox 148 1861 364 1931; x_wconf 74' lang='lat' dir='ltr'><strong>ligentia:</strong></span> <span class='ocrx_word' id='word_1_258' title='bbox 385 1866 656 1918; x_wconf 89' lang='lat' dir='ltr'><strong>rationem</strong></span> <span class='ocrx_word' id='word_1_259' title='bbox 689 1865 890 1932; x_wconf 89' lang='lat' dir='ltr'><strong>fuisse,</strong></span> <span class='ocrx_word' id='word_1_260' title='bbox 933 1878 992 1921; x_wconf 91' lang='lat' dir='ltr'><strong>ut</strong></span> <span class='ocrx_word' id='word_1_261' title='bbox 1037 1869 1176 1924; x_wconf 90' lang='lat' dir='ltr'><strong>Deus</strong></span> <span class='ocrx_word' id='word_1_262' title='bbox 1205 1885 1361 1924; x_wconf 88' lang='lat' dir='ltr'><strong>verus</strong></span> <span class='ocrx_word' id='word_1_263' title='bbox 1388 1879 1440 1925; x_wconf 94' lang='lat' dir='ltr'><strong>et</strong></span> <span class='ocrx_word' id='word_1_264' title='bbox 1475 1871 1616 1926; x_wconf 88' lang='lat' dir='ltr'><strong>Deus</strong></span> <span class='ocrx_word' id='word_1_265' title='bbox 1639 1870 1738 1925; x_wconf 86' lang='lat' dir='ltr'><strong>fal-</strong></span> 
     </span>
    </p>
   </div>
   <div class='ocr_carea' id='block_1_35' title="bbox 146 1962 1733 2034">
    <p class='ocr_par' dir='ltr' id='par_1_35' title="bbox 146 1962 1733 2034">
     <span class='ocr_line' id='line_1_35' title="bbox 146 1962 1733 2034; baseline 0.009 -22"><span class='ocrx_word' id='word_1_266' title='bbox 146 1972 228 2013; x_wconf 87' lang='lat' dir='ltr'><strong>sus</strong></span> <span class='ocrx_word' id='word_1_267' title='bbox 258 1962 305 2014; x_wconf 95' lang='lat' dir='ltr'><strong>in</strong></span> <span class='ocrx_word' id='word_1_268' title='bbox 338 1976 561 2017; x_wconf 88' lang='lat' dir='ltr'><strong>sensum</strong></span> <span class='ocrx_word' id='word_1_269' title='bbox 589 1965 837 2020; x_wconf 71' lang='lat' dir='ltr'><strong>humana:</strong></span> <span class='ocrx_word' id='word_1_270' title='bbox 868 1967 1063 2021; x_wconf 87' lang='lat' dir='ltr'><strong>mentis</strong></span> <span class='ocrx_word' id='word_1_271' title='bbox 1094 1967 1376 2034; x_wconf 89' lang='lat' dir='ltr'><strong>incideret,</strong></span> <span class='ocrx_word' id='word_1_272' title='bbox 1409 1983 1531 2024; x_wconf 90' lang='lat' dir='ltr'><strong>cum</strong></span> <span class='ocrx_word' id='word_1_273' title='bbox 1565 1969 1733 2026; x_wconf 88' lang='lat' dir='ltr'><strong>Deum</strong></span> 
     </span>
    </p>
   </div>
   <div class='ocr_carea' id='block_1_36' title="bbox 143 2053 1732 2130">
    <p class='ocr_par' dir='ltr' id='par_1_36' title="bbox 143 2053 1732 2130">
     <span class='ocr_line' id='line_1_36' title="bbox 143 2053 1732 2130; baseline 0.008 -24"><span class='ocrx_word' id='word_1_274' title='bbox 143 2064 186 2106; x_wconf 92' lang='lat' dir='ltr'><strong>et</strong></span> <span class='ocrx_word' id='word_1_275' title='bbox 215 2053 373 2109; x_wconf 88' lang='lat' dir='ltr'><strong>Demu</strong></span> <span class='ocrx_word' id='word_1_276' title='bbox 402 2098 418 2122; x_wconf 92' lang='lat'><strong>,</strong></span> <span class='ocrx_word' id='word_1_277' title='bbox 450 2069 503 2111; x_wconf 89' lang='lat' dir='ltr'><strong>et</strong></span> <span class='ocrx_word' id='word_1_278' title='bbox 545 2057 831 2114; x_wconf 90' lang='lat' dir='ltr'><strong>Dominum</strong></span> <span class='ocrx_word' id='word_1_279' title='bbox 879 2070 932 2114; x_wconf 91' lang='lat' dir='ltr'><strong>et</strong></span> <span class='ocrx_word' id='word_1_280' title='bbox 983 2059 1264 2114; x_wconf 91' lang='lat' dir='ltr'><strong>Dominum</strong></span> <span class='ocrx_word' id='word_1_281' title='bbox 1311 2062 1395 2117; x_wconf 82' lang='lat' dir='ltr'><strong>lex</strong></span> <span class='ocrx_word' id='word_1_282' title='bbox 1424 2063 1599 2118; x_wconf 87' lang='lat' dir='ltr'><strong>locuta</strong></span> <span class='ocrx_word' id='word_1_283' title='bbox 1623 2064 1732 2130; x_wconf 93' lang='lat' dir='ltr'><strong>sit;</strong></span> 
     </span>
    </p>
   </div>
   <div class='ocr_carea' id='block_1_37' title="bbox 143 2151 1734 2224">
    <p class='ocr_par' dir='ltr' id='par_1_37' title="bbox 143 2151 1734 2224">
     <span class='ocr_line' id='line_1_37' title="bbox 143 2151 1734 2224; baseline 0.008 -23"><span class='ocrx_word' id='word_1_284' title='bbox 143 2163 304 2218; x_wconf 90' lang='lat' dir='ltr'><strong>neque</strong></span> <span class='ocrx_word' id='word_1_285' title='bbox 334 2151 385 2204; x_wconf 93' lang='lat' dir='ltr'><strong>in</strong></span> <span class='ocrx_word' id='word_1_286' title='bbox 419 2152 735 2206; x_wconf 87' lang='lat' dir='ltr'><strong>nominibus</strong></span> <span class='ocrx_word' id='word_1_287' title='bbox 781 2154 1092 2224; x_wconf 79' lang='lat' dir='ltr'><strong>natm-isque</strong></span> <span class='ocrx_word' id='word_1_288' title='bbox 1143 2154 1499 2224; x_wconf 82' lang='lat' dir='ltr'><strong>significatam</strong></span> <span class='ocrx_word' id='word_1_289' title='bbox 1551 2157 1734 2214; x_wconf 87' lang='lat' dir='ltr'><strong>diver-</strong></span> 
     </span>
    </p>
   </div>
   <div class='ocr_carea' id='block_1_38' title="bbox 138 2240 1735 2320">
    <p class='ocr_par' dir='ltr' id='par_1_38' title="bbox 138 2240 1735 2320">
     <span class='ocr_line' id='line_1_38' title="bbox 138 2240 1735 2320; baseline 0.007 -27"><span class='ocrx_word' id='word_1_290' title='bbox 138 2240 338 2295; x_wconf 89' lang='lat' dir='ltr'><strong>sitatem</strong></span> <span class='ocrx_word' id='word_1_291' title='bbox 372 2241 545 2298; x_wconf 84' lang='lat' dir='ltr'><strong>fuisse</strong></span> <span class='ocrx_word' id='word_1_292' title='bbox 570 2285 584 2308; x_wconf 91' lang='lat'><strong>,</strong></span> <span class='ocrx_word' id='word_1_293' title='bbox 619 2261 686 2301; x_wconf 88' lang='lat' dir='ltr'><strong>ne</strong></span> <span class='ocrx_word' id='word_1_294' title='bbox 718 2262 822 2300; x_wconf 90' lang='lat' dir='ltr'><strong>non</strong></span> <span class='ocrx_word' id='word_1_295' title='bbox 869 2247 1166 2302; x_wconf 89' lang='lat' dir='ltr'><strong>secundum</strong></span> <span class='ocrx_word' id='word_1_296' title='bbox 1213 2249 1372 2320; x_wconf 78' lang='lat'><strong>119</strong></span> <span class='ocrx_word' id='word_1_297' title='bbox 1416 2265 1611 2305; x_wconf 77' lang='lat' dir='ltr'><strong>nomen</strong></span> <span class='ocrx_word' id='word_1_298' title='bbox 1646 2265 1735 2304; x_wconf 87' lang='lat' dir='ltr'><strong>na-</strong></span> 
     </span>
    </p>
   </div>
   <div class='ocr_carea' id='block_1_39' title="bbox 142 2340 1732 2412">
    <p class='ocr_par' dir='ltr' id='par_1_39' title="bbox 142 2340 1732 2412">
     <span class='ocr_line' id='line_1_39' title="bbox 142 2340 1732 2412; baseline 0.008 -26"><span class='ocrx_word' id='word_1_299' title='bbox 142 2343 264 2388; x_wconf 75' lang='lat' dir='ltr'><strong>tura:</strong></span> <span class='ocrx_word' id='word_1_300' title='bbox 291 2345 342 2389; x_wconf 90' lang='lat' dir='ltr'><strong>et</strong></span> <span class='ocrx_word' id='word_1_301' title='bbox 374 2348 572 2391; x_wconf 85' lang='lat' dir='ltr'><strong>natura</strong></span> <span class='ocrx_word' id='word_1_302' title='bbox 605 2340 843 2393; x_wconf 87' lang='lat' dir='ltr'><strong>nominis</strong></span> <span class='ocrx_word' id='word_1_303' title='bbox 891 2352 1070 2409; x_wconf 88' lang='lat' dir='ltr'><strong>posset</strong></span> <span class='ocrx_word' id='word_1_304' title='bbox 1101 2341 1358 2412; x_wconf 87' lang='lat' dir='ltr'><strong>intelligi;</strong></span> <span class='ocrx_word' id='word_1_305' title='bbox 1400 2357 1522 2397; x_wconf 92' lang='lat' dir='ltr'><strong>cum</strong></span> <span class='ocrx_word' id='word_1_306' title='bbox 1561 2344 1732 2399; x_wconf 89' lang='lat' dir='ltr'><strong>virtus</strong></span> 
     </span>
    </p>
   </div>
   <div class='ocr_carea' id='block_1_40' title="bbox 141 2425 1728 2505">
    <p class='ocr_par' dir='ltr' id='par_1_40' title="bbox 141 2425 1728 2505">
     <span class='ocr_line' id='line_1_40' title="bbox 141 2425 1728 2505; baseline 0.006 -24"><span class='ocrx_word' id='word_1_307' title='bbox 141 2425 262 2490; x_wconf 90' lang='lat' dir='ltr'><strong>Dei,</strong></span> <span class='ocrx_word' id='word_1_308' title='bbox 293 2438 538 2498; x_wconf 78' lang='lat' dir='ltr'><strong>potestas</strong></span> <span class='ocrx_word' id='word_1_309' title='bbox 573 2431 696 2499; x_wconf 89' lang='lat' dir='ltr'><strong>Dei,</strong></span> <span class='ocrx_word' id='word_1_310' title='bbox 736 2449 822 2488; x_wconf 92' lang='lat' dir='ltr'><strong>res</strong></span> <span class='ocrx_word' id='word_1_311' title='bbox 852 2435 963 2500; x_wconf 88' lang='lat' dir='ltr'><strong>Dei,</strong></span> <span class='ocrx_word' id='word_1_312' title='bbox 1001 2451 1197 2490; x_wconf 90' lang='lat' dir='ltr'><strong>nomen</strong></span> <span class='ocrx_word' id='word_1_313' title='bbox 1227 2435 1318 2490; x_wconf 89' lang='lat' dir='ltr'><strong>Dei</strong></span> <span class='ocrx_word' id='word_1_314' title='bbox 1366 2435 1417 2490; x_wconf 93' lang='lat' dir='ltr'><strong>in</strong></span> <span class='ocrx_word' id='word_1_315' title='bbox 1448 2451 1515 2492; x_wconf 91' lang='lat' dir='ltr'><strong>eo</strong></span> <span class='ocrx_word' id='word_1_316' title='bbox 1546 2445 1728 2505; x_wconf 90' lang='lat' dir='ltr'><strong>esset,</strong></span> 
     </span>
    </p>
   </div>
   <div class='ocr_carea' id='block_1_41' title="bbox 140 2524 1728 2600">
    <p class='ocr_par' dir='ltr' id='par_1_41' title="bbox 140 2524 1728 2600">
     <span class='ocr_line' id='line_1_41' title="bbox 140 2524 1728 2600; baseline 0.009 -27"><span class='ocrx_word' id='word_1_317' title='bbox 140 2539 282 2592; x_wconf 89' lang='lat' dir='ltr'><strong>quem</strong></span> <span class='ocrx_word' id='word_1_318' title='bbox 315 2524 481 2580; x_wconf 90' lang='lat' dir='ltr'><strong>Deum</strong></span> <span class='ocrx_word' id='word_1_319' title='bbox 516 2525 603 2581; x_wconf 85' lang='lat' dir='ltr'><strong>lex</strong></span> <span class='ocrx_word' id='word_1_320' title='bbox 629 2527 988 2595; x_wconf 64' lang='lat' dir='ltr'><strong>praedicabat:</strong></span> <span class='ocrx_word' id='word_1_321' title='bbox 1033 2528 1112 2600; x_wconf 84' lang='grc' dir='ltr'><strong>(α)</strong></span> <span class='ocrx_word' id='word_1_322' title='bbox 1145 2545 1264 2599; x_wconf 63' lang='lat' dir='ltr'><strong>quae</strong></span> <span class='ocrx_word' id='word_1_323' title='bbox 1310 2530 1607 2586; x_wconf 87' lang='lat' dir='ltr'><strong>secundum</strong></span> <span class='ocrx_word' id='word_1_324' title='bbox 1638 2547 1728 2586; x_wconf 89' lang='lat' dir='ltr'><strong>sa-</strong></span> 
     </span>
    </p>
   </div>
   <div class='ocr_carea' id='block_1_42' title="bbox 138 2617 1730 2694">
    <p class='ocr_par' dir='ltr' id='par_1_42' title="bbox 138 2617 1730 2694">
     <span class='ocr_line' id='line_1_42' title="bbox 138 2617 1730 2694; baseline 0.008 -26"><span class='ocrx_word' id='word_1_325' title='bbox 138 2617 383 2670; x_wconf 82' lang='lat' dir='ltr'><strong>eramenti</strong></span> <span class='ocrx_word' id='word_1_326' title='bbox 405 2618 715 2688; x_wconf 76' lang='lat' dir='ltr'><strong>evangelici</strong></span> <span class='ocrx_word' id='word_1_327' title='bbox 763 2620 1196 2678; x_wconf 87' lang='lat' dir='ltr'><strong>distributionem</strong></span> <span class='ocrx_word' id='word_1_328' title='bbox 1224 2665 1238 2689; x_wconf 95' lang='lat'><strong>,</strong></span> <span class='ocrx_word' id='word_1_329' title='bbox 1283 2623 1348 2678; x_wconf 89' lang='lat' dir='ltr'><strong>ad</strong></span> <span class='ocrx_word' id='word_1_330' title='bbox 1383 2639 1627 2694; x_wconf 71' lang='lat' dir='ltr'><strong>persoute</strong></span> <span class='ocrx_word' id='word_1_331' title='bbox 1658 2627 1730 2680; x_wconf 80' lang='lat' dir='ltr'><strong>si-</strong></span> 
     </span>
    </p>
   </div>
   <div class='ocr_carea' id='block_1_43' title="bbox 138 2709 1728 2778">
    <p class='ocr_par' dir='ltr' id='par_1_43' title="bbox 138 2709 1728 2778">
     <span class='ocr_line' id='line_1_43' title="bbox 138 2709 1728 2778; baseline 0.011 -22"><span class='ocrx_word' id='word_1_332' title='bbox 138 2709 526 2776; x_wconf 83' lang='lat' dir='ltr'><strong>gnificationem</strong></span> <span class='ocrx_word' id='word_1_333' title='bbox 558 2754 572 2778; x_wconf 94' lang='lat'><strong>,</strong></span> <span class='ocrx_word' id='word_1_334' title='bbox 623 2712 1018 2769; x_wconf 87' lang='lat' dir='ltr'><strong>demonstraret</strong></span> <span class='ocrx_word' id='word_1_335' title='bbox 1068 2725 1121 2770; x_wconf 85' lang='lat' dir='ltr'><strong>et</strong></span> <span class='ocrx_word' id='word_1_336' title='bbox 1171 2716 1221 2770; x_wconf 90' lang='lat' dir='ltr'><strong>in</strong></span> <span class='ocrx_word' id='word_1_337' title='bbox 1264 2717 1498 2772; x_wconf 88' lang='lat' dir='ltr'><strong>creando</strong></span> <span class='ocrx_word' id='word_1_338' title='bbox 1527 2718 1728 2773; x_wconf 90' lang='lat' dir='ltr'><strong>mundo</strong></span> 
     </span>
    </p>
   </div>
   <div class='ocr_carea' id='block_1_44' title="bbox 139 2802 1728 2879">
    <p class='ocr_par' dir='ltr' id='par_1_44' title="bbox 139 2802 1728 2879">
     <span class='ocr_line' id='line_1_44' title="bbox 139 2802 1728 2879; baseline 0.008 -25"><span class='ocrx_word' id='word_1_339' title='bbox 139 2802 462 2858; x_wconf 81' lang='lat' dir='ltr'><strong>obedientem</strong></span> <span class='ocrx_word' id='word_1_340' title='bbox 491 2804 657 2859; x_wconf 89' lang='lat' dir='ltr'><strong>dictis</strong></span> <span class='ocrx_word' id='word_1_341' title='bbox 692 2805 783 2860; x_wconf 90' lang='lat' dir='ltr'><strong>Dei</strong></span> <span class='ocrx_word' id='word_1_342' title='bbox 817 2806 1008 2874; x_wconf 88' lang='lat' dir='ltr'><strong>Deum,</strong></span> <span class='ocrx_word' id='word_1_343' title='bbox 1043 2818 1096 2862; x_wconf 90' lang='lat' dir='ltr'><strong>et</strong></span> <span class='ocrx_word' id='word_1_344' title='bbox 1126 2809 1176 2862; x_wconf 92' lang='lat' dir='ltr'><strong>iu</strong></span> <span class='ocrx_word' id='word_1_345' title='bbox 1206 2810 1483 2879; x_wconf 86' lang='lat' dir='ltr'><strong>figurando</strong></span> <span class='ocrx_word' id='word_1_346' title='bbox 1511 2810 1728 2866; x_wconf 86' lang='lat' dir='ltr'><strong>ltomine</strong></span> 
     </span>
    </p>
   </div>
   <div class='ocr_carea' id='block_1_45' title="bbox 140 2898 1724 2974">
    <p class='ocr_par' dir='ltr' id='par_1_45' title="bbox 140 2898 1724 2974">
     <span class='ocr_line' id='line_1_45' title="bbox 140 2898 1724 2974; baseline 0.006 -25"><span class='ocrx_word' id='word_1_347' title='bbox 140 2898 425 2953; x_wconf 86' lang='lat' dir='ltr'><strong>communis</strong></span> <span class='ocrx_word' id='word_1_348' title='bbox 464 2913 655 2954; x_wconf 89' lang='lat' dir='ltr'><strong>secum</strong></span> <span class='ocrx_word' id='word_1_349' title='bbox 686 2909 740 2954; x_wconf 88' lang='lat' dir='ltr'><strong>et</strong></span> <span class='ocrx_word' id='word_1_350' title='bbox 790 2899 881 2954; x_wconf 88' lang='lat' dir='ltr'><strong>Dei</strong></span> <span class='ocrx_word' id='word_1_351' title='bbox 914 2902 1161 2974; x_wconf 87' lang='lat' dir='ltr'><strong>imaginis</strong></span> <span class='ocrx_word' id='word_1_352' title='bbox 1189 2903 1262 2974; x_wconf 90' lang='lat' dir='ltr'><strong>(b)</strong></span> <span class='ocrx_word' id='word_1_353' title='bbox 1313 2904 1477 2958; x_wconf 90' lang='lat' dir='ltr'><strong>Deum</strong></span> <span class='ocrx_word' id='word_1_354' title='bbox 1509 2914 1724 2960; x_wconf 85' lang='lat' dir='ltr'><strong>creato-</strong></span> 
     </span>
    </p>
   </div>
   <div class='ocr_carea' id='block_1_46' title="bbox 139 2991 1722 3065">
    <p class='ocr_par' dir='ltr' id='par_1_46' title="bbox 139 2991 1722 3065">
     <span class='ocr_line' id='line_1_46' title="bbox 139 2991 1722 3065; baseline 0.008 -24"><span class='ocrx_word' id='word_1_355' title='bbox 139 3003 238 3042; x_wconf 86' lang='lat' dir='ltr'><strong>rem</strong></span> <span class='ocrx_word' id='word_1_356' title='bbox 259 3032 273 3056; x_wconf 95' lang='lat'><strong>,</strong></span> <span class='ocrx_word' id='word_1_357' title='bbox 297 3001 349 3046; x_wconf 88' lang='lat' dir='ltr'><strong>et</strong></span> <span class='ocrx_word' id='word_1_358' title='bbox 378 2991 431 3046; x_wconf 93' lang='lat' dir='ltr'><strong>in</strong></span> <span class='ocrx_word' id='word_1_359' title='bbox 461 2991 774 3062; x_wconf 91' lang='lat' dir='ltr'><strong>judicandis</strong></span> <span class='ocrx_word' id='word_1_360' title='bbox 799 2994 1344 3065; x_wconf 78' lang='lat' dir='ltr'><strong>Sodomitisjudicem</strong></span> <span class='ocrx_word' id='word_1_361' title='bbox 1380 2997 1662 3052; x_wconf 89' lang='lat' dir='ltr'><strong>Dominum</strong></span> <span class='ocrx_word' id='word_1_362' title='bbox 1693 3012 1722 3052; x_wconf 89' lang='lat' dir='ltr'><strong>a</strong></span> 
     </span>
    </p>
   </div>
   <div class='ocr_carea' id='block_1_47' title="bbox 141 3079 1725 3157">
    <p class='ocr_par' dir='ltr' id='par_1_47' title="bbox 141 3079 1725 3157">
     <span class='ocr_line' id='line_1_47' title="bbox 141 3079 1725 3157; baseline 0.008 -23"><span class='ocrx_word' id='word_1_363' title='bbox 141 3079 350 3137; x_wconf 90' lang='lat' dir='ltr'><strong>Domino</strong></span> <span class='ocrx_word' id='word_1_364' title='bbox 373 3127 386 3148; x_wconf 90' lang='lat'><strong>,</strong></span> <span class='ocrx_word' id='word_1_365' title='bbox 419 3093 477 3139; x_wconf 90' lang='lat' dir='ltr'><strong>et</strong></span> <span class='ocrx_word' id='word_1_366' title='bbox 510 3085 566 3138; x_wconf 91' lang='lat' dir='ltr'><strong>iu</strong></span> <span class='ocrx_word' id='word_1_367' title='bbox 619 3085 912 3157; x_wconf 88' lang='lat' dir='ltr'><strong>largiendis</strong></span> <span class='ocrx_word' id='word_1_368' title='bbox 943 3086 1411 3143; x_wconf 89' lang='lat' dir='ltr'><strong>benedictionibus</strong></span> <span class='ocrx_word' id='word_1_369' title='bbox 1440 3099 1494 3145; x_wconf 89' lang='lat' dir='ltr'><strong>et</strong></span> <span class='ocrx_word' id='word_1_370' title='bbox 1527 3091 1581 3144; x_wconf 93' lang='lat' dir='ltr'><strong>in</strong></span> <span class='ocrx_word' id='word_1_371' title='bbox 1632 3090 1725 3146; x_wconf 88' lang='lat' dir='ltr'><strong>de-</strong></span> 
     </span>
    </p>
   </div>
   <div class='ocr_carea' id='block_1_48' title="bbox 1839 1873 3447 1952">
    <p class='ocr_par' dir='ltr' id='par_1_48' title="bbox 1839 1873 3447 1952">
     <span class='ocr_line' id='line_1_48' title="bbox 1839 1873 3447 1952; baseline 0.004 -25"><span class='ocrx_word' id='word_1_372' title='bbox 1839 1881 1924 1928; x_wconf 90' lang='lat' dir='ltr'><strong>est</strong></span> <span class='ocrx_word' id='word_1_373' title='bbox 1983 1887 2186 1944; x_wconf 87' lang='lat' dir='ltr'><strong>negas,</strong></span> <span class='ocrx_word' id='word_1_374' title='bbox 2238 1873 2364 1928; x_wconf 88' lang='lat' dir='ltr'><strong>dum</strong></span> <span class='ocrx_word' id='word_1_375' title='bbox 2435 1877 2578 1946; x_wconf 88' lang='lat' dir='ltr'><strong>quod</strong></span> <span class='ocrx_word' id='word_1_376' title='bbox 2619 1887 2837 1932; x_wconf 91' lang='lat' dir='ltr'><strong>estnon</strong></span> <span class='ocrx_word' id='word_1_377' title='bbox 2869 1895 3051 1948; x_wconf 80' lang='lat' dir='ltr'><strong>negas.</strong></span> <span class='ocrx_word' id='word_1_378' title='bbox 3082 1879 3172 1934; x_wconf 90' lang='lat' dir='ltr'><strong>Sic</strong></span> <span class='ocrx_word' id='word_1_379' title='bbox 3200 1879 3268 1952; x_wconf 72' lang='grc' dir='ltr'><strong>(ι’)</strong></span> <span class='ocrx_word' id='word_1_380' title='bbox 3313 1879 3447 1934; x_wconf 88' lang='lat' dir='ltr'><strong>stul-</strong></span> 
     </span>
    </p>
   </div>
   <div class='ocr_carea' id='block_1_49' title="bbox 1841 1967 3446 2043">
    <p class='ocr_par' dir='ltr' id='par_1_49' title="bbox 1841 1967 3446 2043">
     <span class='ocr_line' id='line_1_49' title="bbox 1841 1967 3446 2043; baseline 0.006 -24"><span class='ocrx_word' id='word_1_381' title='bbox 1841 1975 1948 2020; x_wconf 88' lang='lat' dir='ltr'><strong>tam</strong></span> <span class='ocrx_word' id='word_1_382' title='bbox 2001 1967 2317 2036; x_wconf 81' lang='lat' dir='ltr'><strong>sapientiam</strong></span> <span class='ocrx_word' id='word_1_383' title='bbox 2366 1967 2508 2023; x_wconf 87' lang='lat' dir='ltr'><strong>fallis</strong></span> <span class='ocrx_word' id='word_1_384' title='bbox 2545 2011 2559 2034; x_wconf 95' lang='lat'><strong>,</strong></span> <span class='ocrx_word' id='word_1_385' title='bbox 2611 1978 2671 2024; x_wconf 88' lang='lat' dir='ltr'><strong>ut</strong></span> <span class='ocrx_word' id='word_1_386' title='bbox 2714 1973 2993 2027; x_wconf 87' lang='lat' dir='ltr'><strong>veritatem</strong></span> <span class='ocrx_word' id='word_1_387' title='bbox 3040 1973 3277 2042; x_wconf 88' lang='lat' dir='ltr'><strong>perimas</strong></span> <span class='ocrx_word' id='word_1_388' title='bbox 3318 1987 3446 2043; x_wconf 89' lang='lat' dir='ltr'><strong>spe-</strong></span> 
     </span>
    </p>
   </div>
   <div class='ocr_carea' id='block_1_50' title="bbox 1838 2055 3450 2132">
    <p class='ocr_par' dir='ltr' id='par_1_50' title="bbox 1838 2055 3450 2132">
     <span class='ocr_line' id='line_1_50' title="bbox 1838 2055 3450 2132; baseline 0.004 -21"><span class='ocrx_word' id='word_1_389' title='bbox 1838 2055 1922 2112; x_wconf 90' lang='lat' dir='ltr'><strong>cie</strong></span> <span class='ocrx_word' id='word_1_390' title='bbox 1977 2058 2236 2112; x_wconf 82' lang='lat' dir='ltr'><strong>veritatis.</strong></span> <span class='ocrx_word' id='word_1_391' title='bbox 2311 2058 2485 2114; x_wconf 90' lang='lat' dir='ltr'><strong>Unum</strong></span> <span class='ocrx_word' id='word_1_392' title='bbox 2538 2060 2696 2132; x_wconf 76' lang='lat'><strong>120</strong></span> <span class='ocrx_word' id='word_1_393' title='bbox 2745 2077 2928 2117; x_wconf 88' lang='lat' dir='ltr'><strong>verum</strong></span> <span class='ocrx_word' id='word_1_394' title='bbox 2993 2063 3158 2118; x_wconf 90' lang='lat' dir='ltr'><strong>Deum</strong></span> <span class='ocrx_word' id='word_1_395' title='bbox 3225 2064 3450 2118; x_wconf 81' lang='lat' dir='ltr'><strong>conﬁte-</strong></span> 
     </span>
    </p>
   </div>
   <div class='ocr_carea' id='block_1_51' title="bbox 1838 2149 3447 2227">
    <p class='ocr_par' dir='ltr' id='par_1_51' title="bbox 1838 2149 3447 2227">
     <span class='ocr_line' id='line_1_51' title="bbox 1838 2149 3447 2227; baseline 0.006 -24"><span class='ocrx_word' id='word_1_396' title='bbox 1838 2149 1949 2216; x_wconf 93' lang='lat' dir='ltr'><strong>ris,</strong></span> <span class='ocrx_word' id='word_1_397' title='bbox 2033 2159 2089 2205; x_wconf 91' lang='lat' dir='ltr'><strong>ut</strong></span> <span class='ocrx_word' id='word_1_398' title='bbox 2154 2167 2315 2206; x_wconf 91' lang='lat' dir='ltr'><strong>unum</strong></span> <span class='ocrx_word' id='word_1_399' title='bbox 2397 2168 2582 2208; x_wconf 90' lang='lat' dir='ltr'><strong>verum</strong></span> <span class='ocrx_word' id='word_1_400' title='bbox 2663 2157 2829 2210; x_wconf 76' lang='lat' dir='ltr'><strong>Deum</strong></span> <span class='ocrx_word' id='word_1_401' title='bbox 2884 2156 3137 2227; x_wconf 85' lang='lat' dir='ltr'><strong>deneges.</strong></span> <span class='ocrx_word' id='word_1_402' title='bbox 3172 2156 3447 2213; x_wconf 84' lang='lat' dir='ltr'><strong>Professio</strong></span> 
     </span>
    </p>
   </div>
   <div class='ocr_carea' id='block_1_52' title="bbox 1836 2244 3441 2321">
    <p class='ocr_par' dir='ltr' id='par_1_52' title="bbox 1836 2244 3441 2321">
     <span class='ocr_line' id='line_1_52' title="bbox 1836 2244 3441 2321; baseline 0.004 -24"><span class='ocrx_word' id='word_1_403' title='bbox 1836 2244 1977 2298; x_wconf 90' lang='lat' dir='ltr'><strong>enim</strong></span> <span class='ocrx_word' id='word_1_404' title='bbox 2029 2253 2117 2298; x_wconf 92' lang='lat' dir='ltr'><strong>tua</strong></span> <span class='ocrx_word' id='word_1_405' title='bbox 2167 2247 2245 2301; x_wconf 91' lang='lat' dir='ltr'><strong>sic</strong></span> <span class='ocrx_word' id='word_1_406' title='bbox 2309 2257 2526 2317; x_wconf 89' lang='lat' dir='ltr'><strong>putatur</strong></span> <span class='ocrx_word' id='word_1_407' title='bbox 2579 2248 2701 2318; x_wconf 89' lang='lat' dir='ltr'><strong>pia,</strong></span> <span class='ocrx_word' id='word_1_408' title='bbox 2751 2249 2894 2318; x_wconf 87' lang='lat' dir='ltr'><strong>quod</strong></span> <span class='ocrx_word' id='word_1_409' title='bbox 2938 2250 3108 2320; x_wconf 84' lang='lat' dir='ltr'><strong>magis</strong></span> <span class='ocrx_word' id='word_1_410' title='bbox 3136 2251 3294 2321; x_wconf 91' lang='lat' dir='ltr'><strong>impia</strong></span> <span class='ocrx_word' id='word_1_411' title='bbox 3321 2261 3441 2315; x_wconf 90' lang='lat' dir='ltr'><strong>est;</strong></span> 
     </span>
    </p>
   </div>
   <div class='ocr_carea' id='block_1_53' title="bbox 1835 2336 3445 2406">
    <p class='ocr_par' dir='ltr' id='par_1_53' title="bbox 1835 2336 3445 2406">
     <span class='ocr_line' id='line_1_53' title="bbox 1835 2336 3445 2406; baseline 0.004 -16"><span class='ocrx_word' id='word_1_412' title='bbox 1835 2336 1915 2390; x_wconf 89' lang='lat' dir='ltr'><strong>sic</strong></span> <span class='ocrx_word' id='word_1_413' title='bbox 1965 2352 2091 2390; x_wconf 88' lang='lat' dir='ltr'><strong>vera</strong></span> <span class='ocrx_word' id='word_1_414' title='bbox 2142 2338 2284 2406; x_wconf 89' lang='lat' dir='ltr'><strong>quod</strong></span> <span class='ocrx_word' id='word_1_415' title='bbox 2333 2339 2463 2394; x_wconf 82' lang='lat' dir='ltr'><strong>falsa</strong></span> <span class='ocrx_word' id='word_1_416' title='bbox 2505 2350 2608 2394; x_wconf 89' lang='lat' dir='ltr'><strong>est.</strong></span> <span class='ocrx_word' id='word_1_417' title='bbox 2669 2341 2758 2397; x_wconf 90' lang='lat' dir='ltr'><strong>Sic</strong></span> <span class='ocrx_word' id='word_1_418' title='bbox 2809 2357 2838 2395; x_wconf 90' lang='lat' dir='ltr'><strong>a</strong></span> <span class='ocrx_word' id='word_1_419' title='bbox 2894 2350 2947 2397; x_wconf 90' lang='lat' dir='ltr'><strong>te</strong></span> <span class='ocrx_word' id='word_1_420' title='bbox 2988 2357 3127 2397; x_wconf 93' lang='lat' dir='ltr'><strong>unus</strong></span> <span class='ocrx_word' id='word_1_421' title='bbox 3183 2353 3237 2396; x_wconf 93' lang='lat' dir='ltr'><strong>et</strong></span> <span class='ocrx_word' id='word_1_422' title='bbox 3281 2357 3445 2398; x_wconf 84' lang='lat' dir='ltr'><strong>verus</strong></span> 
     </span>
    </p>
   </div>
   <div class='ocr_carea' id='block_1_54' title="bbox 1836 2429 3441 2504">
    <p class='ocr_par' dir='ltr' id='par_1_54' title="bbox 1836 2429 3441 2504">
     <span class='ocr_line' id='line_1_54' title="bbox 1836 2429 3441 2504; baseline 0.003 -21"><span class='ocrx_word' id='word_1_423' title='bbox 1836 2429 1979 2484; x_wconf 89' lang='lat' dir='ltr'><strong>Deus</strong></span> <span class='ocrx_word' id='word_1_424' title='bbox 2006 2429 2327 2500; x_wconf 65' lang='lat' dir='ltr'><strong>praedicatur</strong></span> <span class='ocrx_word' id='word_1_425' title='bbox 2347 2473 2362 2496; x_wconf 97' lang='lat'><strong>,</strong></span> <span class='ocrx_word' id='word_1_426' title='bbox 2393 2443 2450 2486; x_wconf 90' lang='lat' dir='ltr'><strong>ut</strong></span> <span class='ocrx_word' id='word_1_427' title='bbox 2493 2449 2602 2487; x_wconf 93' lang='lat' dir='ltr'><strong>non</strong></span> <span class='ocrx_word' id='word_1_428' title='bbox 2651 2434 2741 2488; x_wconf 89' lang='lat' dir='ltr'><strong>sit.</strong></span> <span class='ocrx_word' id='word_1_429' title='bbox 2774 2433 2947 2504; x_wconf 88' lang='lat' dir='ltr'><strong>Negas</strong></span> <span class='ocrx_word' id='word_1_430' title='bbox 2978 2433 3246 2489; x_wconf 86' lang='lat' dir='ltr'><strong>enim-Dei</strong></span> <span class='ocrx_word' id='word_1_431' title='bbox 3273 2433 3441 2488; x_wconf 87' lang='lat' dir='ltr'><strong>filium</strong></span> 
     </span>
    </p>
   </div>
   <div class='ocr_carea' id='block_1_55' title="bbox 1834 2524 3440 2599">
    <p class='ocr_par' dir='ltr' id='par_1_55' title="bbox 1834 2524 3440 2599">
     <span class='ocr_line' id='line_1_55' title="bbox 1834 2524 3440 2599; baseline 0.002 -21"><span class='ocrx_word' id='word_1_432' title='bbox 1834 2524 2001 2580; x_wconf 89' lang='lat' dir='ltr'><strong>Deum</strong></span> <span class='ocrx_word' id='word_1_433' title='bbox 2050 2542 2258 2593; x_wconf 91' lang='lat' dir='ltr'><strong>verum,</strong></span> <span class='ocrx_word' id='word_1_434' title='bbox 2289 2541 2412 2582; x_wconf 92' lang='lat' dir='ltr'><strong>cum</strong></span> <span class='ocrx_word' id='word_1_435' title='bbox 2455 2537 2632 2582; x_wconf 87' lang='lat' dir='ltr'><strong>tamen</strong></span> <span class='ocrx_word' id='word_1_436' title='bbox 2686 2529 2853 2583; x_wconf 87' lang='lat' dir='ltr'><strong>Deum</strong></span> <span class='ocrx_word' id='word_1_437' title='bbox 2889 2543 2992 2582; x_wconf 91' lang='lat' dir='ltr'><strong>non</strong></span> <span class='ocrx_word' id='word_1_438' title='bbox 3039 2525 3240 2599; x_wconf 85' lang='lat' dir='ltr'><strong>neges;</strong></span> <span class='ocrx_word' id='word_1_439' title='bbox 3273 2529 3440 2584; x_wconf 83' lang='lat' dir='ltr'><strong>Deum</strong></span> 
     </span>
    </p>
   </div>
   <div class='ocr_carea' id='block_1_56' title="bbox 1835 2619 3443 2686">
    <p class='ocr_par' dir='ltr' id='par_1_56' title="bbox 1835 2619 3443 2686">
     <span class='ocr_line' id='line_1_56' title="bbox 1835 2619 3443 2686; baseline -0.001 -10"><span class='ocrx_word' id='word_1_440' title='bbox 1835 2630 2012 2678; x_wconf 87' lang='lat' dir='ltr'><strong>tamen</strong></span> <span class='ocrx_word' id='word_1_441' title='bbox 2041 2636 2146 2676; x_wconf 93' lang='lat' dir='ltr'><strong>non</strong></span> <span class='ocrx_word' id='word_1_442' title='bbox 2175 2631 2364 2675; x_wconf 86' lang='lat' dir='ltr'><strong>natura</strong></span> <span class='ocrx_word' id='word_1_443' title='bbox 2393 2619 2731 2686; x_wconf 86' lang='lat' dir='ltr'><strong>confitendo,</strong></span> <span class='ocrx_word' id='word_1_444' title='bbox 2763 2619 2858 2675; x_wconf 92' lang='lat' dir='ltr'><strong>sed</strong></span> <span class='ocrx_word' id='word_1_445' title='bbox 2888 2621 3128 2676; x_wconf 90' lang='lat' dir='ltr'><strong>nomine.</strong></span> <span class='ocrx_word' id='word_1_446' title='bbox 3160 2621 3215 2678; x_wconf 89' lang='lat' dir='ltr'><strong>Si</strong></span> <span class='ocrx_word' id='word_1_447' title='bbox 3247 2621 3443 2676; x_wconf 89' lang='lat' dir='ltr'><strong>nativi-</strong></span> 
     </span>
    </p>
   </div>
   <div class='ocr_carea' id='block_1_57' title="bbox 1835 2714 3442 2786">
    <p class='ocr_par' dir='ltr' id='par_1_57' title="bbox 1835 2714 3442 2786">
     <span class='ocr_line' id='line_1_57' title="bbox 1835 2714 3442 2786; baseline 0 -16"><span class='ocrx_word' id='word_1_448' title='bbox 1835 2725 1915 2770; x_wconf 90' lang='lat' dir='ltr'><strong>tas</strong></span> <span class='ocrx_word' id='word_1_449' title='bbox 1942 2717 2082 2786; x_wconf 88' lang='lat' dir='ltr'><strong>ejus,</strong></span> <span class='ocrx_word' id='word_1_450' title='bbox 2116 2715 2349 2770; x_wconf 91' lang='lat' dir='ltr'><strong>nominis</strong></span> <span class='ocrx_word' id='word_1_451' title='bbox 2380 2714 2556 2784; x_wconf 89' lang='lat' dir='ltr'><strong>potius</strong></span> <span class='ocrx_word' id='word_1_452' title='bbox 2581 2723 2666 2768; x_wconf 86' lang='lat' dir='ltr'><strong>est</strong></span> <span class='ocrx_word' id='word_1_453' title='bbox 2692 2729 2848 2784; x_wconf 90' lang='lat' dir='ltr'><strong>quam</strong></span> <span class='ocrx_word' id='word_1_454' title='bbox 2881 2716 3140 2782; x_wconf 88' lang='lat' dir='ltr'><strong>veritatis,</strong></span> <span class='ocrx_word' id='word_1_455' title='bbox 3170 2725 3324 2786; x_wconf 91' lang='lat' dir='ltr'><strong>potes</strong></span> <span class='ocrx_word' id='word_1_456' title='bbox 3345 2730 3442 2770; x_wconf 86' lang='lat' dir='ltr'><strong>au-</strong></span> 
     </span>
    </p>
   </div>
   <div class='ocr_carea' id='block_1_58' title="bbox 1832 2803 3430 2864">
    <p class='ocr_par' dir='ltr' id='par_1_58' title="bbox 1832 2803 3430 2864">
     <span class='ocr_line' id='line_1_58' title="bbox 1832 2803 3430 2864; baseline 0 0"><span class='ocrx_word' id='word_1_457' title='bbox 1832 2809 1972 2864; x_wconf 85' lang='lat' dir='ltr'><strong>ferre</strong></span> <span class='ocrx_word' id='word_1_458' title='bbox 2014 2809 2215 2863; x_wconf 89' lang='lat' dir='ltr'><strong>nomini</strong></span> <span class='ocrx_word' id='word_1_459' title='bbox 2263 2807 2577 2863; x_wconf 90' lang='lat' dir='ltr'><strong>veritatem:</strong></span> <span class='ocrx_word' id='word_1_460' title='bbox 2613 2807 2658 2862; x_wconf 93' lang='lat' dir='ltr'><strong>si</strong></span> <span class='ocrx_word' id='word_1_461' title='bbox 2699 2803 2878 2863; x_wconf 80' lang='lat' dir='ltr'><strong>autem</strong></span> <span class='ocrx_word' id='word_1_462' title='bbox 2929 2824 3057 2863; x_wconf 87' lang='lat' dir='ltr'><strong>vere</strong></span> <span class='ocrx_word' id='word_1_463' title='bbox 3102 2809 3241 2863; x_wconf 91' lang='lat' dir='ltr'><strong>Deus</strong></span> <span class='ocrx_word' id='word_1_464' title='bbox 3269 2818 3430 2864; x_wconf 90' lang='lat' dir='ltr'><strong>natus</strong></span> 
     </span>
    </p>
   </div>
   <div class='ocr_carea' id='block_1_59' title="bbox 1830 2899 3441 2973">
    <p class='ocr_par' dir='ltr' id='par_1_59' title="bbox 1830 2899 3441 2973">
     <span class='ocr_line' id='line_1_59' title="bbox 1830 2899 3441 2973; baseline 0 -16"><span class='ocrx_word' id='word_1_465' title='bbox 1830 2911 1934 2967; x_wconf 86' lang='lat' dir='ltr'><strong>est,</strong></span> <span class='ocrx_word' id='word_1_466' title='bbox 1961 2917 2146 2972; x_wconf 87' lang='lat' dir='ltr'><strong>quaero</strong></span> <span class='ocrx_word' id='word_1_467' title='bbox 2199 2899 2470 2971; x_wconf 81' lang='lat' dir='ltr'><strong>quomodo</strong></span> <span class='ocrx_word' id='word_1_468' title='bbox 2499 2901 2669 2971; x_wconf 88' lang='lat' dir='ltr'><strong>possit</strong></span> <span class='ocrx_word' id='word_1_469' title='bbox 2712 2917 2818 2955; x_wconf 89' lang='lat' dir='ltr'><strong>non</strong></span> <span class='ocrx_word' id='word_1_470' title='bbox 2851 2916 2978 2957; x_wconf 86' lang='lat' dir='ltr'><strong>vere</strong></span> <span class='ocrx_word' id='word_1_471' title='bbox 3020 2917 3142 2958; x_wconf 88' lang='lat' dir='ltr'><strong>esse</strong></span> <span class='ocrx_word' id='word_1_472' title='bbox 3170 2903 3311 2973; x_wconf 92' lang='lat' dir='ltr'><strong>quod</strong></span> <span class='ocrx_word' id='word_1_473' title='bbox 3343 2917 3441 2957; x_wconf 44' lang='lat' dir='ltr'><strong>na-</strong></span> 
     </span>
    </p>
   </div>
   <div class='ocr_carea' id='block_1_60' title="bbox 1831 2993 3436 3066">
    <p class='ocr_par' dir='ltr' id='par_1_60' title="bbox 1831 2993 3436 3066">
     <span class='ocr_line' id='line_1_60' title="bbox 1831 2993 3436 3066; baseline 0.001 -18"><span class='ocrx_word' id='word_1_474' title='bbox 1831 3003 1917 3048; x_wconf 89' lang='lat' dir='ltr'><strong>tus</strong></span> <span class='ocrx_word' id='word_1_475' title='bbox 1937 2995 2052 3048; x_wconf 80' lang='lat' dir='ltr'><strong>est?</strong></span> <span class='ocrx_word' id='word_1_476' title='bbox 2075 2996 2179 3048; x_wconf 85' lang='lat' dir='ltr'><strong>Aut</strong></span> <span class='ocrx_word' id='word_1_477' title='bbox 2201 3009 2334 3062; x_wconf 83' lang='lat' dir='ltr'><strong>nega</strong></span> <span class='ocrx_word' id='word_1_478' title='bbox 2355 3007 2498 3057; x_wconf 91' lang='lat' dir='ltr'><strong>esse,</strong></span> <span class='ocrx_word' id='word_1_479' title='bbox 2524 3008 2590 3047; x_wconf 88' lang='lat' dir='ltr'><strong>ne</strong></span> <span class='ocrx_word' id='word_1_480' title='bbox 2611 2993 2711 3059; x_wconf 90' lang='lat' dir='ltr'><strong>sit;</strong></span> <span class='ocrx_word' id='word_1_481' title='bbox 2735 3003 2822 3047; x_wconf 91' lang='lat' dir='ltr'><strong>aut</strong></span> <span class='ocrx_word' id='word_1_482' title='bbox 2851 2993 2894 3048; x_wconf 90' lang='lat' dir='ltr'><strong>si</strong></span> <span class='ocrx_word' id='word_1_483' title='bbox 2925 3004 3030 3061; x_wconf 91' lang='lat' dir='ltr'><strong>est,</strong></span> <span class='ocrx_word' id='word_1_484' title='bbox 3056 2993 3138 3066; x_wconf 82' lang='lat' dir='ltr'><strong>(l)</strong></span> <span class='ocrx_word' id='word_1_485' title='bbox 3162 2995 3436 3065; x_wconf 89' lang='lat' dir='ltr'><strong>quomodo</strong></span> 
     </span>
    </p>
   </div>
   <div class='ocr_carea' id='block_1_61' title="bbox 1829 3086 3436 3158">
    <p class='ocr_par' dir='ltr' id='par_1_61' title="bbox 1829 3086 3436 3158">
     <span class='ocr_line' id='line_1_61' title="bbox 1829 3086 3436 3158; baseline 0.003 -21"><span class='ocrx_word' id='word_1_486' title='bbox 1829 3087 1970 3158; x_wconf 89' lang='lat' dir='ltr'><strong>quod</strong></span> <span class='ocrx_word' id='word_1_487' title='bbox 1997 3096 2079 3142; x_wconf 92' lang='lat' dir='ltr'><strong>est</strong></span> <span class='ocrx_word' id='word_1_488' title='bbox 2106 3102 2211 3140; x_wconf 88' lang='lat' dir='ltr'><strong>non</strong></span> <span class='ocrx_word' id='word_1_489' title='bbox 2239 3087 2378 3153; x_wconf 87' lang='lat' dir='ltr'><strong>erit,</strong></span> <span class='ocrx_word' id='word_1_490' title='bbox 2407 3100 2529 3140; x_wconf 93' lang='lat' dir='ltr'><strong>cum</strong></span> <span class='ocrx_word' id='word_1_491' title='bbox 2554 3086 2695 3153; x_wconf 89' lang='lat' dir='ltr'><strong>quod</strong></span> <span class='ocrx_word' id='word_1_492' title='bbox 2734 3094 2819 3142; x_wconf 89' lang='lat' dir='ltr'><strong>est</strong></span> <span class='ocrx_word' id='word_1_493' title='bbox 2847 3101 2951 3142; x_wconf 92' lang='lat' dir='ltr'><strong>nou</strong></span> <span class='ocrx_word' id='word_1_494' title='bbox 2982 3089 3151 3158; x_wconf 88' lang='lat' dir='ltr'><strong>possit</strong></span> <span class='ocrx_word' id='word_1_495' title='bbox 3191 3102 3313 3143; x_wconf 89' lang='lat' dir='ltr'><strong>esse</strong></span> <span class='ocrx_word' id='word_1_496' title='bbox 3332 3129 3346 3154; x_wconf 95' lang='lat'><strong>,</strong></span> <span class='ocrx_word' id='word_1_497' title='bbox 3379 3097 3436 3142; x_wconf 91' lang='lat' dir='ltr'><strong>ut</strong></span> 
     </span>
    </p>
   </div>
   <div class='ocr_carea' id='block_1_62' title="bbox 139 3177 3435 3251">
    <p class='ocr_par' dir='ltr' id='par_1_62' title="bbox 139 3177 3435 3251">
     <span class='ocr_line' id='line_1_62' title="bbox 139 3177 3435 3251; baseline 0.002 -24"><span class='ocrx_word' id='word_1_498' title='bbox 139 3177 404 3232; x_wconf 88' lang='lat' dir='ltr'><strong>cernendis</strong></span> <span class='ocrx_word' id='word_1_499' title='bbox 433 3179 714 3248; x_wconf 87' lang='lat' dir='ltr'><strong>mysteriis</strong></span> <span class='ocrx_word' id='word_1_500' title='bbox 746 3179 877 3250; x_wconf 80' lang='lat' dir='ltr'><strong>legis</strong></span> <span class='ocrx_word' id='word_1_501' title='bbox 905 3181 1152 3250; x_wconf 86' lang='lat' dir='ltr'><strong>angelum</strong></span> <span class='ocrx_word' id='word_1_502' title='bbox 1205 3183 1298 3238; x_wconf 90' lang='lat' dir='ltr'><strong>Dei</strong></span> <span class='ocrx_word' id='word_1_503' title='bbox 1333 3182 1498 3236; x_wconf 89' lang='lat' dir='ltr'><strong>Deum</strong></span> <span class='ocrx_word' id='word_1_504' title='bbox 1524 3201 1536 3237; x_wconf 96' lang='lat'><strong>:</strong></span> <span class='ocrx_word' id='word_1_505' title='bbox 1571 3181 1720 3239; x_wconf 64' lang='lat' dir='ltr'><strong>uPad</strong></span> <span class='ocrx_word' id='word_1_506' title='bbox 1752 3187 1797 3251; x_wconf 82' lang='lat' dir='ltr'><strong>C</strong></span> <span class='ocrx_word' id='word_1_507' title='bbox 1830 3194 1936 3235; x_wconf 90' lang='lat' dir='ltr'><strong>non</strong></span> <span class='ocrx_word' id='word_1_508' title='bbox 1967 3181 2034 3234; x_wconf 93' lang='lat' dir='ltr'><strong>sit</strong></span> <span class='ocrx_word' id='word_1_509' title='bbox 2056 3179 2159 3250; x_wconf 84' lang='lat' dir='ltr'><strong>(g)?</strong></span> <span class='ocrx_word' id='word_1_510' title='bbox 2183 3178 2262 3234; x_wconf 87' lang='lat' dir='ltr'><strong>Ac</strong></span> <span class='ocrx_word' id='word_1_511' title='bbox 2289 3179 2356 3233; x_wconf 88' lang='lat' dir='ltr'><strong>de</strong></span> <span class='ocrx_word' id='word_1_512' title='bbox 2389 3178 2666 3234; x_wconf 87' lang='lat' dir='ltr'><strong>nativitate</strong></span> <span class='ocrx_word' id='word_1_513' title='bbox 2695 3179 2910 3250; x_wconf 90' lang='lat' dir='ltr'><strong>quidem</strong></span> <span class='ocrx_word' id='word_1_514' title='bbox 2942 3195 3063 3234; x_wconf 87' lang='lat' dir='ltr'><strong>mox</strong></span> <span class='ocrx_word' id='word_1_515' title='bbox 3099 3180 3203 3234; x_wconf 91' lang='lat' dir='ltr'><strong>erit</strong></span> <span class='ocrx_word' id='word_1_516' title='bbox 3231 3194 3435 3235; x_wconf 88' lang='lat' dir='ltr'><strong>sermo.</strong></span> 
     </span>
    </p>
   </div>
   <div class='ocr_carea' id='block_1_63' title="bbox 140 3268 1722 3344">
    <p class='ocr_par' dir='ltr' id='par_1_63' title="bbox 140 3268 1722 3344">
     <span class='ocr_line' id='line_1_63' title="bbox 140 3268 1722 3344; baseline 0.006 -23"><span class='ocrx_word' id='word_1_517' title='bbox 140 3268 406 3325; x_wconf 81' lang='lat' dir='ltr'><strong>Salutarem</strong></span> <span class='ocrx_word' id='word_1_518' title='bbox 436 3271 844 3327; x_wconf 84' lang='lat' dir='ltr'><strong>confessionem</strong></span> <span class='ocrx_word' id='word_1_519' title='bbox 879 3274 929 3327; x_wconf 91' lang='lat' dir='ltr'><strong>in</strong></span> <span class='ocrx_word' id='word_1_520' title='bbox 970 3282 1120 3344; x_wconf 88' lang='lat' dir='ltr'><strong>patre</strong></span> <span class='ocrx_word' id='word_1_521' title='bbox 1166 3275 1274 3329; x_wconf 90' lang='lat' dir='ltr'><strong>Deo</strong></span> <span class='ocrx_word' id='word_1_522' title='bbox 1303 3283 1359 3330; x_wconf 90' lang='lat' dir='ltr'><strong>et</strong></span> <span class='ocrx_word' id='word_1_523' title='bbox 1391 3276 1442 3330; x_wconf 93' lang='lat' dir='ltr'><strong>in</strong></span> <span class='ocrx_word' id='word_1_524' title='bbox 1476 3276 1584 3330; x_wconf 91' lang='lat' dir='ltr'><strong>lllio</strong></span> <span class='ocrx_word' id='word_1_525' title='bbox 1615 3276 1722 3331; x_wconf 91' lang='lat' dir='ltr'><strong>Deo</strong></span> 
     </span>
    </p>
   </div>
   <div class='ocr_carea' id='block_1_64' title="bbox 142 3359 1720 3438">
    <p class='ocr_par' dir='ltr' id='par_1_64' title="bbox 142 3359 1720 3438">
     <span class='ocr_line' id='line_1_64' title="bbox 142 3359 1720 3438; baseline 0.005 -25"><span class='ocrx_word' id='word_1_526' title='bbox 142 3359 265 3416; x_wconf 88' lang='lat' dir='ltr'><strong>Deus</strong></span> <span class='ocrx_word' id='word_1_527' title='bbox 288 3378 504 3429; x_wconf 85' lang='lat' dir='ltr'><strong>semper</strong></span> <span class='ocrx_word' id='word_1_528' title='bbox 557 3372 808 3419; x_wconf 90' lang='lat' dir='ltr'><strong>ostensus</strong></span> <span class='ocrx_word' id='word_1_529' title='bbox 842 3409 856 3430; x_wconf 93' lang='lat'><strong>,</strong></span> <span class='ocrx_word' id='word_1_530' title='bbox 903 3378 1109 3421; x_wconf 70' lang='lat' dir='ltr'><strong>natura:</strong></span> <span class='ocrx_word' id='word_1_531' title='bbox 1155 3369 1437 3422; x_wconf 83' lang='lat' dir='ltr'><strong>veritatem</strong></span> <span class='ocrx_word' id='word_1_532' title='bbox 1469 3369 1586 3438; x_wconf 91' lang='lat' dir='ltr'><strong>ipso</strong></span> <span class='ocrx_word' id='word_1_533' title='bbox 1623 3382 1720 3421; x_wconf 86' lang='lat' dir='ltr'><strong>na-</strong></span> 
     </span>
    </p>
   </div>
   <div class='ocr_carea' id='block_1_65' title="bbox 141 3455 1719 3529">
    <p class='ocr_par' dir='ltr' id='par_1_65' title="bbox 141 3455 1719 3529">
     <span class='ocr_line' id='line_1_65' title="bbox 141 3455 1719 3529; baseline 0.006 -24"><span class='ocrx_word' id='word_1_534' title='bbox 141 3461 255 3507; x_wconf 66' lang='lat' dir='ltr'><strong>tura:</strong></span> <span class='ocrx_word' id='word_1_535' title='bbox 282 3457 497 3511; x_wconf 89' lang='lat' dir='ltr'><strong>nomine</strong></span> <span class='ocrx_word' id='word_1_536' title='bbox 524 3455 782 3512; x_wconf 87' lang='lat' dir='ltr'><strong>edoceret</strong></span> <span class='ocrx_word' id='word_1_537' title='bbox 807 3499 820 3521; x_wconf 93' lang='lat'><strong>,</strong></span> <span class='ocrx_word' id='word_1_538' title='bbox 849 3473 970 3511; x_wconf 91' lang='lat' dir='ltr'><strong>cum</strong></span> <span class='ocrx_word' id='word_1_539' title='bbox 1019 3458 1101 3512; x_wconf 81' lang='lat' dir='ltr'><strong>lex</strong></span> <span class='ocrx_word' id='word_1_540' title='bbox 1129 3459 1295 3514; x_wconf 91' lang='lat' dir='ltr'><strong>Deum</strong></span> <span class='ocrx_word' id='word_1_541' title='bbox 1327 3469 1615 3529; x_wconf 89' lang='lat' dir='ltr'><strong>utrumque</strong></span> <span class='ocrx_word' id='word_1_542' title='bbox 1644 3459 1719 3513; x_wconf 86' lang='lat' dir='ltr'><strong>si-</strong></span> 
     </span>
    </p>
   </div>
   <div class='ocr_carea' id='block_1_66' title="bbox 140 3545 1647 3620">
    <p class='ocr_par' dir='ltr' id='par_1_66' title="bbox 140 3545 1647 3620">
     <span class='ocr_line' id='line_1_66' title="bbox 140 3545 1647 3620; baseline 0.006 -26"><span class='ocrx_word' id='word_1_543' title='bbox 140 3545 396 3614; x_wconf 85' lang='lat' dir='ltr'><strong>gnificans,</strong></span> <span class='ocrx_word' id='word_1_544' title='bbox 428 3547 840 3616; x_wconf 83' lang='lat' dir='ltr'><strong>ambiguitatem</strong></span> <span class='ocrx_word' id='word_1_545' title='bbox 875 3564 979 3604; x_wconf 89' lang='lat' dir='ltr'><strong>non</strong></span> <span class='ocrx_word' id='word_1_546' title='bbox 1014 3550 1344 3620; x_wconf 87' lang='lat' dir='ltr'><strong>relinqueret</strong></span> <span class='ocrx_word' id='word_1_547' title='bbox 1387 3551 1647 3606; x_wconf 89' lang='lat' dir='ltr'><strong>veritatis.</strong></span> 
     </span>
    </p>
   </div>
   <div class='ocr_carea' id='block_1_67' title="bbox 200 3636 1719 3713">
    <p class='ocr_par' dir='ltr' id='par_1_67' title="bbox 200 3636 1719 3713">
     <span class='ocr_line' id='line_1_67' title="bbox 200 3636 1719 3713; baseline 0.004 -21"><span class='ocrx_word' id='word_1_548' title='bbox 200 3636 279 3692; x_wconf 71' lang='grc'><strong>25.</strong></span> <span class='ocrx_word' id='word_1_549' title='bbox 310 3637 618 3695; x_wconf 81' lang='lat' dir='ltr'><strong>Occurritur</strong></span> <span class='ocrx_word' id='word_1_550' title='bbox 638 3642 890 3696; x_wconf 66' lang='lat' dir='ltr'><strong>haereticis</strong></span> <span class='ocrx_word' id='word_1_551' title='bbox 923 3641 1115 3696; x_wconf 85' lang='lat' dir='ltr'><strong>Filium</strong></span> <span class='ocrx_word' id='word_1_552' title='bbox 1146 3641 1310 3696; x_wconf 68' lang='lat' dir='ltr'><strong>Deum</strong></span> <span class='ocrx_word' id='word_1_553' title='bbox 1337 3660 1506 3698; x_wconf 85' lang='lat' dir='ltr'><strong>verum</strong></span> <span class='ocrx_word' id='word_1_554' title='bbox 1529 3660 1719 3713; x_wconf 86' lang='lat' dir='ltr'><strong>negan-</strong></span> 
     </span>
    </p>
   </div>
   <div class='ocr_carea' id='block_1_68' title="bbox 139 3731 1717 3806">
    <p class='ocr_par' dir='ltr' id='par_1_68' title="bbox 139 3731 1717 3806">
     <span class='ocr_line' id='line_1_68' title="bbox 139 3731 1717 3806; baseline 0.006 -25"><span class='ocrx_word' id='word_1_555' title='bbox 139 3731 271 3784; x_wconf 80' lang='lat' dir='ltr'><strong>tibus.</strong></span> <span class='ocrx_word' id='word_1_556' title='bbox 289 3731 334 3784; x_wconf 85' lang='lat' dir='ltr'><strong><em>F</em></strong></span> <span class='ocrx_word' id='word_1_557' title='bbox 337 3734 456 3788; x_wconf 87' lang='lat' dir='ltr'><strong>ilius</strong></span> <span class='ocrx_word' id='word_1_558' title='bbox 479 3738 580 3788; x_wconf 89' lang='lat' dir='ltr'><strong>hoc</strong></span> <span class='ocrx_word' id='word_1_559' title='bbox 609 3745 682 3788; x_wconf 82' lang='lat' dir='ltr'><strong>est</strong></span> <span class='ocrx_word' id='word_1_560' title='bbox 712 3751 824 3787; x_wconf 75' lang='lat' dir='ltr'><strong>uere</strong></span> <span class='ocrx_word' id='word_1_561' title='bbox 845 3737 980 3806; x_wconf 83' lang='lat' dir='ltr'><strong>quod</strong></span> <span class='ocrx_word' id='word_1_562' title='bbox 1002 3747 1151 3790; x_wconf 83' lang='lat' dir='ltr'><strong>natus</strong></span> <span class='ocrx_word' id='word_1_563' title='bbox 1180 3736 1586 3802; x_wconf 85' lang='lat' dir='ltr'><strong>est.—Tetupus</strong></span> <span class='ocrx_word' id='word_1_564' title='bbox 1607 3737 1717 3805; x_wconf 88' lang='lat' dir='ltr'><strong>jam</strong></span> 
     </span>
    </p>
   </div>
   <div class='ocr_carea' id='block_1_69' title="bbox 140 3827 1714 3898">
    <p class='ocr_par' dir='ltr' id='par_1_69' title="bbox 140 3827 1714 3898">
     <span class='ocr_line' id='line_1_69' title="bbox 140 3827 1714 3898; baseline 0.005 -22"><span class='ocrx_word' id='word_1_565' title='bbox 140 3838 263 3879; x_wconf 89' lang='lat' dir='ltr'><strong>nunc</strong></span> <span class='ocrx_word' id='word_1_566' title='bbox 298 3836 411 3890; x_wconf 89' lang='lat' dir='ltr'><strong>est,</strong></span> <span class='ocrx_word' id='word_1_567' title='bbox 443 3837 502 3882; x_wconf 90' lang='lat' dir='ltr'><strong>ut</strong></span> <span class='ocrx_word' id='word_1_568' title='bbox 534 3827 683 3898; x_wconf 89' lang='lat' dir='ltr'><strong>quod</strong></span> <span class='ocrx_word' id='word_1_569' title='bbox 716 3829 800 3896; x_wconf 91' lang='lat' dir='ltr'><strong>pie</strong></span> <span class='ocrx_word' id='word_1_570' title='bbox 831 3839 884 3882; x_wconf 91' lang='lat' dir='ltr'><strong>et</strong></span> <span class='ocrx_word' id='word_1_571' title='bbox 913 3829 1164 3898; x_wconf 84' lang='lat' dir='ltr'><strong>religiose</strong></span> <span class='ocrx_word' id='word_1_572' title='bbox 1205 3830 1293 3884; x_wconf 80' lang='lat' dir='ltr'><strong>lex</strong></span> <span class='ocrx_word' id='word_1_573' title='bbox 1333 3829 1550 3896; x_wconf 89' lang='lat' dir='ltr'><strong>docuit,</strong></span> <span class='ocrx_word' id='word_1_574' title='bbox 1610 3844 1714 3884; x_wconf 92' lang='lat' dir='ltr'><strong>non</strong></span> 
     </span>
    </p>
   </div>
   <div class='ocr_carea' id='block_1_70' title="bbox 140 3917 1712 3993">
    <p class='ocr_par' dir='ltr' id='par_1_70' title="bbox 140 3917 1712 3993">
     <span class='ocr_line' id='line_1_70' title="bbox 140 3917 1712 3993; baseline 0.007 -24"><span class='ocrx_word' id='word_1_575' title='bbox 140 3917 282 3986; x_wconf 86' lang='lat' dir='ltr'><strong>impie</strong></span> <span class='ocrx_word' id='word_1_576' title='bbox 325 3921 466 3977; x_wconf 89' lang='lat' dir='ltr'><strong>furto</strong></span> <span class='ocrx_word' id='word_1_577' title='bbox 500 3923 771 3978; x_wconf 71' lang='lat' dir='ltr'><strong>limretiem</strong></span> <span class='ocrx_word' id='word_1_578' title='bbox 819 3923 1061 3977; x_wconf 75' lang='lat' dir='ltr'><strong>stultitia:</strong></span> <span class='ocrx_word' id='word_1_579' title='bbox 1115 3924 1394 3993; x_wconf 82' lang='lat' dir='ltr'><strong>praedicari</strong></span> <span class='ocrx_word' id='word_1_580' title='bbox 1441 3927 1712 3992; x_wconf 87' lang='lat' dir='ltr'><strong>sinamus,</strong></span> 
     </span>
    </p>
   </div>
   <div class='ocr_carea' id='block_1_71' title="bbox 137 4013 1716 4086">
    <p class='ocr_par' dir='ltr' id='par_1_71' title="bbox 137 4013 1716 4086">
     <span class='ocr_line' id='line_1_71' title="bbox 137 4013 1716 4086; baseline 0.006 -24"><span class='ocrx_word' id='word_1_581' title='bbox 137 4026 239 4079; x_wconf 76' lang='lat' dir='ltr'><strong>qua:</strong></span> <span class='ocrx_word' id='word_1_582' title='bbox 268 4013 353 4068; x_wconf 87' lang='lat' dir='ltr'><strong>Dei</strong></span> <span class='ocrx_word' id='word_1_583' title='bbox 387 4015 561 4070; x_wconf 88' lang='lat' dir='ltr'><strong>lilium</strong></span> <span class='ocrx_word' id='word_1_584' title='bbox 594 4015 667 4086; x_wconf 75' lang='grc' dir='ltr'><strong>(ο)</strong></span> <span class='ocrx_word' id='word_1_585' title='bbox 700 4026 955 4085; x_wconf 88' lang='lat' dir='ltr'><strong>negatura</strong></span> <span class='ocrx_word' id='word_1_586' title='bbox 986 4017 1063 4069; x_wconf 90' lang='lat' dir='ltr'><strong>sic</strong></span> <span class='ocrx_word' id='word_1_587' title='bbox 1102 4017 1302 4084; x_wconf 75' lang='lat' dir='ltr'><strong>cmpit:</strong></span> <span class='ocrx_word' id='word_1_588' title='bbox 1330 4016 1487 4085; x_wconf 83' lang='lat' dir='ltr'><strong>Audi,</strong></span> <span class='ocrx_word' id='word_1_589' title='bbox 1509 4016 1678 4072; x_wconf 84' lang='lat' dir='ltr'><strong>Israel</strong></span> <span class='ocrx_word' id='word_1_590' title='bbox 1702 4057 1716 4082; x_wconf 93' lang='lat'><strong>,</strong></span> 
     </span>
    </p>
   </div>
   <div class='ocr_carea' id='block_1_72' title="bbox 138 4099 1718 4182">
    <p class='ocr_par' dir='ltr' id='par_1_72' title="bbox 138 4099 1718 4182">
     <span class='ocr_line' id='line_1_72' title="bbox 138 4099 1718 4182; baseline 0.008 -30"><span class='ocrx_word' id='word_1_591' title='bbox 138 4099 364 4160; x_wconf 81' lang='lat' dir='ltr'><strong>Dominus</strong></span> <span class='ocrx_word' id='word_1_592' title='bbox 393 4107 537 4162; x_wconf 85' lang='lat' dir='ltr'><strong>Deus</strong></span> <span class='ocrx_word' id='word_1_593' title='bbox 560 4119 677 4162; x_wconf 84' lang='lat' dir='ltr'><strong>tuus</strong></span> <span class='ocrx_word' id='word_1_594' title='bbox 703 4125 837 4162; x_wconf 83' lang='lat' dir='ltr'><strong>unus</strong></span> <span class='ocrx_word' id='word_1_595' title='bbox 855 4121 925 4163; x_wconf 89' lang='lat' dir='ltr'><strong>est</strong></span> <span class='ocrx_word' id='word_1_596' title='bbox 956 4108 1135 4180; x_wconf 84' lang='lat' dir='ltr'><strong>(Dent.</strong></span> <span class='ocrx_word' id='word_1_597' title='bbox 1165 4127 1234 4173; x_wconf 85' lang='grc' dir='ltr'><strong>νι,</strong></span> <span class='ocrx_word' id='word_1_598' title='bbox 1260 4110 1336 4182; x_wconf 72' lang='grc'><strong>4).</strong></span> <span class='ocrx_word' id='word_1_599' title='bbox 1373 4110 1443 4165; x_wconf 85' lang='grc' dir='ltr'>Ει</span> <span class='ocrx_word' id='word_1_600' title='bbox 1471 4111 1592 4178; x_wconf 87' lang='lat' dir='ltr'><strong>quia</strong></span> <span class='ocrx_word' id='word_1_601' title='bbox 1615 4109 1718 4164; x_wconf 88' lang='lat' dir='ltr'><strong>im-</strong></span> 
     </span>
    </p>
   </div>
   <div class='ocr_carea' id='block_1_73' title="bbox 137 4195 1716 4272">
    <p class='ocr_par' dir='ltr' id='par_1_73' title="bbox 137 4195 1716 4272">
     <span class='ocr_line' id='line_1_73' title="bbox 137 4195 1716 4272; baseline 0.008 -24"><span class='ocrx_word' id='word_1_602' title='bbox 137 4195 286 4263; x_wconf 82' lang='lat' dir='ltr'><strong>pietas</strong></span> <span class='ocrx_word' id='word_1_603' title='bbox 307 4200 420 4269; x_wconf 87' lang='lat' dir='ltr'><strong>ejus</strong></span> <span class='ocrx_word' id='word_1_604' title='bbox 473 4201 878 4270; x_wconf 87' lang='lat' dir='ltr'><strong>periclitaretur</strong></span> <span class='ocrx_word' id='word_1_605' title='bbox 905 4203 958 4257; x_wconf 93' lang='lat' dir='ltr'><strong>in</strong></span> <span class='ocrx_word' id='word_1_606' title='bbox 1004 4203 1220 4258; x_wconf 90' lang='lat' dir='ltr'><strong>nomine</strong></span> <span class='ocrx_word' id='word_1_607' title='bbox 1245 4245 1261 4272; x_wconf 93' lang='lat'><strong>,</strong></span> <span class='ocrx_word' id='word_1_608' title='bbox 1294 4219 1417 4258; x_wconf 90' lang='lat' dir='ltr'><strong>cum</strong></span> <span class='ocrx_word' id='word_1_609' title='bbox 1463 4205 1628 4260; x_wconf 89' lang='lat' dir='ltr'><strong>Deum</strong></span> <span class='ocrx_word' id='word_1_610' title='bbox 1662 4213 1716 4260; x_wconf 91' lang='lat' dir='ltr'><strong>et</strong></span> 
     </span>
    </p>
   </div>
   <div class='ocr_carea' id='block_1_74' title="bbox 200 4357 1710 4435">
    <p class='ocr_par' dir='ltr' id='par_1_74' title="bbox 200 4357 1710 4435">
     <span class='ocr_line' id='line_1_74' title="bbox 200 4357 1710 4435; baseline 0.005 -25"><span class='ocrx_word' id='word_1_611' title='bbox 200 4357 270 4426; x_wconf 80' lang='grc' dir='ltr'><strong>(Ι)</strong></span> <span class='ocrx_word' id='word_1_612' title='bbox 293 4359 343 4413; x_wconf 91' lang='lat' dir='ltr'><strong>lu</strong></span> <span class='ocrx_word' id='word_1_613' title='bbox 375 4361 636 4435; x_wconf 87' lang='lat' dir='ltr'><strong>anteriori</strong></span> <span class='ocrx_word' id='word_1_614' title='bbox 667 4401 683 4435; x_wconf 77' lang='lat'><strong>,_</strong></span> <span class='ocrx_word' id='word_1_615' title='bbox 715 4361 971 4435; x_wconf 59' lang='lat' dir='ltr'><strong>quomodo</strong></span> <span class='ocrx_word' id='word_1_616' title='bbox 1009 4363 1147 4435; x_wconf 79' lang='lat' dir='ltr'><strong>quod</strong></span> <span class='ocrx_word' id='word_1_617' title='bbox 1177 4372 1250 4416; x_wconf 85' lang='lat' dir='ltr'><strong>est</strong></span> <span class='ocrx_word' id='word_1_618' title='bbox 1279 4379 1382 4435; x_wconf 84' lang='lat' dir='ltr'><strong>non</strong></span> <span class='ocrx_word' id='word_1_619' title='bbox 1418 4363 1581 4435; x_wconf 80' lang='lat' dir='ltr'><strong>possit</strong></span> <span class='ocrx_word' id='word_1_620' title='bbox 1603 4379 1710 4418; x_wconf 88' lang='lat' dir='ltr'><strong>esse</strong></span> 
     </span>
    </p>
   </div>
   <div class='ocr_carea' id='block_1_75' title="bbox 137 4432 1704 4490">
    <p class='ocr_par' dir='ltr' id='par_1_75' title="bbox 137 4432 1704 4490">
     <span class='ocr_line' id='line_1_75' title="bbox 137 4432 1704 4490; baseline 0.006 -12"><span class='ocrx_word' id='word_1_621' title='bbox 137 4442 189 4479; x_wconf 80' lang='lat' dir='ltr'><strong>ne</strong></span> <span class='ocrx_word' id='word_1_622' title='bbox 203 4447 291 4482; x_wconf 88' lang='lat' dir='ltr'><strong>non</strong></span> <span class='ocrx_word' id='word_1_623' title='bbox 311 4435 393 4486; x_wconf 88' lang='lat' dir='ltr'><strong>sit.</strong></span> <span class='ocrx_word' id='word_1_624' title='bbox 423 4433 710 4488; x_wconf 80' lang='lat' dir='ltr'><strong>Consentit</strong></span> <span class='ocrx_word' id='word_1_625' title='bbox 738 4432 1052 4488; x_wconf 84' lang='lat' dir='ltr'><strong>Erasmiana</strong></span> <span class='ocrx_word' id='word_1_626' title='bbox 1080 4434 1169 4489; x_wconf 91' lang='lat' dir='ltr'><strong>ed.</strong></span> <span class='ocrx_word' id='word_1_627' title='bbox 1189 4450 1310 4488; x_wconf 91' lang='lat' dir='ltr'><strong>cum</strong></span> <span class='ocrx_word' id='word_1_628' title='bbox 1333 4432 1470 4490; x_wconf 83' lang='lat' dir='ltr'><strong>libro</strong></span> <span class='ocrx_word' id='word_1_629' title='bbox 1499 4444 1704 4490; x_wconf 89' lang='lat' dir='ltr'><strong>nostro.</strong></span> 
     </span>
    </p>
   </div>
   <div class='ocr_carea' id='block_1_76' title="bbox 136 4563 1788 4646">
    <p class='ocr_par' dir='ltr' id='par_1_76' title="bbox 136 4563 1788 4646">
     <span class='ocr_line' id='line_1_76' title="bbox 136 4563 1788 4646; baseline 0.004 -24"><span class='ocrx_word' id='word_1_630' title='bbox 136 4563 361 4646; x_wconf 75' lang='lat' dir='ltr'><strong>loquitur,</strong></span> <span class='ocrx_word' id='word_1_631' title='bbox 389 4583 442 4646; x_wconf 83' lang='lat' dir='ltr'><strong>ut</strong></span> <span class='ocrx_word' id='word_1_632' title='bbox 476 4569 668 4626; x_wconf 91' lang='lat' dir='ltr'><strong>audire</strong></span> <span class='ocrx_word' id='word_1_633' title='bbox 697 4577 924 4646; x_wconf 86' lang='lat' dir='ltr'><strong>eum__ct</strong></span> <span class='ocrx_word' id='word_1_634' title='bbox 955 4569 1136 4626; x_wconf 86' lang='lat' dir='ltr'><strong>videre</strong></span> <span class='ocrx_word' id='word_1_635' title='bbox 1175 4570 1378 4646; x_wconf 78' lang='lat' dir='ltr'><strong>absque</strong></span> <span class='ocrx_word' id='word_1_636' title='bbox 1421 4568 1709 4646; x_wconf 84' lang='lat' dir='ltr'><strong>formidine</strong></span> <span class='ocrx_word' id='word_1_637' title='bbox 1734 4570 1788 4630; x_wconf 91' lang='lat' dir='ltr'><strong>D</strong></span> 
     </span>
    </p>
   </div>
   <div class='ocr_carea' id='block_1_77' title="bbox 133 4641 1710 4709">
    <p class='ocr_par' dir='ltr' id='par_1_77' title="bbox 133 4641 1710 4709">
     <span class='ocr_line' id='line_1_77' title="bbox 133 4641 1710 4709; baseline 0.006 -21"><span class='ocrx_word' id='word_1_638' title='bbox 133 4641 224 4703; x_wconf 87' lang='lat' dir='ltr'><strong>jam</strong></span> <span class='ocrx_word' id='word_1_639' title='bbox 277 4644 482 4709; x_wconf 77' lang='lat' dir='ltr'><strong>possis,</strong></span> <span class='ocrx_word' id='word_1_640' title='bbox 535 4656 628 4696; x_wconf 87' lang='lat' dir='ltr'><strong>seu</strong></span> <span class='ocrx_word' id='word_1_641' title='bbox 661 4651 719 4696; x_wconf 93' lang='lat' dir='ltr'><strong>ut</strong></span> <span class='ocrx_word' id='word_1_642' title='bbox 744 4641 971 4696; x_wconf 89' lang='lat' dir='ltr'><strong>audiens</strong></span> <span class='ocrx_word' id='word_1_643' title='bbox 1017 4655 1138 4696; x_wconf 91' lang='lat' dir='ltr'><strong>eum</strong></span> <span class='ocrx_word' id='word_1_644' title='bbox 1185 4642 1306 4696; x_wconf 68' lang='lat' dir='ltr'><strong>vitae</strong></span> <span class='ocrx_word' id='word_1_645' title='bbox 1349 4650 1452 4696; x_wconf 69' lang='lat' dir='ltr'><strong>tua:</strong></span> <span class='ocrx_word' id='word_1_646' title='bbox 1484 4657 1591 4698; x_wconf 90' lang='lat' dir='ltr'><strong>non</strong></span> <span class='ocrx_word' id='word_1_647' title='bbox 1641 4645 1710 4697; x_wconf 90' lang='lat' dir='ltr'><strong>ti-</strong></span> 
     </span>
    </p>
   </div>
   <div class='ocr_carea' id='block_1_78' title="bbox 138 4711 305 4763">
    <p class='ocr_par' dir='ltr' id='par_1_78' title="bbox 138 4711 305 4763">
     <span class='ocr_line' id='line_1_78' title="bbox 138 4711 305 4763; baseline 0.024 -4"><span class='ocrx_word' id='word_1_648' title='bbox 138 4723 262 4762; x_wconf 79' lang='lat' dir='ltr'><strong>meas</strong></span> <span class='ocrx_word' id='word_1_649' title='bbox 283 4711 305 4763; x_wconf 61' lang='grc' dir='ltr'><em>ἲ</em></span> 
     </span>
    </p>
   </div>
   <div class='ocr_carea' id='block_1_79' title="bbox 138 4781 1708 4899">
    <p class='ocr_par' dir='ltr' id='par_1_79' title="bbox 138 4781 1708 4899">
     <span class='ocr_line' id='line_1_79' title="bbox 138 4781 1708 4899; baseline 0.001 -61"><span class='ocrx_word' id='word_1_650' title='bbox 138 4847 149 4899; x_wconf 66' lang='grc' dir='ltr'><strong>Ι</strong></span> <span class='ocrx_word' id='word_1_651' title='bbox 197 4781 263 4852; x_wconf 88' lang='lat' dir='ltr'><strong>(a)</strong></span> <span class='ocrx_word' id='word_1_652' title='bbox 293 4781 433 4854; x_wconf 86' lang='lat' dir='ltr'><strong>Lips.</strong></span> <span class='ocrx_word' id='word_1_653' title='bbox 470 4795 529 4840; x_wconf 90' lang='lat' dir='ltr'><strong>et</strong></span> <span class='ocrx_word' id='word_1_654' title='bbox 561 4784 703 4849; x_wconf 64' lang='lat' dir='ltr'><strong>Pan,</strong></span> <span class='ocrx_word' id='word_1_655' title='bbox 739 4799 907 4853; x_wconf 85' lang='lat' dir='ltr'><strong>quem.</strong></span> <span class='ocrx_word' id='word_1_656' title='bbox 943 4783 1044 4838; x_wconf 88' lang='lat' dir='ltr'><strong>Alii</strong></span> <span class='ocrx_word' id='word_1_657' title='bbox 1077 4799 1204 4840; x_wconf 89' lang='lat' dir='ltr'><strong>vero</strong></span> <span class='ocrx_word' id='word_1_658' title='bbox 1234 4784 1381 4841; x_wconf 92' lang='lat' dir='ltr'><strong>libri.</strong></span> <span class='ocrx_word' id='word_1_659' title='bbox 1410 4799 1550 4855; x_wconf 65' lang='lat' dir='ltr'><strong>quae,</strong></span> <span class='ocrx_word' id='word_1_660' title='bbox 1582 4793 1708 4854; x_wconf 90' lang='lat' dir='ltr'><strong>puta</strong></span> 
     </span>
     <span class='ocr_line' id='line_1_80' title="bbox 154 4867 227 4899; baseline 0 0"><span class='ocrx_word' id='word_1_661' title='bbox 154 4867 227 4899; x_wconf 70' lang='grc' dir='ltr'><strong>(ις.</strong></span> 
     </span>
    </p>
   </div>
   <div class='ocr_carea' id='block_1_80' title="bbox 154 4867 227 4904">
    <p class='ocr_par' dir='ltr' id='par_1_80' title="bbox 154 4867 227 4904">
     <span class='ocr_line' id='line_1_81' title="bbox 154 4867 227 4904; baseline 0.027 -2"><span class='ocrx_word' id='word_1_662' title='bbox 154 4867 227 4904; x_wconf 66' lang='grc' dir='ltr'>ιις.</span> 
     </span>
    </p>
   </div>
   <div class='ocr_carea' id='block_1_81' title="bbox 197 4922 1702 4998">
    <p class='ocr_par' dir='ltr' id='par_1_81' title="bbox 197 4922 1702 4998">
     <span class='ocr_line' id='line_1_82' title="bbox 197 4922 1702 4998; baseline 0.001 -20"><span class='ocrx_word' id='word_1_663' title='bbox 197 4922 261 4992; x_wconf 84' lang='lat' dir='ltr'><strong>(b)</strong></span> <span class='ocrx_word' id='word_1_664' title='bbox 303 4925 361 4998; x_wconf 77' lang='lat' dir='ltr'><strong>lu</strong></span> <span class='ocrx_word' id='word_1_665' title='bbox 396 4928 612 4998; x_wconf 65' lang='lat' dir='ltr'><strong>esensis</strong></span> <span class='ocrx_word' id='word_1_666' title='bbox 659 4925 963 4981; x_wconf 83' lang='lat' dir='ltr'><strong>Dominum.</strong></span> <span class='ocrx_word' id='word_1_667' title='bbox 1014 4925 1206 4980; x_wconf 84' lang='lat' dir='ltr'><strong>Verius</strong></span> <span class='ocrx_word' id='word_1_668' title='bbox 1239 4927 1290 4981; x_wconf 90' lang='lat' dir='ltr'><strong>in</strong></span> <span class='ocrx_word' id='word_1_669' title='bbox 1322 4927 1525 4998; x_wconf 88' lang='lat' dir='ltr'><strong>aliquot</strong></span> <span class='ocrx_word' id='word_1_670' title='bbox 1570 4941 1702 4982; x_wconf 90' lang='lat' dir='ltr'><strong>mss.</strong></span> 
     </span>
    </p>
   </div>
   <div class='ocr_carea' id='block_1_82' title="bbox 140 4986 1704 5068">
    <p class='ocr_par' dir='ltr' id='par_1_82' title="bbox 140 4986 1704 5068">
     <span class='ocr_line' id='line_1_83' title="bbox 140 4986 1704 5068; baseline 0.004 -22"><span class='ocrx_word' id='word_1_671' title='bbox 140 4986 294 5068; x_wconf 66' lang='lat' dir='ltr'><strong>Deam.</strong></span> <span class='ocrx_word' id='word_1_672' title='bbox 329 4997 403 5051; x_wconf 70' lang='lat' dir='ltr'><strong>Ex</strong></span> <span class='ocrx_word' id='word_1_673' title='bbox 436 4997 536 5050; x_wconf 78' lang='lat' dir='ltr'><strong>hac</strong></span> <span class='ocrx_word' id='word_1_674' title='bbox 567 5013 668 5052; x_wconf 91' lang='lat' dir='ltr'><strong>una</strong></span> <span class='ocrx_word' id='word_1_675' title='bbox 709 4998 974 5052; x_wconf 83' lang='lat' dir='ltr'><strong>sententia</strong></span> <span class='ocrx_word' id='word_1_676' title='bbox 1005 4999 1244 5052; x_wconf 90' lang='lat' dir='ltr'><strong>cernitur</strong></span> <span class='ocrx_word' id='word_1_677' title='bbox 1273 4986 1432 5068; x_wconf 71' lang='lat' dir='ltr'><strong>quani</strong></span> <span class='ocrx_word' id='word_1_678' title='bbox 1463 5002 1515 5052; x_wconf 93' lang='lat' dir='ltr'><strong>iu</strong></span> <span class='ocrx_word' id='word_1_679' title='bbox 1542 5005 1704 5053; x_wconf 65' lang='lat' dir='ltr'><strong>ca~te~</strong></span> 
     </span>
    </p>
   </div>
   <div class='ocr_carea' id='block_1_83' title="bbox 139 5064 1707 5136">
    <p class='ocr_par' dir='ltr' id='par_1_83' title="bbox 139 5064 1707 5136">
     <span class='ocr_line' id='line_1_84' title="bbox 139 5064 1707 5136; baseline 0.005 -22"><span class='ocrx_word' id='word_1_680' title='bbox 139 5064 198 5114; x_wconf 83' lang='lat' dir='ltr'><strong>ris</strong></span> <span class='ocrx_word' id='word_1_681' title='bbox 222 5082 425 5130; x_wconf 83' lang='lat' dir='ltr'><strong>pressus</strong></span> <span class='ocrx_word' id='word_1_682' title='bbox 457 5070 527 5122; x_wconf 88' lang='lat' dir='ltr'><strong>sit</strong></span> <span class='ocrx_word' id='word_1_683' title='bbox 551 5070 734 5123; x_wconf 82' lang='lat' dir='ltr'><strong>Hilarii</strong></span> <span class='ocrx_word' id='word_1_684' title='bbox 777 5083 976 5123; x_wconf 89' lang='lat' dir='ltr'><strong>sertno.</strong></span> <span class='ocrx_word' id='word_1_685' title='bbox 1014 5069 1147 5125; x_wconf 87' lang='lat' dir='ltr'><strong>Dicit</strong></span> <span class='ocrx_word' id='word_1_686' title='bbox 1181 5064 1345 5124; x_wconf 74' lang='lat' dir='ltr'><strong>Deum</strong></span> <span class='ocrx_word' id='word_1_687' title='bbox 1389 5080 1707 5136; x_wconf 83' lang='lat' dir='ltr'><strong>creatorem;</strong></span> 
     </span>
    </p>
   </div>
   <div class='ocr_carea' id='block_1_84' title="bbox 138 5137 1707 5212">
    <p class='ocr_par' dir='ltr' id='par_1_84' title="bbox 138 5137 1707 5212">
     <span class='ocr_line' id='line_1_85' title="bbox 138 5137 1707 5212; baseline 0.006 -27"><span class='ocrx_word' id='word_1_688' title='bbox 138 5137 332 5212; x_wconf 28' lang='lat' dir='ltr'><strong>quia-de</strong></span> <span class='ocrx_word' id='word_1_689' title='bbox 366 5139 503 5192; x_wconf 85' lang='lat' dir='ltr'><strong>Filio</strong></span> <span class='ocrx_word' id='word_1_690' title='bbox 534 5143 788 5212; x_wconf 84' lang='lat' dir='ltr'><strong>scriptum</strong></span> <span class='ocrx_word' id='word_1_691' title='bbox 837 5149 919 5212; x_wconf 85' lang='lat' dir='ltr'><strong>est</strong></span> <span class='ocrx_word' id='word_1_692' title='bbox 959 5139 1094 5195; x_wconf 89' lang='lat' dir='ltr'><strong>Gen.</strong></span> <span class='ocrx_word' id='word_1_693' title='bbox 1130 5156 1167 5204; x_wconf 91' lang='lat' dir='ltr'><strong>I,</strong></span> <span class='ocrx_word' id='word_1_694' title='bbox 1196 5141 1298 5195; x_wconf 72' lang='lat'><strong>27:</strong></span> <span class='ocrx_word' id='word_1_695' title='bbox 1339 5139 1398 5193; x_wconf 79' lang='lat' dir='ltr'><strong>Et</strong></span> <span class='ocrx_word' id='word_1_696' title='bbox 1421 5142 1538 5212; x_wconf 73' lang='lat' dir='ltr'><strong>fecit</strong></span> <span class='ocrx_word' id='word_1_697' title='bbox 1564 5139 1707 5195; x_wconf 86' lang='lat' dir='ltr'><strong>Deus</strong></span> 
     </span>
    </p>
   </div>
   <div class='ocr_carea' id='block_1_85' title="bbox 139 5201 1706 5281">
    <p class='ocr_par' dir='ltr' id='par_1_85' title="bbox 139 5201 1706 5281">
     <span class='ocr_line' id='line_1_86' title="bbox 139 5201 1706 5281; baseline 0.008 -28"><span class='ocrx_word' id='word_1_698' title='bbox 139 5201 381 5281; x_wconf 71' lang='lat' dir='ltr'><strong>ltomiuem.</strong></span> <span class='ocrx_word' id='word_1_699' title='bbox 433 5211 594 5266; x_wconf 82' lang='lat' dir='ltr'><strong>Addit</strong></span> <span class='ocrx_word' id='word_1_700' title='bbox 639 5201 922 5266; x_wconf 77' lang='lat' dir='ltr'><strong>communis</strong></span> <span class='ocrx_word' id='word_1_701' title='bbox 955 5227 1125 5264; x_wconf 73' lang='lat' dir='ltr'><strong>secum</strong></span> <span class='ocrx_word' id='word_1_702' title='bbox 1156 5201 1456 5281; x_wconf 19' lang='lat' dir='ltr'><strong>rimaginis&#39;:</strong></span> <span class='ocrx_word' id='word_1_703' title='bbox 1503 5214 1625 5280; x_wconf 84' lang='lat' dir='ltr'><strong>quia</strong></span> <span class='ocrx_word' id='word_1_704' title='bbox 1657 5212 1706 5266; x_wconf 89' lang='lat' dir='ltr'><strong>ei</strong></span> 
     </span>
    </p>
   </div>
   <div class='ocr_carea' id='block_1_86' title="bbox 138 5274 1703 5354">
    <p class='ocr_par' dir='ltr' id='par_1_86' title="bbox 138 5274 1703 5354">
     <span class='ocr_line' id='line_1_87' title="bbox 138 5274 1703 5354; baseline 0.006 -27"><span class='ocrx_word' id='word_1_705' title='bbox 138 5274 248 5354; x_wconf 60' lang='lat' dir='ltr'><strong>dixit</strong></span> <span class='ocrx_word' id='word_1_706' title='bbox 274 5279 426 5335; x_wconf 81' lang='lat' dir='ltr'><strong>Pater</strong></span> <span class='ocrx_word' id='word_1_707' title='bbox 452 5323 468 5348; x_wconf 91' lang='lat'><strong>,</strong></span> <span class='ocrx_word' id='word_1_708' title='bbox 498 5281 772 5337; x_wconf 75' lang='lat' dir='ltr'><strong>Faciamus</strong></span> <span class='ocrx_word' id='word_1_709' title='bbox 800 5283 1055 5354; x_wconf 80' lang='lat' dir='ltr'><strong>hominem</strong></span> <span class='ocrx_word' id='word_1_710' title='bbox 1077 5284 1144 5337; x_wconf 85' lang='lat' dir='ltr'><strong>ad</strong></span> <span class='ocrx_word' id='word_1_711' title='bbox 1160 5274 1433 5354; x_wconf 60' lang='lat' dir='ltr'><strong>imaginem</strong></span> <span class='ocrx_word' id='word_1_712' title='bbox 1454 5274 1703 5336; x_wconf 74' lang='lat' dir='ltr'><strong>nostram.</strong></span> 
     </span>
    </p>
   </div>
   <div class='ocr_carea' id='block_1_87' title="bbox 141 5342 1707 5424">
    <p class='ocr_par' dir='ltr' id='par_1_87' title="bbox 141 5342 1707 5424">
     <span class='ocr_line' id='line_1_88' title="bbox 141 5342 1707 5424; baseline 0.006 -26"><span class='ocrx_word' id='word_1_713' title='bbox 141 5342 540 5424; x_wconf 42' lang='lat' dir='ltr'><strong>Postcommu&#39;uis</strong></span> <span class='ocrx_word' id='word_1_714' title='bbox 588 5371 796 5414; x_wconf 88' lang='lat' dir='ltr'><strong>secum,</strong></span> <span class='ocrx_word' id='word_1_715' title='bbox 839 5353 1113 5424; x_wconf 86' lang='lat' dir='ltr'><strong>subjungit</strong></span> <span class='ocrx_word' id='word_1_716' title='bbox 1156 5365 1204 5407; x_wconf 85' lang='lat' dir='ltr'><strong>et</strong></span> <span class='ocrx_word' id='word_1_717' title='bbox 1251 5342 1388 5407; x_wconf 81' lang='lat' dir='ltr'><strong>Dei:</strong></span> <span class='ocrx_word' id='word_1_718' title='bbox 1422 5356 1540 5424; x_wconf 87' lang='lat' dir='ltr'><strong>quia</strong></span> <span class='ocrx_word' id='word_1_719' title='bbox 1587 5369 1707 5424; x_wconf 71' lang='lat' dir='ltr'><strong>qua:</strong></span> 
     </span>
    </p>
   </div>
   <div class='ocr_carea' id='block_1_88' title="bbox 143 5421 1703 5494">
    <p class='ocr_par' dir='ltr' id='par_1_88' title="bbox 143 5421 1703 5494">
     <span class='ocr_line' id='line_1_89' title="bbox 143 5421 1703 5494; baseline 0.006 -26"><span class='ocrx_word' id='word_1_720' title='bbox 143 5421 265 5494; x_wconf 67' lang='lat' dir='ltr'><strong>prius</strong></span> <span class='ocrx_word' id='word_1_721' title='bbox 292 5424 462 5492; x_wconf 80' lang='lat' dir='ltr'><strong>imago</strong></span> <span class='ocrx_word' id='word_1_722' title='bbox 488 5427 790 5479; x_wconf 76' lang='lat' dir='ltr'><strong>coinmunis</strong></span> <span class='ocrx_word' id='word_1_723' title='bbox 813 5466 827 5488; x_wconf 93' lang='lat'><strong>,</strong></span> <span class='ocrx_word' id='word_1_724' title='bbox 862 5421 1062 5492; x_wconf 76' lang='lat' dir='ltr'><strong>postea</strong></span> <span class='ocrx_word' id='word_1_725' title='bbox 1081 5425 1171 5478; x_wconf 89' lang='lat' dir='ltr'><strong>Dei</strong></span> <span class='ocrx_word' id='word_1_726' title='bbox 1201 5426 1359 5479; x_wconf 88' lang='lat' dir='ltr'><strong>unius</strong></span> <span class='ocrx_word' id='word_1_727' title='bbox 1387 5421 1508 5479; x_wconf 81' lang='lat' dir='ltr'><strong>esse</strong></span> <span class='ocrx_word' id='word_1_728' title='bbox 1537 5421 1703 5494; x_wconf 82' lang='lat' dir='ltr'><strong>signi-</strong></span> 
     </span>
    </p>
   </div>
   <div class='ocr_carea' id='block_1_89' title="bbox 145 5484 1707 5568">
    <p class='ocr_par' dir='ltr' id='par_1_89' title="bbox 145 5484 1707 5568">
     <span class='ocr_line' id='line_1_90' title="bbox 145 5484 1707 5568; baseline 0.008 -31"><span class='ocrx_word' id='word_1_729' title='bbox 145 5484 304 5568; x_wconf 76' lang='lat' dir='ltr'><strong>fieatur</strong></span> <span class='ocrx_word' id='word_1_730' title='bbox 325 5484 421 5568; x_wconf 52' lang='lat' dir='ltr'><strong>bis:</strong></span> <span class='ocrx_word' id='word_1_731' title='bbox 433 5497 612 5550; x_wconf 87' lang='lat' dir='ltr'><strong>verbis</strong></span> <span class='ocrx_word' id='word_1_732' title='bbox 638 5537 652 5560; x_wconf 91' lang='lat'><strong>,</strong></span> <span class='ocrx_word' id='word_1_733' title='bbox 697 5496 790 5568; x_wconf 12' lang='lat' dir='ltr'><strong>Adi</strong></span> <span class='ocrx_word' id='word_1_734' title='bbox 817 5484 1095 5568; x_wconf 70' lang='lat' dir='ltr'><strong>imaginem</strong></span> <span class='ocrx_word' id='word_1_735' title='bbox 1141 5494 1236 5550; x_wconf 86' lang='lat' dir='ltr'><strong>Dei</strong></span> <span class='ocrx_word' id='word_1_736' title='bbox 1267 5497 1386 5568; x_wconf 75' lang='lat' dir='ltr'><strong>fecit</strong></span> <span class='ocrx_word' id='word_1_737' title='bbox 1404 5512 1539 5549; x_wconf 88' lang='lat' dir='ltr'><strong>eum.</strong></span> <span class='ocrx_word' id='word_1_738' title='bbox 1571 5484 1707 5550; x_wconf 67' lang='lat' dir='ltr'><strong>Hinc</strong></span> 
     </span>
    </p>
   </div>
   <div class='ocr_carea' id='block_1_90' title="bbox 144 5562 1714 5636">
    <p class='ocr_par' dir='ltr' id='par_1_90' title="bbox 144 5562 1714 5636">
     <span class='ocr_line' id='line_1_91' title="bbox 144 5562 1714 5636; baseline 0.005 -23"><span class='ocrx_word' id='word_1_739' title='bbox 144 5562 422 5636; x_wconf 64' lang='lat' dir='ltr'><strong>particulam</strong></span> <span class='ocrx_word' id='word_1_740' title='bbox 447 5575 497 5618; x_wconf 79' lang='lat' dir='ltr'><strong>et</strong></span> <span class='ocrx_word' id='word_1_741' title='bbox 516 5608 532 5630; x_wconf 92' lang='lat'><strong>,</strong></span> <span class='ocrx_word' id='word_1_742' title='bbox 550 5577 673 5620; x_wconf 86' lang='lat' dir='ltr'><strong>ante</strong></span> <span class='ocrx_word' id='word_1_743' title='bbox 695 5565 792 5618; x_wconf 76' lang='lat' dir='ltr'><strong>Dei</strong></span> <span class='ocrx_word' id='word_1_744' title='bbox 810 5562 1048 5635; x_wconf 62' lang='lat' dir='ltr'><strong>imaginis</strong></span> <span class='ocrx_word' id='word_1_745' title='bbox 1073 5607 1086 5627; x_wconf 87' lang='lat'><strong>,</strong></span> <span class='ocrx_word' id='word_1_746' title='bbox 1116 5584 1181 5619; x_wconf 83' lang='lat' dir='ltr'><strong>ne</strong></span> <span class='ocrx_word' id='word_1_747' title='bbox 1206 5562 1497 5636; x_wconf 56' lang='lat' dir='ltr'><strong>ex&#39;pungas,</strong></span> <span class='ocrx_word' id='word_1_748' title='bbox 1524 5581 1714 5636; x_wconf 84' lang='lat' dir='ltr'><strong>quam-</strong></span> 
     </span>
    </p>
   </div>
   <div class='ocr_carea' id='block_1_91' title="bbox 148 5628 1157 5692">
    <p class='ocr_par' dir='ltr' id='par_1_91' title="bbox 148 5628 1157 5692">
     <span class='ocr_line' id='line_1_92' title="bbox 148 5628 1157 5692; baseline 0.004 -7"><span class='ocrx_word' id='word_1_749' title='bbox 148 5628 218 5681; x_wconf 64' lang='grc' dir='ltr'><strong>τίς</strong></span> <span class='ocrx_word' id='word_1_750' title='bbox 241 5635 285 5686; x_wconf 81' lang='grc' dir='ltr'><strong>ιιι</strong></span> <span class='ocrx_word' id='word_1_751' title='bbox 315 5651 413 5690; x_wconf 85' lang='lat' dir='ltr'><strong>ms.</strong></span> <span class='ocrx_word' id='word_1_752' title='bbox 447 5628 561 5690; x_wconf 89' lang='lat' dir='ltr'><strong>bas.</strong></span> <span class='ocrx_word' id='word_1_753' title='bbox 600 5636 718 5692; x_wconf 86' lang='lat' dir='ltr'><strong>Vat.</strong></span> <span class='ocrx_word' id='word_1_754' title='bbox 754 5653 860 5691; x_wconf 90' lang='lat' dir='ltr'><strong>non</strong></span> <span class='ocrx_word' id='word_1_755' title='bbox 888 5628 1157 5692; x_wconf 69' lang='lat' dir='ltr'><strong>occurrat.</strong></span> 
     </span>
    </p>
   </div>
   <div class='ocr_carea' id='block_1_92' title="bbox 197 5701 1720 5827">
    <p class='ocr_par' dir='ltr' id='par_1_92' title="bbox 197 5701 1720 5827">
     <span class='ocr_line' id='line_1_93' title="bbox 197 5701 1720 5827; baseline -0.001 -67"><span class='ocrx_word' id='word_1_756' title='bbox 197 5701 406 5827; x_wconf 44' lang='grc' dir='ltr'><strong>ἑτηειυ..</strong></span> <span class='ocrx_word' id='word_1_757' title='bbox 437 5706 586 5776; x_wconf 88' lang='lat' dir='ltr'><strong>Lips.</strong></span> <span class='ocrx_word' id='word_1_758' title='bbox 619 5717 674 5762; x_wconf 89' lang='lat' dir='ltr'><strong>et</strong></span> <span class='ocrx_word' id='word_1_759' title='bbox 703 5708 824 5762; x_wconf 86' lang='lat' dir='ltr'><strong>Par.</strong></span> <span class='ocrx_word' id='word_1_760' title='bbox 858 5705 1027 5760; x_wconf 79' lang='lat' dir='ltr'><strong>Deum</strong></span> <span class='ocrx_word' id='word_1_761' title='bbox 1057 5718 1326 5778; x_wconf 87' lang='lat' dir='ltr'><strong>negatura.</strong></span> <span class='ocrx_word' id='word_1_762' title='bbox 1364 5708 1528 5763; x_wconf 84' lang='lat' dir='ltr'><strong>Abest</strong></span> <span class='ocrx_word' id='word_1_763' title='bbox 1557 5705 1720 5760; x_wconf 84' lang='lat' dir='ltr'><strong>Deum</strong></span> 
     </span>
     <span class='ocr_line' id='line_1_94' title="bbox 234 5789 524 5827; baseline 0.014 -3"><span class='ocrx_word' id='word_1_764' title='bbox 234 5789 272 5825; x_wconf 69' lang='lat' dir='ltr'><strong>al</strong></span> <span class='ocrx_word' id='word_1_765' title='bbox 295 5816 306 5827; x_wconf 90' lang='lat'><strong>.</strong></span> <span class='ocrx_word' id='word_1_766' title='bbox 342 5789 389 5827; x_wconf 70' lang='grc' dir='ltr'>ει</span> <span class='ocrx_word' id='word_1_767' title='bbox 422 5795 524 5827; x_wconf 77' lang='lat' dir='ltr'><strong>IIIS.</strong></span> 
     </span>
    </p>
   </div>
   <div class='ocr_carea' id='block_1_93' title="bbox 151 5779 524 5832">
    <p class='ocr_par' dir='ltr' id='par_1_93' title="bbox 151 5779 524 5832">
     <span class='ocr_line' id='line_1_95' title="bbox 151 5779 524 5832; baseline 0.027 -10"><span class='ocrx_word' id='word_1_768' title='bbox 151 5779 174 5818; x_wconf 66' lang='grc' dir='ltr'><em>ε</em></span> <span class='ocrx_word' id='word_1_769' title='bbox 199 5779 306 5828; x_wconf 76' lang='lat' dir='ltr'><strong>Had.</strong></span> <span class='ocrx_word' id='word_1_770' title='bbox 342 5789 389 5830; x_wconf 87' lang='lat' dir='ltr'><strong>et</strong></span> <span class='ocrx_word' id='word_1_771' title='bbox 422 5795 524 5832; x_wconf 84' lang='lat' dir='ltr'><strong>ius.</strong></span> 
     </span>
    </p>
   </div>
   <div class='ocr_carea' id='block_1_94' title="bbox 1827 3270 3437 3342">
    <p class='ocr_par' dir='ltr' id='par_1_94' title="bbox 1827 3270 3437 3342">
     <span class='ocr_line' id='line_1_96' title="bbox 1827 3270 3437 3342; baseline 0 -16"><span class='ocrx_word' id='word_1_772' title='bbox 1827 3270 2048 3326; x_wconf 87' lang='lat' dir='ltr'><strong>Interim</strong></span> <span class='ocrx_word' id='word_1_773' title='bbox 2081 3281 2257 3325; x_wconf 88' lang='lat' dir='ltr'><strong>tamen</strong></span> <span class='ocrx_word' id='word_1_774' title='bbox 2311 3270 2378 3325; x_wconf 93' lang='lat' dir='ltr'><strong>de</strong></span> <span class='ocrx_word' id='word_1_775' title='bbox 2420 3270 2647 3324; x_wconf 89' lang='lat' dir='ltr'><strong>veritate</strong></span> <span class='ocrx_word' id='word_1_776' title='bbox 2705 3279 2908 3324; x_wconf 69' lang='lat' dir='ltr'><strong>natura:</strong></span> <span class='ocrx_word' id='word_1_777' title='bbox 2960 3270 3053 3325; x_wconf 90' lang='lat' dir='ltr'><strong>Dei</strong></span> <span class='ocrx_word' id='word_1_778' title='bbox 3102 3271 3437 3342; x_wconf 87' lang='lat' dir='ltr'><strong>impietatem</strong></span> 
     </span>
    </p>
   </div>
   <div class='ocr_carea' id='block_1_95' title="bbox 1827 3359 3431 3434">
    <p class='ocr_par' dir='ltr' id='par_1_95' title="bbox 1827 3359 3431 3434">
     <span class='ocr_line' id='line_1_97' title="bbox 1827 3359 3431 3434; baseline -0.001 -16"><span class='ocrx_word' id='word_1_779' title='bbox 1827 3361 2094 3418; x_wconf 88' lang='lat' dir='ltr'><strong>mendacii</strong></span> <span class='ocrx_word' id='word_1_780' title='bbox 2133 3363 2208 3416; x_wconf 92' lang='lat' dir='ltr'><strong>tui</strong></span> <span class='ocrx_word' id='word_1_781' title='bbox 2240 3361 2552 3431; x_wconf 87' lang='lat' dir='ltr'><strong>prophetica</strong></span> <span class='ocrx_word' id='word_1_782' title='bbox 2577 3359 2657 3434; x_wconf 77' lang='grc'><strong>(2)</strong></span> <span class='ocrx_word' id='word_1_783' title='bbox 2702 3361 3044 3417; x_wconf 90' lang='lat' dir='ltr'><strong>confessione</strong></span> <span class='ocrx_word' id='word_1_784' title='bbox 3069 3365 3388 3419; x_wconf 91' lang='lat' dir='ltr'><strong>convincam</strong></span> <span class='ocrx_word' id='word_1_785' title='bbox 3418 3381 3431 3429; x_wconf 94' lang='lat'><strong>;</strong></span> 
     </span>
    </p>
   </div>
   <div class='ocr_carea' id='block_1_96' title="bbox 1826 3455 3434 3526">
    <p class='ocr_par' dir='ltr' id='par_1_96' title="bbox 1826 3455 3434 3526">
     <span class='ocr_line' id='line_1_98' title="bbox 1826 3455 3434 3526; baseline -0.002 -12"><span class='ocrx_word' id='word_1_786' title='bbox 1826 3459 1896 3514; x_wconf 91' lang='lat' dir='ltr'><strong>ita</strong></span> <span class='ocrx_word' id='word_1_787' title='bbox 1924 3467 2126 3520; x_wconf 91' lang='lat' dir='ltr'><strong>tamen,</strong></span> <span class='ocrx_word' id='word_1_788' title='bbox 2149 3465 2210 3511; x_wconf 90' lang='lat' dir='ltr'><strong>ut</strong></span> <span class='ocrx_word' id='word_1_789' title='bbox 2237 3472 2402 3510; x_wconf 90' lang='lat' dir='ltr'><strong>unum</strong></span> <span class='ocrx_word' id='word_1_790' title='bbox 2452 3466 2508 3511; x_wconf 88' lang='lat' dir='ltr'><strong>et</strong></span> <span class='ocrx_word' id='word_1_791' title='bbox 2531 3471 2717 3510; x_wconf 90' lang='lat' dir='ltr'><strong>verum</strong></span> <span class='ocrx_word' id='word_1_792' title='bbox 2751 3455 2917 3510; x_wconf 91' lang='lat' dir='ltr'><strong>Deum</strong></span> <span class='ocrx_word' id='word_1_793' title='bbox 2967 3457 3244 3526; x_wconf 65' lang='lat' dir='ltr'><strong>praedicari</strong></span> <span class='ocrx_word' id='word_1_794' title='bbox 3273 3472 3302 3511; x_wconf 91' lang='lat' dir='ltr'><strong>a</strong></span> <span class='ocrx_word' id='word_1_795' title='bbox 3335 3473 3434 3511; x_wconf 90' lang='lat' dir='ltr'><strong>no-</strong></span> 
     </span>
    </p>
   </div>
   <div class='ocr_carea' id='block_1_97' title="bbox 1827 3547 3432 3620">
    <p class='ocr_par' dir='ltr' id='par_1_97' title="bbox 1827 3547 3432 3620">
     <span class='ocr_line' id='line_1_99' title="bbox 1827 3547 3432 3620; baseline -0.002 -14"><span class='ocrx_word' id='word_1_796' title='bbox 1827 3551 1929 3616; x_wconf 92' lang='lat' dir='ltr'><strong>bis,</strong></span> <span class='ocrx_word' id='word_1_797' title='bbox 1958 3565 2130 3620; x_wconf 87' lang='lat' dir='ltr'><strong>ueque</strong></span> <span class='ocrx_word' id='word_1_798' title='bbox 2150 3549 2230 3620; x_wconf 88' lang='lat' dir='ltr'><strong>(h)</strong></span> <span class='ocrx_word' id='word_1_799' title='bbox 2260 3547 2478 3604; x_wconf 87' lang='lat' dir='ltr'><strong>Sabellii</strong></span> <span class='ocrx_word' id='word_1_800' title='bbox 2513 3548 2736 3603; x_wconf 70' lang='lat' dir='ltr'><strong>limresis</strong></span> <span class='ocrx_word' id='word_1_801' title='bbox 2767 3548 2940 3618; x_wconf 91' lang='lat' dir='ltr'><strong>ipsum</strong></span> <span class='ocrx_word' id='word_1_802' title='bbox 2992 3548 3207 3603; x_wconf 89' lang='lat' dir='ltr'><strong>Patrem</strong></span> <span class='ocrx_word' id='word_1_803' title='bbox 3247 3549 3347 3602; x_wconf 92' lang='lat' dir='ltr'><strong>sibi</strong></span> <span class='ocrx_word' id='word_1_804' title='bbox 3375 3557 3432 3603; x_wconf 88' lang='lat' dir='ltr'><strong>et</strong></span> 
     </span>
    </p>
   </div>
   <div class='ocr_carea' id='block_1_98' title="bbox 1827 3641 3434 3715">
    <p class='ocr_par' dir='ltr' id='par_1_98' title="bbox 1827 3641 3434 3715">
     <span class='ocr_line' id='line_1_100' title="bbox 1827 3641 3434 3715; baseline -0.003 -14"><span class='ocrx_word' id='word_1_805' title='bbox 1827 3645 2022 3701; x_wconf 82' lang='lat' dir='ltr'><strong>Filium</strong></span> <span class='ocrx_word' id='word_1_806' title='bbox 2043 3647 2278 3715; x_wconf 84' lang='lat' dir='ltr'><strong>professa</strong></span> <span class='ocrx_word' id='word_1_807' title='bbox 2304 3652 2611 3714; x_wconf 80' lang='lat' dir='ltr'><strong>praesumat,</strong></span> <span class='ocrx_word' id='word_1_808' title='bbox 2631 3657 2804 3712; x_wconf 89' lang='lat' dir='ltr'><strong>neque</strong></span> <span class='ocrx_word' id='word_1_809' title='bbox 2839 3651 2894 3696; x_wconf 87' lang='lat' dir='ltr'><strong>tu</strong></span> <span class='ocrx_word' id='word_1_810' title='bbox 2913 3643 3193 3697; x_wconf 89' lang='lat' dir='ltr'><strong>veritatem</strong></span> <span class='ocrx_word' id='word_1_811' title='bbox 3225 3643 3292 3696; x_wconf 92' lang='lat' dir='ltr'><strong>de</strong></span> <span class='ocrx_word' id='word_1_812' title='bbox 3321 3641 3434 3696; x_wconf 88' lang='lat' dir='ltr'><strong>filio</strong></span> 
     </span>
    </p>
   </div>
   <div class='ocr_carea' id='block_1_99' title="bbox 1828 3735 3428 3805">
    <p class='ocr_par' dir='ltr' id='par_1_99' title="bbox 1828 3735 3428 3805">
     <span class='ocr_line' id='line_1_101' title="bbox 1828 3735 3428 3805; baseline -0.003 -11"><span class='ocrx_word' id='word_1_813' title='bbox 1828 3739 1922 3794; x_wconf 89' lang='lat' dir='ltr'><strong>Dei</strong></span> <span class='ocrx_word' id='word_1_814' title='bbox 1947 3754 2110 3793; x_wconf 93' lang='lat' dir='ltr'><strong>unum</strong></span> <span class='ocrx_word' id='word_1_815' title='bbox 2160 3747 2364 3792; x_wconf 88' lang='lat' dir='ltr'><strong>tantum</strong></span> <span class='ocrx_word' id='word_1_816' title='bbox 2397 3737 2562 3792; x_wconf 91' lang='lat' dir='ltr'><strong>Deum</strong></span> <span class='ocrx_word' id='word_1_817' title='bbox 2595 3751 2780 3792; x_wconf 89' lang='lat' dir='ltr'><strong>verum</strong></span> <span class='ocrx_word' id='word_1_818' title='bbox 2807 3735 3108 3805; x_wconf 66' lang='lat' dir='ltr'><strong>praedicans</strong></span> <span class='ocrx_word' id='word_1_819' title='bbox 3129 3736 3428 3792; x_wconf 84' lang='lat' dir='ltr'><strong>mentiaris.</strong></span> 
     </span>
    </p>
   </div>
   <div class='ocr_carea' id='block_1_100' title="bbox 1898 3830 3410 3900">
    <p class='ocr_par' dir='ltr' id='par_1_100' title="bbox 1898 3830 3410 3900">
     <span class='ocr_line' id='line_1_102' title="bbox 1898 3830 3410 3900; baseline -0.001 -13"><span class='ocrx_word' id='word_1_820' title='bbox 1898 3833 1988 3888; x_wconf 75' lang='grc'><strong>26.</strong></span> <span class='ocrx_word' id='word_1_821' title='bbox 2016 3831 2258 3887; x_wconf 71' lang='lat' dir='ltr'><strong>[heretici</strong></span> <span class='ocrx_word' id='word_1_822' title='bbox 2281 3831 2490 3886; x_wconf 76' lang='lat' dir='ltr'><strong>subdole</strong></span> <span class='ocrx_word' id='word_1_823' title='bbox 2521 3830 2845 3899; x_wconf 85' lang='lat' dir='ltr'><strong>Scripturam</strong></span> <span class='ocrx_word' id='word_1_824' title='bbox 2871 3833 3231 3900; x_wconf 80' lang='lat' dir='ltr'><strong>interpolatum</strong></span> <span class='ocrx_word' id='word_1_825' title='bbox 3257 3833 3410 3885; x_wconf 79' lang='lat' dir='ltr'><strong>citan&#39;</strong></span> 
     </span>
    </p>
   </div>
   <div class='ocr_carea' id='block_1_101' title="bbox 1821 3923 3434 3994">
    <p class='ocr_par' dir='ltr' id='par_1_101' title="bbox 1821 3923 3434 3994">
     <span class='ocr_line' id='line_1_103' title="bbox 1821 3923 3434 3994; baseline 0 -14"><span class='ocrx_word' id='word_1_826' title='bbox 1821 3936 1898 3981; x_wconf 86' lang='lat' dir='ltr'><strong>tes</strong></span> <span class='ocrx_word' id='word_1_827' title='bbox 1925 3926 2270 3980; x_wconf 73' lang='lat' dir='ltr'><strong>revincuntur.</strong></span> <span class='ocrx_word' id='word_1_828' title='bbox 2294 3953 2365 3964; x_wconf 91' lang='lat'><strong>—</strong></span> <span class='ocrx_word' id='word_1_829' title='bbox 2393 3923 2531 3978; x_wconf 81' lang='lat' dir='ltr'><strong>Nihil</strong></span> <span class='ocrx_word' id='word_1_830' title='bbox 2565 3924 2721 3994; x_wconf 88' lang='lat' dir='ltr'><strong>plane</strong></span> <span class='ocrx_word' id='word_1_831' title='bbox 2747 3925 2800 3978; x_wconf 92' lang='lat' dir='ltr'><strong>in</strong></span> <span class='ocrx_word' id='word_1_832' title='bbox 2846 3938 2904 3979; x_wconf 89' lang='lat' dir='ltr'><strong>se</strong></span> <span class='ocrx_word' id='word_1_833' title='bbox 2952 3923 3109 3978; x_wconf 86' lang='lat' dir='ltr'><strong>habet</strong></span> <span class='ocrx_word' id='word_1_834' title='bbox 3151 3925 3434 3993; x_wconf 70' lang='lat' dir='ltr'><strong>sapientiai</strong></span> 
     </span>
    </p>
   </div>
   <div class='ocr_carea' id='block_1_102' title="bbox 1827 4015 3420 4087">
    <p class='ocr_par' dir='ltr' id='par_1_102' title="bbox 1827 4015 3420 4087">
     <span class='ocr_line' id='line_1_104' title="bbox 1827 4015 3420 4087; baseline -0.001 -13"><span class='ocrx_word' id='word_1_835' title='bbox 1827 4018 2110 4087; x_wconf 82' lang='lat' dir='ltr'><strong>impietas:</strong></span> <span class='ocrx_word' id='word_1_836' title='bbox 2145 4027 2198 4071; x_wconf 91' lang='lat' dir='ltr'><strong>et</strong></span> <span class='ocrx_word' id='word_1_837' title='bbox 2251 4017 2343 4071; x_wconf 92' lang='lat' dir='ltr'><strong>Dei</strong></span> <span class='ocrx_word' id='word_1_838' title='bbox 2379 4017 2558 4081; x_wconf 92' lang='lat' dir='ltr'><strong>timor,</strong></span> <span class='ocrx_word' id='word_1_839' title='bbox 2591 4016 2681 4086; x_wconf 87' lang='lat' dir='ltr'><strong>qui</strong></span> <span class='ocrx_word' id='word_1_840' title='bbox 2705 4016 2979 4086; x_wconf 73' lang='lat' dir='ltr'><strong>sapientia:</strong></span> <span class='ocrx_word' id='word_1_841' title='bbox 3035 4015 3243 4070; x_wconf 90' lang='lat' dir='ltr'><strong>initium</strong></span> <span class='ocrx_word' id='word_1_842' title='bbox 3291 4029 3375 4073; x_wconf 90' lang='lat' dir='ltr'><strong>est</strong></span> <span class='ocrx_word' id='word_1_843' title='bbox 3404 4061 3420 4086; x_wconf 91' lang='lat'><strong>,</strong></span> 
     </span>
    </p>
   </div>
   <div class='ocr_carea' id='block_1_103' title="bbox 1826 4107 3430 4178">
    <p class='ocr_par' dir='ltr' id='par_1_103' title="bbox 1826 4107 3430 4178">
     <span class='ocr_line' id='line_1_105' title="bbox 1826 4107 3430 4178; baseline 0 -12"><span class='ocrx_word' id='word_1_844' title='bbox 1826 4111 1915 4166; x_wconf 90' lang='lat' dir='ltr'><strong>ubi</strong></span> <span class='ocrx_word' id='word_1_845' title='bbox 1946 4110 2121 4175; x_wconf 90' lang='lat' dir='ltr'><strong>deest,</strong></span> <span class='ocrx_word' id='word_1_846' title='bbox 2155 4107 2330 4164; x_wconf 85' lang='lat' dir='ltr'><strong>aufert</strong></span> <span class='ocrx_word' id='word_1_847' title='bbox 2353 4123 2537 4164; x_wconf 88' lang='lat' dir='ltr'><strong>secum</strong></span> <span class='ocrx_word' id='word_1_848' title='bbox 2584 4123 2745 4163; x_wconf 91' lang='lat' dir='ltr'><strong>omne</strong></span> <span class='ocrx_word' id='word_1_849' title='bbox 2791 4107 3073 4162; x_wconf 81' lang='lat' dir='ltr'><strong>exordium</strong></span> <span class='ocrx_word' id='word_1_850' title='bbox 3105 4109 3430 4178; x_wconf 65' lang='lat' dir='ltr'><strong>prudentiae.</strong></span> 
     </span>
    </p>
   </div>
   <div class='ocr_carea' id='block_1_104' title="bbox 1821 4200 3436 4276">
    <p class='ocr_par' dir='ltr' id='par_1_104' title="bbox 1821 4200 3436 4276">
     <span class='ocr_line' id='line_1_106' title="bbox 1821 4200 3436 4276; baseline -0.001 -15"><span class='ocrx_word' id='word_1_851' title='bbox 1821 4204 1903 4262; x_wconf 90' lang='lat' dir='ltr'><strong>Ad</strong></span> <span class='ocrx_word' id='word_1_852' title='bbox 1934 4203 2309 4259; x_wconf 89' lang='lat' dir='ltr'><strong>inflrmandam</strong></span> <span class='ocrx_word' id='word_1_853' title='bbox 2342 4203 2484 4258; x_wconf 91' lang='lat' dir='ltr'><strong>enim</strong></span> <span class='ocrx_word' id='word_1_854' title='bbox 2521 4201 2612 4256; x_wconf 92' lang='lat' dir='ltr'><strong>Dei</strong></span> <span class='ocrx_word' id='word_1_855' title='bbox 2642 4202 2752 4257; x_wconf 91' lang='lat' dir='ltr'><strong>veri</strong></span> <span class='ocrx_word' id='word_1_856' title='bbox 2779 4201 2830 4256; x_wconf 91' lang='lat' dir='ltr'><strong>in</strong></span> <span class='ocrx_word' id='word_1_857' title='bbox 2856 4200 2994 4257; x_wconf 90' lang='lat' dir='ltr'><strong>Filio</strong></span> <span class='ocrx_word' id='word_1_858' title='bbox 3016 4200 3174 4258; x_wconf 88' lang='lat' dir='ltr'><strong>fidem</strong></span> <span class='ocrx_word' id='word_1_859' title='bbox 3200 4205 3436 4276; x_wconf 84' lang='lat' dir='ltr'><strong>prophe—</strong></span> 
     </span>
    </p>
   </div>
   <div class='ocr_carea' id='block_1_105' title="bbox 1885 4359 2339 4434">
    <p class='ocr_par' dir='ltr' id='par_1_105' title="bbox 1885 4359 2339 4434">
     <span class='ocr_line' id='line_1_107' title="bbox 1885 4359 2339 4434; baseline -0.009 -17"><span class='ocrx_word' id='word_1_860' title='bbox 1885 4361 1966 4434; x_wconf 75' lang='lat'><strong>(2)</strong></span> <span class='ocrx_word' id='word_1_861' title='bbox 1991 4359 2339 4434; x_wconf 78' lang='lat' dir='ltr'><strong>Professione.</strong></span> 
     </span>
    </p>
   </div>
   <div class='ocr_carea' id='block_1_106' title="bbox 1889 4565 3426 4694">
    <p class='ocr_par' dir='ltr' id='par_1_106' title="bbox 1889 4565 3426 4694">
     <span class='ocr_line' id='line_1_108' title="bbox 1889 4565 3426 4694; baseline 0.001 -72"><span class='ocrx_word' id='word_1_862' title='bbox 1889 4567 1968 4694; x_wconf 63' lang='lat' dir='ltr'><strong>(t9</strong></span> <span class='ocrx_word' id='word_1_863' title='bbox 1999 4567 2113 4622; x_wconf 83' lang='lat' dir='ltr'><strong>Hoc</strong></span> <span class='ocrx_word' id='word_1_864' title='bbox 2141 4574 2244 4634; x_wconf 86' lang='lat' dir='ltr'><strong>est,</strong></span> <span class='ocrx_word' id='word_1_865' title='bbox 2270 4565 2393 4638; x_wconf 87' lang='lat' dir='ltr'><strong>quia</strong></span> <span class='ocrx_word' id='word_1_866' title='bbox 2433 4580 2573 4622; x_wconf 92' lang='lat' dir='ltr'><strong>unus</strong></span> <span class='ocrx_word' id='word_1_867' title='bbox 2597 4574 2801 4620; x_wconf 89' lang='lat' dir='ltr'><strong>tantum</strong></span> <span class='ocrx_word' id='word_1_868' title='bbox 2853 4565 2996 4623; x_wconf 89' lang='lat' dir='ltr'><strong>Deus</strong></span> <span class='ocrx_word' id='word_1_869' title='bbox 3016 4580 3178 4622; x_wconf 87' lang='lat' dir='ltr'><strong>verus</strong></span> <span class='ocrx_word' id='word_1_870' title='bbox 3221 4566 3426 4624; x_wconf 89' lang='lat' dir='ltr'><strong>intelli-</strong></span> 
     </span>
     <span class='ocr_line' id='line_1_109' title="bbox 1891 4648 2159 4694; baseline 0 -2"><span class='ocrx_word' id='word_1_871' title='bbox 1891 4657 1920 4693; x_wconf 87' lang='grc' dir='ltr'><strong>ΙΙ</strong></span> <span class='ocrx_word' id='word_1_872' title='bbox 1971 4656 2030 4693; x_wconf 77' lang='lat' dir='ltr'><strong>[IS</strong></span> <span class='ocrx_word' id='word_1_873' title='bbox 2058 4648 2159 4694; x_wconf 87' lang='lat' dir='ltr'><strong>est.</strong></span> 
     </span>
    </p>
   </div>
   <div class='ocr_carea' id='block_1_107' title="bbox 1819 4648 3316 4722">
    <p class='ocr_par' dir='ltr' id='par_1_107' title="bbox 1819 4648 3316 4722">
     <span class='ocr_line' id='line_1_110' title="bbox 1819 4648 3316 4722; baseline 0.019 -27"><span class='ocrx_word' id='word_1_874' title='bbox 1819 4648 2035 4722; x_wconf 59' lang='lat' dir='ltr'><strong>gelidus</strong></span> <span class='ocrx_word' id='word_1_875' title='bbox 2058 4648 2189 4722; x_wconf 37' lang='lat' dir='ltr'><strong>ests</strong></span> <span class='ocrx_word' id='word_1_876' title='bbox 2760 4708 2796 4722; x_wconf 66' lang='grc' dir='ltr'>η</span> <span class='ocrx_word' id='word_1_877' title='bbox 2840 4708 2872 4722; x_wconf 85' lang='grc'><strong>,,</strong></span> <span class='ocrx_word' id='word_1_878' title='bbox 2955 4707 3054 4722; x_wconf 63' lang='grc' dir='ltr'><strong>η...</strong></span> <span class='ocrx_word' id='word_1_879' title='bbox 3304 4709 3316 4722; x_wconf 93' lang='grc'><strong>.</strong></span> 
     </span>
    </p>
   </div>
   <div class='ocr_carea' id='block_1_108' title="bbox 1892 4707 3426 4782">
    <p class='ocr_par' dir='ltr' id='par_1_108' title="bbox 1892 4707 3426 4782">
     <span class='ocr_line' id='line_1_111' title="bbox 1892 4707 3426 4782; baseline 0 -18"><span class='ocrx_word' id='word_1_880' title='bbox 1892 4710 1966 4782; x_wconf 90' lang='lat' dir='ltr'><strong>(e)</strong></span> <span class='ocrx_word' id='word_1_881' title='bbox 1997 4710 2218 4766; x_wconf 89' lang='lat' dir='ltr'><strong>Carnut.</strong></span> <span class='ocrx_word' id='word_1_882' title='bbox 2271 4725 2376 4764; x_wconf 91' lang='lat' dir='ltr'><strong>ms.</strong></span> <span class='ocrx_word' id='word_1_883' title='bbox 2436 4723 2710 4782; x_wconf 91' lang='lat' dir='ltr'><strong>cum_uno</strong></span> <span class='ocrx_word' id='word_1_884' title='bbox 2757 4708 2914 4782; x_wconf 87' lang='lat' dir='ltr'><strong>Colb.</strong></span> <span class='ocrx_word' id='word_1_885' title='bbox 2946 4707 3190 4782; x_wconf 82' lang='lat' dir='ltr'><strong>Filium:</strong></span> <span class='ocrx_word' id='word_1_886' title='bbox 3246 4709 3426 4782; x_wconf 82' lang='lat' dir='ltr'><strong>minus</strong></span> 
     </span>
    </p>
   </div>
   <div class='ocr_carea' id='block_1_109' title="bbox 1816 4779 3420 4844">
    <p class='ocr_par' dir='ltr' id='par_1_109' title="bbox 1816 4779 3420 4844">
     <span class='ocr_line' id='line_1_112' title="bbox 1816 4779 3420 4844; baseline 0.001 -10"><span class='ocrx_word' id='word_1_887' title='bbox 1816 4779 2048 4838; x_wconf 82' lang='lat' dir='ltr'><strong>sincere.</strong></span> <span class='ocrx_word' id='word_1_888' title='bbox 2082 4782 2218 4836; x_wconf 84' lang='lat' dir='ltr'><strong>Illud</strong></span> <span class='ocrx_word' id='word_1_889' title='bbox 2247 4783 2301 4835; x_wconf 90' lang='lat' dir='ltr'><strong>in</strong></span> <span class='ocrx_word' id='word_1_890' title='bbox 2337 4791 2522 4836; x_wconf 88' lang='lat' dir='ltr'><strong>natura</strong></span> <span class='ocrx_word' id='word_1_891' title='bbox 2561 4779 2688 4834; x_wconf 84' lang='lat' dir='ltr'><strong>Filii</strong></span> <span class='ocrx_word' id='word_1_892' title='bbox 2720 4822 2734 4844; x_wconf 93' lang='lat'><strong>,</strong></span> <span class='ocrx_word' id='word_1_893' title='bbox 2770 4779 2820 4833; x_wconf 88' lang='lat' dir='ltr'><strong>id</strong></span> <span class='ocrx_word' id='word_1_894' title='bbox 2848 4789 2932 4833; x_wconf 88' lang='lat' dir='ltr'><strong>est</strong></span> <span class='ocrx_word' id='word_1_895' title='bbox 2960 4820 2974 4842; x_wconf 93' lang='lat'><strong>,</strong></span> <span class='ocrx_word' id='word_1_896' title='bbox 3009 4780 3060 4833; x_wconf 91' lang='lat' dir='ltr'><strong>in</strong></span> <span class='ocrx_word' id='word_1_897' title='bbox 3111 4780 3420 4836; x_wconf 87' lang='lat' dir='ltr'><strong>assertione</strong></span> 
     </span>
    </p>
   </div>
   <div class='ocr_carea' id='block_1_110' title="bbox 1817 4849 3420 4923">
    <p class='ocr_par' dir='ltr' id='par_1_110' title="bbox 1817 4849 3420 4923">
     <span class='ocr_line' id='line_1_113' title="bbox 1817 4849 3420 4923; baseline 0.001 -17"><span class='ocrx_word' id='word_1_898' title='bbox 1817 4851 1941 4907; x_wconf 85' lang='lat' dir='ltr'><strong>Filii</strong></span> <span class='ocrx_word' id='word_1_899' title='bbox 1968 4896 1980 4911; x_wconf 87' lang='lat'><em>.</em></span> <span class='ocrx_word' id='word_1_900' title='bbox 2007 4856 2096 4923; x_wconf 92' lang='lat' dir='ltr'><strong>qui</strong></span> <span class='ocrx_word' id='word_1_901' title='bbox 2127 4869 2233 4908; x_wconf 78' lang='lat' dir='ltr'><strong>non</strong></span> <span class='ocrx_word' id='word_1_902' title='bbox 2264 4863 2468 4907; x_wconf 88' lang='lat' dir='ltr'><strong>tantum</strong></span> <span class='ocrx_word' id='word_1_903' title='bbox 2499 4867 2565 4906; x_wconf 80' lang='lat' dir='ltr'><strong>ex</strong></span> <span class='ocrx_word' id='word_1_904' title='bbox 2600 4850 3002 4921; x_wconf 81' lang='lat' dir='ltr'><strong>nuncupatione</strong></span> <span class='ocrx_word' id='word_1_905' title='bbox 3022 4859 3077 4904; x_wconf 91' lang='lat' dir='ltr'><strong>et</strong></span> <span class='ocrx_word' id='word_1_906' title='bbox 3105 4849 3420 4920; x_wconf 67' lang='lat' dir='ltr'><strong>adolitione,</strong></span> 
     </span>
    </p>
   </div>
   <div class='ocr_carea' id='block_1_111' title="bbox 1813 4923 2639 4979">
    <p class='ocr_par' dir='ltr' id='par_1_111' title="bbox 1813 4923 2639 4979">
     <span class='ocr_line' id='line_1_114' title="bbox 1813 4923 2639 4979; baseline -0.004 -1"><span class='ocrx_word' id='word_1_907' title='bbox 1813 4925 1909 4979; x_wconf 88' lang='lat' dir='ltr'><strong>sed</strong></span> <span class='ocrx_word' id='word_1_908' title='bbox 1941 4940 2005 4979; x_wconf 82' lang='lat' dir='ltr'><strong>ex</strong></span> <span class='ocrx_word' id='word_1_909' title='bbox 2029 4935 2214 4979; x_wconf 87' lang='lat' dir='ltr'><strong>natura</strong></span> <span class='ocrx_word' id='word_1_910' title='bbox 2249 4927 2319 4978; x_wconf 91' lang='lat' dir='ltr'><strong>sit</strong></span> <span class='ocrx_word' id='word_1_911' title='bbox 2344 4925 2434 4978; x_wconf 89' lang='lat' dir='ltr'><strong>Dei</strong></span> <span class='ocrx_word' id='word_1_912' title='bbox 2479 4923 2639 4976; x_wconf 90' lang='lat' dir='ltr'><strong>filius.</strong></span> 
     </span>
    </p>
   </div>
   <div class='ocr_carea' id='block_1_112' title="bbox 1889 4990 3422 5067">
    <p class='ocr_par' dir='ltr' id='par_1_112' title="bbox 1889 4990 3422 5067">
     <span class='ocr_line' id='line_1_115' title="bbox 1889 4990 3422 5067; baseline -0.001 -19"><span class='ocrx_word' id='word_1_913' title='bbox 1889 4996 1958 5067; x_wconf 80' lang='grc' dir='ltr'><strong>(Ῑ)</strong></span> <span class='ocrx_word' id='word_1_914' title='bbox 1983 4997 2052 5050; x_wconf 82' lang='lat' dir='ltr'><strong>Ita</strong></span> <span class='ocrx_word' id='word_1_915' title='bbox 2082 4996 2186 5050; x_wconf 86' lang='lat' dir='ltr'><strong>Par</strong></span> <span class='ocrx_word' id='word_1_916' title='bbox 2211 5011 2331 5067; x_wconf 92' lang='lat' dir='ltr'><strong>cum</strong></span> <span class='ocrx_word' id='word_1_917' title='bbox 2370 5009 2526 5058; x_wconf 89' lang='lat' dir='ltr'><strong>mss.,</strong></span> <span class='ocrx_word' id='word_1_918' title='bbox 2556 4995 2605 5046; x_wconf 89' lang='lat' dir='ltr'><strong>id</strong></span> <span class='ocrx_word' id='word_1_919' title='bbox 2631 5003 2735 5067; x_wconf 87' lang='lat' dir='ltr'><strong>est,</strong></span> <span class='ocrx_word' id='word_1_920' title='bbox 2765 4993 2842 5046; x_wconf 90' lang='lat' dir='ltr'><strong>sic</strong></span> <span class='ocrx_word' id='word_1_921' title='bbox 2877 4990 3134 5067; x_wconf 23' lang='lat' dir='ltr'><strong>fallis‘eos</strong></span> <span class='ocrx_word' id='word_1_922' title='bbox 3155 5030 3183 5067; x_wconf 91' lang='lat'><strong>_,_</strong></span> <span class='ocrx_word' id='word_1_923' title='bbox 3205 4993 3294 5067; x_wconf 88' lang='lat' dir='ltr'><strong>qui</strong></span> <span class='ocrx_word' id='word_1_924' title='bbox 3323 4993 3422 5048; x_wconf 85' lang='lat' dir='ltr'><strong>liu-</strong></span> 
     </span>
    </p>
   </div>
   <div class='ocr_carea' id='block_1_113' title="bbox 1814 5063 3417 5135">
    <p class='ocr_par' dir='ltr' id='par_1_113' title="bbox 1814 5063 3417 5135">
     <span class='ocr_line' id='line_1_116' title="bbox 1814 5063 3417 5135; baseline 0 -16"><span class='ocrx_word' id='word_1_925' title='bbox 1814 5063 1988 5120; x_wconf 62' lang='lat' dir='ltr'><strong>ma&#39;nis</strong></span> <span class='ocrx_word' id='word_1_926' title='bbox 2029 5066 2342 5121; x_wconf 89' lang='lat' dir='ltr'><strong>ratiunculis</strong></span> <span class='ocrx_word' id='word_1_927' title='bbox 2369 5067 2488 5135; x_wconf 91' lang='lat' dir='ltr'><strong>plus</strong></span> <span class='ocrx_word' id='word_1_928' title='bbox 2514 5066 2739 5135; x_wconf 83' lang='lat' dir='ltr'><strong>credunt</strong></span> <span class='ocrx_word' id='word_1_929' title='bbox 2766 5103 2780 5126; x_wconf 93' lang='lat'><strong>,</strong></span> <span class='ocrx_word' id='word_1_930' title='bbox 2812 5077 2971 5135; x_wconf 87' lang='lat' dir='ltr'><strong>quam</strong></span> <span class='ocrx_word' id='word_1_931' title='bbox 3013 5063 3102 5116; x_wconf 88' lang='lat' dir='ltr'><strong>Dei</strong></span> <span class='ocrx_word' id='word_1_932' title='bbox 3131 5063 3312 5135; x_wconf 81' lang='lat' dir='ltr'><strong>dictis.</strong></span> <span class='ocrx_word' id='word_1_933' title='bbox 3349 5069 3417 5119; x_wconf 92' lang='lat' dir='ltr'><strong>At</strong></span> 
     </span>
    </p>
   </div>
   <div class='ocr_carea' id='block_1_114' title="bbox 1815 5133 3415 5206">
    <p class='ocr_par' dir='ltr' id='par_1_114' title="bbox 1815 5133 3415 5206">
     <span class='ocr_line' id='line_1_117' title="bbox 1815 5133 3415 5206; baseline 0 -16"><span class='ocrx_word' id='word_1_934' title='bbox 1815 5135 1946 5190; x_wconf 85' lang='lat' dir='ltr'><strong>Bad.</strong></span> <span class='ocrx_word' id='word_1_935' title='bbox 1973 5179 1987 5200; x_wconf 92' lang='lat'><strong>,</strong></span> <span class='ocrx_word' id='word_1_936' title='bbox 2024 5137 2115 5191; x_wconf 87' lang='lat' dir='ltr'><strong>Er.</strong></span> <span class='ocrx_word' id='word_1_937' title='bbox 2165 5145 2220 5191; x_wconf 91' lang='lat' dir='ltr'><strong>et</strong></span> <span class='ocrx_word' id='word_1_938' title='bbox 2249 5133 2394 5206; x_wconf 86' lang='lat' dir='ltr'><strong>Lips.</strong></span> <span class='ocrx_word' id='word_1_939' title='bbox 2424 5178 2438 5203; x_wconf 93' lang='lat'><strong>,</strong></span> <span class='ocrx_word' id='word_1_940' title='bbox 2479 5133 2638 5187; x_wconf 87' lang='lat' dir='ltr'><strong>stulta</strong></span> <span class='ocrx_word' id='word_1_941' title='bbox 2690 5133 2868 5186; x_wconf 85' lang='lat' dir='ltr'><strong>mundi</strong></span> <span class='ocrx_word' id='word_1_942' title='bbox 2922 5133 3217 5204; x_wconf 83' lang='lat' dir='ltr'><strong>sapientia:</strong></span> <span class='ocrx_word' id='word_1_943' title='bbox 3271 5135 3415 5204; x_wconf 92' lang='lat' dir='ltr'><strong>quod</strong></span> 
     </span>
    </p>
   </div>
   <div class='ocr_carea' id='block_1_115' title="bbox 1811 5206 3412 5274">
    <p class='ocr_par' dir='ltr' id='par_1_115' title="bbox 1811 5206 3412 5274">
     <span class='ocr_line' id='line_1_118' title="bbox 1811 5206 3412 5274; baseline -0.002 -12"><span class='ocrx_word' id='word_1_944' title='bbox 1811 5207 2096 5262; x_wconf 89' lang='lat' dir='ltr'><strong>commode</strong></span> <span class='ocrx_word' id='word_1_945' title='bbox 2125 5207 2285 5262; x_wconf 90' lang='lat' dir='ltr'><strong>etiam</strong></span> <span class='ocrx_word' id='word_1_946' title='bbox 2313 5207 2370 5262; x_wconf 93' lang='lat' dir='ltr'><strong>in</strong></span> <span class='ocrx_word' id='word_1_947' title='bbox 2398 5207 2588 5274; x_wconf 90' lang='lat' dir='ltr'><strong>quinto</strong></span> <span class='ocrx_word' id='word_1_948' title='bbox 2622 5219 2684 5258; x_wconf 91' lang='lat' dir='ltr'><strong>ac</strong></span> <span class='ocrx_word' id='word_1_949' title='bbox 2708 5213 2864 5259; x_wconf 84' lang='lat' dir='ltr'><strong>sexto</strong></span> <span class='ocrx_word' id='word_1_950' title='bbox 2890 5218 3021 5258; x_wconf 78' lang='lat' dir='ltr'><strong>casu</strong></span> <span class='ocrx_word' id='word_1_951' title='bbox 3046 5214 3220 5273; x_wconf 86' lang='lat' dir='ltr'><strong>petest</strong></span> <span class='ocrx_word' id='word_1_952' title='bbox 3250 5206 3412 5261; x_wconf 85' lang='lat' dir='ltr'><strong>intel-</strong></span> 
     </span>
    </p>
   </div>
   <div class='ocr_carea' id='block_1_116' title="bbox 1853 5295 3423 5422">
    <p class='ocr_par' dir='ltr' id='par_1_116' title="bbox 1853 5295 3423 5422">
     <span class='ocr_line' id='line_1_119' title="bbox 1853 5295 3423 5422; baseline -0.001 -19"><span class='ocrx_word' id='word_1_953' title='bbox 1853 5295 1972 5422; x_wconf 48' lang='grc' dir='ltr'><strong>Βἲς)</strong></span> <span class='ocrx_word' id='word_1_954' title='bbox 1998 5349 2164 5414; x_wconf 85' lang='lat' dir='ltr'><strong>Editi,</strong></span> <span class='ocrx_word' id='word_1_955' title='bbox 2187 5358 2385 5422; x_wconf 82' lang='lat' dir='ltr'><strong>utnon.</strong></span> <span class='ocrx_word' id='word_1_956' title='bbox 2409 5345 2757 5422; x_wconf 72' lang='lat' dir='ltr'><strong>Przeferimus</strong></span> <span class='ocrx_word' id='word_1_957' title='bbox 2773 5361 2912 5422; x_wconf 81' lang='lat' dir='ltr'><strong>_mss.</strong></span> <span class='ocrx_word' id='word_1_958' title='bbox 2937 5345 3423 5422; x_wconf 87' lang='lat' dir='ltr'><strong>lectionetn,_quam</strong></span> 
     </span>
    </p>
   </div>
   <div class='ocr_carea' id='block_1_117' title="bbox 1826 5417 3426 5488">
    <p class='ocr_par' dir='ltr' id='par_1_117' title="bbox 1826 5417 3426 5488">
     <span class='ocr_line' id='line_1_120' title="bbox 1826 5417 3426 5488; baseline -0.003 -12"><span class='ocrx_word' id='word_1_959' title='bbox 1826 5417 2004 5476; x_wconf 70' lang='lat' dir='ltr'><strong>tamen</strong></span> <span class='ocrx_word' id='word_1_960' title='bbox 2034 5437 2142 5474; x_wconf 86' lang='lat' dir='ltr'><strong>non</strong></span> <span class='ocrx_word' id='word_1_961' title='bbox 2172 5420 2274 5474; x_wconf 85' lang='lat' dir='ltr'><strong>alia</strong></span> <span class='ocrx_word' id='word_1_962' title='bbox 2299 5422 2507 5474; x_wconf 83' lang='lat' dir='ltr'><strong>ratione</strong></span> <span class='ocrx_word' id='word_1_963' title='bbox 2536 5418 2616 5472; x_wconf 89' lang='lat' dir='ltr'><strong>sic</strong></span> <span class='ocrx_word' id='word_1_964' title='bbox 2658 5419 3025 5488; x_wconf 86' lang='lat' dir='ltr'><strong>intelligimus,</strong></span> <span class='ocrx_word' id='word_1_965' title='bbox 3062 5420 3215 5488; x_wconf 88' lang='lat' dir='ltr'><strong>quasi</strong></span> <span class='ocrx_word' id='word_1_966' title='bbox 3246 5417 3426 5487; x_wconf 83' lang='lat' dir='ltr'><strong>legere</strong></span> 
     </span>
    </p>
   </div>
   <div class='ocr_carea' id='block_1_118' title="bbox 1826 5487 3422 5560">
    <p class='ocr_par' dir='ltr' id='par_1_118' title="bbox 1826 5487 3422 5560">
     <span class='ocr_line' id='line_1_121' title="bbox 1826 5487 3422 5560; baseline -0.003 -13"><span class='ocrx_word' id='word_1_967' title='bbox 1826 5503 1999 5548; x_wconf 87' lang='lat' dir='ltr'><strong>esset:</strong></span> <span class='ocrx_word' id='word_1_968' title='bbox 2040 5507 2162 5546; x_wconf 90' lang='lat' dir='ltr'><strong>eum</strong></span> <span class='ocrx_word' id='word_1_969' title='bbox 2205 5507 2309 5545; x_wconf 90' lang='lat' dir='ltr'><strong>non</strong></span> <span class='ocrx_word' id='word_1_970' title='bbox 2363 5489 2524 5560; x_wconf 77' lang='lat' dir='ltr'><strong>possit</strong></span> <span class='ocrx_word' id='word_1_971' title='bbox 2576 5488 2690 5544; x_wconf 87' lang='lat' dir='ltr'><strong>fieri</strong></span> <span class='ocrx_word' id='word_1_972' title='bbox 2723 5531 2738 5554; x_wconf 94' lang='lat'><strong>,</strong></span> <span class='ocrx_word' id='word_1_973' title='bbox 2767 5487 3072 5558; x_wconf 19' lang='lat' dir='ltr'><strong>utialiquid</strong></span> <span class='ocrx_word' id='word_1_974' title='bbox 3105 5503 3212 5543; x_wconf 90' lang='lat' dir='ltr'><strong>non</strong></span> <span class='ocrx_word' id='word_1_975' title='bbox 3255 5491 3327 5543; x_wconf 89' lang='lat' dir='ltr'><strong>sit</strong></span> <span class='ocrx_word' id='word_1_976' title='bbox 3372 5489 3422 5544; x_wconf 89' lang='lat' dir='ltr'><strong>id</strong></span> 
     </span>
    </p>
   </div>
   <div class='ocr_carea' id='block_1_119' title="bbox 1862 5564 2444 5618">
    <p class='ocr_par' dir='ltr' id='par_1_119' title="bbox 1862 5564 2444 5618">
     <span class='ocr_line' id='line_1_122' title="bbox 1862 5564 2444 5618; baseline 0.002 0"><span class='ocrx_word' id='word_1_977' title='bbox 1862 5564 1968 5618; x_wconf 81' lang='lat' dir='ltr'><strong>und</strong></span> <span class='ocrx_word' id='word_1_978' title='bbox 1995 5574 2096 5618; x_wconf 70' lang='grc' dir='ltr'><strong>εει.</strong></span> <span class='ocrx_word' id='word_1_979' title='bbox 2430 5568 2444 5572; x_wconf 84' lang='grc'><strong><em>“</em></strong></span> 
     </span>
    </p>
   </div>
   <div class='ocr_carea' id='block_1_120' title="bbox 1825 5579 3423 5704">
    <p class='ocr_par' dir='ltr' id='par_1_120' title="bbox 1825 5579 3423 5704">
     <span class='ocr_line' id='line_1_123' title="bbox 1825 5579 3423 5704; baseline -0.003 -16"><span class='ocrx_word' id='word_1_980' title='bbox 1825 5579 2231 5704; x_wconf 56' lang='lat' dir='ltr'><strong>quil?)e:liqttot</strong></span> <span class='ocrx_word' id='word_1_981' title='bbox 2275 5633 2460 5704; x_wconf 77' lang='lat' dir='ltr'><strong>proba:</strong></span> <span class='ocrx_word' id='word_1_982' title='bbox 2505 5641 2648 5685; x_wconf 63' lang='lat' dir='ltr'><strong>nota:</strong></span> <span class='ocrx_word' id='word_1_983' title='bbox 2695 5629 3125 5704; x_wconf 81' lang='lat' dir='ltr'><strong>mss._Sabellia:</strong></span> <span class='ocrx_word' id='word_1_984' title='bbox 3167 5645 3251 5686; x_wconf 86' lang='lat' dir='ltr'><strong>cui</strong></span> <span class='ocrx_word' id='word_1_985' title='bbox 3305 5631 3423 5685; x_wconf 71' lang='lat' dir='ltr'><strong>uei</strong></span> 
     </span>
    </p>
   </div>
   <div class='ocr_carea' id='block_1_121' title="bbox 1825 5701 3424 5773">
    <p class='ocr_par' dir='ltr' id='par_1_121' title="bbox 1825 5701 3424 5773">
     <span class='ocr_line' id='line_1_124' title="bbox 1825 5701 3424 5773; baseline -0.004 -13"><span class='ocrx_word' id='word_1_986' title='bbox 1825 5701 1972 5760; x_wconf 66' lang='lat' dir='ltr'><strong>mss.</strong></span> <span class='ocrx_word' id='word_1_987' title='bbox 2000 5701 2129 5758; x_wconf 26' lang='lat' dir='ltr'><strong>Vat.’</strong></span> <span class='ocrx_word' id='word_1_988' title='bbox 2144 5706 2257 5759; x_wconf 91' lang='lat' dir='ltr'><strong>bas.</strong></span> <span class='ocrx_word' id='word_1_989' title='bbox 2277 5701 2344 5758; x_wconf 51' lang='lat' dir='ltr'><strong>&#39;t-t</strong></span> <span class='ocrx_word' id='word_1_990' title='bbox 2365 5704 2585 5758; x_wconf 87' lang='lat' dir='ltr'><strong>Caruut.</strong></span> <span class='ocrx_word' id='word_1_991' title='bbox 2619 5701 2932 5771; x_wconf 89' lang='lat' dir='ltr'><strong>particulam</strong></span> <span class='ocrx_word' id='word_1_992' title='bbox 2960 5704 3089 5757; x_wconf 84' lang='lat' dir='ltr'><strong>sicut</strong></span> <span class='ocrx_word' id='word_1_993' title='bbox 3119 5704 3424 5773; x_wconf 68' lang='lat' dir='ltr'><strong>prtulignut;</strong></span> 
     </span>
    </p>
   </div>
   <div class='ocr_carea' id='block_1_122' title="bbox 1830 5774 2800 5845">
    <p class='ocr_par' dir='ltr' id='par_1_122' title="bbox 1830 5774 2800 5845">
     <span class='ocr_line' id='line_1_125' title="bbox 1830 5774 2800 5845; baseline -0.003 -18"><span class='ocrx_word' id='word_1_994' title='bbox 1830 5790 1950 5845; x_wconf 74' lang='lat' dir='ltr'><strong>quin</strong></span> <span class='ocrx_word' id='word_1_995' title='bbox 1983 5776 2177 5831; x_wconf 82' lang='lat' dir='ltr'><strong>melius</strong></span> <span class='ocrx_word' id='word_1_996' title='bbox 2204 5775 2350 5829; x_wconf 77' lang='lat' dir='ltr'><strong>abest</strong></span> <span class='ocrx_word' id='word_1_997' title='bbox 2384 5774 2452 5828; x_wconf 85' lang='lat' dir='ltr'><strong>ab</strong></span> <span class='ocrx_word' id='word_1_998' title='bbox 2479 5775 2598 5829; x_wconf 81' lang='lat' dir='ltr'><strong>aliis</strong></span> <span class='ocrx_word' id='word_1_999' title='bbox 2629 5775 2718 5828; x_wconf 79' lang='lat' dir='ltr'><strong>lilii</strong></span> <span class='ocrx_word' id='word_1_1000' title='bbox 2735 5774 2800 5826; x_wconf 83' lang='lat' dir='ltr'><strong>is.</strong></span> 
     </span>
    </p>
   </div>
  </div>
