3960 6202
523 249 629 308 147

1723 247 1962 304 S.\Nl2'l'l
2006 245 2117 302 IIIL
2133 247 2259 302 \ltll
2296 243 2605 302 EPISCUPI

3715 247 3804 301 HS

532 370 669 424 licus
717 381 898 422 sermo
933 367 1234 436 profertur,
1279 379 1386 434 quo
1421 363 1620 418 dictum
1668 371 1780 429 est,
1812 362 1877 416 Et
1906 362 2116 418 Benedi-
2150 366 2198 424 Α
2232 362 2325 434 (ι’.
2352 362 2390 416 l.
2426 378 2504 429 nt,
2554 380 2608 417 η.
2653 365 2762 426 17).
2808 363 2938 417 Nam
2991 362 3173 432 utique
3218 366 3537 415 venerantes
3585 359 3803 425 Patroni,

527 472 641 515 cent
669 470 717 514 te
744 458 908 513 Deum
934 473 1128 513 verum.
1167 455 1407 511 Primum
1437 455 1550 512 haec
1585 454 1875 525 impietatis
1901 455 2126 510 stultitia

527 552 648 618 fuit,
678 559 734 605 ut
761 565 878 620 qua:
923 548 1160 620 (supple,
1203 547 1270 602 ab
1310 545 1502 601 eodem
1547 543 1833 616 propheta)
1879 545 2126 614 superius

531 644 671 699 dicta
693 652 820 697 sunt
848 682 863 706 ,
910 649 1003 695 aut
1052 655 1158 694 non
1206 639 1668 709 intelligerentur;
1715 647 1806 692 aut
1850 638 2126 694 intellecta

533 751 654 791 cum
683 743 897 800 essent,
943 741 1273 788 tacerentur.
1307 732 1442 788 Tum
1493 732 1689 787 deinde
1732 731 1798 786 ad
1851 746 2011 802 quam
2067 746 2127 788 se

531 827 767 882 fraudem
791 825 1012 897 syllaba:
1035 825 1108 896 (a)
1127 825 1449 894 adjectione,
1474 840 1593 894 qtae
1641 823 1692 878 in
1725 823 1873 878 libris
1901 838 2005 878 non
2033 838 2130 878 ex-

527 929 655 986 stat,
687 920 968 974 instruxit:
992 918 1233 974 stultitia:
1259 933 1370 973 sua:
1391 918 1442 971 in
1469 931 1533 972 eo
1560 931 1651 969 usa
1681 915 2130 982 mendacio,tam-

530 1029 688 1084 quam
719 1013 876 1070 dictis
907 1015 1017 1066 suis
1046 1027 1112 1066 eo
1139 1026 1308 1080 usque
1349 1008 1650 1065 adhibenda
1680 1008 1813 1066 lides
1856 1018 2002 1064 esset
2023 1051 2036 1072 ,
2071 1018 2131 1064 ttt

529 1106 906 1178 requirendam
926 1120 1048 1161 esse
1071 1105 1241 1174 ipsam
1264 1103 1525 1158 dictorum
1545 1101 1982 1172 propheticorum
2005 1117 2132 1156 auc-

533 1201 805 1256 toritatem
838 1214 942 1254 non
990 1207 1221 1268 putaret.
1256 1195 1372 1251 Non
1415 1195 1557 1249 enim
1612 1195 1682 1248 ita
1708 1193 1966 1264 scriptum
1998 1202 2081 1248 est
2112 1235 2127 1258 ,

534 1293 841 1348 Beuediccnt
871 1302 916 1346 te
939 1291 1104 1345 Deum
1133 1305 1306 1344 verum
1335 1286 1504 1360 (Esai.
1541 1303 1667 1354 va,
1693 1285 1782 1356 16)
1809 1304 1820 1339 :
1851 1286 1946 1341 sed
1975 1286 2132 1341 Bene-

533 1387 700 1440 dicent
727 1385 886 1438 Deum
917 1399 1109 1436 verum.
1159 1381 1292 1436 Nam
1329 1397 1434 1435 non
1466 1381 1716 1449 exiguum
1766 1378 2131 1449 ambiguitatis

533 1488 862 1534 momentum
895 1485 977 1531 est
1003 1475 1145 1530 inter
1172 1486 1219 1528 te
1249 1473 1410 1528 Deum
1439 1489 1632 1541 verum,
1657 1482 1711 1528 et
1737 1470 1900 1527 Deum
1933 1488 2126 1529 verum.

531 1573 783 1627 Persona:
809 1569 952 1625 enim
1000 1568 1221 1624 alterius
1268 1567 1477 1622 videtur
1513 1580 1635 1621 esse
1676 1580 1972 1635 pronomen
1998 1607 2012 1630 ,
2040 1566 2129 1620 ubi

533 1677 580 1720 te
609 1674 720 1720 est:
744 1672 1002 1718 caeterum
1029 1661 1122 1716 ubi
1155 1659 1489 1731 pronominis
1514 1659 1719 1732 syllaba
1757 1673 1861 1713 non
1891 1660 1994 1715 erit
2014 1699 2029 1726 ,
2059 1658 2131 1713 ibi

535 1756 612 1827 ll)
643 1756 718 1825 (b)
745 1755 808 1809 ad
837 1763 1114 1808 auctorem
1146 1751 1275 1807 dicti
1303 1751 1538 1807 refertur
1561 1760 1617 1806 et
1643 1765 1858 1805 nomen.

609 1851 762 1921 121
792 1849 880 1903 27.
924 1847 1056 1901 Inde
1087 1845 1254 1900 Filius
1277 1845 1556 1900 ostenditur
1593 1843 1734 1898 Deus
1777 1860 1945 1906 verus,
1999 1843 2136 1898 unde

531 1941 806 1994 innuebant
863 1941 1070 2010 falsum.
1130 1934 1332 1992 Filium
1377 1936 1652 2005 Scriptura
1707 1935 1790 1989 hic
1845 1934 2135 2005 prwdicans

535 2034 696 2086 Deutn
727 2043 906 2086 contra
935 2046 1127 2084 morem
1176 2029 1322 2083 addit
1351 2042 1564 2096 verum,
1613 2027 1734 2094 quia
1785 2028 1945 2098 futuri
1989 2036 2136 2081 erant

532 2128 716 2195 quibus
756 2126 812 2178 id
832 2126 1031 2179 lateret.
1064 2153 1132 2166 -α
1158 2123 1225 2178 Ει
1247 2131 1304 2176 ut
1327 2122 1572 2177 absoluta
1605 2121 1968 2192 intelligenda:
1998 2121 2136 2175 veri-

533 2217 655 2271 tatis
685 2216 822 2271 ratio
848 2217 942 2281 sit,
974 2216 1086 2286 ipsa
1113 2215 1200 2268 illa
1230 2230 1299 2268 ex
1331 2213 1506 2270 solido
1529 2213 1804 2286 propheta:
1835 2213 1976 2267 dicta
2008 2213 2134 2268 sub-

531 2310 746 2364 dentur.
795 2307 1075 2377 Propterea
1099 2308 1172 2360 sic
1194 2307 1316 2360 dicit
1344 2307 1632 2361 Dominus:
1655 2303 1789 2358 Ecce
1802 2305 1887 2374 qui
1909 2305 2135 2359 serviunt

531 2403 676 2466 ntilti,
709 2395 1124 2467 mandutabunt;
1170 2415 1258 2454 vos
1289 2416 1406 2454 vero
1452 2399 1684 2454 esurietis
1713 2415 1731 2453 :
1762 2415 1875 2452 ecce
1917 2399 2002 2470 qui
2030 2412 2138 2451 ser-

532 2498 670 2549 viunt
701 2495 847 2563 mihi,
897 2495 1099 2559 bibent;
1150 2509 1236 2548 vos
1266 2502 1437 2547 autem
1491 2492 1672 2548 sitietis
1707 2507 1863 2546 :ecce
1900 2491 1986 2560 qui
2024 2505 2133 2544 ser-

533 2590 672 2643 viunt
697 2588 840 2657 mihi,
873 2589 1168 2643 exultabant
1198 2590 1252 2642 in
1283 2589 1494 2651 laetitia;
1538 2603 1624 2641 vos
1655 2596 1820 2642 autem
1847 2585 2136 2640 clamabitis

533 2694 742 2755 propter
771 2683 1004 2737 dolorem
1033 2683 1202 2737 cordis
1228 2685 1376 2736 vestri
1395 2692 1441 2735 et
1465 2680 1634 2752 (2)(ε)
1665 2680 2136 2734 acoutribulatione

531 2779 742 2848 spiritus
772 2777 1058 2832 ululabilis.
1115 2776 1436 2844 Relinquetis
1489 2776 1625 2829 enim
1674 2790 1760 2826 vos
1805 2789 1988 2826 nomen
2020 2790 2136 2827 ves-

531 2883 667 2926 trum
697 2873 748 2925 in
780 2872 958 2925 la'titia
980 2871 1152 2924 electis
1183 2870 1329 2930 meis,
1361 2883 1450 2920 vos
1491 2875 1662 2919 autem
1707 2865 1977 2934 interficiet
2021 2863 2127 2919 Do-

531 2970 718 3020 minus.
755 2964 1104 3020 Servientibus
1144 2979 1261 3016 vero
1287 2960 1414 3014 milii
1436 2959 1698 3014 vocabitur
1733 2975 1916 3013 nomen
1949 2977 2135 3013 novum

534 3061 673 3131 quod
702 3060 1024 3114 benedicetur
1066 3073 1218 3124 super
1257 3067 1448 3110 terram
1494 3071 1511 3109 :
1554 3063 1598 3107 et
1629 3054 1919 3108 benediccnt
1971 3052 2134 3108 Deum

2229 465 2618 510 venerarentur
2642 465 2695 511 et
2729 454 2945 510 Filium.
2973 453 3036 508 Hi
3059 468 3187 524 ergo
3214 453 3380 506 Deum
3413 449 3803 516 benediecbant,

2229 547 2556 617 etjurabant
2605 564 2700 618 per
2745 563 2890 602 eum.
2931 545 3036 602 Sed
3091 544 3346 616 Pl‘OphBL’I
3401 543 3803 600 benedicendum

2229 634 2397 692 Deum
2424 653 2595 693 verum
2634 647 2858 692 testatur
2901 655 2914 690 :
2957 653 3129 692 verum
3169 635 3332 690 Deum
3362 634 3564 690 idcirco
3591 652 3807 704 pronun-

2232 729 2391 800 tians,
2424 732 2545 801 quia
2577 747 2669 800 per
2705 731 3017 803 mysterium
3051 730 3309 799 assumpti
3339 728 3584 798 corporis
3623 745 3722 784 non
3748 731 3805 786 ab

2231 825 2482 880 omnibus
2506 834 2652 881 esset
2676 825 2726 880 in
2757 842 2821 880 eo
2853 825 2947 880 Dei
2982 823 3180 880 veritas
3212 822 3575 893 intelligenda.
3604 822 3669 878 Et
3687 838 3805 892 opus

2233 921 2468 976 fuitveri
2511 920 2936 984 conﬁrmatione,
2999 919 3087 974 ubi
3142 917 3261 973 falsi
3318 926 3638 988 proruptura
3678 930 3804 973 esset

2232 1013 2481 1068 assertio.
2512 1011 2577 1068 Et
2605 1013 2843 1084 singulas
2878 1011 3140 1067 dictorum
3183 1009 3499 1066 eorumdem
3534 1012 3803 1065 sententias

2232 1120 2629 1161 recenseamtts.

2302 1198 2395 1252 28.
2439 1195 2719 1270 Prop/retia
2731 1197 2837 1252 lucc
2853 1195 3052 1263 aliquid
3073 1210 3317 1266 praesens,
3340 1203 3388 1249 et
3412 1194 3558 1250 aliud
3598 1200 3800 1268 futurum

2233 1291 2507 1362 signiﬁcat.
2543 1289 2694 1357 Quod
2716 1305 2960 1359 prtcsens,
2984 1290 3052 1342 ad
3077 1286 3243 1342 Israel
3263 1288 3560 1352 carnalem;
3586 1289 3714 1356 quod
3736 1291 3802 1359 [tt-

2233 1393 2428 1450 turum,
2459 1383 2526 1435 ad
2556 1381 2836 1450 spiritalem
2864 1381 3060 1435 attinet.
3086 1411 3153 1421 —
3178 1378 3464 1450 Propterea
3488 1381 3560 1435 sic
3584 1383 3695 1435 dicit
3715 1377 3803 1434 Do-

2231 1477 2402 1529 minus
2454 1490 2472 1529 :
2517 1473 2650 1528 Ecce
2703 1475 2788 1545 qui
2831 1475 3056 1528 serviunt
3097 1474 3244 1538 mihi,
3296 1473 3702 1538 manducabunt;
3735 1491 3802 1528 ros

2232 1583 2350 1622 vero
2382 1568 2614 1621 esurietis
2643 1583 2661 1622 :
2687 1583 2800 1621 ecce
2821 1567 2908 1636 qui
2948 1567 3174 1620 serviunt
3204 1566 3352 1633 mihi,
3380 1566 3578 1633 bibent;
3608 1582 3688 1621 vos
3711 1584 3802 1622 vero

2235 1660 2414 1714 sitietis
2443 1659 2614 1732 (Esai.
2644 1675 2766 1726 uv,
2808 1655 2921 1730 15).
2981 1658 3259 1730 Cognosce
3310 1659 3411 1714 sub
3456 1659 3641 1714 eodem
3679 1660 3799 1715 dicto

2161 1751 2210 1810 B
2238 1753 2514 1822 utriusque
2543 1751 2802 1822 temporis
2829 1751 3302 1820 signiﬁcationem,
3337 1760 3395 1805 ut
3439 1764 3805 1807 sacramentum

2238 1843 2542 1915 assequaris
2567 1844 2762 1898 mtatis.
2798 1842 2900 1910 Qui
2932 1843 3075 1899 enim
3106 1844 3334 1898 serviunt
3365 1845 3515 1909 milii,
3555 1845 3807 1898 manduca-

2238 1937 2381 1992 bunt.
2417 1935 2748 2004 Religionem
2795 1935 3004 1989 scilicet
3060 1945 3384 2004 praesentem
3445 1937 3600 2007 122
3646 1936 3812 1990 laturis

2239 2031 2476 2100 prtemiis
2517 2040 2830 2084 muneratur
2872 2047 2885 2083 :
2931 2029 3001 2084 ita
3034 2037 3093 2083 ut
3119 2031 3466 2099 praesentium
3515 2031 3811 2101 impietatem

2239 2123 2430 2178 futurae
2453 2122 2572 2178 sitis
2599 2138 2662 2178 ac
2683 2122 2844 2177 famis
2868 2138 3028 2193 paena
3059 2123 3330 2178 conliciat.
3383 2124 3586 2182 Deinde
3612 2125 3799 2194 adjecit,

2242 2215 2374 2270 Ecce
2400 2214 2488 2286 qui
2526 2216 2750 2270 serviunt
2779 2217 2926 2282 mihi,
2955 2216 3255 2271 exultabant
3282 2217 3334 2272 in
3384 2218 3604 2284 lwtitia;
3631 2235 3709 2273 vos
3730 2235 3814 2272 an-

2237 2320 2337 2364 tem
2363 2310 2648 2364 clamabitis
2675 2318 2882 2380 propter
2913 2310 3142 2364 dolorem
3169 2311 3337 2365 cordis
3375 2311 3552 2377 vestri,
3577 2322 3621 2367 et
3656 2329 3685 2366 a
3707 2327 3811 2365 con-

2238 2402 2442 2457 tritione
2467 2403 2678 2471 spiritus
2726 2402 2989 2456 ululabilis
3030 2401 3220 2473 (lbid.,
3270 2400 3379 2474 14).
3430 2404 3720 2460 Secundum
3739 2419 3817 2458 su-

2239 2498 2508 2564 periorem
2561 2509 2779 2548 sensum
2829 2496 2989 2562 etiam
3041 2511 3182 2550 nunc
3235 2494 3398 2550 I'uturi
3455 2506 3512 2552 et
3560 2498 3815 2567 prtesentis

2242 2587 2500 2655 temporis
2521 2587 2910 2642 demonstratio
2951 2597 3074 2646 est:
3110 2600 3166 2643 ut
3195 2590 3286 2660 qtti
3335 2590 3599 2656 serviunt,
3625 2591 3813 2645 exulta-

2240 2681 2346 2735 turi
2375 2682 2481 2736 sint
2509 2682 2560 2735 in
2595 2680 2812 2746 laetitia;
2846 2681 2936 2751 qui
2988 2698 3118 2736 vero
3165 2697 3270 2738 non
3314 2684 3579 2751 serviunt,
3630 2684 3677 2738 in
3721 2686 3819 2738 cla-

2241 2791 2391 2831 more
2413 2785 2573 2845 atque
2601 2777 2652 2830 in
2686 2776 2894 2830 ululatu
2930 2791 3024 2846 per
3048 2776 3290 2834 dolorem
3319 2780 3499 2834 cordis
3545 2790 3596 2835 et
3633 2780 3818 2834 conui-

2241 2870 2441 2922 tionem
2512 2867 2730 2936 spiritus
2802 2869 3041 2923 mansuri
3107 2869 3234 2924 sint.
3303 2870 3508 2926 Dehinc
3563 2871 3815 2941 subjecit,

2244 2961 2560 3028 Relinquetis
2587 2960 2719 3013 enini
2760 2976 2846 3014 vos
2893 2977 3077 3015 nomen
3105 2972 3321 3016 vestrum
3373 2965 3428 3015 in
3457 2963 3634 3017 laetitia
3668 2964 3818 3016 elei-tis

2241 3055 2386 3119 meis,
2416 3070 2500 3108 vos
2521 3063 2686 3108 autent
2711 3055 2982 3124 interﬁciet
3011 3053 3259 3109 Dominus
3285 3055 3472 3128 (lbid.,
3508 3055 3617 3127 15).
3647 3056 3818 3113 Seruio

529 3169 722 3217 verum,
747 3163 792 3204 et
814 3153 899 3219 qui
937 3153 1120 3222 jurant
1153 3164 1310 3217 super
1335 3157 1542 3210 terram,
1583 3146 1835 3218 jurabunt
1885 3147 1936 3200 in
1970 3145 2132 3200 Deum
2162 3141 2208 3205 C
2241 3143 2308 3199 ad
2330 3146 2602 3200 carnalem
2641 3146 2805 3201 Israel
2834 3155 2918 3200 est
2943 3161 3066 3201 cum
3091 3147 3256 3202 futuri
3284 3149 3546 3218 temporis
3567 3149 3814 3219 signilica-

531 3260 702 3297 verum
729 3242 899 3314 (Esai.
935 3256 1098 3306 mtvtt,
1140 3241 1208 3295 15
1261 3249 1304 3292 et
1333 3241 1518 3308 seqq.).
1561 3239 1858 3308 Numquam
1932 3255 2034 3293 non
2068 3254 2135 3294 ex

530 3349 690 3388 cauSa
723 3345 830 3398 eSI,
863 3348 980 3385 cum
1007 3330 1343 3386 consuetudo
1377 3331 1771 3400 pra‘dicationis
1809 3331 2086 3386 exceditur
2118 3349 2131 3385 :

528 3437 580 3480 et
613 3425 872 3479 rationem
904 3424 1158 3478 novitatis
1188 3422 1270 3494 (ὅ)
1301 3424 1434 3477 ratio
1475 3420 1554 3492 (d)
1609 3421 1859 3477 falsitatis
1906 3423 2132 3476 inducit.

527 3516 662 3572 Cum
699 3518 840 3571 enim
867 3527 1025 3570 antea
1058 3527 1218 3570 tanta:
1265 3515 1334 3568 de
1397 3515 1505 3568 Deo
1553 3512 1848 3582 prophetite
1899 3514 2136 3569 exstitis-

525 3615 666 3669 sent,
698 3617 751 3661 et
771 3607 836 3661 ad
869 3607 960 3662 Dei
992 3606 1307 3676 dignitatem
1352 3619 1414 3660 ac
1464 3612 1706 3658 naturam
1752 3603 2132 3660 demonstran-

529 3697 654 3752 dam
694 3697 921 3765 simplex
966 3709 1020 3752 et
1045 3696 1221 3752 solum
1267 3697 1358 3751 Dei
1409 3711 1604 3750 nomen
1651 3705 2132 3754 commemoratum

531 3788 722 3844 fuisset
744 3805 758 3854 ;
777 3789 1125 3858 quaerendum
1143 3798 1367 3858 est,qua
1390 3789 1599 3843 ratione
1626 3803 1767 3844 nunc
1797 3805 1891 3858 per
1921 3789 2131 3845 Esaiam

434 3948 436 3950 τ
511 3880 958 3936 benedicendum
997 3879 1158 3934 Deum
1193 3896 1389 3946 verum,
1434 3889 1488 3935 et
1513 3880 1802 3948 jurandunt
1831 3897 1994 3951 super
2027 3891 2132 3936 ter-

529 3988 644 4028 ram
671 3974 723 4026 in
747 3973 909 4028 Deum
932 3988 1106 4027 verum
1131 3974 1429 4043 praphetire
1459 3974 1694 4044 Spiritus
1740 3975 2130 4045 praeloquatur.

537 4066 850 4136 Etpritnutn
871 4067 1201 4122 noscendum
1229 4075 1332 4133 est,
1354 4081 1665 4122 sermonem
1692 4069 1834 4122 hunc
1855 4083 1942 4122 res
1965 4067 2133 4124 futuri

535 4160 793 4230 temporis
816 4162 1082 4216 nuntiare.
1117 4161 1184 4215 Et
1211 4175 1394 4231 quit-ro
1423 4176 1490 4216 an
1526 4161 1666 4216 Deus
1688 4175 1849 4216 verus
1888 4176 1992 4215 non
2037 4163 2129 4230 sit,

531 4254 618 4322 qui
651 4260 761 4305 tum
785 4252 1080 4307 secundum
1101 4253 1407 4322 Opinionem
1435 4252 1742 4308 Judzeorum
1770 4264 1823 4308 et
1845 4253 2132 4308 benedice-

529 4342 688 4397 batur
739 4351 796 4396 et
842 4342 1144 4411 jurabatur.
1200 4343 1370 4399 Judaei
1438 4359 1670 4416 namque
1735 4355 2131 4402 sacramentum

529 4437 770 4507 mysterii
805 4435 895 4490 Dei
930 4437 1250 4502 nescientes,
1286 4449 1340 4492 et
1364 4453 1458 4507 per
1495 4440 1594 4494 hoc
1646 4440 1737 4495 Dei
1768 4439 1934 4496 lilium
1980 4443 2132 4514 igno-

2245 3238 2412 3303 tione,
2444 3240 2528 3294 cui
2561 3239 2924 3308 exprobratur
2953 3241 3096 3310 quod
3124 3257 3318 3296 nomen
3347 3258 3502 3298 suum
3533 3244 3712 3298 electis
3743 3241 3817 3296 Ιὶυί

2243 3331 2526 3387 relicturus
2558 3333 2646 3386 sit.
2683 3334 2899 3400 Quaero,
2928 3334 3072 3403 quod
3121 3336 3222 3390 hoc
3248 3351 3442 3392 nomen
3485 3339 3593 3392 sit?
3633 3336 3818 3402 Nempe

2240 3423 2426 3488 Israel,
2457 3423 2522 3476 ad
2553 3439 2712 3493 quem
2747 3433 2859 3478 tum
2909 3434 3025 3479 erat
3055 3439 3254 3480 sermo.
3300 3428 3506 3483 Dehinc
3545 3430 3817 3494 interi-agn,

2239 3515 2329 3584 qui
2357 3516 2425 3569 sit
2465 3515 2624 3570 hodie
2654 3514 2856 3573 Israel?
2884 3518 2950 3572 Et
2989 3520 3206 3590 quidem
3256 3529 3482 3576 testatur
3524 3522 3815 3592 Apostolus,

2241 3609 2338 3677 Qui
2371 3608 2581 3678 spiritu,
2618 3625 2724 3664 non
2757 3612 2954 3677 littera,
2986 3615 3076 3682 qui
3112 3615 3162 3667 in
3207 3614 3386 3683 regula
3415 3613 3612 3670 Christi
3643 3629 3816 3686 prore-

2237 3701 2449 3765 dentes,
2479 3701 2641 3756 Israel
2679 3701 2766 3757 Dei
2801 3715 2924 3757 sunt
2957 3704 3140 3773 (Rom.
3175 3720 3232 3769 ιι,
3268 3702 3383 3777 29).

2307 3793 2396 3850 29.
2444 3792 2616 3848 Filius
2648 3795 2840 3867 triplici
2871 3797 3022 3852 titulo
3053 3795 3194 3852 Deus
3222 3814 3367 3853 verus
3387 3799 3450 3853 ab
3484 3799 3644 3854 Esaia
3670 3812 3818 3856 osten-

2237 3893 2396 3947 ditur.
2423 3891 2774 3948 Christianum
2810 3911 2993 3949 nomen
3023 3911 3233 3949 novum.
3264 3923 3337 3937 --
3373 3895 3509 3952 Tum
3555 3907 3810 3966 pra'tcrea,

2237 4001 2357 4040 cum
2385 3986 2630 4055 superius
2660 3985 2862 4042 dictum
2889 3989 2978 4053 sit,
3007 3987 3291 4059 Propterea
3319 3991 3394 4044 sic
3418 3991 3542 4046 dicit
3565 3989 3814 4053 Dominus;

2238 4079 2642 4149 intelligendum
2674 4089 2758 4135 est
2789 4097 2884 4136 cur
2923 4083 2995 4138 ita
3031 4083 3132 4139 hoc
3161 4099 3544 4156 consequatur,
3610 4086 3702 4142 Vos
3729 4101 3810 4138 au-

2237 4183 2334 4227 tem
2363 4175 2631 4245 interﬁciet
2675 4174 2934 4233 Dominus
2966 4195 2985 4233 :
3015 4178 3212 4236 deinde
3239 4193 3360 4252 post
3401 4183 3519 4238 ha-c
3563 4184 3687 4254 quid
3727 4181 3812 4235 sibi

2237 4267 2364 4321 velit
2392 4266 2477 4322 hic
2505 4282 2708 4334 sermo,
2740 4269 3092 4327 Servientibus
3137 4290 3254 4328 vero
3290 4276 3414 4330 mihi
3455 4278 3712 4331 vocabitur
3737 4290 3812 4327 uo-

2235 4376 2348 4413 men
2381 4377 2586 4428 novum,
2617 4363 2755 4432 quod
2776 4363 3097 4421 benedicetur
3122 4385 3275 4438 super
3303 4379 3488 4423 (errant
3519 4368 3680 4439 (Ibid.
3719 4367 3805 4437 l6).

2237 4451 2503 4523 Numquid
2534 4455 2824 4526 ambigitur
2855 4459 2907 4513 in
2932 4475 2996 4515 co
3024 4461 3164 4531 quod
3193 4462 3393 4517 dictum
3423 4474 3525 4528 est,
3553 4463 3808 4534 Propterea

527 4539 730 4597 rantes,
773 4531 939 4585 Deum
971 4538 1199 4597 tantum,
1249 4546 1355 4587 non
1393 4540 1448 4588 et
1491 4532 1706 4590 Patrem
1733 4536 2128 4595 venerabantur
2157 4525 2211 4586 ἶ)
2236 4545 2307 4600 sic
2329 4545 2453 4599 dicit
2475 4525 2749 4614 Dominus,
2792 4559 2848 4604 et
2873 4549 2928 4605 itt
2968 4525 3203 4623 eo-quod
3233 4525 3522 4624 sequitur,
3543 4554 3645 4612 νο.
3661 4525 3805 4608 autem

562 4698 564 4702 τ
598 4667 678 4741 (1)
705 4668 785 4724 Ad
813 4670 1164 4741 auctoritatem
1185 4667 1328 4724 dicti.

604 4740 686 4813 (2)
708 4741 753 4795 Α
781 4740 1104 4798 contritione.

600 4881 682 4954 (a)
709 4876 768 4954 In
799 4891 931 4954 mss.
955 4875 1352 4954 adiectio._lloc
1379 4876 1570 4954 vitium
1604 4878 1832 4954 _A_rianis_
1867 4883 2120 4946 usitatum

525 4947 692 5009 fuisse
719 4950 975 5004 discimus
1003 4963 1069 5002 ex
1103 4947 1425 5020 Ambrosio,
1461 4951 1574 5020 qtti,
1604 4949 1694 5008 lib.
1733 4967 1767 5005 II
1802 4952 1868 5008 de
1897 4954 2022 5018 ﬁde»
2067 4975 2118 5014 C-

528 5030 618 5092 15,
654 5022 866 5098 111⁸555,
893 5028 1076 5098 eosut
1103 5019 1507 5098 Scripturarutn
1529 5021 1833 5098 l'alsatores,
1855 5038 1908 5081 et
1937 5029 2030 5084 lib.
2065 5046 2118 5098 ν,

525 5091 647 5165 cap.
679 5093 745 5165 16
769 5132 785 5158 ,
819 5091 1030 5165 n.195,
1059 5101 1114 5165 u_t
1139 5091 1450 5165 earumdem
1497 5093 1910 5164 interpolatores
1941 5091 2124 5158 ῑικιάιιὲ

525 5161 639 5240 ςεὶιξξ
662 5161 1127 5240 quiqneiugesus
1153 5164 1507 5240 ;_\qiii|eiet_tsis
1527 5161 1720 5240 synodi
1739 5167 1803 5240 'l‘_.
1827 5185 1884 5240 ιι,
1909 5184 1959 5239 ρ,
1989 5173 2118 5240 795,

530 5236 770 5290 Palladio
800 5234 1042 5286 criminis
1088 5233 1241 5300 hujus
1268 5236 1515 5289 convicto
1543 5233 1704 5302 dicit,
1740 5233 1950 5294 Falsari
1974 5261 2005 5296 a
2035 5233 2121 5299 vo;

527 5307 839 5387 bis_divinas
865 5301 1363 5387 riseripturas‘ltod‘ie
1398 5301 1811 5387 comprobatam}.
1846 5310 1997 5387 Unde
2029 5332 2118 5387 sy.-

528 5379 652 5453 nodi
686 5378 843 5441 huius
865 5374 1049 5428 Patres
1079 5376 1265 5453 epist,
1290 5376 1543 5453 Ambros.
1582 5395 1636 5443 x,
1660 5398 1720 5453 _n.
1748 5379 1781 5435 6
1809 5391 1863 5436 et
1892 5385 1944 5449 7,
1975 5374 2118 5453 apud

529 5449 882 5516 imperatores
904 5448 1265 5524 expostulant,
1289 5447 1430 5516 quod
1461 5451 1532 5500 ita
1578 5451 1840 5522 redarguti
1866 5447 1938 5508 de
1969 5447 2118 5524 fulsi-

530 5527 630 5570 tate
658 5528 796 5578 sunt,
825 5524 878 5566 ut
901 5518 1200 5586 faterentur.

602 5586 676 5658 (b)
695 5587 908 5658 omnes
939 5601 1100 5654 pr0pe
1132 5601 1260 5658 mss.
1299 5588 1368 5642 ad
1394 5591 1744 5645 auctoritatem
1770 5592 1912 5652 dicti.
1943 5598 2113 5653 Inter-

529 5656 656 5732 duin
688 5656 1114 5732 ililariusyerbo
1142 5657 1433 5732 abstracto,
1465 5660 1584 5714 loco
1609 5665 1848 5718 concreti
1875 5709 1889 5732 ,
1922 5684 1985 5724 ac
2015 5682 2113 5724 no.

529 5726 772 5784 ininatitn
801 5724 1062 5780 vocabulo
1081 5728 1398 5783 auctoritatis
1419 5724 1540 5787 loco
1562 5735 1783 5796 auctoris
1805 5724 1899 5794 lib'.
1922 5740 1990 5795 de
2011 5740 2114 5816 Sy-

2305 4680 2386 4753 (5)
2416 4686 2550 4738 ratio
2581 4685 2828 4739 veritatis.

2230 4896 2360 4972 no_d.
2395 4914 2543 4972 num.
2595 4900 2664 4956 55
2697 4943 2714 4968 ,
2755 4904 2943 4958 utitur.
2975 4904 3126 4972 Quod
3162 4905 3248 4960 hic
3275 4908 3341 4960 ad
3369 4915 3630 4962 auctorem
3659 4903 3802 4968 dicti,

2231 4967 2390 5036 infra,
2419 4987 2474 5027 n.
2506 4971 2596 5038 51,
2629 4967 2827 5029 dicitur
2854 4967 3016 5046 penes
3033 4979 3341 5045 loquentem.

2300 5081 2370 5152 (c)
2401 5081 2620 5139 Carnut.
2659 5101 2761 5141 ms.
2791 5102 2855 5142 ac
2883 5089 3121 5144 nonnulli
3150 5089 3264 5154 alii,
3306 5089 3379 5145 uti
3413 5107 3535 5146 mox
3561 5092 3612 5148 in
3652 5084 3802 5145 omni-

2227 5150 2359 5219 bus,
2376 5171 2406 5207 a
2429 5158 2750 5212 contritione.
3253 5150 3260 5154 ’
3542 5155 3555 5164 ’

2264 5312 2276 5324 ο
2299 5242 2376 5314 (d)
2407 5244 2550 5324 Editi
2575 5262 2694 5301 cum
2724 5263 2854 5302 mss.
2886 5265 2992 5304 non
3028 5250 3212 5324 paucis
3232 5291 3247 5320 ,
3280 5253 3413 5306 ratio
3442 5254 3680 5308 veritatis.
3709 5247 3800 5303 Ma-

2225 5318 2307 5383 gis
2323 5318 2507 5370 arrisit
2526 5333 2647 5371 cum
2673 5330 2983 5388 pervetusto
3011 5318 3199 5377 codice
3225 5318 3376 5379 Coﬁb.
3403 5335 3458 5379 et
3483 5325 3663 5386 Germ,
3694 5334 3799 5373 nec-

2228 5388 2866 5465 nonCorbaabantiqua
2909 5408 3066 5447 manu
3094 5395 3348 5465 secunda.
3391 5399 3529 5450 ratio
3553 5392 3794 5465 falsilall‘r

2228 5457 2330 5537 hoc
2356 5468 2459 5523 est,
2493 5459 2590 5537 nhi_
2623 5457 2836 5537 fallendi
2885 5475 2941 5518 et
2980 5464 3194 5518 errandi
3235 5467 3420 5520 subest
3445 5457 3616 5537 aliqua
3647 5474 3793 5537 ratio:

2227 5535 2307 5590 ut,
2351 5543 2406 5582 ν.
2451 5545 2483 5598 g
2513 5571 2529 5596 ,
2578 5529 2630 5585 itt
2667 5531 2890 5606 _(Jltrtsto
2934 5540 3249 5606 mysterium
3280 5529 3549 5604 δεδιιιιινιῖ
3574 5532 3794 5603 Corporis
3887 5533 3898 5606 ,ἶ

2223 5607 2397 5674 potest
2423 5601 2890 5674 esseraii-iunde
2931 5601 3050 5674 quis
3091 5608 3306 5662 fallatur
3346 5624 3411 5662 ne
3453 5601 3576 5662 eum
3631 5601 3791 5674 rerum

2227 5668 2390 5752 Deum
2439 5670 2640 5752 credat.
2693 5672 2822 5730 lltec
2870 5666 3030 5733 loc-tio
3068 5678 3356 5752 postremis
3400 5679 3558 5752 hujus
3605 5666 3790 5732 numeri

2223 5739 2398 5797 verbis
2419 5738 2784 5807 conﬁrmatur.
3068 5738 3079 5756 ’
