3960 6202
183 267 286 327 “9

1354 256 1445 317 DE
1483 255 1861 319 TRINITATE
1890 257 2097 320 LIBER
2124 261 2191 321 V.

3377 271 3484 330 150

182 379 450 452 interﬁciat
481 377 757 445 Dominus,
784 374 837 434 id
864 376 1291 433 demonstratum
1335 374 1527 446 fuisse,
1575 383 1637 433 ut
1678 377 1770 450 qui
1798 381 1849 442 Α
1875 377 2159 452 gniﬁcasse
2179 379 2528 453 intelligatur,
2568 388 2624 439 et
2647 381 2735 439 cui
2765 394 2864 456 per
2883 398 3086 444 novum
3131 398 3329 444 nomen
3361 402 3481 446 ser-

185 476 509 546 quueretur,
537 479 595 527 et
620 471 710 542 qui
732 469 1107 526 interfecturus
1132 474 1298 538 esset,
1350 469 1428 538 (a)
1481 483 1587 525 non
1632 469 1779 526 aliud

184 565 573 637 intelligeretur
616 577 738 620 esse
786 570 948 636 quam
1002 564 1298 630 Dominus;
1329 564 1422 634 qui
1488 572 1544 618 et
1589 573 1777 635 postea

182 659 279 715 sibi
300 659 602 714 servientes
650 666 792 711 novo
833 664 980 712 esset
1018 657 1240 712 nomine
1290 665 1695 724 muneramrus,
1722 664 1779 714 et

185 768 286 810 non
318 752 658 823 ignoraretur
676 760 733 807 et
761 751 813 805 in
833 751 1112 820 praphetis
1142 751 1356 807 locutus
1396 766 1539 816 esse,
1573 762 1628 808 et
1658 753 1778 824 pio-

187 860 299 901 rum
327 856 490 915 atque
515 842 801 914 impiorum
825 842 995 914 judex
1033 844 1288 900 futurus?
1321 845 1635 917 Mysterium
1675 847 1777 902 ita-

188 954 285 1012 que
331 952 512 994 sermo
546 938 787 1009 reliquus
838 937 915 1008 (b)
952 937 1248 1010 evangelici
1300 941 1645 1007 sacramenti,
1708 956 1777 998 ne

186 1030 306 1103 quid
357 1031 412 1085 in
468 1030 692 1085 Domino
719 1029 936 1086 dicente
979 1040 1032 1086 et
1061 1031 1114 1085 in
1161 1031 1389 1086 Domino
1418 1032 1778 1089 interﬁciente

187 1122 370 1194 ambigi
400 1122 588 1192 possit,
621 1123 879 1192 explicuit
923 1141 938 1178 :
988 1122 1338 1178 Seruientibus
1372 1138 1489 1179 uero
1533 1122 1658 1178 mihi
1689 1139 1777 1180 uo-

188 1214 375 1270 tobitur
397 1228 579 1269 nomen
608 1229 815 1283 nouum,
854 1215 992 1285 quod
1018 1213 1343 1270 benedicatur
1388 1232 1541 1286 super
1560 1226 1771 1273 terram.

190 1307 365 1363 Omnis
389 1306 479 1362 hic
504 1305 668 1361 futuri
697 1308 960 1377 temporis
980 1321 1163 1363 sermo
1184 1315 1288 1363 est.
1311 1307 1378 1362 Et
1397 1308 1538 1377 quod
1562 1317 1647 1364 est
1669 1308 1774 1365 hoc

189 1414 372 1457 novum
420 1413 616 1455 nomen
669 1398 971 1469 religionis,
1023 1398 1167 1470 quod
1217 1398 1568 1454 benedicetur
1611 1415 1775 1470 super

190 1492 491 1549 terram?Si
544 1508 575 1547 a
620 1493 836 1549 saeculis
890 1492 1181 1549 Christiani
1209 1493 1458 1549 vocabuli
1507 1492 1584 1568 (c)
1614 1502 1771 1552 antea

186 1587 449 1644 beatitudo
468 1602 723 1658 umquam
753 1587 856 1643 fuit
885 1629 901 1655 ,
943 1586 1027 1660 (i)
1075 1602 1219 1642 nunc
1262 1602 1458 1643 novum
1505 1603 1612 1643 non
1664 1597 1768 1646 est.

185 1679 274 1736 Sin
317 1694 444 1735 vero
490 1678 593 1735 hoc
652 1677 734 1753 (tl)
782 1678 1177 1735 sanctiﬁcatum
1206 1679 1421 1750 pietatis
1462 1689 1661 1735 nostra:
1714 1681 1770 1736 in

1881 473 2078 539 viator,
2106 480 2161 530 et
2182 488 2281 545 per
2302 490 2462 546 quem
2489 474 2735 547 ejusdem
2766 474 3000 535 nominis
3041 481 3094 535 in
3124 481 3287 538 terris
3310 481 3477 540 bene-‘

1881 566 2025 622 dicta
2050 567 2121 622 sit
2142 570 2373 635 novitas,
2398 577 2455 624 et
2492 570 2583 639 qui
2625 569 2977 630 benedicatur
3004 573 3148 630 Deus
3193 590 3374 644 verus,
3426 586 3482 634 et

1842 686 1845 689 <
1879 658 2199 730 quijuretur
2226 661 2370 717 Deus
2396 676 2585 730 verus;
2630 678 2750 733 quae
2779 664 2959 720 omnia
3000 665 3295 722 secundum
3343 675 3482 725 tem-

1879 766 2069 822 porum
2110 752 2497 823 plenitudinem
2530 755 2784 812 Ecclesia:
2814 756 2950 814 ﬁdes
2980 758 3065 829 pia
3092 758 3147 814 in
3192 758 3480 816 Dominum

1878 840 2157 899 Christum
2183 844 2446 916 religione
2475 847 2759 915 proﬁtetur
2780 846 2800 921 (
2822 857 2876 904 et
2900 849 2970 904 ita
2995 864 3055 906 se
3077 851 3129 905 in
3156 866 3223 907 eo
3248 852 3482 923 prophe-

1878 935 2016 992 ticus
2042 950 2221 992 sermo
2243 938 2531 1007 coaptavit,
2564 949 2622 993 ut
2652 940 3099 1011 signiﬁcationem
3128 957 3372 1013 persona:
3401 945 3483 999 al~

1879 1028 2047 1084 terius
2094 1030 2400 1101 adjectione
2440 1033 2777 1101 pronominis
2824 1049 2930 1089 non
2963 1045 3206 1092 novaret.
3256 1037 3314 1093 Si
3340 1039 3481 1095 cnim

1877 1120 2192 1185 addidisset.
2218 1131 2264 1177 te
2293 1119 2462 1177 Deum
2493 1139 2689 1190 verum,
2721 1123 2915 1181 referri
2944 1125 3011 1181 ad
3042 1127 3271 1184 alterum
3293 1129 3484 1186 dicen-

1878 1214 1946 1269 tis
1967 1228 2147 1269 sermo
2178 1216 2440 1285 potuisset
2468 1234 2482 1269 :
2516 1215 2612 1272 sed
2637 1231 2759 1272 cum
2782 1218 2879 1285 ait,
2907 1216 3076 1273 Deum
3097 1235 3291 1287 verum,
3323 1223 3489 1292 signi-

1877 1306 2144 1361 ﬁcationis
2189 1306 2596 1378 intelligentiam
2626 1322 2795 1379 penes
2820 1309 3131 1380 loquentem
3188 1312 3428 1384 reliquit)
3464 1330 3504 1386 ε⁵

1876 1407 1931 1455 et
1969 1414 2292 1470 quamquam
2336 1415 2495 1471 quem
2551 1415 2794 1471 praesens
2836 1417 3018 1457 sermo
3060 1402 3344 1475 signiﬁcet,
3378 1421 3485 1462 non

1876 1492 2209 1562 ambigatur;
2255 1498 2433 1548 tamen
2460 1508 2702 1550 connexa
2727 1496 2976 1566 superius
2994 1496 3154 1564 dicta,
3181 1498 3334 1569 cujus
3357 1515 3487 1570 pro-

1875 1581 2040 1639 fessio
2072 1583 2171 1639 ista
2201 1585 2273 1639 sit
2300 1586 2669 1658 intelligenda,
2727 1588 3120 1647 demonstrant.
3153 1591 3247 1648 Ait
3288 1594 3432 1650 enim
3470 1615 3485 1651 :

1878 1675 2062 1732 Palam
2076 1678 2294 1749 apparui
2319 1694 2421 1733 non
2453 1681 2883 1754 interrogantibus
2911 1699 3010 1750 me,
3040 1693 3085 1739 et
3110 1681 3344 1741 inventus
3371 1703 3481 1741 sum

189 1773 343 1830 Deum
366 1786 566 1828 novum
588 1765 787 1829 nomen
815 1782 919 1840 est,
956 1772 1111 1845 123
1150 1772 1267 1828 hzec
1294 1773 1533 1844 profecto
1555 1774 1765 1844 profes-
1797 1778 1846 1838 Β
1873 1786 1975 1823 ηοη
1996 1769 2335 1840 quwrentibus
2363 1787 2462 1826 me.
2496 1770 2643 1839 Dixi,
2676 1771 2745 1847 (f)
2766 1771 2901 1829 Ecce
2930 1790 3044 1829 sum
3081 1776 3239 1847 genti,
3269 1778 3357 1848 qui
3387 1795 3490 1832 non

187 1865 345 1922 sionis
372 1865 585 1920 novitas
604 1865 909 1921 ctelestium
954 1864 1392 1921 benedictionum
1427 1881 1637 1924 merces
1678 1882 1773 1924 su-

187 1972 275 2028 per
302 1966 496 2013 terram
523 1965 630 2012 est.

247 2052 331 2108 30.
371 2051 524 2119 Quod
561 2052 627 2106 de
655 2050 857 2108 Christo
891 2052 1301 2126 intelligendum.
1350 2062 1405 2110 et
1453 2053 1776 2111 benedicent

186 2150 341 2206 Deum
365 2164 580 2206 verum.
610 2179 685 2191 -—
716 2148 834 2205 Jam
863 2165 995 2206 vero
1044 2151 1210 2206 totius
1239 2150 1361 2206 ﬁdei
1402 2159 1600 2206 nostrae
1644 2165 1777 2206 con-

184 2246 451 2302 scientiam
476 2259 714 2316 sequens
733 2259 915 2301 sermo
942 2245 1249 2314 conﬁrmat,
1278 2246 1490 2312 dicens,
1528 2245 1597 2301 Et
1622 2246 1776 2300 bene-

185 2337 339 2393 dicent
363 2336 536 2393 Deum
561 2350 760 2405 rerum,
789 2347 835 2392 et
862 2338 950 2409 qui
973 2339 1160 2411 jurant
1201 2353 1357 2409 super
1395 2346 1603 2401 terram,
1623 2342 1778 2413 jura-

188 2429 299 2484 btntt
348 2431 405 2484 in
456 2428 627 2485 Deum
674 2444 868 2485 serum.
914 2429 977 2485 Hi
1029 2441 1180 2486 certe
1238 2430 1563 2486 benedicent
1610 2430 1776 2486 Deum

185 2537 379 2589 rerum,
409 2535 646 2593 quorum
677 2521 731 2577 in
754 2521 848 2577 Dei
880 2522 1145 2578 servitute
1173 2538 1372 2577 novum
1403 2536 1600 2577 nomen
1636 2532 1719 2578 est
1754 2539 1767 2577 :

188 2622 291 2669 tum
315 2613 513 2669 deinde
537 2613 630 2683 qui
655 2612 924 2684 jurandus
947 2612 1053 2669 erit
1098 2614 1261 2682 Deus,
1296 2615 1437 2670 Deus
1459 2628 1620 2670 verus
1671 2622 1774 2669 est.

188 2709 330 2763 Anne
348 2706 648 2778 ambigitur
671 2704 795 2777 quis
828 2705 1063 2776 juretur,
1098 2706 1219 2778 quis
1264 2706 1633 2774 benedicatur,
1683 2721 1780 2777 per

188 2814 334 2871 quem
355 2815 558 2856 novum
590 2800 692 2870 ipsi
723 2799 1086 2855 servientibus
1104 2798 1555 2871 benedictumque
1580 2814 1778 2856 nomen

189 2892 567 2949 sit?Consistit
591 2906 803 2948 mecum
832 2892 1091 2948 adversus
1135 2892 1352 2963 impiam
1385 2902 1554 2959 tuam,
1604 2895 1779 2948 haere-

188 2986 303 3052 tice,
342 2985 786 3056 praedicationem
824 2986 1072 3041 absoluta
1113 2987 1380 3041 sermonis
1427 2985 1779 3041 ecclesiastici

192 3077 333 3142 ﬁdes,
362 3079 488 3133 novi
520 3093 621 3149 per
653 3089 705 3133 te
731 3076 950 3133 Christe
991 3077 1246 3145 nominis,
1301 3086 1356 3133 et
1404 3093 1500 3148 per
1547 3077 1781 3133 servitu-

1881 1863 2241 1918 invocaverunt
2270 1879 2458 1919 nomen
2482 1878 2669 1920 meum.
2707 1864 2933 1921 Extendi
2970 1883 3154 1922 manus
3191 1884 3332 1922 ηιθαε
3383 1878 3488 1923 τοια

1883 1956 1967 2010 die
1981 1957 2050 2011 ad
2070 1957 2318 2028 papulum
2331 1958 2650 2029 difﬁdentem
2667 1967 2714 2014 et
2726 1959 3156 2015 contradicentem
3175 1959 3343 2034 (Esai.
3359 1978 3486 2030 LIV,

1885 2047 1948 2119 l,
1977 2048 2057 2122 2).
2076 2048 2231 2105 Anne
2261 2050 2420 2121 impia
2443 2051 2652 2108 furtivte
2668 2051 3070 2124 praedicationis
3091 2052 3293 2109 falsitas
3322 2053 3372 2108 in
3392 2053 3490 2109 ob-

1882 2159 2040 2200 scuro
2058 2152 2162 2210 est,
2185 2153 2239 2200 et
2267 2144 2407 2201 Deus
2436 2161 2598 2202 verus
2619 2146 3057 2219 ignorabiturfqui
3081 2148 3195 2204 haec
3217 2147 3488 2219 loquitur?

1882 2233 2055 2307 Rogo,
2078 2236 2197 2307 quis
2213 2237 2461 2308 apparuit
2477 2253 2584 2293 non
2599 2237 3078 2309 interrogantibus,
3094 2247 3148 2295 et
3160 2239 3280 2311 quis
3303 2244 3490 2295 inven-

1884 2341 1970 2387 tus
2001 2346 2107 2389 non
2135 2332 2539 2403 qumrentibus?
2562 2332 2629 2388 Et
2648 2334 2769 2405 quis
2795 2336 3035 2405 gentium
3058 2343 3140 2390 est
3172 2332 3332 2407 125
3366 2348 3487 2405 quae

1882 2443 1990 2482 non
2022 2429 2412 2482 invocaverunt
2444 2434 2605 2482 antea
2632 2441 2829 2481 nomen
2851 2425 2971 2496 ejus
2990 2425 3017 2480 Υ
3040 2424 3107 2481 Et
3128 2426 3247 2496 quis
3263 2427 3351 2482 die
3372 2433 3485 2482 tota

1883 2534 2073 2576 manus
2099 2519 2165 2574 ad
2187 2517 2520 2574 difﬁdentem
2551 2527 2605 2574 et
2632 2516 3092 2573 contradicentem
3114 2519 3367 2589 populum
3385 2535 3483 2575 cx-

1884 2613 2093 2670 tendit?
2144 2610 2347 2669 Confer
2390 2626 2512 2667 cum
2575 2610 2660 2665 his
2708 2625 2922 2666 sacrum
2972 2609 3105 2666 illud
3143 2623 3199 2667 et
3245 2611 3489 2667 divinttm

1885 2705 2292 2765 Deuteronomii
2319 2704 2598 2761 Canticum
2622 2703 2801 2776 (Deut.
2827 2719 2996 2771 xxxn,
3017 2703 3134 2775 21),
3166 2706 3218 2760 in
3257 2720 3366 2777 quo
3391 2722 3489 2762 su-

1884 2818 1979 2875 per
2010 2817 2120 2858 non
2148 2801 2280 2857 deos
2309 2800 2451 2856 Deus
2489 2798 2865 2867 exacerbatus,
2912 2811 3072 2867 super
3114 2812 3221 2853 non
3269 2806 3485 2870 gentem

1884 2907 1939 2953 et
1968 2905 2180 2967 gentem
2209 2896 2427 2949 stultam
2460 2894 2512 2949 in
2544 2893 2718 2947 zelum
2751 2889 2862 2967 (g)
2904 2891 3092 2947 incitat
3112 2890 3359 2948 inﬁdeles
3388 2910 3400 2947 :
3431 2902 3488 2949 et

1886 2989 2126 3060 intellige
2151 2989 2273 3059 quis
2299 2987 2378 3059 (Ii)
2408 2988 2724 3043 manifestus
2758 2987 2816 3041 ﬁt
2845 2984 3235 3057 ignorantibus,
3275 2992 3331 3040 et
3365 2985 3487 3057 quis

1885 3083 2137 3154 proprius
2162 3090 2452 3151 usurpatur
2487 3079 2699 3147 alienis,
2739 3089 2793 3134 et
2819 3079 2940 3150 quis
2967 3093 3162 3134 manus
3191 3092 3317 3133 suas
3359 3087 3487 3135 ante

190 3171 254 3226 tis
285 3171 352 3243 (e)
384 3170 784 3240 professionem
841 3170 1137 3226 benedicta:
1174 3184 1241 3224 ex
1284 3176 1338 3224 te
1387 3183 1551 3239 super
1582 3178 1780 3225 terram
1807 3171 2218 3257 Gdifﬁdentem
2263 3169 2831 3242 contradicentemque
2879 3170 3166 3241 populum,
3210 3170 3488 3242 conﬁgeus

191 3264 614 3334 nuncupationls,
651 3271 703 3318 te
739 3277 924 3317 verum
957 3262 1124 3318 Deum
1166 3263 1376 3333 jurans.
1434 3260 1605 3318 Omne
1631 3263 1775 3318 enim

190 3358 596 3414 oscredentium
652 3364 726 3423 te,
778 3355 1016 3425 Christe,
1062 3356 1229 3411 Deum
1275 3355 1533 3426 loquitur.
1590 3354 1779 3411 Omnis

191 3451 510 3507 credentium
539 3450 674 3506 ﬁdes
724 3460 776 3505 te
806 3449 975 3504 Deum
1013 3449 1181 3519 jurat,
1218 3449 1383 3503 Deum
1434 3462 1622 3503 verum
1659 3461 1780 3504 esse

196 3551 242 3598 te
282 3545 571 3608 conﬁtens,
604 3543 773 3598 Deum
802 3555 987 3596 verum
1027 3554 1148 3596 esse
1178 3548 1232 3596 te
1260 3539 1575 3611 praedicans,
1610 3540 1778 3596 Deum

191 3648 363 3692 rerum
392 3650 517 3694 esse
544 3643 600 3690 te
629 3634 867 3690 conscia.

255 3730 339 3787 5i.
377 3729 533 3785 Idem
552 3745 619 3784 ea:
645 3725 994 3799 superioribus
1035 3725 1300 3797 propheta:
1327 3726 1499 3796 dictis,
1552 3727 1783 3783 illustra-

197 3832 286 3879 tur.
327 3853 401 3867 --
451 3824 795 3892 Quamquam
852 3818 1014 3890 igitur
1064 3818 1242 3873 omnis
1296 3817 1385 3874 hic
1438 3820 1784 3889 propheticus

197 3933 362 3975 sermo
387 3917 599 3974 nullam
622 3913 903 3985 reliquerit
927 3910 1319 3980 difﬁcultatem,
1353 3912 1483 3984 quin
1504 3912 1672 3972 Deum
1709 3921 1786 3972 sl-

257 4034 329 4107 (l)
356 4033 515 4090 Nunc
539 4045 730 4086 nouum
757 4043 943 4085 nomen
960 4036 1056 4083 est.

257 4149 331 4223 (a)
357 4148 527 4217 Editi,
558 4162 662 4202 non
677 4146 841 4223 otius.
870 4143 1089 4223 Rectius
1116 4156 1249 4198 mss.
1273 4154 1378 4197 non
1402 4141 1549 4223 aliud
1566 4157 1585 4198 :
1604 4141 1672 4198 de
1689 4158 1786 4198 na-

198 4210 473 4278 tura'enim
494 4210 729 4285 quaestio
748 4225 834 4272 est
858 4257 871 4281 ,
913 4229 1022 4271 non
1047 4210 1113 4269 tle
1140 4228 1390 4284 persona.
1422 4212 1577 4269 Unde
1603 4229 1786 4285 supra,

200 4308 333 4347 num.
360 4294 458 4348 16:
489 4285 638 4346 Pluit
675 4288 930 4343 Dominus
955 4305 987 4339 a
1017 4285 1273 4341 Domino:
1296 4285 1541 4356 numquid
1568 4302 1669 4341 non
1702 4303 1788 4342 ve-

199 4379 275 4417 rus
302 4363 553 4418 Dominus
585 4379 615 4414 a
645 4375 763 4415 vero
793 4358 1055 4413 Domino?
1080 4368 1167 4412 aut
1194 4358 1317 4426 quid
1338 4357 1484 4427 aliud
1504 4373 1654 4427 quam
1684 4358 1790 4412 Do-

199 4435 388 4490 minus?
412 4433 571 4501 Quod
601 4430 823 4496 deinde,
849 4439 906 4485 ut
932 4440 983 4485 et
1010 4429 1161 4494 alibi,
1194 4428 1285 4501 ait
1307 4426 1565 4494 Hilarius,
1591 4429 1786 4484 Filium

200 4506 246 4559 in
270 4500 804 4577 prophetisglocutum
827 4515 968 4577 esse,
998 4515 1105 4554 non
1141 4501 1211 4577 ita
1244 4500 1290 4554 ci
1324 4500 1599 4577 proprium
1634 4501 1783 4554 arbi-

202 4566 379 4641 tratur;
395 4576 525 4647 quin
548 4575 650 4630 hoc
671 4576 843 4647 ipsum
865 4575 1025 4626 etiam
1051 4572 1309 4647 attribuat
1330 4566 1777 4647 Spirituisttncto:
1808 4566 1863 4627 D

200 4651 341 4716 cujus
365 4641 702 4703 divinitatem
729 4644 959 4715 probare
985 4642 1216 4716 volens.
1241 4641 1333 4696 lib.
1367 4652 1512 4709 tt,,,n.
1547 4642 1638 4706 5‘2,
1669 4643 1743 4697 ait
1768 4659 1782 4696 :

204 4714 282 4771 ea
306 4721 433 4774 enim
476 4718 705 4791 Spiritus
734 4714 947 4771 sanctus
971 4727 1102 4791 unus
1135 4714 1535 4791 ubique,_omnes
1561 4716 1786 4786 patriar-

199 4793 329 4857 chas,
361 4784 635 4858 prophetas
656 4797 916 4843 etomnem
938 4787 1152 4840 chorum
1174 4784 1300 4855 legis
1320 4784 1636 4840 illuminans.

263 4862 335 4935 (b)
362 4857 546 4935 Petest
577 4862 679 4935 hoc
706 4861 775 4914 ita
802 4858 1025 4935 intelligi
1052 4899 1066 4919 ,
1099 4864 1155 4910 ut
1184 4858 1482 4935 mysterium
1509 4857 1784 4935 evangelici

200 4928 513 4995 sacramenti,
541 4932 780 4999 reliquus
810 4928 1083 4998 prophetae
1111 4942 1290 4981 sertno
1310 4928 1647 4993 expllcuerit.
1685 4928 1780 4985 Vel

201 5003 343 5059 etiam
363 5003 709 5075 propheticus
726 5015 907 5057 sermo
928 5000 1123 5075 dicitur
1140 4999 1418 5075 evgngelici
1432 5002 1741 5075 sacramenti
1759 5018 1780 5067 ;

202 5077 308 5143 quia
344 5070 395 5131 in
434 5070 502 5131 eo
525 5079 857 5135 continetur,
906 5071 1048 5142 quod
1088 5071 1153 5124 ad
1190 5070 1535 5143 Evangelium
1566 5071 1779 5137 attinet,

202 5142 286 5201 seu
311 5149 361 5202 in
390 5148 484 5202 illo
520 5147 748 5211 velatur,
781 5143 923 5216 quod
957 5143 1193 5213 apertius
1228 5142 1280 5195 in
1310 5142 1600 5213 Evangello
1632 5159 1785 5198 reve-

203 5216 349 5361 hinc?
541 5289 658 5344 bas.
696 5299 798 5341 ms.
823 5327 836 5351 ,
867 5300 1049 5361 nomen
1075 5283 1390 5338 benedictum
1416 5296 1639 5361 unquam
1666 5285 1786 5355 fuit,

1885 3266 2030 3321 cruci
2059 3262 2477 3335 chirographum
2510 3262 2669 3318 edicti
2716 3262 3003 3319 anterioris
3051 3261 3326 3329 expandit.
3380 3262 3477 3320 llic

1887 3372 2118 3427 namque
2151 3357 2429 3426 propheta:
2454 3355 2684 3426 Spiritus
2714 3353 2848 3409 dixit
2879 3368 2975 3423 per
3003 3352 3367 3408 continentem
3384 3353 3488 3409 sibi

1887 3452 1939 3507 in
1968 3451 2159 3507 ordine
2183 3464 2594 3522 connexumque
2632 3464 2964 3515 sermonem,
2993 3446 3342 3525 Servientibus
3369 3464 3485 3503 vero

1890 3546 2017 3599 mihi
2041 3544 2301 3599 vocabitur
2326 3560 2512 3599 nomen
2542 3559 2751 3609 nouum,
2791 3541 2929 3613 quod
2973 3540 3293 3595 benedicetur
3332 3555 3488 3610 super

1889 3646 2102 3704 terram,
2131 3647 2177 3691 et
2209 3636 2502 3692 benedicent
2527 3631 2696 3690 Deum
2722 3650 2897 3689 verum
2935 3650 2954 3689 :
2990 3642 3037 3688 et
3063 3633 3151 3704 qui
3185 3633 3362 3695 iurant
3400 3648 3488 3688 su-

1889 3748 1980 3803 per
2009 3741 2215 3798 terram,
2236 3731 2490 3806 jurabunt
2517 3732 2569 3785 in
2600 3725 2765 3785 Deum
2793 3725 3139 3798 uerunt(Esa.
3171 3743 3295 3794 ων,
3332 3724 3446 3799 16).

1961 3824 2052 3881 52.
2097 3824 2266 3879 Esaia:
2288 3824 2436 3879 verba
2464 3824 2528 3877 de
2549 3822 2690 3878 Filio
2711 3822 2849 3877 dicta
2872 3821 3077 3877 Paulus
3096 3823 3483 3892 interpretatur.

1890 3948 1963 3959 —
1991 3918 2118 3975 Habe
2141 3918 2186 3975 si
2214 3918 2443 3975 stultitia
2483 3924 2647 3989 atque
2692 3917 2942 3987 impietas
2989 3916 3262 3986 bteretica,
3291 3915 3358 3974 ad
3388 3915 3489 3973 fal-

1963 4145 2038 4219 (e)
2064 4143 2188 4203 Vat.
2216 4145 2332 4203 bas.
2362 4161 2465 4205 ms.
2494 4149 2581 4208 hic
2610 4149 2761 4206 addit
2787 4158 2908 4208 tuae.

1965 4237 2034 4315 (Γ)
2061 4238 2274 4315 Primus
2303 4241 2561 4315 Erasmus
2584 4243 2653 4300 de
2683 4260 2782 4300 suo
2809 4244 2896 4300 hic
2913 4245 3114 4315 posuit,
3132 4260 3247 4301 ecce
3266 4247 3488 4314 adsum;

1891 4313 2034 4385 quod
2061 4313 2302 4385 retinens
2326 4313 2543 4382 Lipsius
2571 4316 2785 4385 propria
2812 4313 3130 4373 auctoritate
3149 4316 3346 4374 deinde
3368 4313 3491 4373 vul-

1889 4382 2054 4449 gavit,
2080 4384 2310 4452 gentibus
2333 4400 2447 4454 quat
2480 4382 2585 4440 non
2612 4382 2988 4444 inuocauerunt.
3016 4388 3273 4445 Neutrum
3292 4388 3346 4445 iu
3361 4390 3488 4447 Par.

1892 4466 2195 4508 correcmtn
2246 4466 2363 4531 est:
2402 4458 2645 4528 quamvis
2682 4461 2734 4516 in
2776 4462 3028 4516 omnibus
3068 4474 3199 4516 mss.
3255 4462 3485 4531 legatur,

1892 4540 2138 4604 ecce__sum
2160 4528 2318 4604 genti,
2343 4530 2453 4598 qui,
2477 4534 3000 4604 etc.,c0nsentiente
3016 4547 3216 4604 grtet-o,
3245 4528 3353 4590 ὶδᾶὺ
3378 4535 3485 4604 riui

1887 4594 2132 4673 tepida“,
2162 4594 2242 4652 oi:
2274 4594 2448 4673 neque
2474 4600 2619 4657 aliud
2644 4603 2984 4673 permittente
3010 4594 3483 4670 Hilarii—interpre-

1887 4669 2111 4733 tatione,
2142 4684 2247 4740 qua
2280 4669 2408 4745 illud
2434 4688 2547 4726 ecce
2575 4669 2686 4729 sum
2710 4675 2868 4744 genti,
2893 4673 3116 4744 perinde
3141 4669 3378 4745 esplicat
3401 4682 3485 4729 at-

1886 4754 2011 4809 que,
2043 4746 2287 4810 pertineo
2313 4741 2429 4811 jam
2461 4745 2526 4799 ad
2551 4741 2795 4815 gentem.

1958 4833 2034 4907 (g)
2059 4834 2357 4904 Exemplar
2380 4837 2501 4893 Vat.
2532 4838 2648 4893 has.
2680 4839 2938 4903 incitatus,
2963 4836 3188 4907 inﬁdelis
3214 4842 3268 4889 tu
3293 4835 3406 4907 vide
3436 4844 3485 4890 et

1884 4906 2133 4979 inte’llige,
2156 4909 2299 4977 quod
2325 4917 2379 4963 et
2406 4909 2565 4963 habet
2583 4909 2804 4964 Carnut.
2830 4925 2858 4963 a
2890 4908 3122 4964 secunda
3154 4922 3333 4961 manu.
3367 4906 3482 4961 Hn-

1878 4976 1968 5050 jus
2011 4976 2186 5046 potior
2233 4991 2351 5033 erat
2404 4980 2562 5035 lectio
2592 4982 2785 5050 prima,
2837 4996 2994 5049 quam
3045 4980 3245 5034 habent
3272 4993 3490 5050 quoque

1881 5048 1968 5103 alii
1994 5050 2137 5115 libri,
2168 5051 2556 5121 conﬁrmatque
2585 5048 2737 5106 sacer
2762 5048 2958 5106 textus.

1960 5141 2038 5213 (Ii)
2071 5140 2232 5209 Editi,
2265 5143 2563 5213 manifestus
2591 5143 2675 5195 sit.
2706 5140 2900 5196 Postea
2931 5141 3209 5211 Erasmus,
3250 5156 3347 5211 pro
3375 5141 3491 5212 quis

1892 5212 2151 5287 proprius,
2181 5215 2243 5287 ad
2272 5214 2566 5287 m_arginem
2611 5214 2855 5287 apponit,
2892 5213 3051 5287 Forte
3078 5215 3190 5282 quis
3216 5215 3490 5287 praprius;

1891 5284 2063 5337 locum
2096 5281 2267 5345 lsaite,
2294 5281 2427 5336 Ecce
2448 5299 2560 5336 sum
2582 5285 2741 5352 genti,
2769 5285 2857 5351 qui
2878 5302 2979 5338 non
3007 5281 3388 5349 invecaverunt,
3420 5284 3491 5341 ab

208 5354 328 5415 nunc
349 5377 537 5416 novum
558 5375 744 5414 nomen
771 5368 863 5412 est.
898 5355 1123 5410 Caruut.
1149 5371 1271 5409 cum
1305 5371 1411 5409 uno
1432 5354 1613 5421 Ctilb.,
1640 5354 1793 5411 antea
1894 5357 2011 5424 ipso
2051 5361 2109 5427 ut
2149 5368 2309 5427 supra
2354 5354 2660 5427 monuimus
2724 5356 2971 5410 nonnihil
2998 5366 3310 5427 corruptum
3331 5394 3346 5422 ,
3377 5370 3489 5412 non

208 5432 467 5509 benedictio
498 5442 739 5509 umquam
767 5428 888 5509 fuit,
933 5442 1067 5480 nunc
1104 5442 1287 5509 nouum
1319 5440 1501 5480 nomen
1532 5438 1624 5482 est.
1657 5427 1789 5483 Bod.
1895 5423 2197 5509 percipiens
2228 5425 2314 5506 sic.
2334 5426 2400 5480 ab
2445 5423 2644 5509 Hilario
2675 5427 2919 5497 intelligi,
2963 5427 3139 5509 quasi,
3163 5423 3299 5483 'Jani
3347 5427 3494 5509 Deus

211 5511 257 5556 et
277 5505 361 5558 Er.
396 5514 556 5557 antea
586 5496 846 5557 beatitudo
871 5514 1130 5568 nunquam
1169 5500 1287 5567 fuit,
1321 5514 1455 5552 nunc
1487 5510 1670 5552 novum
1702 5515 1796 5554 no-
1902 5512 2020 5552 sum
2046 5496 2106 5550 iis
2140 5498 2406 5570 proprius,
2434 5496 2628 5570 quibus
2656 5510 2810 5570 antea
2838 5496 2995 5552 eram'
3015 5500 3247 5565 alienus,
3280 5513 3373 5553 seu
3400 5498 3495 5570 qui

214 5588 325 5629 tuen
348 5586 419 5629 est
476 5575 665 5629 Melius
696 5573 784 5626 alii
817 5570 937 5625 libri
964 5566 1145 5641 ,nunc
1170 5566 1360 5641 novum
1392 5572 1610 5639 tsupplc
1641 5584 1800 5624 voca-
1908 5584 1993 5625 me
2024 5583 2127 5623 non
2159 5567 2498 5641 invocabant.
2530 5566 2714 5641 Neque
2741 5569 2947 5624 felicius
2977 5572 3136 5640 paulo
3162 5579 3281 5641 post
3301 5566 3500 5639 expun-

217 5643 392 5723 but‘um
414 5645 564 5723 23,0"
589 5653 683 5699 εει,
710 5644 845 5697 Nam
871 5656 937 5723 εκ
960 5654 1060 5694 non
1091 5639 1469 5723 [acilgnfactum
1492 5637 1578 5693 est
1598 5656 1803 5723 "Buten.
1910 5641 2002 5723 git,
2033 5653 2129 5723 pro
2151 5637 2723 5723 capaiidithlegendnm
2753 5637 3040 5711 conjectat,
3071 5637 3223 5723 quasi
3248 5641 3349 5695 hoc
3368 5637 3498 5699 ver.

294 5659 392 5701 111111
459 5659 564 5699 non
589 5659 683 5699 est.
710 5659 845 5697 nam
871 5659 937 5696 ex
960 5659 1060 5694 non
1091 5659 1246 5720 ιίιοιιρ
1273 5659 1469 5695 "lculi"
1494 5659 1578 5693 CSI
1598 5659 1803 5697 nomen.
1910 5659 2002 5765 if”,
2033 5659 2129 5708 [W0
2151 5659 2414 5723 επραηαιι,
2442 5659 2723 5705 tegenuum
2753 5659 3040 5711 COI‘IJCCUH,
3109 5659 3223 5698 UaSI
3249 5659 3349 5695 HOC
3377 5659 3498 5699 VC!"

294 5717 367 5791 (d)
416 5659 583 5792 iilditi,
617 5723 845 5792 excepto
864 5712 1020 5792 Pan,
1065 5710 1440 5792 sanctiﬁcatur;
1474 5720 1585 5764 tum
1617 5711 1710 5768 Er.
1755 5720 1812 5769 et
1915 5725 2037 5792 ⁸ηιῐη
2057 5708 2122 5764 ad
2146 5710 2542 5792 chirographum
2572 5710 2886 5792 referretur,
2913 5727 3022 5770 non
3041 5659 3108 5773 ειὲ
3135 5729 3337 5783 manus,
3367 5724 3499 5784 quas

235 5780 367 5860 Lips.
398 5790 560 5860 pietas
571 5780 828 5844 nostrain
855 5782 1021 5841 Deum
1039 5820 1055 5851 ,
1078 5781 1432 5840 renitentibus
1456 5794 1588 5838 mss.
1913 5782 1967 5836 in
1998 5794 2157 5838 cruce
2181 5780 2424 5838 Christus
2446 5783 2705 5859 extendit.

2174 5934 2205 5945 η
