3960 6202
462 177 564 234 151

467 294 689 352 lendum
741 293 1053 364 ignorantes
1094 287 1589 359 simplicioresque,
1632 284 1775 341 dicta
1820 298 1941 340 esse
1991 297 2059 339 ex
2087 283 2139 342 A

467 400 699 459 persona
727 385 821 440 Dei
843 384 1011 456 patris
1034 382 1341 447 mentietur,
1366 394 1434 436 ne
1458 379 1511 434 in
1537 379 1703 434 Deum
1729 376 1917 433 [illium
1932 375 2061 432 dicti

468 479 631 551 hujus
651 476 998 546 intelligentia
1019 472 1220 543 suscipi
1252 471 1455 543 possit:
1478 472 1660 526 audiat
1688 468 1955 525 mendacii
1979 469 2062 523 sui

472 572 541 626 ab
570 569 812 641 apostolo
840 576 894 622 et
922 566 1143 622 doctore
1177 565 1420 637 gentium
1455 575 1698 629 reatum;
1734 564 1914 618 omnia
1947 562 2065 618 haec

472 669 540 722 ad
574 671 967 721 sneramentum
1000 659 1268 732 passionis
1310 657 1594 714 dominicae
1641 665 1695 711 et
1741 656 2066 728 evangelica:

473 755 596 812 ﬁdei
629 765 873 825 tempora
901 751 1247 822 prmdicoute,
1285 758 1398 805 tum
1430 764 1554 805 cum
1586 748 1955 803 inﬁdelitatem
1990 744 2069 802 Is-

474 846 588 904 rael
626 844 917 900 adventum
959 842 1169 899 Domini
1212 842 1265 897 in
1305 856 1524 896 carnem
1566 856 1671 895 non
1712 839 2069 911 intelligentis

470 938 781 1007 exprobrat.
829 935 922 990 Ait
963 934 1107 989 enim
1149 934 1217 988 ita
1246 950 1266 987 :
1316 931 1497 987 Omnis
1543 933 1712 998 enim,
1767 932 2071 1002 quicumque

469 1029 774 1084 invocaverit
797 1044 977 1081 nomen
995 1024 1224 1088 Domini,
1247 1024 1546 1079 salvabitur.
1579 1023 1847 1091 Quomodo
1863 1024 2070 1076 invoca-

472 1124 595 1178 bunt
627 1139 741 1177 eum
778 1122 830 1175 in
871 1137 1021 1191 quem
1050 1134 1150 1172 non
1184 1115 1553 1172 crediderunt?
1599 1115 1868 1182 Quomodo
1903 1124 2074 1169 autent

476 1218 681 1272 credent
714 1217 761 1271 ei
788 1231 935 1282 quem
964 1231 1065 1268 non
1101 1211 1422 1267 audierunt?
1462 1209 1732 1277 Quomodo
1772 1219 1940 1263 autem
1975 1226 2070 1262 au-

476 1312 617 1366 dient
660 1312 769 1366 sine
816 1308 1167 1381 praedicante?
1213 1304 1483 1373 Quomodo
1524 1312 1693 1358 autem
1721 1302 2075 1374 pradicabunt

477 1388 576 1459 nisi
625 1402 765 1456 missi
810 1399 1035 1469 fuerint?
1061 1398 1212 1454 sicuti
1239 1397 1489 1468 scriptum
1517 1405 1587 1451 est
1611 1413 1629 1450 :
1652 1394 1727 1469 (α)
1763 1394 1932 1462 Quam
1958 1410 2074 1466 spe-

476 1495 602 1550 ciosi
632 1493 786 1564 pedes
823 1508 1000 1546 eorum
1044 1491 1132 1563 qui
1171 1490 1479 1544 annuntiant
1526 1504 1725 1560 pacem,
1774 1502 1950 1541 eorum
1989 1486 2078 1554 qui

476 1588 781 1642 annuntiant
820 1584 952 1639 bona
995 1583 1166 1655 (Esai.
1208 1598 1299 1649 Ltt,
1331 1582 1429 1652 7):
1464 1580 1569 1637 Sed
1607 1597 1708 1635 non
1761 1596 1933 1635 omnes
1963 1579 2081 1633 obe-

1654 163 1899 226 SANCTI
1931 163 2187 222 HlLARIl
2226 161 2532 222 EPISCOPI

3656 164 3692 218 l
3711 160 3803 216 3?.

2233 280 2324 337 53.
2354 279 2567 335 Esaiam
2595 296 2662 336 ea;
2692 279 2858 336 Esaia:
2885 279 3035 335 dictis
3062 280 3430 352 interpretatur
3455 279 3799 353 Apostolus.

2167 370 2351 426 Esaias
2382 373 2504 426 vidit
2548 369 2714 426 Deum
2733 413 2748 440 ,
2781 388 2940 442 neque
2977 372 3138 426 alium
3162 372 3287 428 vidit
3317 383 3503 444 praeter
3542 372 3797 429 Filium.

2168 497 2238 508 —-
2261 467 2373 522 Nisi
2398 468 2535 522 forte
2566 467 2856 537 Apostolus
2907 465 3064 521 dictis
3104 465 3432 538 propheticis
3458 482 3566 523 non
3594 466 3666 540 (ο
3708 480 3799 523 ex

2167 558 2465 632 prophetiae
2511 560 2700 630 spiritu
2752 559 3059 629 usurpatis,
3093 559 3416 616 temerarius
3458 559 3618 616 alieni
3646 574 3807 616 ser-

2170 654 2346 708 monis
2374 654 2640 723 interpres
2662 664 2764 708 eSl.
2796 652 2989 708 Omnia
3010 652 3223 723 quidem
3254 667 3352 724 per
3379 652 3798 708 revelationem

2169 745 2370 801 Christi
2406 745 2697 816 Apostolus
2742 745 2873 800 dicit
2903 763 2915 798 :
2945 745 3040 800 sed
3093 744 3269 799 Esaiae
3296 744 3441 800 dicta
3494 759 3559 800 ex
3612 744 3803 799 dictis

2174 839 2346 895 Esaia:
2373 841 2539 910 ipsius
2575 838 2742 895 novit.
2775 838 2831 894 In
2868 839 3092 895 exordio
3136 842 3280 894 enim
3321 839 3591 895 sermonis
3615 838 3757 908 ejus
3781 877 3803 904 ,

2174 937 2227 990 in
2255 950 2361 1005 quo
2394 934 2534 988 Deus
2564 946 2727 988 verus
2769 947 2800 986 a
2830 930 3193 988 servientibus
3239 931 3339 1007 sibi
3367 929 3803 988 benedicendtts

2173 1026 2611 1100 atquejurandus
2652 1036 2770 1092 est,
2804 1024 2919 1080 haec
2947 1025 3220 1097 prophetae
3255 1024 3430 1079 oratio
3458 1023 3655 1094 legitur
3684 1040 3702 1076 :
3746 1020 3803 1074 Α

2175 1120 2364 1177 steculo
2388 1136 2491 1175 non
2519 1119 2830 1186 audivimus,
2862 1134 2953 1172 nec
2978 1117 3115 1172 oculi
3142 1118 3305 1171 nostri
3338 1115 3577 1172 viderunt
3609 1114 3802 1170 Deum

2177 1227 2361 1289 praeter
2391 1225 2458 1278 te.
2505 1226 2552 1270 et
2581 1231 2737 1287 opera
2763 1224 2849 1269 tua
2895 1214 2974 1287 (g)
3000 1229 3116 1279 quia
3160 1213 3319 1283 {acies
3360 1212 3806 1282 exspectantibus

2175 1309 2582 1364 misericordiam
2609 1317 2746 1362 tuam
2773 1305 2924 1377 (Esa.
2959 1320 3109 1371 LXIV,
3136 1303 3215 1378 4).
3259 1304 3523 1376 Loquitur
3554 1304 3761 1360 Esaias
3780 1345 3802 1370 ,

2179 1409 2377 1472 praeter
2403 1399 2547 1456 hunc
2596 1414 2656 1454 se
2683 1401 2955 1454 neminem
2990 1399 3157 1454 Deum
3196 1398 3414 1454 vidisse.
3466 1397 3613 1453 Vidit
3635 1398 3805 1454 enim

2179 1495 2404 1567 gloriam
2457 1493 2589 1559 Dei,
2635 1495 2789 1562 cujus
2835 1490 2917 1565 (It)
2963 1491 3416 1563 prmuuntiaverat
3464 1491 3804 1564 mysterium

2182 1589 2578 1661 corporationis
2603 1603 2670 1645 ex
2702 1587 2928 1659 virgine.
2955 1585 3032 1642 Ac
3072 1586 3118 1641 si
3149 1596 3202 1640 tu
3238 1584 3495 1641 hieretice
3533 1586 3765 1655 ignoras
3787 1627 3806 1651 ,

482 1681 629 1735 diunt
671 1676 977 1747 Evangelia.
1018 1674 1205 1730 Esaias
1244 1675 1378 1728 enim
1434 1674 1602 1738 dicit,
1645 1670 1902 1737 Domine,
1968 1671 2081 1743 quis
2110 1690 2159 1750 Β
2184 1685 2326 1759 quod
2369 1684 2422 1739 ῖη
2471 1698 2532 1738 ea
2581 1682 2751 1753 gloria
2794 1680 3126 1752 ιιηίεεηίιυηι
3174 1679 3341 1735 Deum
3371 1679 3606 1744 vider“;
3661 1677 3809 1732 audi

481 1770 699 1827 credidit
764 1770 966 1823 auditui
1010 1779 1182 1824 nostra
1248 1766 1419 1841 (Esai.
1449 1782 1563 1834 Lttt,
1601 1765 1696 1838 l)?
1736 1763 1919 1835 Itaque
1953 1763 2083 1834 ﬁdes

483 1891 546 1929 ea:
572 1873 777 1937 auditu,
821 1870 1031 1925 auditus
1075 1878 1243 1922 autem
1290 1883 1382 1936 per
1407 1864 1616 1920 verbum
1656 1862 1753 1937 (ὁ).
1798 1862 1905 1919 Sed
1943 1862 2084 1929 dico,

483 1965 735 2037 numquid
757 1981 858 2019 non
879 1960 1192 2017 audierunt?
1245 1958 1361 2013 Imo
1410 1958 1465 2012 in
1496 1972 1697 2013 omnem
1717 1964 1907 2010 terram
1933 1954 2086 2009 exivit

480 2075 638 2113 sonus
667 2073 865 2124 eorum,
898 2065 945 2109 et
984 2054 1052 2107 ad
1074 2052 1313 2108 terminos
1338 2050 1473 2105 orbis
1491 2048 1564 2123 (c)
1584 2048 1733 2103 verba
1754 2064 1952 2103 eorum.
1981 2046 2090 2102 Sed

484 2152 624 2206 dico:
652 2148 921 2220 Numquid
951 2147 1121 2201 Israel
1148 2161 1250 2200 non
1277 2144 1464 2199 scivit?
1488 2141 1696 2197 Primus
1714 2140 1926 2211 dloyses
1943 2140 2085 2205 dicit,

484 2241 602 2315 Ego
634 2239 857 2296 incitabo
884 2257 970 2295 vos
1000 2241 1053 2295 in
1080 2256 1181 2295 non
1200 2247 1404 2311 gentem
1424 2279 1439 2303 ,
1470 2237 1524 2291 in
1552 2246 1751 2309 gentem
1778 2237 2092 2291 insensatam

486 2337 796 2392 exacerbabo
820 2351 927 2390 vos.
957 2333 1145 2390 Esaias
1174 2344 1347 2389 autem
1370 2330 1525 2386 audet
1562 2340 1610 2385 et
1655 2330 1811 2396 dicit,
1856 2328 2093 2400 Apparui

487 2439 655 2483 autem
684 2429 764 2482 his
787 2427 875 2498 qui
906 2444 984 2483 me
1010 2443 1110 2481 non
1139 2424 1220 2499 (ά)
1241 2432 1498 2494 quaerunt,
1528 2425 1761 2478 inventus
1782 2438 1893 2477 sum
1922 2422 1986 2476 iis
2005 2421 2094 2491 qui

488 2536 571 2575 me
596 2537 699 2574 non
718 2518 1101 2590 interrogabant
1118 2517 1321 2591 (Esaia.
1350 2533 1482 2582 va,
1507 2517 1585 2588 1).
1622 2515 1702 2569 Ad
1725 2513 1899 2570 Israel
1925 2524 2094 2568 autem

489 2616 614 2686 quid
642 2615 807 2669 dicit?
828 2613 959 2669 Tota
985 2613 1066 2677 die
1095 2610 1173 2686 (Ι)
1200 2611 1404 2667 extendi
1423 2627 1609 2666 manus
1636 2627 1772 2665 meas
1810 2610 1878 2663 ad
1939 2608 2095 2680 125

492 2708 742 2778 populum
754 2722 857 2760 non
873 2704 1490 2777 audientem(ltom.x,13
1507 2713 1554 2757 et
1569 2703 1701 2774 seq.)
1714 2745 1726 2756 .
1738 2702 1945 2774 (e)Quis
1972 2702 2094 2756 caeli

493 2798 750 2863 circulos,
779 2796 1047 2853 incertum
1078 2796 1435 2866 incorporeus
1467 2809 1536 2847 an
1566 2807 1884 2864 corporeus,
1914 2807 2097 2863 egres-

491 2904 605 2956 sus,
632 2890 846 2944 lidelior
876 2889 1041 2943 Paulo
1068 2887 1339 2942 dictorum
1364 2886 1804 2956 propheticorum
1828 2890 2097 2957 interpres

495 2982 748 3038 exstitisti
773 2978 842 3053 (ll
864 2977 983 3034 Cor.
1010 2994 1111 3043 xu,
1130 2976 1190 3047 2)
1207 2978 1229 3031 ?
1245 2977 1378 3044 Quis
1406 2976 1763 3031 inenarranda
1791 2977 2095 3033 caelestium

2187 1780 2451 1836 Joannem
2492 1774 2877 1845 evangelistam
2926 1773 3193 1828 dicentem
3228 1771 3360 1846 (xu,
3391 1770 3486 1841 41)
3509 1791 3523 1824 ι
3548 1769 3676 1825 Herc
3696 1786 3812 1824 au-

2191 1884 2291 1928 tent
2320 1870 2449 1925 dixit
2479 1867 2685 1932 Esaias,
2725 1866 2931 1939 quando
2952 1865 3078 1920 vidit
3101 1864 3162 1937 ('i)
3196 1865 3440 1919 honorem
3461 1864 3604 1935 eius,
3638 1874 3687 1917 et
3718 1863 3813 1916 lo-

2191 1975 2339 2021 cutus
2378 1972 2450 2018 est
2494 1961 2558 2016 de
2583 1977 2641 2016 eo
2689 1959 2840 2031 (Esa.
2868 1975 2954 2026 vr,
2988 1960 3065 2029 l).
3096 1959 3233 2015 Hine
3273 1958 3586 2029 apostolicis
3609 1999 3625 2019 ,
3668 1957 3813 2012 hinc

2190 2053 2539 2127 evangelicis,
2570 2053 2695 2108 hinc
2726 2051 3057 2122 propheticis
3083 2050 3242 2106 dictis
3266 2092 3283 2114 ,
3314 2050 3476 2120 impie
3500 2047 3763 2104 ltmreticc
3790 2091 3807 2115 ,

2193 2148 2556 2206 concluderis.
2587 2145 2776 2202 Esaias
2798 2147 2942 2201 enim
2972 2146 3139 2200 Deum
3171 2143 3334 2209 vidit;
3378 2151 3582 2198 etcum
3627 2144 3814 2210 scrip-

2196 2253 2306 2299 tum
2332 2244 2403 2298 sit
2433 2264 2447 2296 :
2475 2240 2644 2295 Deum
2675 2255 2826 2295 nemo
2853 2238 2978 2293 vidit
3011 2237 3091 2311 (‘2)
3123 2240 3195 2311 (j)
3224 2253 3467 2307 umquam
3491 2278 3506 2302 ,
3535 2236 3639 2290 nisi
3676 2236 3808 2290 uni-

2194 2337 2399 2408 genitus
2444 2332 2586 2404 [ilius
2612 2374 2627 2400 ,
2672 2332 2758 2403 qui
2783 2342 2857 2386 est
2895 2332 2954 2386 in
2981 2332 3099 2385 sinu
3149 2329 3355 2397 Patris,
3388 2328 3501 2396 ipse
3536 2329 3810 2382 enarravit

2197 2428 2380 2502 (Joan.
2411 2443 2465 2491 ι.
2517 2425 2646 2498 l8);
2678 2426 2843 2480 Deutn
2893 2433 3071 2480 tamen
3103 2422 3363 2495 propheta
3392 2421 3565 2488 vidit,
3594 2431 3651 2476 et
3684 2422 3813 2492 glo-

2197 2521 2332 2577 riam
2363 2519 2478 2591 ejus
2513 2534 2683 2587 usque
2735 2516 2803 2572 ad
2850 2517 3114 2573 invidiam
3146 2514 3476 2587 prophetica:
3519 2514 3811 2585 dignitatis

2197 2614 2469 2686 adspexit.
2499 2611 2633 2668 Nam
2664 2611 2717 2667 in
2743 2610 2999 2682 judicium
3028 2609 3219 2665 mortis
3239 2610 3310 2663 ob
3340 2607 3480 2664 hanc
3507 2623 3733 2663 causam
3777 2623 3811 2662 a

2185 2705 2400 2761 Judaeis
2419 2714 2571 2760 actus
2602 2715 2707 2759 est.

2281 2796 2440 2869 126
2468 2798 2559 2853 54.
2586 2794 2829 2851 Pressius
2845 2793 3128 2850 ostenditur
3151 2793 3349 2849 Filium
3369 2793 3433 2848 ab
3454 2791 3615 2846 Esaia
3638 2791 3812 2845 Deum

2199 2905 2374 2945 verum
2398 2888 2729 2959 prtvdicatnm
2756 2903 2883 2942 esse.
2913 2885 3284 2943 Haereticorum
3309 2886 3364 2941 id
3390 2886 3688 2957 negantium
3712 2884 3813 2937 do-

2200 2981 2301 3036 lus.
2327 3011 2397 3022 -—
2426 2980 2594 3035 Deum
2626 2980 2805 3051 itaque
2838 2979 3037 3035 nemini
3065 2980 3235 3035 visum
3260 3022 3276 3045 ,
3305 2979 3621 3050 unigenitus
3662 2977 3812 3031 [ilius

493 3076 875 3148 mysteriorum
904 3071 1129 3126 audiens
1157 3079 1492 3125 sacramenta
1530 3078 1585 3124 et
1627 3080 1812 3125 tacens
1835 3111 1851 3137 ,
1892 3071 2097 3141 majore
2122 3069 2168 3133 C
2200 3075 2290 3147 qui
2320 3075 2371 3129 in
2400 3075 2522 3131 sinu
2549 3074 2726 3131 Patris
2752 3085 2836 3130 est
2876 3074 3168 3129 enarravit.
3210 3077 3314 3129 Aut
3343 3073 3580 3129 dissolve
3611 3072 3809 3143 unige-

495 3169 615 3224 hmc
637 3167 828 3223 ﬁducia
858 3167 1109 3221 revelata:
1140 3166 1233 3220 tibi
1280 3180 1309 3218 a
1343 3165 1451 3219 Deo
1495 3165 1735 3219 scientiae
1764 3167 2099 3235 praedicasti?

500 3262 633 3329 Quis
660 3261 725 3315 ad
768 3258 1158 3330 plenitudinem
1205 3256 1492 3313 dominicae
1536 3257 1803 3328 passionis
1839 3262 1988 3317 cruci
2018 3278 2103 3318 re-

498 3354 820 3421 servandus,
844 3362 999 3408 antea
1020 3353 1068 3406 in
1089 3350 1395 3421 paradisum
1414 3362 1602 3418 raptus
1628 3355 1886 3421 evadens,
1909 3356 2103 3413 melius

500 3447 569 3502 de
606 3446 806 3503 divinis
840 3444 1136 3515 Seripturis
1176 3442 1461 3499 electionis
1498 3458 1629 3500 vase
1676 3444 1937 3514 docuisti,
1988 3448 2102 3504 haec

502 3540 751 3594 nesciens
772 3538 915 3593 dicta
939 3545 1199 3608 gestaque
1229 3551 1352 3590 esse
1382 3550 1410 3589 a
1437 3535 1547 3591 Deo
1576 3552 1729 3603 vero,
1757 3546 1811 3591 et
1840 3538 1906 3592 ad
1944 3539 2105 3596 intel-

501 3630 780 3700 ligentiam
812 3627 905 3684 ι)ρί
934 3627 1045 3684 veri
1074 3642 1103 3681 a
1134 3641 1264 3683 vero
1284 3626 1402 3699 ejus
1425 3637 1480 3683 et
1500 3627 1675 3684 electo
1694 3630 1941 3697 apostolo
1970 3647 2106 3701 pra:-

505 3721 722 3778 dicata?

593 3862 673 3936 (l)
702 3862 979 3938 Ezpandi,
1008 3864 1162 3938 juxta
1192 3868 1300 3922 vim
1338 3867 1497 3938 graeci
1527 3866 1772 3923 vocabuli
1799 3869 2099 3934 ἐξεπέτασα.

506 3947 535 4013 f-
582 3934 663 4016 (2)
698 3934 952 4009 Umquam
971 3934 1126 3993 abest
1151 3952 1180 3992 a
1214 3953 1316 3994 ms.
1343 3934 1550 3995 Veron.

606 4056 659 4123 α)
677 4053 739 4109 1η
763 4068 865 4107 ms.
891 4048 1058 4124 Carn.
1089 4066 1116 4124 a
1146 4051 1317 4115 prima
1340 4067 1525 4124 manu,
1550 4068 1705 4122 quam
1726 4050 1921 4106 veloces
1941 4053 2110 4124 pedes.

603 4120 655 4197 b)
677 4125 1024 4180 Removimus
1047 4122 1173 4178 hinc
1192 4124 1411 4178 verbum
1436 4120 1825 4189 Dei,'veterum
1854 4120 2110 4179 librorum

506 4198 849 4253 auctoritate.

581 4267 656 4339 (c)
681 4267 739 4321 In
761 4265 992 4339 vulgatis
1017 4264 1105 4339 hic
1128 4264 1345 4320 additur
1365 4264 1714 4339 terraiquod
1732 4265 1887 4321 abest
1916 4281 1945 4320 a
1974 4281 2107 4322 mss.

583 4337 664 4411 (ά)
698 4337 861 4411 Editi,
887 4337 1212 4411 (timebant:
1240 4337 1663 4411 repugnantibus
1688 4352 1819 4411 mss.

589 4406 663 4481 (ε)
696 4406 1024 4481 Bad.Aet_Er.
1050 4420 1172 4481 cum
1203 4407 1371 4481 unico
1399 4421 1499 4481 ms.
1530 4407 1687 4461 (Iolb.
1720 4408 1960 4462 minima:
1980 4423 2108 4463 auc-

509 4476 744 4537 toritatis
768 4495 781 4531 :
819 4476 948 4544 Quis
970 4478 1021 4550 in
1047 4476 1459 4550 tertiumcaelum
1479 4480 1813 4548 incorporeus
1833 4496 1900 4533 an
1921 4495 2103 4550 corpo-

510 4569 628 4607 reus
651 4552 936 4621 ingressus.
969 4546 1325 4621 ln_ed_it._aliis
1348 4546 1736 4621 retentum'est
1776 4546 2105 4605 verbum'in-

510 4617 734 4697 gressus.
760 4619 920 4697 Quod
949 4629 1002 4673 et
1032 4617 1219 4697 habuit
1239 4632 1340 4697 _m_s.
1377 4617 1542 4697 Carn.
1573 4636 1600 4697 ξι
1628 4620 1799 4689 prima
1834 4626 2113 4697 manulAt

511 4688 540 4750 Ξ
573 4693 808 4751 secunda
833 4692 1179 4761 consentiens
1203 4688 1321 4761 aliis
1346 4704 1477 4744 mss.
1506 4691 1687 4755 habet,
1722 4707 1977 4761 egressus.
2013 4691 2111 4745 Pa-

511 4766 619 4822 lam
666 4771 751 4819 est
793 4761 879 4816 hic
908 4759 1104 4829 respici
1152 4759 1301 4813 Pauli
1344 4772 1557 4828 raptum
1599 4759 1765 4831 usque
1795 4764 1844 4815 in
1893 4762 2108 4815 tertium

514 4838 710 4894 emtum
766 4832 893 4904 (qui
943 4830 1158 4900 quidem
1190 4830 1243 4885 in
1273 4832 1407 4904 psal.
1440 4848 1613 4888 cxxxv
1639 4873 1655 4897 ,
1684 4830 1747 4888 n.
1781 4833 1866 4894 10,
1905 4833 1982 4887 sic
2012 4850 2112 4887 ex-

520 4901 781 4979 primitur
805 4901 828 4960 i
852 4901 981 4979 Cum
1010 4915 1192 4979 raptus
1219 4901 1289 4979 u_d
1330 4905 1482 4979 cretes
1521 4909 1625 4975 est)
1656 4920 1668 4956 :
1699 4919 1974 4979 moxuvcro
2000 4904 2111 4979 Διιιιί

512 4973 830 5049 subjicitur,
867 4973 1092 5049 Quisgad
1118 4973 1511 5049 plenitudinem,
1545 4973 1852 5049 etc..al|_utli
1881 4975 2112 5049 atlnhzec

512 5043 693 5106 Colos.
711 5066 748 5114 ι,
770 5047 842 5102 24
869 5063 882 5099 :
917 5045 1187 5113 Adimpteo
1212 5060 1272 5099 ea
1290 5061 1404 5114 qua:
1429 5046 1609 5100 desunt
1632 5047 1930 5113 passionum
1951 5043 2075 5100 Cltri
2088 5076 2103 5084 -

512 5122 598 5175 sti.
620 5123 694 5175 Ita
714 5121 767 5174 in
786 5119 868 5171 his
890 5116 1124 5170 Hilarius
1147 5115 1516 5172 adversarium
1538 5133 1658 5172 cum
1682 5116 1943 5184 Apostolo
1961 5132 2108 5171 com-

511 5203 685 5261 parat,
719 5199 777 5243 ut
821 5201 943 5258 quae
983 5187 1132 5241 Pauli
1178 5196 1340 5255 sunt,
1372 5189 1426 5243 in
1475 5188 1621 5243 illum
1651 5188 1900 5245 conferre
1927 5188 2110 5244 videa-

515 5271 622 5315 tur.

584 5330 654 5403 (ι’)
681 5328 909 5403 Quidam
939 5342 1069 5403 mss.
1098 5344 1163 5403 ea:
1180 5328 1445 5403 propheta:
1470 5329 1674 5403 spiritu.

586 5398 663 5492 (ξ)
696 5400 869 5468 Editi,
897 5415 1012 5471 qua:
1045 5400 1173 5470 facis
1199 5398 1588 5455 reluctantibus
1621 5416 1751 5457 mss.
1782 5410 1836 5457 et
1866 5416 2044 5474 graeco
2071 5401 2107 5459 ἃ

514 5492 767 5531 ποιησεις.

586 5541 670 5613 (lt)
698 5539 853 5608 Apud
906 5540 1034 5613 Ball.
1088 5547 1141 5613 et
1184 5538 1303 5609 Evn,
1337 5543 1801 5609 pronuntiaverat:
1839 5544 1997 5600 male.
2045 5541 2109 5599 In

514 5610 701 5667 codice
729 5619 907 5664 autem
942 5610 1056 5663 Vat.
1092 5611 1208 5663 bas.
1252 5613 1649 5679 praenuntiabat.
1699 5614 1754 5671 ln
1805 5615 1925 5669 aliis
1980 5630 2110 5670 vero

515 5683 699 5750 libris,
730 5680 1158 5751 prwnuntiaverat
1191 5696 1209 5735 :
1259 5684 1455 5738 verius.
1498 5683 1634 5740 Tum
1662 5687 1879 5753 excusi,
1919 5696 2110 5757 myste-

2205 3168 2304 3223 niti
2331 3170 2735 3223 enarrationem
2757 3209 2774 3235 ,
2805 3167 2885 3239 (5)
2927 3178 3022 3222 aut
3066 3167 3228 3222 crede
3258 3167 3346 3236 qui
3377 3167 3526 3221 visus
3567 3176 3686 3232 est,
3717 3166 3810 3235 qui

2205 3261 2454 3332 apparuit
2482 3276 2589 3316 non
2617 3260 3044 3331 intelligentibus
3078 3275 3137 3315 se
3158 3301 3174 3326 ,
3211 3257 3292 3332 (4)
3322 3257 3398 3332 (k)
3425 3267 3480 3314 et
3520 3256 3700 3314 factus
3726 3268 3815 3313 est

2205 3357 2444 3427 gentium
2470 3369 2575 3408 uon
2606 3353 2967 3408 invocantium
2996 3367 3075 3417 se,
3105 3360 3159 3408 et
3181 3350 3439 3422 expandit
3460 3364 3656 3404 manus
3682 3356 3813 3404 ante

2206 3448 2466 3520 populum
2496 3446 2957 3502 contradicentem
2990 3462 3005 3499 :
3035 3445 3106 3500 ita
3158 3454 3334 3499 tamen
3363 3451 3422 3498 ut
3462 3451 3519 3497 et
3558 3440 3813 3497 servien-

2210 3543 2348 3598 tibus
2389 3541 2490 3599 sibi
2532 3555 2729 3596 nomen
2764 3556 2963 3596 novum
2997 3547 3251 3605 vocetur,
3285 3548 3338 3593 et
3376 3537 3431 3593 in
3468 3536 3632 3591 terris
3666 3535 3816 3592 Deus

2209 3648 2369 3689 verus
2418 3632 2771 3689 benedicatur
2817 3639 2979 3700 atque
3020 3630 3253 3701 juretur.
3301 3628 3371 3698 (ι)
3411 3626 3705 3698 Prophetia
3736 3626 3815 3680 lo-

2209 3727 2414 3798 quitur,
2440 3724 2788 3798 Evangelium
2815 3733 3060 3789 testatur,
3086 3722 3378 3794 Apostolus
3396 3720 3813 3792 interpretatur,

2309 3868 2363 3939 5)
2396 3869 2496 3924 Aut
2522 3868 2689 3923 Deum
2715 3868 2886 3923 crede.

2309 3872 2363 3939 5)
2396 3872 2496 3924 Aut
2522 3872 2689 3923 Deum
2715 3872 2886 3923 crede.

2284 3872 2364 4014 ξι)
2406 3940 2472 3994 Et
2498 3940 2671 4011 palam
2695 3940 2865 4011 factus
2890 3947 2962 3996 est
2988 3939 3129 4012 genti
3148 3955 3250 3993 non
3273 3938 3533 3994 invocanti
3552 3956 3633 3997 se.

2218 4056 2354 4108 rium
2378 4055 2827 4127 incorporationis.
2865 4055 3174 4127 Elegantius
3205 4068 3337 4109 mss.
3378 4057 3681 4127 mysterium
3704 4074 3817 4112 cor-

2220 4126 2537 4198 porationis.
2566 4124 2637 4181 Ut
2676 4136 2856 4198 autem
2908 4124 3094 4181 llilarii
3140 4124 3517 4192 argumentum
3572 4132 3816 4198 apertius

2222 4206 2442 4266 pateat,
2499 4197 2577 4268 sic
2628 4213 2733 4251 uno
2780 4197 3096 4268 syllogismo
3146 4204 3322 4268 potest
3374 4197 3811 4267 comprehendi:

2221 4269 2403 4322 Esaias
2429 4267 2563 4322 vidit
2588 4268 2774 4331 Deum,
2797 4266 2851 4321 vt
2872 4309 2887 4333 ,
2923 4270 2949 4323 1
2979 4308 2995 4333 ,
3041 4266 3158 4321 Vidi
3194 4266 3472 4320 Dominum
3513 4269 3775 4324 sedentem
3798 4313 3812 4330 .

2213 4340 2495 4405 etr.,atqui
2529 4354 2635 4392 non
2663 4338 2820 4391 aliam
2849 4338 2941 4393 Dei
2968 4353 3249 4408 personam
3280 4347 3667 4408 praeterquam
3694 4341 3816 4397 Filii

2214 4409 2507 4484 vidit_t._tttv.
2529 4410 2617 4484 ‘4‘:
2654 4408 2765 4463 Nec
2795 4410 2933 4484 oculi
2958 4406 3119 4464 nostri
3148 4406 3384 4465 viderunt
3412 4406 3580 4464 Deum
3630 4424 3817 4484 printer

2213 4492 2260 4536 te
2282 4497 2300 4534 :
2329 4480 2495 4535 Filius
2528 4480 2688 4549 igitur
2717 4489 2801 4535 est
2833 4482 2994 4537 Deus.

2297 4550 2358 4622 (i)
2392 4551 2446 4605 In
2480 4551 2733 4624 vulgatis,
2767 4551 2986 4624 gloriam
3020 4569 3040 4607 :
3067 4568 3095 4605 a
3123 4568 3225 4622 qua
3252 4567 3385 4606 voce
3415 4566 3524 4624 non
3549 4552 3809 4610 abhorret

2218 4620 2471 4678 llilarius.
2505 4620 2833 4692 Reponim'us
2867 4636 3041 4678 tamen
3072 4620 3315 4678 honorem
3341 4637 3406 4678 ex
3433 4620 3541 4677 tide
3573 4639 3712 4680 mss.

2287 4693 2354 4765 (ἱ)
2388 4693 2467 4747 Ab
2489 4691 2740 4765 omnibus
2768 4691 2883 4749 lere
2910 4711 3038 4749 mss.
3072 4694 3158 4749 hic
3180 4695 3331 4749 abest
3349 4709 3626 4765 umquam,
3660 4710 3816 4752 secus

2216 4762 2347 4837 vero
2375 4764 2414 4819 l.
2445 4782 2494 4837 v,
2529 4781 2582 4818 n.
2607 4762 2699 4826 4‘2,
2724 4777 2781 4837 et
2812 4766 2845 4819 I.
2874 4780 3020 4831 vt,n.
3050 4765 3310 4837 59.Qnotl
3338 4762 3465 4837 (col.
3498 4764 3630 4831 127,
3662 4769 3816 4822 not.b

2216 4835 2383 4909 hujus
2400 4834 2660 4909 editionis)
2685 4835 3027 4909 observatum
3056 4845 3163 4902 est,
3187 4836 3279 4909 Dei
3308 4834 3529 4909 nomine
3549 4878 3565 4900 ,
3593 4838 3689 4893 ubi
3710 4839 3818 4894 haec

2218 4906 2320 4961 vox
2342 4906 2661 4976 simpliciter
2688 4907 3204 4979 occurritLPatretn
3234 4908 3302 4963 ab
3331 4907 3568 4979 antiquis
3592 4909 3817 4979 intelligi

2213 4980 2411 5041 solere,
2442 4980 2675 5032 maxime
2705 4979 2757 5030 in
2787 4980 2940 5033 hisce
2962 4978 3186 5033 Joannis
3219 4979 3395 5033 verbis
3421 4978 3601 5032 locum
3635 4978 3814 5036 habet.

2215 5048 2305 5104 Sic
2347 5064 2509 5119 porro
2550 5047 2784 5103 Hilarius
2831 5050 3223 5104 ratiocinator:
3258 5049 3449 5103 Esaias
3495 5064 3566 5103 ex
3595 5049 3818 5107 Joannis

2216 5120 2523 5175 testimonio
2562 5120 2731 5174 Deum
2774 5120 2908 5175 vidit
2957 5138 2969 5174 :
3003 5130 3057 5174 at
3087 5121 3257 5177 Deum
3289 5120 3507 5175 Patrem
3535 5133 3570 5173 a
3603 5123 3818 5179 nemine

2212 5190 2387 5262 visum
2416 5190 2705 5262 johannes
2735 5190 2878 5246 idem
2927 5201 3154 5247 testatur
3187 5208 3201 5245 :
3235 5190 3367 5246 vidit
3416 5192 3580 5262 igitur
3632 5192 3819 5249 Esaias

2215 5260 2380 5317 Deum
2414 5261 2630 5316 Filium.

2284 5332 2361 5402 (lt)
2390 5333 2534 5388 Editi
2565 5346 2685 5387 cum
2738 5333 2982 5401 pluribus
3022 5348 3154 5388 mss.
3178 5373 3192 5395 ,
3219 5341 3270 5388 et
3297 5333 3473 5402 palam
3519 5332 3697 5401 [actus
3752 5342 3817 5390 est

2211 5404 2350 5472 genti
2375 5421 2477 5458 non
2507 5404 2763 5458 invocanti
2791 5420 2864 5458 se.
2899 5405 3187 5474 Exemplar
3210 5404 3372 5459 Carn.
3402 5445 3418 5469 ,
3450 5405 3736 5474 factusgest
3772 5407 3818 5458 in

2214 5475 2380 5545 medio
2401 5475 2651 5545 gentium,
2683 5484 2788 5531 etc.
2826 5474 3018 5532 Verius
3063 5473 3390 5529 vetustiores
3433 5489 3565 5530 mss.
3617 5473 3814 5541 Colb..

2216 5544 2426 5614 “etillg.
2460 5554 2514 5617 et
2540 5544 2749 5617 Germ,
2781 5549 2947 5617 factus
2971 5557 3043 5600 est
3078 5547 3305 5616 gentium
3335 5561 3438 5600 non
3468 5546 3815 5602 invocantium

2217 5631 2291 5679 se,
2321 5612 2537 5685 supple,
2570 5612 2714 5669 Deus
2736 5612 2999 5685 proprius.

2290 5686 2356 5758 (ι)
2411 5685 2501 5743 Sic
2522 5700 2653 5742 mss.
2683 5686 2754 5741 At
2778 5687 2931 5756 editi,
2956 5686 3238 5757 Propheta.
3260 5685 3399 5745 Nota
3418 5687 3506 5744 bic
3533 5702 3645 5746 non
3665 5689 3817 5745 modo
