3960 6202
95 244 206 301 £33

1362 246 1448 303 DE
1484 243 1861 303 TRINITATE
1905 244 2110 302 LIBER
2148 243 2213 302 V.

3312 241 3417 303 154

95 358 355 416 Ecclesia
382 360 725 426 conﬁtetur,
750 359 913 416 Deum
934 372 1123 416 verum
1154 374 1276 417 esse
1316 360 1407 431 qui
1439 361 1584 417 visus
1613 361 1717 427 sit;
1747 370 1801 431 Α
1826 375 2009 416 rerum
2045 360 2477 419 ostenderemus.
2515 361 2603 429 Et,
2637 370 2692 417 ιιι
2726 360 2798 435 (f)
2826 374 3022 433 spero,
3050 376 3113 418 ca
3151 361 3419 421 dictorum

96 467 223 508 cum
252 460 451 508 tamen
483 453 657 508 Deum
706 463 909 525 patrem
948 451 1120 508 visum
1152 467 1312 509 nemo
1348 453 1580 509 fateatur
1616 471 1629 506 :
1662 462 1719 511 et
1822 455 2061 509 omnium
2094 454 2363 511 absolutio
2389 454 2521 521 fuit,
2545 462 2606 510 ut
2637 454 2778 510 Deus
2804 470 2963 512 verus
2991 456 3418 529 intelligeretur,

98 558 169 601 eo
196 544 450 600 heretici
480 544 686 601 furoris
718 545 957 615 prorupit
977 546 1209 612 insania,
1239 554 1297 601 ut
1314 544 1442 602 dum
1466 546 1713 603 conﬁteri

99 655 162 696 se
204 641 459 701 simulat.
488 641 804 711 denegaret.
832 640 1000 710 Negat
1034 642 1180 696 enim
1232 655 1372 696 novo
1423 639 1715 696 confessio-

101 734 189 790 nis
215 732 300 805 (α)
331 734 614 805 impieque
640 734 896 799 consilio;
925 743 980 790 et
998 744 1116 790 arte
1140 734 1363 790 subdola
1394 733 1551 789 ﬁdem
1587 734 1713 789 dum

100 827 396 894 mentitur,
421 826 615 884 eludit.
641 828 771 883 Cum
794 827 936 883 enim
956 825 1207 883 confesso
1230 842 1336 882 uno
1365 827 1476 883 Deo
1496 826 1718 883 eodem-

102 934 208 990 que
231 934 371 975 vero
398 930 457 975 et
485 921 607 975 solo
624 919 793 991 justo,
818 920 937 975 solo
959 919 1204 989 sapiente
1222 960 1237 983 ,
1265 919 1386 975 solo
1413 920 1717 976 indemuta-

104 1012 199 1067 bili
219 1053 237 1076 ,
288 1012 420 1068 solo
468 1011 795 1079 immortali,
828 1012 945 1068 solo
973 1020 1223 1083 potente,
1254 1012 1538 1083 subjicitur
1562 1022 1618 1068 et
1653 1013 1716 1067 ti-

103 1108 210 1165 lius
237 1110 293 1164 in
321 1109 645 1165 diversitate
675 1108 994 1164 substantiae
1017 1151 1033 1177 ,
1066 1123 1175 1164 non
1211 1124 1279 1164 ex
1320 1109 1428 1166 Deo
1455 1120 1612 1165 natus
1658 1110 1714 1166 in

106 1203 275 1257 Deum
300 1244 317 1267 ,
346 1200 452 1257 sed
484 1217 580 1272 per
604 1202 935 1257 creationem
960 1210 1243 1271 susceptus
1279 1202 1332 1256 in
1363 1201 1534 1258 ﬁlium
1559 1244 1576 1270 ,
1605 1217 1711 1257 non

104 1302 316 1349 natura:
348 1293 560 1350 habens
608 1309 804 1349 nomen
829 1334 845 1361 ,
895 1294 990 1350 sed
1039 1293 1345 1365 adoptionis
1373 1295 1595 1350 sortitus
1620 1309 1716 1362 ap-

104 1387 502 1457 pellationem;
533 1400 758 1441 necesse
786 1399 870 1441 est
910 1393 971 1440 ut
1016 1385 1100 1440 his
1126 1386 1374 1442 omnibus
1402 1397 1584 1442 careat
1619 1386 1713 1441 Fi-

102 1477 233 1544 lius,
256 1493 381 1550 qna:
410 1479 479 1535 ad
505 1478 845 1549 privilegium
889 1478 1145 1534 solitaria:
1171 1479 1224 1533 in
1256 1478 1414 1535 Patre
1458 1478 1712 1550 majesta-

108 1572 177 1627 tis
206 1580 337 1627 sunt
367 1573 679 1643 praedicata.

170 1666 264 1721 55.
297 1666 487 1721 Ariani
519 1682 681 1721 unum
701 1682 875 1722 verum
922 1665 1085 1722 Deum
1113 1668 1366 1723 nesciunt.
1405 1667 1530 1726 Cur.
1575 1668 1714 1734 Quid

1822 545 1914 616 qui
1940 546 2083 602 Deus
2107 561 2231 603 esse
2261 562 2369 602 non
2400 547 2716 619 negabatur.
2748 547 3009 617 Reliquus
3046 560 3227 606 autem
3276 565 3420 606 nunc

1822 640 2000 694 omnis
2023 655 2205 697 sermo
2231 641 2302 696 ad
2342 640 2395 696 id
2428 641 2703 711 proﬁciet,
2732 650 2791 697 ut
2815 643 2906 713 qui
2949 644 3090 699 Deus
3117 660 3277 700 verus
3297 660 3420 709 esse

1822 733 2160 804 intelligitur.
2191 747 2298 788 non
2325 735 2377 788 in
2409 734 2574 790 Deum
2602 735 2832 791 alterum
2856 734 3170 806 deputetur;
3201 738 3415 808 etquod

1819 822 1887 880 ad
1918 825 1997 895 (g)
2016 824 2247 880 alterum
2277 840 2384 880 non
2420 824 2669 896 proﬁcit,
2720 825 2789 881 ad
2837 841 2998 893 unum
3044 827 3372 899 intelligatur
3401 845 3417 884 :

1821 933 1985 973 unum
2017 927 2196 974 autem
2243 918 2379 973 illud
2417 935 2523 974 non
2565 919 2951 975 subsistentem
2987 930 3231 977 naturam
3261 923 3417 994 ,peri-

1820 1017 1932 1064 mat
1955 1010 2008 1065 in
2041 1010 2178 1065 Filio
2197 1051 2211 1077 ,
2243 1010 2342 1066 sed
2368 1011 2420 1066 in
2445 1010 2555 1066 Deo
2580 1020 2637 1067 et
2666 1011 2777 1067 Deo
2797 1020 3042 1068 naturam
3072 1013 3163 1069 Dei
3190 1013 3415 1087 (Iocon-

1818 1110 1999 1159 servet
2022 1103 2206 1158 unius.
3194 1164 3197 1167 λ

1892 1194 1984 1250 56.
2045 1193 2202 1263 Quod
2248 1211 2313 1249 ea:
2357 1193 2539 1268 Moyse
2572 1192 2747 1251 Filius
2798 1211 2913 1251 cum
2968 1194 3122 1253 Patre
3170 1214 3306 1253 unus
3348 1200 3415 1254 sit

1819 1285 1982 1343 Deus.
2016 1318 2087 1328 —
2112 1288 2372 1345 Veritatis
2402 1291 2539 1345 ratio
2572 1291 2838 1361 postulat,
2881 1292 2950 1348 ab
2986 1306 3052 1348 eo
3097 1292 3307 1349 initium
3333 1292 3416 1348 in-

1818 1380 2134 1451 telligentia:
2165 1382 2319 1437 istius
2344 1383 2484 1436 sumi
2511 1423 2526 1447 ,
2550 1398 2645 1453 per
2672 1399 2831 1454 quem
2851 1384 3184 1441 manifestari
3214 1386 3415 1442 smeulo

1819 1471 1960 1529 Deus
1976 1484 2187 1545 cmptus
2207 1484 2307 1539 est,
2326 1472 2391 1546 (i)
2418 1474 2596 1547 Moyse
2619 1490 2875 1548 namque,
2893 1478 3049 1547 cujus
3073 1493 3170 1533 ore
3198 1476 3316 1534 haec
3339 1479 3407 1535 de

1816 1581 1876 1622 se
1919 1568 2227 1637 unigenitus
2273 1568 2414 1623 Deus
2446 1568 2725 1638 professus
2766 1578 2852 1626 est
2890 1587 2905 1623 :
2945 1568 3165 1637 Videte,
3211 1571 3410 1636 videte.

1816 1661 2060 1730 quoniam
2087 1677 2183 1733 ego
2206 1677 2321 1715 sum
2348 1661 2524 1728 Deus,
2574 1672 2620 1717 et
2669 1679 2770 1719 non
2822 1674 2896 1719 est
2942 1663 3084 1720 Deus
3123 1674 3309 1737 praeter
3337 1682 3418 1721 me

108 1758 304 1813 duobus
346 1759 706 1826 superioribus
734 1759 882 1813 libris
921 1761 1203 1829 praestitum
1225 1802 1239 1824 ,
1270 1760 1395 1831 quid
1421 1764 1539 1833 jam
1577 1777 1710 1832 prw-
1741 1759 1787 1820 Β
1818 1753 1997 1826 (Deut.
2033 1770 2179 1809 xxxn
2199 1796 2215 1822 ,
2249 1754 2363 1826 59).
2396 1754 2475 1811 Ac
2520 1771 2589 1812 ne
2621 1757 2760 1812 forte
2786 1757 2919 1813 dicti
2955 1757 3113 1828 hujus
3143 1759 3216 1830 (j)
3242 1759 3414 1814 virtu-

115 1851 376 1904 staadunt.
405 1881 481 1891 —
503 1850 690 1907 Nescit
717 1851 972 1907 ha‘retica
994 1852 1319 1921 perversitas
1345 1867 1509 1906 unum
1538 1853 1706 1908 Deum

110 1957 290 1997 verum
316 1956 489 1998 nosse
516 1952 574 1998 et
592 1944 860 2010 conliteri;
892 1953 944 2000 et
965 1952 1120 1999 extra
1145 1944 1437 2013 impietatis
1463 1960 1704 2013 sensum,

105 2034 467 2093 confessionis
489 2036 654 2107 hujus
692 2047 779 2093 est
806 2048 860 2093 et
897 2037 1030 2093 ﬁdes
1053 2047 1108 2093 et
1135 2037 1511 2107 intelligentia.
1555 2039 1708 2093 Prius

107 2127 445 2185 conﬁtendus
489 2140 574 2186 est
602 2130 679 2203 (ὁ)
708 2129 873 2185 Pater
918 2139 973 2186 et
1011 2130 1184 2186 Filius
1210 2172 1226 2197 ,
1276 2140 1337 2185 ut
1380 2147 1521 2187 unus
1547 2146 1708 2187 verus

110 2221 241 2277 Deus
266 2223 446 2292 possit
493 2224 724 2295 intelligi
754 2241 769 2278 :
796 2232 854 2279 et
873 2224 1106 2294 cognitis
1141 2224 1495 2279 sacramentis
1519 2225 1709 2281 salutis

112 2317 354 2371 humanae
378 2358 397 2382 ,
428 2332 552 2387 qua:
582 2317 635 2372 in
667 2318 823 2372 nobis
868 2333 963 2389 per
996 2317 1423 2389 regenerationis
1457 2318 1707 2374 virtutem

111 2412 163 2465 in
188 2409 345 2467 Patre
374 2422 433 2467 et
467 2411 607 2467 Filio
640 2411 708 2483 (c)
737 2422 1182 2468 consmumantur
1220 2413 1286 2469 ad
1333 2414 1497 2469 vitam
1521 2456 1538 2480 ,
1579 2416 1711 2486 legis

113 2514 163 2558 et
207 2503 599 2575 prophetarum
645 2514 772 2560 sunt
800 2505 1051 2574 mysteria
1088 2508 1485 2578 c0nsequenda.
1532 2508 1708 2565 Unum

118 2596 275 2651 Deum
307 2612 505 2652 rerum
539 2613 646 2651 non
694 2598 1049 2668 apprehendit
1087 2598 1268 2669 ignara
1296 2600 1621 2671 evangelicae
1657 2609 1711 2656 et

117 2692 420 2760 apostolica:
449 2691 855 2762 praedicationis
879 2693 1147 2763 impietas.
1175 2693 1340 2762 Cujus
1362 2694 1607 2765 quamvis
1638 2694 1711 2748 in-

118 2786 500 2856 telligentiam.
532 2802 704 2857 usque
738 2787 803 2842 ad
833 2787 1287 2842 absolutissimam
1331 2803 1471 2843 verae
1496 2788 1710 2859 pietatis

119 2880 543 2948 professionem,
593 2895 660 2935 ex
702 2881 834 2950 ipsis
872 2881 952 2953 (α)
1000 2895 1188 2935 eorum
1238 2882 1497 2936 doctrinis
1552 2882 1708 2955 127

120 2973 526 3041 prtestabimus;
560 2980 621 3027 ut
646 2972 907 3028 indivisus
945 2981 1103 3043 atqttc
1134 2973 1510 3044 inseparabilis
1534 3016 1548 3038 .
1602 2992 1707 3031 non

122 3081 181 3120 ex
204 3082 433 3137 persona
453 3108 468 3129 .
497 3067 592 3121 sed
624 3081 690 3122 ex
721 3076 933 3133 natura,
967 3067 1266 3122 subsistens
1291 3082 1356 3121 ex
1388 3067 1547 3122 Patre
1587 3068 1706 3123 uni-

1814 1858 1920 1905 tem
1948 1849 2203 1907 haeretica
2227 1851 2478 1920 impietas
2502 1851 2567 1906 ad
2599 1862 2805 1922 patrem
2839 1852 3212 1909 innascibilem
3247 1852 3413 1908 Deum

1812 1942 2045 2010 referat;
2077 1954 2131 1999 et
2171 1944 2286 2013 ipsa
2312 1944 2438 2000 dicti
2471 1945 2609 1999 ratio
2631 1985 2643 2008 ,
2690 1955 2744 1999 et
2783 1944 3073 2015 Apostolus
3103 1954 3292 2000 auctor
3314 1958 3413 2002 oc-

1811 2037 2016 2102 currit,
2057 2039 2146 2108 qui
2176 2055 2244 2094 ex
2280 2053 2510 2109 persona
2541 2038 2803 2110 unigeniti
2831 2038 2959 2105 Dei,
2998 2039 3137 2092 sicut
3162 2038 3412 2108 superius

1812 2128 1926 2203 (lib.
1958 2146 2044 2198 tv,
2087 2148 2143 2185 ιι.
2194 2131 2287 2199 55)
2318 2130 2602 2188 docuimus
2625 2172 2641 2196 ,
2688 2132 3026 2204 intelligendi
3060 2132 3223 2187 totius
3254 2130 3415 2202 hujus

1811 2224 2082 2279 sermonis
2110 2225 2379 2294 interpres
2404 2235 2522 2291 est;
2546 2235 2600 2280 et
2633 2224 2738 2280 hoc
2761 2225 2905 2295 quod
2933 2225 3135 2281 dictum
3165 2233 3268 2291 est,
3301 2222 3415 2279 ιω-

1812 2317 1993 2371 tamini
2014 2328 2188 2387 gentes
2216 2336 2334 2373 eum
2359 2319 2503 2390 plebe
2524 2321 2636 2392 (jus
2664 2320 2844 2392 (Deut.
2868 2335 3038 2385 xxxn,
3062 2318 3164 2383 43;
3191 2325 3238 2371 et
3260 2315 3414 2373 llam.

1812 2425 1952 2478 xvii,
1990 2411 2116 2479 10),
2167 2413 2444 2483 proprium
2484 2413 2604 2483 ejus
2630 2428 2755 2469 esse
2795 2413 3213 2479 demonstravit,
3249 2412 3417 2482 subji-

1810 2506 1962 2561 cicns
1987 2507 2054 2560 ad
2088 2505 2248 2562 ﬁdem
2279 2506 2407 2561 dicti
2444 2522 2457 2559 :
2492 2506 2561 2561 Et
2600 2508 2693 2561 erit
2722 2508 2878 2562 rudia:
2910 2506 3074 2573 lesse,
3113 2518 3161 2561 et
3183 2508 3273 2575 qui
3300 2525 3414 2562 sur-

1811 2608 1891 2671 get
1919 2614 2094 2671 regere
2117 2610 2308 2670 gentes,
2332 2601 2386 2653 in
2412 2615 2527 2654 eum
2546 2609 2721 2669 gentes
2744 2600 3018 2671 sperabunt
3045 2598 3244 2671 (Ibid.,
3277 2598 3345 2654 12
3362 2600 3400 2670 ).

1813 2691 2195 2748 Dcmonstrato
2223 2692 2385 2763 igitur
2405 2707 2503 2763 per
2535 2691 2753 2762 Moysen
2785 2707 2852 2747 eo
2880 2692 2969 2761 qui
3003 2690 3214 2748 dixerat
3246 2710 3260 2747 :
3288 2690 3412 2747 Non

1811 2799 1885 2845 est
1914 2787 2055 2844 Deus
2081 2798 2267 2855 prwler
2297 2807 2407 2855 me,
2433 2790 2485 2844 in
2513 2805 2579 2845 eo
2615 2789 2777 2861 quod.
2797 2790 2871 2843 ait
2896 2807 2910 2843 :
2946 2789 3213 2844 Ltetamini
3242 2800 3415 2861 gentes

1809 2883 1965 2939 simul
1984 2900 2102 2938 cum
2125 2899 2219 2947 eo;
2248 2892 2304 2938 et
2331 2884 2590 2952 Apostolo
2621 2881 2672 2935 id
2716 2881 2890 2949 ipsum
2924 2879 2998 2952 (It)
3029 2881 3093 2934 ad
3120 2881 3407 2936 Dominum

1813 2984 2056 3031 nostrum
2089 2974 2275 3031 Jesum
2305 2974 2585 3029 Christum
2622 2974 2958 3044 unigenitum
3005 2973 3171 3027 Deum
3215 2973 3415 3027 intelli-

1812 3080 1997 3141 gente,
2030 3071 2085 3125 in
2116 3083 2222 3139 quo
2250 3068 2545 3124 secundum
2568 3083 2786 3124 carnem
2817 3082 2881 3123 ex
2916 3066 3093 3122 radice
3121 3066 3275 3123 Jcsse
3293 3081 3414 3121 sur-

123 3162 317 3229 genitus
347 3159 726 3230 intelligatttr;
781 3168 837 3215 et
885 3174 982 3229 per
1010 3158 1064 3213 id
1095 3174 1232 3214 unus
1278 3158 1416 3216 Deus
1456 3161 1554 3229 sit,
1585 3162 1707 3231 quia
1737 3150 1782 3212 C
1811 3172 1971 3235 gente
1998 3176 2124 3232 rege
2157 3162 2317 3234 128
2344 3162 2585 3231 gentium
2618 3175 2745 3231 spes
2786 3168 2906 3225 est,
2953 3160 3065 3230 ipsa
3096 3175 3240 3214 nutic
3281 3158 3411 3214 dicti

124 3268 178 3307 ex
209 3264 392 3308 natura
427 3254 524 3308 Dei
556 3253 697 3307 Deus
723 3252 793 3307 sit
826 3271 840 3308 :
879 3261 1059 3307 tamen
1096 3268 1162 3307 cx
1200 3252 1527 3323 propheticis
1554 3253 1712 3309 dictis

127 3346 361 3415 perfectae
407 3338 833 3416 hujos'unitatis
862 3344 998 3400 ﬁdes
1036 3353 1122 3400 est
1156 3343 1229 3419 (e)
1265 3345 1624 3412 exstruenda,
1656 3356 1713 3403 et

129 3439 238 3495 hinc
255 3440 588 3509 evangelicze
620 3438 813 3493 domus
848 3448 972 3492 sunt
998 3439 1242 3507 ponenda
1275 3437 1618 3502 fundamina;
1652 3448 1711 3494 ut

130 3548 216 3600 per
230 3533 473 3588 eannlem
497 3540 746 3586 naturam
774 3530 1071 3586 divinitatis
1096 3530 1256 3585 unius
1282 3546 1419 3586 unus
1444 3530 1587 3586 Deus
1615 3545 1711 3599 per

132 3624 178 3678 id
201 3624 544 3695 intelligatur.
578 3622 721 3692 quod
747 3623 798 3676 in
834 3622 999 3677 Deum
1030 3622 1257 3676 alterum
1296 3622 1439 3677 Deus
1468 3623 1711 3691 unigeni-

131 3726 207 3771 tus
234 3736 331 3771 non
362 3716 618 3773 refertur.
649 3715 946 3770 Tenuimus
976 3715 1121 3769 enim
1142 3713 1290 3768 omni
1320 3714 1420 3768 hoc
1441 3715 1710 3769 sermonis

132 3812 282 3865 uestri
311 3810 492 3865 libello
520 3823 646 3864 eum
676 3806 959 3871 ordinem,
1009 3814 1069 3861 ut
1113 3806 1163 3860 in
1196 3805 1388 3873 quibus
1426 3807 1711 3876 snperiore

132 3905 254 3959 libro
282 3904 444 3958 Deum
475 3904 644 3958 lilium
696 3901 1054 3957 docueramns
1077 3942 1091 3966 ,
1127 3901 1179 3956 in
1209 3901 1338 3971 ipsis
1369 3916 1511 3957 nunc
1540 3900 1710 3958 Deum

134 4064 189 4105 ex
213 4047 391 4118 prophs
414 4046 535 4101 ticis
556 4086 571 4111 ,
606 4042 969 4118 evangelicis,
1011 4040 1431 4118 apostolicisque
1462 4042 1707 4118 testimo-

134 4111 227 4173 niis
260 4111 413 4174 ﬁdem
446 4116 655 4171 adstrtti
680 4157 695 4182 ,
745 4111 839 4170 sed
883 4116 1047 4169 etiam
1090 4128 1155 4166 cx
1188 4111 1445 4167 Ecclesia:
1493 4112 1707 4168 confes-

135 4205 346 4332 milia.
378 4260 563 4314 codice
596 4255 1127 4332 Vat.bas.‘adjici_tur
1149 4270 1275 4309 sine.
1313 4253 1411 4309 Hic
1440 4254 1707 4311 indicatur

138 4326 339 4399 t‘pistola
373 4333 695 4387 Arianorum
719 4330 784 4382 ad
814 4326 1198 4399 Alexandrum.

203 4403 274 4475 (ὁ)
303 4401 736 4475 Ειιιιινιιιςιτννειι.
785 4401 906 4475 bas.
932 4438 952 4475 ,_
986 4414 1133 4475 verus
1169 4396 1332 4475 Pater
1360 4411 1379 4450 :
1404 4396 1545 4475 quod
1583 4412 1702 4475 cum

1812 3256 1951 3310 ratio
1983 3256 2260 3310 tractanda
2292 3264 2409 3321 est,
2448 3263 2507 3308 ut
2536 3254 2657 3324 quia
2701 3255 2902 3309 dictum
2938 3271 3043 3308 non
3090 3253 3409 3324 anibigitur,

1812 3357 2082 3418 quatenus
2112 3347 2316 3402 dictum
2348 3348 2418 3402 sit
2441 3349 2611 3417 possit
2637 3346 2883 3416 intelligi.

1883 3440 1973 3495 57.
2010 3439 2111 3506 Qui
2143 3438 2281 3494 Deus
2303 3457 2367 3494 ea:
2394 3439 2499 3493 Deo
2524 3440 2644 3494 etin
2673 3440 2848 3494 eadem
2877 3449 3083 3493 natura.
3113 3469 3186 3481 —
3213 3439 3408 3495 Verum

1810 3542 1867 3590 et
1892 3534 2196 3589 absolutum
2223 3542 2280 3589 et
2308 3533 2600 3602 perfectum
2628 3534 2751 3590 ﬁdei
2785 3544 2983 3589 nostra:
3005 3543 3401 3589 sacramentum

1813 3637 1927 3695 est,
1958 3628 2123 3684 Deum
2148 3644 2216 3685 ex
2245 3630 2377 3695 Deo,
2417 3641 2473 3684 et
2502 3630 2667 3685 Deum
2711 3631 2763 3685 in
2800 3631 2909 3685 Deo
2959 3629 3202 3685 conﬁteri
3232 3645 3248 3687 :
3303 3645 3409 3683 non

1813 3721 2190 3792 corporalibus
2217 3722 2430 3789 modis,
2464 3723 2557 3777 sed
2597 3722 2791 3778 divinis
2820 3724 3144 3790 virtutibus;
3179 3740 3278 3779 nec
3313 3739 3409 3778 na-

1815 3822 1949 3867 tura:
1976 3814 2030 3868 in
2061 3824 2305 3869 naturam
2356 3815 2753 3885 translttsione,
2806 3815 2901 3870 sed
2950 3814 3014 3889 (ι)
3051 3815 3310 3887 mysterio
3357 3824 3414 3871 et

1817 3914 2082 3975 potestate
2109 3915 2335 3963 naturae.
2360 3906 2476 3962 Non
2504 3910 2646 3962 enim
2672 3923 2767 3978 per
2786 3907 3151 3964 desectionem
3174 3916 3269 3962 aut
3288 3922 3415 3977 pro-

1885 4041 1955 4114 (f)
1992 4042 2221 4097 Verbum
2277 4057 2429 4111 spero
2458 4040 2809 4114 omittitgms.
2858 4041 2983 4097 Vat.
3038 4040 3153 4095 bas.
3206 4040 3409 4097 Eodem

1813 4112 1975 4168 sensu
2011 4129 2107 4181 pro
2150 4114 2358 4184 opinari
2388 4123 2630 4184 usurpat
2659 4112 2990 4184 Augustinus
3037 4115 3196 4182 epist.
3228 4127 3369 4167 cum
3396 4155 3410 4178 ,

1813 4201 1871 4239 ιι.
1901 4184 1972 4238 2‘2
1999 4180 2019 4238 ξ
2043 4180 2229 4239 Plures
2256 4225 2270 4247 ,
2301 4184 2476 4253 inquit
2496 4180 2890 4245 ,‘Celestii’sunt
2920 4180 3192 4237 sectatores
3212 4223 3227 4248 ,
3258 4199 3411 4254 quam

1810 4273 2017 4327 sperare
2042 4271 2331 4327 possumus.

1884 4326 1960 4399 (g)
1984 4320 2124 4381 Editi
2157 4342 2279 4399 cum
2304 4323 2461 4399 unico
2500 4326 2803 4399 recentiore
2831 4338 2932 4399 ms.
2961 4320 3117 4399 Colb.
3146 4366 3161 4389 ,
3188 4324 3242 4379 in
3272 4326 3404 4399 alte-

1809 4395 1948 4451 ms
1969 4415 2069 4452 non
2099 4398 2336 4468 proﬁcit,
2369 4395 2424 4468 id
2464 4411 2641 4468 unum.
2680 4397 2808 4451 Pust
2832 4396 2899 4451 ad
2931 4396 3148 4449 alterum
3174 4435 3189 4460 ,
3218 4398 3410 4468 supple

140 4458 419 4541 huiusmodi
442 4458 751 4527 auditiones
784 4470 908 4523 alihi
935 4458 1132 4524 habeat
1157 4510 1172 4533 ,
1202 4469 1271 4521 ab
1303 4458 1705 4536 interpolatoris
1732 4458 1784 4519 D
1809 4458 2247 4536 constituendum,
2299 4458 2380 4521 vel
2409 4466 2572 4521 intelli
2610 4468 2837 4535 endam;
2866 4477 2918 4521 et
2949 4475 3070 4535 post
3097 4458 3184 4520 ad'
3209 4458 3368 4522 unum
3390 4509 3406 4539 ,

141 4560 280 4598 manu
312 4554 627 4600 temeratum
667 4542 930 4610 suspicari
962 4548 1066 4594 est.
1091 4539 1200 4598 Cur
1243 4539 1295 4593 in
1328 4538 1702 4611 haereticorum
1809 4539 2109 4611 intelligere
2140 4551 2223 4593 est
2250 4550 2477 4611 mentem,
2503 4486 2711 4611 refferre,
2738 4549 2831 4594 aut
2857 4538 3127 4609 pertinere.
3184 4608 3196 4611 _
3306 4610 3313 4611 ί

141 4538 280 4598 manu
312 4554 627 4600 temeratum
667 4542 930 4610 suspicari
962 4548 1066 4594 est.
1091 4539 1200 4598 Cur
1243 4539 1295 4593 in
1328 4538 1702 4610 haereticorum

141 4629 335 4670 sensum
369 4634 471 4671 non
510 4614 669 4671 cadat
705 4609 794 4667 Dei
825 4613 938 4665 veri
975 4612 1242 4681 cognitio,
1294 4612 1372 4681 sic
1404 4613 1542 4664 ratio
1581 4609 1706 4664 red-

142 4686 271 4741 ditur
313 4690 399 4741 lih.
431 4704 554 4751 vnt,
609 4701 758 4738 num.
783 4684 854 4739 6:
895 4681 1021 4737 Cum
1047 4679 1302 4752 sapientia
1325 4679 1559 4752 Qhristus
1607 4684 1701 4745 sit,

142 4772 319 4811 necesse
352 4770 421 4813 est
459 4770 513 4812 ut
550 4766 694 4812 extra
740 4756 1046 4825 sapientiam
1095 4750 1191 4820 sit,
1219 4752 1307 4822 qui
1328 4750 1588 4806 Christum
1617 4761 1707 4806 aut

143 4826 319 4896 ignora!
340 4841 424 4883 aut
454 4831 584 4883 odit.

204 4901 271 4963 lc)
313 4902 404 4955 llic
450 4901 930 4970 Spirittts_sancttis
972 4896 1143 4970 {iterat
1172 4894 1552 4970 nominandus,
1602 4894 1704 4970 nisi

147 4976 238 5023 tota
266 4984 398 5026 esset
433 4966 574 5027 nunc
598 4970 664 5023 tle
691 4968 852 5023 Patre
881 4977 935 5022 et
974 4966 1110 5031 Filio
1155 4967 1544 5022 controversia.
1593 4966 1699 5021 Sed

147 5042 475 5107 suspicionem
499 5043 699 5097 nullam
729 5039 983 5109 relinquit
1011 5039 1133 5093 libri
1161 5054 1199 5092 tt
1227 5037 1529 5092 exordium.

207 5110 277 5183 (d)
307 5112 433 5168 llittd
459 5129 633 5167 eorum
658 5111 737 5166 sic
758 5109 990 5183 refertur
1013 5110 1078 5164 ad
1101 5110 1405 5183 euangelica:
1426 5118 1471 5161 et
1497 5117 1705 5178 aposto-

149 5179 243 5235 lica
260 5179 650 5249 praedicationis.
681 5181 904 5250 perinde
932 5197 993 5233 ac
1022 5183 1067 5235 si
1107 5181 1311 5235 dictum
1350 5185 1524 5250 esset,
1552 5194 1706 5233 evan-

74 5249 81 5257 ’
150 5253 399 5327 gelirornm
417 5266 462 5310 et
487 5253 887 5327 apostolicoruni
919 5267 1228 5327 prteconnm.
1255 5249 1456 5305 Deinde
1486 5250 1702 5327 nonin-

153 5322 438 5394 tclligentlus
466 5320 546 5381 est
577 5323 743 5378 Filius
771 5338 800 5394 ιι
836 5323 995 5378 Patre
1024 5326 1183 5378 etiam
1211 5337 1277 5377 ex
1311 5335 1537 5391 persona
1568 5320 1707 5375 divi-

154 5393 307 5449 susac
344 5397 687 5467 separabilis,
738 5393 839 5448 nisi
885 5403 1147 5467 quatenus
1175 5396 1277 5450 hoc
1305 5403 1511 5449 tantum
1549 5402 1707 5449 sonat

157 5476 369 5529 persona:
396 5465 672 5533 utriusque
701 5465 1122 5521 distinctionem.

216 5536 280 5606 (α)
308 5537 358 5591 lu
401 5539 659 5607 vulgatis,
710 5537 1010 5591 astruenda.
1055 5538 1109 5592 In
1140 5553 1243 5593 ms.
1281 5536 1447 5593 Carn.
1475 5552 1505 5591 a
1534 5537 1705 5607 prima

162 5619 324 5672 nianu,
353 5609 624 5675 struenda;
653 5624 682 5663 a
710 5609 941 5662 secunda
975 5620 1175 5673 autem,
1212 5608 1532 5673 instruenda,
1567 5607 1708 5663 unde

161 5677 445 5751 etiannum
471 5678 621 5751 Cnlh.
650 5679 861 5734 transiit
888 5681 1074 5735 eadem
1106 5681 1285 5736 lectio.
1315 5682 1502 5751 Aptius
1525 5681 1575 5733 in
1605 5694 1710 5735 Cac-

164 5750 269 5801 tezis
295 5750 608 5804 exstruendo.

1809 4539 2109 4609 intelligere
2140 4551 2223 4593 est
2250 4550 2471 4594 mentem
2503 4538 2711 4609 referre,
2738 4549 2831 4594 aut
2857 4538 3127 4609 pertinere.

1882 4611 1963 4679 (li)
2005 4608 2153 4666 Unus
2199 4626 2230 4665 e
2279 4626 2412 4666 mss.
2442 4608 2597 4664 Coll).
2623 4652 2639 4675 ,
2681 4608 3028 4674 consummet,
3057 4608 3198 4680 quod
3245 4610 3406 4665 etiam

1808 4679 2031 4736 Carnut.
2060 4682 2313 4738 secundis
2337 4682 2483 4737 curis
2508 4680 2670 4737 habet
2703 4700 2716 4736 :
2750 4682 2925 4737 minus
2958 4681 3026 4735 ad
3052 4679 3287 4736 mentem
3312 4680 3406 4735 ﬂi-

1884 4824 1945 4896 (i)
1977 4824 2174 4880 Excnsi
2221 4824 2306 4880 hic
2336 4822 2664 4890 prml‘crunt,
2692 4822 2918 4895 Moyses.
2951 4831 3003 4896 et
3036 4829 3155 4889 post
3180 4821 3403 4877 verbum

1807 4892 2067 4968 professus
2110 4906 2213 4953 est.
2262 4895 2523 4968 adjiciunt
2544 4896 2620 4968 ait
2653 4912 2671 4949 :
2697 4892 3056 4968 renitentibus
3093 4908 3224 4946 mss.
3259 4902 3404 4948 toto-

1806 4965 1912 5038 que
1937 4966 2478 5038 contextuinonnihil
2508 4967 2755 5034 abrupto.
2800 4965 3062 5038 Malntnus
3098 4978 3220 5017 cunt
3254 4975 3400 5020 vete-

1809 5035 1955 5110 ribus
1986 5040 2156 5102 libris,
2192 5037 2369 5108 Moyse
2389 5054 2625 5107 namque.
2660 5038 2776 5089 sine
2801 5037 2874 5089 ait
2896 5076 2909 5096 ,
2946 5035 3047 5110 hoc
3074 5045 3156 5110 est
3180 5072 3193 5093 .
3221 5050 3400 5110 nempe

1807 5126 1839 5162 a
1870 5107 2068 5179 Moyse.
2103 5105 2311 5176 Quippe
2339 5105 2557 5177 nauaque
2590 5122 2687 5178 pro
2709 5122 2892 5176 nempe
2915 5105 3048 5160 alias
3071 5105 3181 5174 jam
3212 5105 3401 5164 obser-

1809 5179 2053 5234 vavimus
2082 5179 2282 5234 Hilario
2309 5184 2589 5231 usitatum.

1907 5250 1950 5318 ἰ)
1977 5252 2083 5305 Sic.
2110 5266 2241 5305 mss.
2271 5249 2411 5303 Editi
2441 5264 2591 5315 vero,
2620 5250 2898 5304 veritatem.

1907 5250 1950 5318 ἰ)
1977 5252 2083 5305 Sic.
2110 5266 2241 5305 mss.
2271 5250 2411 5303 Editi
2441 5264 2591 5315 vero,
2620 5250 2898 5304 veritatem.

1879 5250 1954 5393 fit)
1986 5319 2112 5375 Bad.
2136 5362 2152 5386 ,
2183 5320 2276 5393 Er.
2302 5330 2355 5393 et
2386 5321 2532 5393 Lips.
2560 5362 2576 5388 ,
2614 5319 2996 5393 inADomirtum.
3042 5317 3309 5376 Pat'tirula
3348 5322 3402 5376 in

1808 5389 2073 5461 expuncta
2101 5401 2185 5447 est
2210 5391 2445 5445 editiooe
2489 5390 2611 5446 Par.
2667 5389 2879 5445 Habent
2921 5398 3101 5445 autem
3151 5407 3281 5447 mss.
3332 5394 3401 5447 ad

1811 5461 2112 5523 Dominum.
2145 5464 2333 5532 supple
2357 5461 2541 5531 referri
2561 5504 2576 5527 ,
2620 5462 2705 5517 vel
2737 5464 3006 5530 pertinere.

1881 5535 1944 5608 (ι)
1977 5535 2136 5608 lllutl_
2146 5534 2235 5608 sed
2261 5534 2504 5605 mysterio
2529 5533 2789 5608 illustrari
2820 5541 2995 5608 potest
3018 5532 3100 5587 his
3125 5533 3399 5608 Attilirosii

1812 5602 1906 5660 lib.
1929 5602 1984 5660 tv
2008 5606 2076 5660 de
2100 5604 2248 5667 Fide.
2278 5602 2332 5659 οἶ
2358 5609 2407 5663 9.
2436 5620 2492 5658 η.
2520 5605 2623 5661 105
2648 5623 2659 5658 :
2687 5602 2957 5658 Ceneratio
2988 5620 3088 5659 non
3124 5606 3177 5659 in
3217 5607 3395 5661 volun-

1813 5678 1930 5731 tatis
1955 5676 2289 5749 possibilitate
2313 5684 2409 5741 est,
2434 5676 2523 5729 sed
2552 5678 2605 5729 in
2623 5678 2746 5749 jure
2762 5676 2986 5749 quodam
3024 5685 3071 5731 et
3093 5678 3403 5749 proprietate

1813 5741 2015 5815 paterni
2054 5748 2251 5802 videtur
2272 5763 2381 5802 esse
2403 5749 2582 5801 set-reti
2606 5741 2641 5814 ,⁷
2659 5741 2945 5813 θιρζριιιιά
2978 5741 3107 5803 vero
3135 5741 3222 5802 hic
3261 5765 3399 5815 mys-
