3960 6202
583 241 687 298 1ἲὶ5

1790 234 2032 297 SANCTI
2066 234 2218 299 lllLA
2228 234 2321 297 Rll
2360 236 2671 299 EPISCOPI
3763 242 3847 301 156

584 356 885 413 tensionem
914 362 1005 411 aut
1030 355 1419 412 derivationem
1442 369 1506 410 ex
1531 356 1642 412 Deo
1668 356 1809 412 Deus
1834 363 1919 412 est
1939 397 1954 424 ,
1985 357 2079 413 sed
2109 372 2175 412 ex
2203 361 2257 420 Α
2280 357 2415 412 enim
2452 371 2503 412 es
2548 351 2710 424 Deus,
2742 364 2792 411 et
2828 354 3196 423 nesciebamus,
3226 355 3392 423 Deus,
3439 352 3608 412 Israel
3650 357 3847 413 salvator

581 451 782 507 virtute
814 457 1017 505 natura:
1044 450 1098 505 in
1148 458 1394 505 naturam
1437 450 1684 506 eamdem
1735 450 2009 506 nativitate
2049 452 2177 508 sub—

583 545 748 601 sistit.
780 541 888 598 Res
934 544 1077 614 ipsas
1115 543 1330 613 planius
1371 543 1714 615 consequens
1745 544 1881 600 liber
1908 545 2179 617 evangeli-

587 652 775 694 corum
802 645 962 706 atque
1008 637 1434 706 aposmlicorum
1483 636 1752 692 dictorum
1799 637 2067 708 interpres
2093 637 2179 693 lo-

585 739 778 802 quetur
807 746 820 784 :
852 727 947 783 sed
975 727 1190 783 interim
1220 742 1288 784 ex
1321 729 1438 797 lege
1472 737 1526 784 et
1557 729 1837 800 prophetis
1869 730 2002 797 hoc,
2035 728 2179 799 quod

583 835 653 878 et‘
688 820 957 892 loquimur
975 829 1031 875 et
1079 820 1352 877 credimus
1378 863 1393 888 ,
1449 828 1536 877 est
1559 820 1883 878 docendum.
1917 821 2180 878 Nativitas

585 917 748 987 igitur
777 915 869 970 Del
912 930 1018 969 non
1046 922 1229 987 potest
1254 930 1361 970 non
1389 930 1507 970 eam
1531 956 1545 981 ,
1570 930 1634 971 cx
1666 932 1768 987 qua
1797 915 2035 988 profecta
2063 924 2178 984 est,

572 1004 775 1063 tenere
806 1014 1075 1060 naturam.
1121 1004 1306 1077 Neque
1336 1006 1478 1063 enim
1510 1007 1655 1062 aliud
1688 1022 1846 1077 quam
1882 1007 2022 1062 Deus
2048 1008 2179 1064 sub-

583 1099 749 1163 sistit,
785 1097 929 1169 quod
974 1113 1079 1153 non
1109 1097 1328 1153 aliunde
1358 1114 1519 1169 quam
1574 1098 1648 1171 (a)
1682 1115 1750 1154 ex
1777 1100 1889 1155 Deo
1914 1100 2176 1155 subsistit.

587 1190 849 1246 Eamdem
896 1198 1078 1246 autem
1112 1198 1357 1245 naturam
1386 1191 1460 1264 (ὁ)
1509 1191 1579 1247 ita
1605 1232 1620 1257 ,
1653 1206 1759 1246 non
1806 1201 1867 1247 ut
1910 1201 2070 1249 natus
2113 1196 2185 1248 sit

586 1282 703 1354 ipse
727 1283 815 1354 qui
838 1282 1025 1354 genuit
1066 1283 1213 1355 (nam
1238 1283 1510 1349 quomodo
1531 1285 1635 1339 erit
1662 1285 1797 1353 ipse,
1828 1300 1947 1339 cum
1972 1285 2183 1355 genitus

589 1377 745 1448 sitl),
767 1374 863 1431 sed
901 1374 954 1429 iu
989 1374 1071 1429 his
1096 1375 1227 1444 ipsis
1269 1375 1526 1429 subsistat
1558 1377 1649 1431 ille
1692 1378 1782 1447 qui
1826 1378 2040 1447 genitus
2076 1386 2180 1445 est,

592 1470 666 1545 (c)
688 1484 806 1542 qua:
831 1477 972 1525 lotus
989 1479 1069 1525 est
1090 1473 1205 1539 ipse
1234 1471 1323 1541 qui
1354 1472 1701 1543 genuit:quia
1733 1487 1838 1527 nou
1868 1473 2183 1531 estaliuude

590 1563 732 1633 quod
760 1563 969 1632 genitus
1000 1571 1102 1617 est.
1138 1563 1208 1618 Et
1239 1578 1334 1634 per
1365 1563 1465 1619 hoc
1500 1581 1604 1619 non
1647 1564 1881 1620 refertur
1908 1565 1974 1621 ad
2002 1567 2144 1622 aliud
2167 1609 2183 1635 ,

590 1657 731 1726 quod
763 1659 812 1713 in
845 1672 1008 1712 unum
1038 1659 1283 1715 subsistit
1316 1675 1382 1714 ex
1418 1675 1523 1715 uno
1549 1676 1562 1714 :
1589 1674 1763 1729 neque
1801 1674 1997 1715 novum
2044 1660 2096 1715 iu
2124 1676 2185 1717 se

2281 448 2454 520 (Esai.
2483 463 2588 505 xcv
2613 487 2629 515 ,
2661 447 2729 503 14
2754 489 2768 515 ,
2803 449 2915 520 l5).
2947 446 3026 522 (2)
3064 447 3141 521 (It)
3173 448 3401 504 Exserat
3443 462 3502 506 se
3541 449 3595 504 in
3644 450 3770 507 hanc
3801 462 3848 508 et

2283 550 2488 596 naturas
2512 550 2568 595 et
2590 540 2823 595 nominis
2840 539 3255 611 inseparabilem
3275 540 3669 612 professionem
3694 542 3844 598 hmre-

2283 633 2405 689 ticze
2450 633 2742 704 impietatis
2776 634 3092 704 desperatus
3126 632 3305 689 furor:
3335 636 3557 703 ethaec,
3593 636 3640 691 si
3668 645 3840 706 potest,

2282 727 2443 783 dictis
2467 741 2531 783 ac
2571 728 2732 783 rebus
2754 727 2924 792 unita,
2959 726 3148 783 rabido
3186 728 3421 783 vesania:
3462 743 3576 785 suae
3618 745 3710 786 ore
3735 746 3844 789 cnn-

2285 831 2490 890 cerpat.
2541 820 2597 874 lu
2636 820 2746 876 Deo
2792 821 2935 875 Deus
2975 829 3080 884 est,
3112 829 3167 875 et
3205 830 3403 890 praeter
3432 835 3555 875 eum
3599 822 3731 876 Deus
3754 839 3843 879 non

2284 921 2400 978 est;
2426 912 2836 968 dissolvateum
2867 911 2958 982 qui
3000 914 3158 978 inest,
3193 914 3261 968 ab
3286 927 3354 969 eo
3393 914 3443 967 in
3490 929 3600 985 quo
3624 916 3777 971 inest:
3800 928 3848 972 et

2283 1004 2605 1059 sacramenti
2636 1003 2793 1074 hujus
2835 1004 3243 1075 intelligentiam
3271 1005 3477 1061 dividat
3505 1006 3585 1078 (5)
3622 1007 3682 1079 (i)
3708 1024 3845 1077 gene-

2285 1113 2403 1153 rum
2437 1099 2712 1153 varietate.
2739 1097 2873 1153 Nam
2911 1099 2963 1152 in
2996 1110 3063 1153 eo
3101 1098 3244 1169 quod
3285 1100 3380 1165 ait,
3413 1098 3482 1154 In
3518 1110 3565 1156 te
3602 1098 3732 1156 Deus
3763 1112 3842 1168 est,

2286 1200 2491 1245 natura:
2518 1190 2609 1245 Dei
2639 1190 2803 1261 patris
2826 1191 2879 1244 in
2910 1191 3016 1245 Deo
3046 1188 3154 1245 filio
3184 1190 3368 1246 docuit
3410 1192 3719 1259 veritatem,
3744 1211 3844 1249 cum

2287 1280 2340 1336 in
2369 1296 2435 1336 eo
2464 1282 2602 1337 Deus
2632 1283 3020 1352 intelligeretur
3043 1297 3165 1339 esse
3187 1280 3276 1354 qui
3307 1285 3449 1340 Deus
3480 1295 3580 1341 est.
3604 1286 3661 1341 lit
3682 1303 3740 1343 eo
3767 1266 3845 1343 vc;

2287 1387 2347 1428 ro
2378 1373 2518 1443 quod
2545 1373 2803 1445 subjecit:
2830 1372 2898 1427 Et
2929 1383 3119 1445 prteter
3141 1384 3189 1429 te
3210 1392 3313 1431 non
3355 1388 3429 1431 est
3463 1376 3621 1432 Deus:
3643 1381 3849 1435 ostendit

2288 1473 2485 1537 praeter
2512 1480 2636 1520 eum
2679 1466 2844 1521 Deum
2883 1481 2990 1521 non
3038 1482 3181 1535 esse,
3234 1469 3359 1539 quia
3387 1468 3443 1524 in
3490 1485 3551 1525 se
3583 1469 3687 1526 Deo
3731 1472 3849 1527 Deus

2288 1561 2509 1615 inesset.
2557 1560 2669 1615 Hoc
2716 1574 2844 1615 vero
2872 1561 3011 1630 quod
3057 1562 3274 1618 tertium
3311 1571 3413 1629 est,
3445 1562 3523 1617 Tu
3551 1580 3603 1618 es
3645 1563 3788 1628 Deus,
3811 1574 3849 1619 el

2288 1654 2656 1719 nesciebamus,
2690 1652 2938 1708 humanae
2988 1653 3363 1725 intelligentiae
3392 1655 3533 1726 piam
3577 1665 3633 1712 et
3663 1658 3848 1713 fidelem

589 1758 675 1804 est
695 1791 709 1816 ,
732 1749 876 1819 quod
899 1749 1030 1805 vivit
1051 1762 1119 1806 ex
1147 1752 1269 1805 vivo
1293 1766 1308 1804 :
1332 1764 1505 1821 neque
1528 1751 1681 1807 abest
1701 1766 1731 1805 a
1758 1766 1839 1819 se,
1870 1751 2010 1823 quod
2036 1751 2186 1807 vivus
2216 1765 2264 1825 Β
2292 1756 2516 1803 testatur
2544 1747 2955 1818 professionem,
2980 1762 3103 1817 quas
3131 1748 3360 1819 cognitis
3390 1750 3679 1804 nativitatis
3716 1765 3849 1822 mys-

588 1842 768 1913 genttit
816 1830 893 1914 (d)
943 1842 995 1897 in
1051 1842 1252 1899 vivum.
1306 1844 1385 1899 Ac
1436 1845 1513 1899 sic
1554 1846 1607 1899 in
1656 1844 2008 1915 generatione
2066 1842 2186 1899 Filii

587 1935 636 2010 (1
651 1937 669 2007 )
684 1946 735 1991 ει
759 1946 1003 1992 naturam
1025 1936 1176 1992 suam
1202 1938 1270 2010 (ε)
1286 1939 1532 2010 sequitur
1550 1939 1904 2010 incorporalis
1923 1945 2080 2010 atquc
2098 1939 2186 1994 in-

586 2030 928 2085 demutabilis
962 2030 1122 2097 Deus,
1151 2032 1544 2102 incorporalem
1563 2040 1722 2103 atque
1744 2030 2185 2087 indemutabilem

590 2125 755 2178 Deum
787 2124 1011 2194 gignens
1042 2142 1057 2178 :
1091 2138 1192 2179 nec
1219 2135 1464 2179 naturam
1496 2139 1649 2180 suam
1690 2123 1891 2181 deserit
1920 2140 1983 2180 ex
2011 2126 2187 2180 incor-

588 2216 761 2287 porali
805 2225 967 2286 atque
995 2214 1359 2273 indcmutabili
1388 2218 1497 2273 Deo
1527 2218 1881 2288 incorporalis
1916 2227 2077 2289 atquc
2102 2218 2187 2272 in-

587 2308 935 2363 demutabilis
973 2308 1066 2364 Dei
1117 2308 1351 2377 perfecta
1389 2311 1677 2379 nativitas,
1723 2324 1819 2379 per
1859 2309 1963 2365 hoc
2002 2309 2187 2381 utique

588 2401 934 2457 subsistentiis
961 2415 1029 2455 ex
1062 2400 1173 2457 Deo
1214 2402 1307 2457 Dei
1338 2410 1754 2458 sacramentum.
1787 2401 1914 2457 Haec
1964 2401 2032 2456 ita
2067 2402 2188 2457 titti-

586 2498 800 2569 genitus
824 2499 963 2554 Deus
989 2513 1090 2571 per
1111 2510 1359 2554 sanctum
1390 2494 1609 2571 Moysen
1646 2507 1879 2555 testatur
1908 2517 1922 2554 :
1965 2500 2142 2553 Videte
2166 2540 2181 2567 ,

591 2589 753 2646 videte
773 2630 787 2656 ,
818 2591 1062 2661 quoniam
1101 2604 1195 2664 ego
1222 2606 1337 2646 sum
1379 2591 1634 2647 Dominus
1657 2632 1673 2660 ,
1723 2600 1770 2646 et
1800 2607 1901 2646 non
1943 2599 2018 2646 est
2046 2591 2185 2647 Deus

590 2690 778 2755 printer
814 2696 895 2738 me
920 2681 1101 2753 (Deut.
1151 2698 1334 2749 χχιιι,
1363 2683 1482 2756 59).
1523 2684 1639 2739 Non
1683 2692 1767 2739 est
1811 2684 1953 2739 enim
1992 2693 2186 2739 natura

591 2774 885 2830 divinitatis
910 2775 1034 2843 alia,
1073 2775 1138 2849 (ί)
1162 2785 1221 2832 ut
1254 2787 1448 2845 praeter
1473 2791 1532 2831 se
1562 2776 1704 2831 Deus
1734 2774 1875 2831 ullus
1901 2776 1990 2830 sit.
2044 2774 2178 2830 Nam

590 2882 712 2924 cum
745 2869 861 2940 ipse
891 2869 1029 2924 Deus
1059 2870 1131 2925 sit
1151 2911 1167 2936 ,
1198 2878 1373 2924 tamen
1397 2869 1559 2923 etiam
1590 2882 1686 2938 per
1708 2875 1914 2921 naturae
1932 2868 2184 2921 virtutem

590 2959 642 3016 in
674 2975 740 3017 eo
765 2961 906 3016 Deus
931 2971 1034 3016 est.
1067 2960 1135 3015 Et
1163 2974 1262 3031 per
1284 2959 1357 3023 id,
1391 2958 1532 3029 quod
1560 2960 1674 3028 ipse
1699 2958 1839 3013 Deus
1858 2968 1940 3013 est
1969 2968 2023 3013 et
2049 2958 2101 3011 in
2120 2971 2187 3013 eo

587 3052 728 3108 Deus
755 3060 858 3116 est,
888 3067 995 3107 non
1026 3061 1111 3107 est
1142 3052 1281 3106 Deus
1308 3061 1504 3123 praeter
1531 3067 1655 3107 eum
1681 3069 1693 3106 :
1718 3066 1841 3107 cum
1872 3065 1978 3107 non
2010 3057 2188 3107 exstet

2287 1840 2459 1903 teriis,
2491 1849 2545 1895 et
2572 1840 3168 1913 nomine(Emmanuel)
3189 1841 3254 1895 ad
3272 1841 3472 1913 .loseph
3498 1859 3593 1914 per
3618 1844 3852 1915 Angelnm

2289 1934 2532 1988 nuntiato
2572 1932 2947 1999 confiteretur,
2982 1932 3062 1988 Tu
3089 1935 3224 1989 enim
3255 1951 3308 1989 es
3356 1935 3514 2001 Deus,
3551 1945 3599 1992 et
3623 1937 3852 1992 nescieba-

2286 2042 2422 2094 mus,
2457 2028 2593 2082 Deus
2637 2027 2805 2083 Israel
2856 2027 3115 2084 salvator:
3154 2029 3536 2086 subsistentem
3585 2031 3636 2086 in
3674 2048 3734 2086 eo
3768 2032 3847 2086 Dei

2286 2132 2530 2178 naturam
2549 2121 2616 2197 (ί)
2657 2121 3041 2192 intelligentes,
3078 2134 3199 2178 cum
3224 2123 3275 2178 in
3309 2124 3421 2179 Deo
3452 2124 3743 2190 Deusinsit,
3769 2141 3853 2181 nec

2286 2226 2485 2290 printer
2532 2232 2653 2271 eum
2696 2216 2853 2289 130
2869 2216 2957 2286 qui
2984 2224 3068 2271 est
3090 2217 3232 2274 Deus
3260 2217 3545 2288 quisquam
3584 2219 3716 2275 Deus
3738 2220 3853 2276 alius

2286 2319 2389 2374 sit:
2418 2316 2540 2386 quia
2571 2316 2687 2386 ipse
2715 2316 2874 2383 Deus,
2905 2324 2958 2371 et
2987 2315 3040 2369 in
3066 2331 3131 2371 eo
3163 2316 3322 2384 Deus,
3356 2316 3577 2372 alterius
3604 2318 3748 2373 nobis
3773 2333 3855 2371 cn-

2283 2409 2535 2481 jusquam
2584 2407 2673 2463 Dei
2706 2422 2813 2463 non
2843 2408 3115 2479 relinquat
3142 2420 3401 2465 errorem.
3428 2409 3627 2465 Ethzec
3664 2410 3852 2480 quidem

2290 2500 2496 2564 Esaias,
2539 2500 2864 2555 individuam
2925 2508 3086 2570 atque
3133 2500 3546 2571 inseparabilem
3599 2501 3760 2557 Patris
3810 2512 3853 2556 et

2288 2593 2408 2649 Filii
2441 2593 2777 2648 divinitatem
2808 2600 3051 2659 testatus,
3086 2592 3160 2648 ita
3189 2594 3550 2664 prophetarit.

2358 2686 2449 2743 59.
2498 2686 2583 2741 Ea:
2611 2686 2840 2742 Ieremia
2893 2686 3028 2741 idem
3073 2686 3338 2741 evincitur.
3361 2716 3434 2729 —
3459 2687 3715 2743 Jerernias
3747 2702 3856 2743 vero

2289 2792 2394 2835 non
2439 2778 2639 2848 dispari
2687 2777 2990 2850 prophetia:
3043 2778 3280 2845 virtute,
3336 2779 3643 2836 indiscreta:
3685 2795 3712 2835 a
3760 2779 3856 2834 Deo

2290 2880 2439 2943 patre
2476 2883 2683 2926 natura:
2733 2871 3067 2942 unigenitum
3094 2885 3215 2927 esse
3259 2871 3429 2926 Deum
3468 2871 3540 2927 ita
3579 2871 3857 2933 docuit.di-

2287 2980 2447 3021 cens:
2484 2962 2582 3018 Hic
2612 2963 2754 3018 Deus
2774 2973 2945 3018 noster
2964 2973 3056 3029 est,
3085 2974 3135 3018 et
3164 2979 3265 3018 non
3304 2965 3634 3035 deputabitur
3658 2966 3781 3020 alter
3802 2963 3857 3016 ad

2289 3073 2425 3113 eum.
2454 3055 2534 3129 (4)
2577 3056 2675 3124 Qui
2730 3057 2920 3111 invenit
2962 3072 3165 3110 omnem
3201 3058 3354 3111 vitam
3392 3059 3637 3125 scientias,
3668 3067 3710 3112 et
3741 3056 3857 3110 dedit

587 3145 805 3203 aliunde
821 3143 962 3214 quod
989 3144 1128 3199 Deus
1144 3151 1245 3211 est,
1269 3154 1319 3199 et
1345 3145 1502 3217 129
1528 3146 1579 3199 in
1606 3161 1672 3203 eo
1695 3145 1834 3201 Deus
1851 3145 1941 3214 sit,
1977 3145 2179 3202 habens
2207 3147 2253 3211 C
2284 3167 2395 3207 eam
2421 3149 2586 3205 Iacob
2616 3165 2775 3220 puero
2816 3165 2931 3216 suo,
2963 3159 3009 3204 et
3051 3149 3219 3204 Israel
3262 3151 3445 3204 dilecto
3474 3167 3590 3206 suo.
3615 3151 3739 3205 Post
3766 3154 3856 3203 huc

587 3241 639 3294 in
669 3253 728 3293 se
755 3251 811 3294 et
833 3238 976 3308 quod
1006 3238 1120 3308 ipse
1146 3244 1251 3305 est,
1281 3249 1333 3292 et
1363 3238 1439 3311 (g)
1496 3254 1565 3293 ex
1611 3253 1718 3309 quo
1759 3240 1873 3309 ipse
1911 3240 2175 3295 subsistit.

656 3331 745 3387 '58.
774 3329 1057 3386 lndiridua
1091 3329 1266 3386 Patris
1294 3340 1341 3387 et
1375 3328 1502 3385 Filii
1532 3331 1773 3387 divinitas
1802 3347 1865 3387 ea:
1899 3330 2082 3388 Esaia.
2109 3362 2183 3373 —-

583 3420 882 3478 Continuat
930 3434 1110 3479 autem
1150 3423 1272 3479 fidei
1319 3433 1519 3478 nostra:
1557 3437 1742 3478 verant
1791 3433 1847 3478 et
1884 3424 2177 3479 salutarem

584 3516 969 3585 professionem
1006 3516 1146 3572 idem
1181 3526 1343 3588 atque
1388 3532 1525 3572 unus
1587 3518 1637 3571 in
1670 3516 1914 3587 plurimis
1944 3518 2180 3588 Spiritus

584 3607 903 3677 prophetiae,
930 3623 1026 3678 per
1069 3611 1442 3665 successiones
1471 3619 1525 3664 et
1567 3609 1845 3664 intervalla
1875 3618 2176 3680 temporum

582 3714 690 3754 non
720 3699 1006 3757 demutans
1037 3702 1301 3773 religiosa:
1327 3702 1591 3758 doctrina:
1626 3701 2079 3772 przedicationem.
2112 3703 2182 3761 lit

581 3792 725 3847 enim
773 3808 868 3862 per
909 3793 1129 3867 Moysen
1178 3810 1243 3850 ex
1286 3810 1517 3866 persona
1571 3795 1831 3866 unigeniti
1874 3795 1968 3851 Dei
2010 3796 2176 3865 dicta,

581 3884 829 3956 pleniore
858 3886 924 3941 ad
973 3887 1382 3958 intelligendum
1414 3890 1864 3945 confirmarentur
1893 3889 2175 3960 profectu;

581 3993 793 4036 rursum
816 3995 1066 4037 sermone
1095 3983 1187 4039 Dei
1210 3984 1376 4052 patris
1393 3998 1456 4039 ex
1482 3998 1711 4055 persona
1736 3982 1973 4038 virorum
1998 3984 2179 4039 excel-
2220 3993 2229 3999 ‘

581 4084 762 4126 sorum
792 4071 934 4128 idem
965 4074 1264 4144 prophetiae
1284 4074 1516 4144 Spiritus
1541 4089 1637 4145 per
1660 4073 1875 4130 Esaiam
1903 4074 2176 4146 loquitur:

582 4165 838 4232 Quoniam
862 4168 917 4222 in
945 4178 997 4223 te
1019 4178 1091 4222 est
1125 4168 1280 4235 Deus,
1312 4177 1482 4223 etnon
1509 4176 1583 4223 est
1612 4176 1802 4239 ριίειει·
1829 4176 1877 4222 ιε
1902 4167 2065 4225 Deus.
2096 4166 2179 4223 Tu

651 4278 732 4495 gl;
768 4279 833 4334 Et
863 4290 1098 4337 naturam
1123 4298 1294 4352 suam,
1325 4293 1381 4339 ut
1403 4285 1477 4339 ita
1507 4283 1743 4351 dixerim,
1771 4283 2022 4354 sequitur.

676 4352 710 4404 2
756 4352 959 4408 luserat
997 4370 1070 4410 se.

674 4423 707 4478 5
755 4422 1004 4479 Generum
1030 4424 1240 4481 ueritate
1268 4426 1421 4482 abest
1438 4442 1468 4482 a
1490 4436 1678 4483 nostro
1715 4425 2022 4495 exemplari.

676 4352 732 4410 2)
756 4352 781 4403 1
791 4363 959 4408 riserat
997 4370 1070 4410 se.

674 4422 729 4495 5)
755 4422 1004 4479 Generum
1030 4424 1240 4481 ueritate
1268 4426 1421 4482 abest
1438 4442 1468 4482 a
1490 4436 1678 4483 nostro
1715 4425 2031 4498 exemplari.

580 4543 704 4624 tario
727 4551 967 4624 naturis;
996 4539 1091 4595 lib.
1126 4556 1208 4601 vt,
1242 4557 1298 4595 η.
1336 4541 1433 4611 19,
1467 4541 1662 4598 dicitur
1689 4552 2007 4598 sacramento
2053 4541 2173 4596 sub-

628 4618 737 4666 anl'
790 4651 803 4665 .

578 4618 624 4667 δ’
651 4627 813 4757 (εἶτα
841 4684 1077 4757 excusis,
1123 4699 1187 4739 ea:
1220 4682 1334 4739 Deo
1375 4682 1518 4739 Deus
1549 4701 1568 4740 :
1595 4685 1833 4741 abundat
1863 4699 1965 4740 vox
1998 4684 2171 4752 Deus,

2194 4644 2203 4653 -
2279 4611 2498 4666 dixerim
2513 4651 2527 4674 ,

2283 3260 2442 3314 supra
2488 3253 2677 3297 terram
2709 3243 2847 3297 visus
2889 3250 2982 3308 est,
3016 3251 3064 3297 et
3107 3244 3242 3297 inter
3290 3244 3521 3299 homines
3563 3254 3857 3299 conversatus

2285 3346 2357 3390 est
2390 3333 2602 3403 (Barac.
2637 3348 2693 3388 nt
2723 3374 2738 3399 ,
2788 3332 2901 3405 36).
2957 3333 3095 3402 Quid
3124 3335 3285 3388 alium
3333 3325 3498 3390 Deum
3550 3336 3603 3391 in
3646 3336 3752 3391 lilio
3779 3335 3856 3390 Dei

2286 3427 2397 3481 Deo
2441 3427 2692 3481 btet-elice
2738 3427 3036 3497 supponis?
3064 3425 3222 3482 Disce
3265 3444 3429 3483 unum
3482 3430 3651 3485 Deum
3691 3444 3854 3486 verum

2284 3521 2585 3591 intelligere
2614 3527 2669 3576 et
2693 3520 2963 3576 confiteri.
2996 3519 3114 3576 Non
3154 3521 3296 3576 alius
3315 3523 3478 3578 'Deus
3515 3523 3582 3578 ad
3608 3521 3854 3579 Christum

2286 3615 2574 3684 deputatur
2604 3621 2662 3669 ut
2686 3614 2827 3669 Deus
2856 3613 2945 3668 sit.
2965 3613 3108 3668 Deus
3135 3623 3220 3669 est
3243 3629 3308 3669 ex
3342 3625 3556 3683 natura,
3585 3620 3650 3672 es
3676 3614 3856 3672 nativi-

2287 3715 2417 3773 tate,
2449 3724 2515 3763 ex
2548 3710 2679 3764 Deo.
2711 3708 2865 3775 Quod
2908 3710 3050 3763 enim
3092 3708 3239 3764 Deus
3268 3716 3374 3778 est,
3398 3724 3469 3765 ex
3507 3709 3615 3765 Deo
3643 3720 3744 3774 est,
3766 3723 3854 3765 non

2287 3801 2449 3857 etiam
2479 3802 2622 3857 Deus
2643 3801 2778 3857 alius
2805 3811 2909 3858 εει.
2943 3801 3098 3855 Alius
3124 3800 3269 3856 enim
3306 3801 3371 3856 ad
3396 3817 3519 3857 eum
3574 3819 3677 3857 non
3707 3802 3854 3872 depu-

2290 3904 2468 3961 tatur;
2517 3895 2639 3966 quia
2681 3908 2786 3950 non
2825 3894 2989 3950 estin
3018 3908 3085 3949 eo
3136 3894 3241 3947 alia
3289 3902 3484 3963 praeter
3537 3910 3695 3966 quam
3747 3908 3850 3966 qua:

2288 3988 2382 4043 Dei
2414 3996 2494 4043 est
2518 3988 2737 4045 veritas.
2762 3988 2897 4056 Quid
2929 4003 3116 4042 verum
3151 3998 3205 4043 et
3248 4001 3357 4042 non
3385 4002 3595 4057 verum,
3627 3990 3747 4059 quid
3772 3987 3852 4041 de-

2280 4097 2534 4152 generem
2567 4090 2622 4137 et
2665 4081 2922 4147 nobilem,
2953 4079 3081 4152 quid
3114 4079 3385 4136 diversum
3416 4079 3489 4153 (k)
3524 4091 3580 4135 et
3607 4081 3850 4136 diversum

2282 4173 2383 4228 sub
2431 4172 2587 4227 unius
2640 4172 2732 4228 Dei
2784 4172 3040 4227 ementita
3088 4171 3348 4242 religione
3390 4173 3703 4242 componis?
3732 4172 3851 4227 Deus

2286 4359 2298 4371 _
2355 4282 2432 4415 (ἐ)
2463 4286 2565 4352 Qui
2606 4302 2714 4343 non
2744 4285 2940 4358 legitur
2970 4287 3022 4341 iu
3076 4301 3178 4342 ms.
3212 4285 3666 4358 quemadmodum
3702 4298 3850 4357 neque

2286 4375 2338 4414 in
2414 4373 2576 4415 raeco.

2285 4375 2338 4414 ιη
2364 4373 2576 4415 υτίεεο.

2349 4536 2541 4613 (ε)111ε
2570 4538 2623 4592 in
2669 4551 2772 4613 ms.
2824 4532 3001 4613 Corba
3044 4536 3473 4613 superscriptum
3511 4548 3639 4613 _est_,
3697 4550 3747 4594 ut
3790 4539 3849 4591 ita

2603 4607 2708 4663 uod
2747 4617 2802 4663 et
2832 4610 2882 4663 in
2914 4611 3141 4679 vulgatis
3160 4621 3213 4664 et
3238 4608 3291 4664 itt
3316 4607 3716 4666 recentioribus
3739 4622 3847 4665 mss.

2281 4685 2541 4738 insertum
2572 4680 2670 4735 fuit
2690 4721 2705 4745 ,
2740 4680 2835 4736 sed
2865 4696 2970 4735 non
2995 4680 3222 4737 habetur
3251 4684 3303 4735 in
3335 4684 3739 4738 vetustioribus.

580 4750 755 4827 neque
776 4764 957 4811 exsntt
983 4755 1036 4810 in
1066 4770 1194 4828 mss.
1221 4771 1449 4828 quorum
1482 4757 1533 4811 in
1565 4758 1836 4827 plerisque
1862 4756 2076 4824 deinde,
2111 4750 2171 4811 ut
2195 4757 2250 4819 D
2347 4750 2422 4828 (Γ)
2448 4751 2601 4828 Qad,
2632 4750 2725 4828 Er.
2766 4763 2819 4828 et
2847 4752 3018 4828 Lips"
3047 4765 3103 4806 ut
3126 4763 3311 4824 prwter
3339 4767 3451 4828 eam
3480 4752 3619 4807 Deus
3640 4756 3767 4828 alius
3780 4750 3846 4828 sit.

584 4837 637 4884 et
667 4826 828 4899 paulo
852 4835 998 4899 ante,
1028 4826 1272 4882 substitit.
1568 4826 1575 4827 ί
1748 4826 1761 4827 ί
1800 4898 1825 4899 η
2012 4886 2015 4889 .

684 4901 733 4969 b)
769 4898 975 4955 Excusi
1005 4899 1090 4955 hic
1116 4898 1320 4954 addunt
1344 4899 1465 4953 inde
1493 4914 1512 4954 :
1542 4899 1695 4954 nullo
1721 4898 2049 4969 suffragante
2067 4914 2168 4954 ms.

590 4968 760 5042 llu]us
811 4971 962 5026 vocis
1008 4972 1127 5027 loco
1167 4972 1521 5042 supplendum
1551 4980 1701 5025 tenet.
1752 4968 2075 5042 Expressius
2121 4972 2173 5024 iit

594 5040 910 5098 Pratellrnsi
950 5043 1135 5099 codice
1157 5086 1171 5109 ,
1201 5040 1297 5098 Dei
1340 5053 1510 5098 autem
1556 5053 1793 5097 naturam
1823 5042 1896 5095 ita
1938 5040 2125 5096 obtinet
2158 5057 2175 5097 :

594 5116 692 5169 etsi
723 5115 900 5170 minus
929 5113 1158 5170 sincere.
1190 5115 1285 5171 Hic
1324 5114 1555 5171 Hilarius
1584 5129 1683 5185 pro
1715 5128 1866 5169 more
1894 5113 2179 5183 praecludit

585 5187 761 5241 locmn
794 5187 1119 5255 suspicioni,
1153 5202 1219 5242 ne
1247 5188 1483 5244 Sabellio
1507 5189 1686 5243 favere
1706 5186 2064 5241 existimetur.

658 5256 730 5331 (c)
763 5259 854 5313 Sic
912 5260 1199 5331 pervenisti
1228 5260 1444 5331 codices
1468 5258 1648 5325 Colb.,
1679 5257 1843 5314 Corb.
1865 5298 1881 5328 ,
1929 5256 2035 5331 duo
2075 5256 2179 5310 Re-

584 5327 750 5399 migi,
784 5338 896 5385 tres
947 5328 1225 5396 Vaticani,
1268 5330 1473 5386 Thcod.
1497 5374 1512 5397 ,
1555 5332 1737 5385 Germ.
1777 5338 1880 5385 etc.
1909 5327 2012 5384 Alii
2048 5341 2180 5382 vero

589 5401 830 5456 nonnulli
860 5416 982 5456 cum
1014 5401 1262 5471 vulgatis,
1295 5403 1348 5456 in
1369 5403 1550 5471 quibus
1576 5413 1711 5456 totus
1738 5410 1809 5456 est
1839 5403 1949 5469 ipse
1976 5401 2065 5471 qui
2087 5414 2178 5470 ge-

586 5473 695 5524 nuit
721 5489 739 5526 :
766 5473 884 5539 quia
907 5489 1007 5527 non
1030 5489 1093 5526 ea:
1112 5469 1222 5545 alio
1248 5469 1463 5545 genitus.
1492 5473 1672 5544 Neque
1695 5472 1838 5528 aliud
1858 5488 2012 5545 quam
2038 5469 2179 5524 Dens

586 5548 658 5594 est
685 5558 704 5595 :
732 5544 851 5607 quia
877 5559 977 5596 non
1002 5554 1075 5598 est
1100 5544 1332 5612 aliunde,
1356 5556 1460 5602 etc.

672 5613 752 5689 (tl)
777 5615 1103 5689 Particulam
1139 5619 1203 5689 in
1243 5611 1538 5689 adiecimus
1567 5618 1888 5673 auctoritate
1920 5626 2049 5669 mss.
2094 5611 2182 5689 Dic

597 5694 652 5742 et
680 5684 752 5740 lib
777 5701 879 5755 vti,
900 5705 966 5760 An.
991 5688 1061 5742 27
1102 5686 1276 5745 :.Non
1300 5684 1431 5753 enim
1457 5704 1639 5751 novum
1662 5698 1735 5746 est
1758 5730 1775 5759 ,
1815 5688 1952 5760 quod
1981 5698 2044 5745 ex
2071 5684 2184 5741 υὲὺο

597 5764 867 5829 generatur
892 5758 944 5812 in
981 5759 1168 5814 vivum.

2356 4817 2432 4897 ill)
2464 4822 2642 4897 ldesr,
2678 4824 2747 4877 ita
2780 4817 2925 4897 "[80—
2945 4824 3103 4897 Ρθιθν
3126 4817 3232 4897 δδίν
3266 4835 3322 4897 ιη
3354 4823 3550 4879 ¹¹²¹δ⁸³¹
3575 4834 3630 4880 ει
3658 4827 3705 4880 Μ
3731 4817 3850 4894 (μ’οά

2281 4894 2395 4955 εει.
2412 4894 2469 4950 et
2490 4894 2539 4948 id
2567 4910 2633 4949 ex
2661 4906 2767 4963 quo
2797 4894 2939 4950 illius
2963 4896 3076 4965 ipse
3102 4896 3368 4950 subsistit.

2354 4966 2433 5038 (It)
2453 4962 2689 5020 Caruut.’
2704 4980 2804 5020 ms.
2836 4962 3189 5037 cunt.aliquot
3206 4968 3345 5034 aliis,
3374 4982 3473 5024 nec
3490 4983 3595 5024 non
3618 4962 3846 5032 Bad.,Er.

2285 5049 2342 5095 et
2367 5040 2511 5107 Lips.
2540 5040 2734 5092 inserat
2757 5053 2829 5093 se.

2355 5108 2419 5184 (ἰ)
2449 5108 2612 5184 Abest
2634 5122 2875 5184 generum
2889 5109 3136 5184 uarietate
3157 5121 3185 5164 ιι
3217 5111 3493 5166 veteribus
3519 5110 3670 5165 libris
3694 5106 3848 5166 Collm

2283 5178 2737 5308 ῗοέἱέξιιξειηίεη
2764 5178 2950 5248 Vind.,
2980 5188 3084 5236 etc.
3118 5184 3198 5237 An
3227 5196 3291 5237 ex
3322 5184 3561 5252 margine
3592 5183 3644 5237 in
3673 5187 3848 5237 testim!

2306 5269 2359 5307 rr
2436 5296 2443 5301 .
2527 5293 2539 5304 .

2306 5260 2501 5307 l'l‘BDSll
2522 5260 2539 5304 ’ἓ

2356 5266 2769 5397 δςςῧιῖνιιιειιιίξ
2805 5324 3116 5397 intelligens.
3141 5323 3211 5379 At
3250 5324 3306 5397 in
3337 5339 3468 5379 mss.
3513 5324 3847 5397 intelligentes,

2284 5392 2425 5466 qutid
2454 5392 2517 5446 ad
2545 5392 2653 5449 eos
2671 5392 3037 5461 referendum,
3066 5398 3156 5465 qui
3188 5395 3347 5465 paulo
3371 5404 3499 5450 ante
3527 5392 3729 5460 dicunt,
3775 5403 3849 5442 ηισ

2282 5467 2585 5521 sciebamus.

2356 5537 2433 5607 (κ)
2463 5536 2553 5609 δῖίξ
2585 5536 2826 5609 Plerique
2857 5552 2986 5594 mss.
3010 5538 3082 5594 At
3103 5539 3191 5609 qui
3210 5537 3599 5594 Carnutensem
3617 5542 3852 5609 recogno'

2284 5601 2379 5662 vit.
2414 5601 2554 5681 quod
2587 5601 2652 5681 ad
2696 5601 2900 5681 calcem
2945 5601 3215 5681 hujus-“
3241 5610 3534 5679 superioris
3557 5609 3675 5663 libri
3711 5601 3849 5681 verba

2286 5673 2549 5734 emendavi
2572 5676 2857 5753 significat,
2886 5697 2990 5737 nou
3014 5673 3428 5753 advertens'hac
3457 5682 3680 5753 lectione
3706 5673 3849 5753 malli}

2286 5764 2398 5811 rein
2425 5761 2545 5807 esse
2573 5751 2939 5813 membrorum
2964 5752 3294 5822 antithesim,
3322 5753 3412 5813 hic
3438 5752 3685 5826 apposuit
3711 5750 3849 5823 parttv
