3960 6202
158 239 251 295 1.57

1367 230 1454 294 ns
1483 210 1856 296 τιιιΝιτΑτε
1894 232 2096 294 LIBER
2137 234 2225 294 Vl.

3336 228 3439 297 158

150 363 237 409 est
262 359 431 421 pater,
461 348 610 406 Deus
637 358 721 407 est
748 360 803 408 et
841 351 998 406 ﬁlius.
1045 350 1102 406 In
1137 351 1248 407 Deo
1274 350 1418 408 Deus
1447 360 1562 418 est;
1595 364 1736 423 prm-
1766 353 1821 414 Α
1914 352 2066 408 trinis
2095 352 2535 408 immedicabiliter
2591 349 2809 420 imbuta,
2861 356 3017 407 nouos
3051 351 3169 407 illos
3213 351 3443 409 doctores

152 456 373 502 tereuns
413 444 557 502 Deus
590 460 702 500 non
757 454 862 511 est,
894 460 1000 500 non
1030 446 1169 501 alter
1195 444 1263 502 ad
1296 461 1420 503 eum
1452 445 1743 517 deputatur

152 547 213 595 ut
232 540 367 595 Deus
392 538 482 594 sil.
527 537 584 593 In
622 537 711 595 his
734 539 779 594 si
827 554 992 595 unum
1029 540 1199 610 magis
1226 553 1388 611 quam
1442 540 1740 597 solitarium

154 633 317 687 Deum
351 631 657 703 intelliges;
710 631 965 687 Ecclesia:
1010 632 1326 703 religionem
1378 633 1734 703 proﬁteberis,

152 742 273 797 qua:
320 725 529 781 Patrem
598 726 651 781 in
707 721 845 782 Filio
899 725 1207 782 conﬁtetur.
1247 726 1341 781 Sin
1388 739 1519 782 vero
1573 740 1739 782 unum

153 820 316 874 Deum
331 858 349 884 ,
377 818 442 873 ad
459 818 692 873 solitarii
714 818 1185 888 significationem,
1209 818 1532 874 sacramenti
1546 820 1742 876 coales-

152 912 220 966 tis
246 912 457 982 ignarus
498 910 795 974 obtendis;
825 920 976 967 extra
1021 910 1382 982 cognitionem
1428 913 1520 968 Dei
1550 910 1629 986 (a)
1653 927 1735 981 es,

153 1005 311 1061 Deum
335 1004 387 1060 in
417 1004 528 1060 Deo
546 1019 671 1061 esse
698 1020 809 1059 non
835 1004 1125 1060 conﬁtens.

464 1163 810 1242 131-132
849 1162 1051 1223 LIBER
1091 1165 1377 1224 SEXTUS.

151 1276 331 1335 Statim
351 1280 414 1335 ab
431 1280 648 1335 exordia
672 1287 1005 1349 reprmentat
1025 1278 1274 1335 Arianam
1293 1279 1427 1335 luem
1455 1295 1544 1349 per
1561 1293 1737 1337 omnes

218 1377 374 1445 ferme
397 1373 601 1443 imperii
624 1371 849 1427 Romani
886 1373 1171 1442 provincias
1197 1381 1514 1443 grassantem
1538 1389 1555 1427 :
1585 1376 1737 1447 cujus

220 1464 521 1536 difﬁcillima
567 1479 694 1519 cura
732 1463 817 1531 sit,
854 1465 976 1535 quia
1017 1479 1160 1519 error
1184 1479 1249 1519 ea:
1277 1463 1615 1533 plurimorum
1652 1481 1738 1520 as-

212 1575 361 1613 sensu
385 1558 642 1630 publicant
680 1559 778 1614 sibi
806 1561 1168 1613 auctoritatem
1214 1569 1579 1627 comparasset.
1608 1557 1737 1631 Epi-

207 1653 398 1725 scopali
419 1661 589 1707 tamen
628 1654 828 1723 ofﬁcio,
854 1662 901 1707 et
928 1652 1182 1725 plurimos
1200 1651 1269 1707 ad
1305 1654 1565 1708 veritatem
1589 1669 1733 1709 reuo-

1918 457 2022 503 tam
2049 447 2193 502 tarde
2219 445 2317 502 sibi
2338 446 2627 517 protulerit.

1843 541 2076 598 Tandem
2120 541 2189 595 ad
2225 555 2400 596 verant
2438 540 2594 610 ﬁdem
2640 538 2999 595 stabiliendum
3037 539 3188 594 venit.
3229 537 3297 593 Et
3324 538 3447 611 quia

1916 634 2119 689 Christo
2140 634 2304 688 inesse
2326 642 2564 688 naturam
2587 630 2686 685 Dei
2714 633 2963 702 sequitur,
2988 631 3032 686 si
3058 647 3203 686 uerus
3220 632 3286 686 sit
3305 632 3448 700 ﬁlius

1917 726 2015 782 Dei
2037 743 2058 794 ;
2083 735 2339 797 postrema
2361 742 2424 781 ac
2450 726 2716 797 putissima
2741 726 2898 798 hujus
2919 725 3035 779 libri
3059 733 3206 795 parte
3223 739 3337 779 eum
3363 740 3446 780 ce-

1914 838 2030 877 rutn
2058 832 2121 876 ac
2148 821 2454 886 naturalem,
2481 827 2532 875 et
2555 835 2658 874 non
2678 819 2999 889 adoptivum,
3026 816 3121 873 Dei
3142 819 3310 887 ﬁlium
3338 835 3446 876 esse

1915 915 2228 969 demonstrat
2245 912 2533 967 testimonio
2566 910 2766 977 Patris,
2800 910 2927 965 Filii
2948 911 3137 980 ipsius,
3174 913 3442 979 apostolo-

1914 1022 2030 1061 rum
2052 1005 2105 1060 in
2134 1020 2295 1060 unum
2319 1004 2743 1074 conspirantium,
2775 1019 2836 1058 ac
2862 1004 3073 1058 seorsint
3108 1002 3270 1069 Petri,
3302 994 3447 1059 Pau-

1913 1100 1972 1163 li,
2002 1099 2269 1164 Joannis;
2307 1111 2400 1152 nec
2422 1111 2523 1151 non
2565 1095 2804 1161 Marthae,
2831 1095 2953 1149 εατὶ
2981 1095 3439 1166 ιιαιί,άαιιιιοιιιιιιι,

1912 1193 2240 1259 Judteorum,
2273 1189 2612 1259 quorumdam
2634 1190 2687 1244 in
2710 1190 2837 1244 mari
2868 1188 3289 1256 periclitantium,
3313 1205 3441 1263 gen-

1915 1288 2044 1342 tium
2072 1284 2288 1356 denique
2314 1282 2649 1356 confessione.

1916 1470 1970 1525 Ι.
2012 1466 2235 1523 Heresis
2287 1465 2482 1519 Ariona
2535 1465 2635 1519 late
2672 1478 2882 1536 serpens
2932 1478 3067 1535 tegre
3105 1462 3292 1534 depelli
3348 1479 3443 1536 po—

1839 1571 1947 1618 test.
1972 1582 2049 1603 ‘-—-
2085 1560 2199 1614 Non
2238 1573 2357 1613 sum
2388 1557 2623 1617 nescius.
2648 1553 2965 1610 difﬁcillimo
2989 1571 3074 1611 me
3103 1556 3431 1623 asperrimo.
3506 1616 3512 1623 _

1840 1672 1945 1729 que
1968 1667 2211 1728 tempore
2230 1653 2468 1710 scribere
2498 1651 2612 1706 lucc
2631 1650 2918 1707 adversum
2947 1667 3199 1706 vesanam
3244 1652 3436 1722 impio-

206 1744 351 1799 candi
375 1760 468 1817 spe
491 1745 748 1799 adductus
774 1743 1013 1800 Hilarius
1040 1745 1162 1812 ﬁdei
1197 1745 1541 1808 patrocinium
1567 1745 1724 1799 susci-

1842 1768 1949 1806 rum
1984 1750 2255 1813 ltzcresim,
2274 1748 2364 1803 Dei
2396 1748 2562 1802 ﬁlium
2584 1754 2885 1801 creaturam
2903 1760 3024 1801 esse
3050 1745 3430 1810 afﬁrmantem,

206 1838 295 1905 pit.
336 1837 654 1892 Arianarum
697 1837 923 1908 partium
979 1836 1249 1907 epistolam
1294 1837 1347 1890 in
1384 1844 1569 1907 quarto
1616 1836 1733 1891 licet

203 1930 347 1996 libre,
370 1938 427 1983 ut
453 1946 567 1983 eam
589 1946 655 1984 ea:
682 1930 793 2001 lege
815 1938 861 1984 et
890 1929 1151 2001 prophetis
1192 1925 1467 2001 refellerel,
1498 1930 1728 2000 exscrip-

202 2031 325 2087 tam,
358 2021 415 2075 in
439 2020 536 2075 hoc
562 2034 771 2076 rursum
796 2021 1058 2085 exscribit,
1085 2030 1141 2075 ut
1162 2020 1389 2075 eamdem
1412 2037 1477 2076 ea:
1500 2020 1732 2093 Evange-

200 2114 279 2167 liis
312 2126 360 2167 et
395 2112 648 2182 apostolis
671 2112 875 2183 plenius
914 2116 1163 2184 confutet.
1198 2112 1365 2180 Quam
1391 2113 1575 2168 deinde
1611 2130 1730 2183 per-

198 2222 424 2272 currens,
469 2207 633 2263 nodos
676 2206 820 2262 illius
869 2207 1093 2277 explicat
1120 2223 1181 2262 ac
1229 2222 1476 2262 uenenum
1515 2208 1731 2277 pandit:

195 2301 278 2369 qui
317 2299 581 2365 uidelicet,
630 2299 987 2354 htcreticorum
1045 2298 1463 2361 damnandoruen
1500 2298 1726 2368 obtenta,

195 2394 303 2464 pias
342 2391 599 2448 Ecclesia:
633 2406 800 2457 noces,
843 2390 1041 2447 Filium
1080 2407 1143 2446 ea:
1168 2389 1279 2446 Deo
1323 2392 1600 2461 prolatum,
1632 2396 1725 2445 Ito-

193 2485 451 2549 taottsian,
503 2483 677 2540 lumen
718 2485 784 2539 de
827 2484 1036 2549 lumine,
1069 2493 1117 2540 et
1161 2484 1273 2539 sine
1299 2484 1447 2538 initio
1476 2484 1724 2555 genitam,

197 2577 516 2649 supprimere
536 2585 747 2640 tentent,
765 2585 813 2630 et
833 2579 1082 2631 exstincta
1098 2574 1203 2645 ﬁde
1213 2575 1447 2631 hteresint
1462 2575 1723 2631 inducere.

196 2669 452 2737 Quocirca
479 2670 620 2740 quod
650 2670 789 2740 apud
811 2670 1075 2725 htereticos
1099 2671 1340 2725 vitiosum
1360 2682 1433 2725 est
1459 2671 1647 2741 aperit,
1678 2678 1727 2727 et

193 2764 253 2818 ab
282 2763 523 2820 Ecclesia
555 2764 793 2820 damnari
822 2764 1074 2833 declarat,
1101 2765 1471 2834 conﬁrmatque
1509 2764 1645 2837 quod
1671 2766 1726 2821 in

195 2874 250 2912 ea
275 2858 359 2926 pie
381 2857 720 2926 prtedicatur.

138 2945 257 3004 Tum
274 2965 338 3004 es
354 2950 632 3005 occasione
649 2950 893 3006 humanis
906 2950 1143 3007 rationis.
1165 2966 1264 3019 qua
1283 2951 1616 3019 compositum
1637 2960 1727 3007 aut

193 3058 505 3109 corporeum
528 3047 640 3114 fore
666 3041 832 3098 Deum
860 3044 1057 3110 uolunt,
1076 3045 1121 3099 si
1148 3044 1285 3116 quod
1305 3061 1372 3101 ex
1396 3046 1515 3116 ipso
1540 3058 1626 3101 aut
1657 3060 1725 3103 ex

1834 1856 2146 1916 aggressum
2172 1839 2358 1904 fuisse;
2374 1832 2554 1894 multis
2577 1838 2685 1908 jam
2703 1852 2798 1908 per
2811 1847 3000 1892 Omnes
3018 1831 3186 1892 ferme
3210 1831 3438 1893 [inmani

1834 1936 2049 2009 imperil
2093 1935 2399 2007 provincias
2451 1932 2699 1990 ecclesiis
2729 1932 2922 1987 morbo
2967 1930 3241 2002 pestiferae
3272 1930 3433 1999 hujus

1834 2028 2230 2103 praedicationis
2260 2027 2493 2090 infectis,
2514 2036 2569 2082 et
2588 2025 2735 2080 velut
2759 2024 2824 2079 ad
2857 2025 2956 2095 pice
2981 2022 3103 2079 fidei
3131 2022 3293 2091 hujus
3321 2036 3436 2077 ma-

1833 2124 1885 2179 le
1914 2129 2224 2191 usurpatam
2258 2118 2682 2190 persuasionem,
2734 2116 2893 2185 longo
2921 2113 3182 2170 doctrinae
3227 2129 3346 2179 usu,
3375 2124 3428 2169 et

1831 2220 2094 2275 ementita
2120 2214 2337 2271 nomine
2368 2226 2510 2269 verae
2558 2210 2832 2283 religimiis
2855 2208 3105 2271 imbutis.
3141 2224 3243 2263 non
3274 2207 3434 2279 igno-

1832 2325 1958 2367 rans
2002 2306 2273 2362 difﬁcilem
2304 2319 2425 2360 esse
2453 2304 2519 2359 ad
2566 2302 2959 2359 emendationis
2991 2299 3288 2371 profectum
3342 2314 3435 2355 ro-

1830 2404 2114 2467 luutaletn,
2142 2412 2300 2469 quam
2336 2398 2386 2451 in
2405 2396 2607 2451 erroris
2636 2395 2720 2453 sui
2745 2392 2924 2449 studio
2947 2408 3043 2463 per
3065 2392 3422 2462 plurimorum

1828 2507 2110 2563 assensum
2141 2490 2432 2546 auctoritas
2458 2486 2689 2559 publicae
2713 2486 2826 2555 jam
2874 2484 3155 2540 sententiae
3179 2483 3427 2539 contine-

1827 2597 1933 2645 ret.
1961 2586 2155 2645 Gravis
2183 2586 2325 2641 enim
2349 2591 2404 2640 et
2421 2582 2755 2653 periculosus
2783 2588 2867 2636 est
2891 2595 3046 2636 error
3070 2579 3122 2634 in
3148 2578 3427 2652 plurimis:

1827 2690 1885 2738 et
1931 2680 2223 2735 multorum
2273 2674 2476 2747 lapsus,
2523 2672 2734 2730 etiamsi
2786 2688 2847 2728 se
2898 2670 3183 2743 intelligat,
3245 2678 3426 2726 tamen

1828 2770 2150 2842 exsurgendi
2201 2768 2403 2840 pudore
2450 2765 2830 2822 auctoritatem
2872 2763 2975 2819 sibi
3019 2764 3319 2833 praesumit,
3351 2776 3419 2818 ex

1828 2878 2055 2921 numero
2098 2862 2301 2917 habens
2339 2860 2442 2914 hoc
2464 2857 2539 2928 (b)
2583 2856 2951 2926 impudentiae,
2990 2854 3214 2925 utquod
3258 2865 3426 2920 errat,

1828 2956 2166 3029 prudentiam
2197 2953 2328 3008 velit
2349 2950 2684 3015 existimari;
2714 2958 2770 3005 et
2800 2948 2941 3021 quod
2969 2962 3090 3003 cum
3123 2947 3308 3002 multis
3328 2961 3419 3001 er-

1826 3059 1930 3117 rat,
1964 3048 2367 3120 intelligentiam
2392 3060 2516 3101 esse
2561 3051 2770 3100 asserat
2789 3041 3055 3108 veritatis,
3094 3040 3220 3097 dum
3248 3039 3426 3096 minus

193 3148 340 3194 utero
383 3139 554 3209 ipsius
575 3140 802 3212 genitum
837 3156 945 3194 esse
972 3138 1170 3195 Filium
1195 3141 1445 3210 scriptum
1490 3142 1578 3208 sit,
1608 3157 1723 3197 eum
1749 3152 1793 3218 ο
1827 3145 2031 3202 erroris
2061 3158 2183 3199 esse
2211 3140 2549 3196 exinaniatur
2575 3141 2627 3194 in
2659 3138 2861 3193 multis.

190 3248 252 3289 es
274 3244 498 3304 paterna
540 3234 827 3289 substantia
869 3234 1254 3307 intelligamus:
1297 3236 1524 3289 obseruat
1559 3236 1725 3305 primo

192 3329 425 3383 heresim
455 3328 709 3383 audacem
737 3328 941 3399 quidem
984 3344 1112 3393 esse,
1141 3327 1231 3383 sed
1265 3329 1536 3398 prudentia
1564 3329 1725 3382 desti-

195 3431 351 3478 tutam
373 3439 392 3478 :
420 3423 609 3478 deinde
638 3423 814 3496 negari
843 3439 946 3477 non
970 3439 1138 3495 posse,
1166 3423 1289 3491 quin
1315 3423 1545 3478 Christus
1581 3422 1727 3478 diae-

193 3519 274 3583 rit,
301 3518 382 3573 Ex
427 3518 548 3588 ipso
575 3526 693 3573 sum
717 3534 733 3585 ;
782 3526 850 3583 et,
882 3517 976 3571 hoc
999 3517 1217 3571 dicendo
1237 3557 1252 3582 ,
1283 3532 1339 3572 se
1366 3534 1524 3589 neque
1559 3534 1624 3572 ea:
1645 3519 1718 3573 ιιι·

189 3609 288 3664 ltilo
310 3652 325 3677 ,
384 3626 551 3682 neque
586 3620 652 3665 ea:
694 3611 801 3665 alia
846 3624 1005 3683 quam
1041 3626 1105 3665 ea:
1181 3609 1356 3665 Patris
1413 3611 1723 3681 substantia,

190 3718 339 3773 neque
390 3720 511 3759 cum
561 3716 620 3760 eo
672 3717 738 3758 ea:
781 3718 882 3775 quo
933 3712 1008 3758 est
1075 3704 1306 3758 eumdem
1355 3720 1464 3759 esse
1508 3706 1724 3775 'testiﬁ-

192 3804 325 3849 satus
373 3794 447 3849 sit
486 3811 505 3849 :
547 3794 752 3850 demum
822 3794 970 3861 nefas
1028 3811 1139 3850 esse
1166 3793 1276 3850 Deo
1324 3812 1427 3851 non
1495 3798 1719 3866 credere,

192 3887 414 3961 adeoque
441 3889 690 3942 humanas
718 3887 909 3941 rationi
936 3902 1052 3958 qua
1094 3884 1287 3943 Christi
1313 3889 1600 3945 testimonio
1629 3898 1725 3945 ad-

189 3992 406 4036 versetur
436 3982 612 4037 locum
641 3982 837 4035 nullum
864 3997 996 4046 esse,
1028 3997 1093 4035 ac
1138 3981 1256 4036 licet
1290 3981 1446 4054 plura
1495 3992 1720 4053 possent,

190 4072 326 4126 aliud
353 4081 530 4127 tamen
555 4072 604 4127 ei
631 4072 824 4142 opponi
846 4087 951 4127 non
978 4070 1179 4127 debere.
1204 4070 1309 4126 Hic
1326 4084 1724 4129 commemorata

191 4162 543 4220 hereticorum
591 4165 878 4232 sententia,
956 4180 1060 4234 qua
1128 4162 1390 4219 Christum
1442 4166 1613 4236 filium
1658 4182 1723 4222 ea:

192 4257 483 4327 adeptione,
526 4271 593 4312 ea:
634 4256 1016 4329 nuncupatione
1062 4253 1252 4323 Deum,
1294 4257 1612 4329 unigenitum
1659 4274 1723 4314 es:

196 4349 471 4419 privilegio,
495 4359 544 4403 et
569 4365 635 4404 ea:
665 4348 844 4403 ordine
882 4363 1032 4420 quem
1054 4348 1108 4401 in
1132 4348 1284 4403 rebus
1311 4349 1494 4404 creatis
1532 4350 1722 4407 obtinet

197 4442 584 4513 primogenitum
611 4440 1036 4511 interpretantur,
1060 4438 1129 4494 ad
1149 4436 1317 4494 Deum
1352 4457 1462 4497 sese
1511 4458 1721 4498 conuer-

1907 3238 2061 3313 133
2092 3235 2154 3296 2.
2191 3236 2267 3292 Ad
2311 3252 2422 3291 eant
2467 3233 2799 3307 refellendam
2841 3230 2968 3304 quid
3014 3228 3277 3284 Hilarium
3319 3241 3428 3282 mo-

1829 3342 1959 3389 ueat.
1986 3362 2056 3373 —
2086 3334 2162 3387 Ac
2194 3330 2323 3386 milii
2355 3328 2570 3399 quidem
2607 3337 2801 3397 printer
2833 3326 2994 3379 studii
3023 3324 3128 3379 mei
3156 3334 3318 3394 atque
3344 3320 3425 3376 of-

1829 3425 1935 3481 ﬁcii
1973 3425 2373 3487 necessitatem,
2417 3436 2520 3491 qua
2572 3420 2673 3475 hoc
2705 3418 2777 3491 (c)
2830 3419 3088 3475 Ecclesia:
3131 3417 3418 3487 episcopus

1829 3516 2230 3587 praedicationis
2255 3513 2582 3584 evaugclicxe
2602 3512 2775 3567 debeo
2817 3509 3212 3572 ministerium;
3244 3515 3423 3562 tanien

1828 3625 1897 3666 eo
1933 3610 2251 3681 propensior
2289 3622 2416 3663 cura
2456 3606 2523 3661 sd
2562 3605 2905 3660 scribendum
2948 3603 3067 3664 fuit.
3115 3617 3224 3673 quo
3254 3601 3425 3671 magis

1831 3704 2014 3773 plures
2039 3699 2281 3772 periculo
2323 3698 2554 3753 inﬁdelis
2592 3695 2961 3766 intelligentia:
3001 3694 3421 3757 detinebantur;

1828 3793 2049 3849 uberius
2077 3792 2330 3865 gaudium
2367 3794 2689 3847 consectans
2728 3803 2796 3844 ex
2824 3787 2998 3843 salute
3028 3786 3341 3850 multorum,
3376 3782 3423 3839 si

1825 3884 2055 3957 cognitis
2084 3883 2437 3940 sacramentis
2475 3880 2733 3952 perlecta:
2774 3880 2827 3935 itt
2873 3880 3037 3934 Deutn
3067 3876 3213 3942 ﬁdei,
3257 3876 3421 3944 impia

1826 3978 2077 4034 humana:
2096 3978 2336 4033 Stultitia:
2359 3976 2601 4031 instituta
2630 3974 2968 4037 desererent,
3001 3978 3056 4026 et
3081 3987 3139 4025 se
3173 3970 3280 4025 Deo
3303 3970 3423 4024 red-

1824 4073 2020 4129 det-ent
2041 4071 2309 4127 haereticis
2335 4067 2653 4138 repudiatis.
2686 4076 2847 4133 atque
2872 4080 2900 4117 a
2929 4062 3051 4117 cibo
3081 4062 3295 4126 mortis,
3314 4075 3421 4131 quo

1825 4166 1880 4222 in
1918 4164 2166 4235 laqueum
2204 4176 2337 4218 aves
2371 4161 2551 4216 solent
2584 4158 2734 4223 illici,
2766 4158 2819 4211 in
2860 4155 3098 4209 volatum
3139 4169 3197 4207 sc
3233 4153 3421 4208 liber-sc

1825 4260 2133 4316 securitatis
2164 4259 2466 4329 erigerent;
2513 4260 2979 4327 sequerenturque
3021 4249 3294 4304 Christum
3322 4248 3425 4303 du-

1823 4368 1964 4421 cem,
2002 4351 2295 4423 prophetas
2333 4349 2572 4411 nuntios,
2626 4343 2921 4417 Apostolus
2964 4342 3217 4413 prmvios,
3260 4340 3417 4396 ﬁdem

1822 4454 2278 4507 consummatam.
2307 4453 2363 4501 et
2391 4443 2619 4498 salutem
2662 4439 2714 4497 in
2747 4437 2922 4494 Patris
2950 4443 3005 4493 et
3048 4435 3171 4492 Filii
3204 4433 3417 4490 confes-

195 4535 250 4587 tit
270 4535 627 4606 conquerentis
675 4534 743 4588 ad
768 4536 999 4600 modum,
1027 4534 1165 4603 quod
1204 4548 1260 4586 se
1287 4549 1379 4603 per
1408 4532 1623 4606 .iloysen
1671 4547 1716 4591 et
1744 4551 1798 4613 Ῑ)
1823 4538 1975 4594 sione
2020 4536 2315 4608 perfectam
2343 4553 2357 4601 ;
2390 4544 2447 4591 el
2487 4549 2609 4591 cum
2650 4533 2853 4589 dictum
2903 4529 3281 4586 meminissent
3325 4541 3422 4583 ore

195 4626 459 4697 prapltetas
481 4625 757 4697 deceperit,
779 4634 827 4680 et
851 4624 1155 4695 euangelicis
1175 4624 1570 4697 apostolicisque
1593 4627 1717 4683 doc-
1756 4660 1765 4669 -

135 4759 286 4817 colam
315 4779 436 4817 non.
484 4760 745 4818 Eamdem
775 4775 885 4831 pra!
912 4772 973 4817 se
1012 4760 1116 4817 fert
1146 4772 1244 4817 ms.
1279 4761 1559 4831 Vat..bas.
1588 4780 1710 4823 cum

137 4831 425 4907 tribusaliis
452 4822 864 4907 recentioribus.
892 4834 958 4887 At
981 4832 1034 4907 in
1064 4833 1197 4907 solis
1216 4832 1377 4907 editis
1405 4822 1585 4905 legere
1607 4822 1707 4907 est,

136 4911 175 4954 et
198 4904 517 4960 indinersum.
552 4904 743 4967 Porro,
776 4905 851 4960 uti
871 4905 1025 4958 testis
1054 4911 1139 4958 est
1174 4904 1517 4974 Athanasius,
1550 4908 1643 4964 Or.
1672 4904 1707 4966 tt

137 4981 292 5047 contr.
307 4976 427 5043 Ar.,
445 4995 499 5047 of.
516 4976 578 5031 5i
592 4975 617 5031 l
632 5018 645 5041 ,
664 4976 979 5030 asserebant
998 4974 1187 5031 Ariani
1208 4990 1329 5031 cum
1351 4990 1449 5030 suo
1474 4980 1712 5047 principe

139 5044 181 5096 ln
206 5045 405 5111 Thalia,
449 5046 667 5105 Verbum
694 5047 837 5100 aliud
862 5048 1214 5116 diversumque
1243 5062 1304 5101 ac
1328 5047 1577 5105 dissimile
1605 5044 1712 5107 esse

138 5131 212 5185 per
232 5121 397 5173 omnia
424 5118 724 5173 substantia:
753 5116 950 5173 Patris.

198 5189 272 5252 (ai
295 5187 351 5244 In
389 5204 517 5244 mss.
552 5188 707 5244 Coll).
752 5194 808 5243 et
852 5190 1037 5243 Germ.
1069 5188 1242 5257 etiam,
1294 5189 1412 5245 loco
1444 5192 1595 5247 verbi
1635 5212 1707 5250 es.

141 5254 233 5331 llic;
250 5261 551 5315 sacramenti
574 5260 787 5315 ctalestis
814 5260 1027 5331 ignarus
1050 5254 1391 5329 praedicatur,
1423 5265 1509 5331 qui
1541 5265 1709 5322 Deum

140 5329 235 5383 reri
260 5331 556 5407 llliiLverum
582 5329 932 5407 patremesse
959 5332 1215 5407 ignorati
1228 5333 1368 5401 quod
1394 5329 1484 5403 qui
1513 5337 1705 5407 nescit,

140 5410 312 5455 nomen
342 5398 433 5457 Dei
469 5398 708 5457 nondum
737 5402 879 5456 scire
907 5398 1102 5471 sepius
1133 5398 1454 5458 afﬁrmatur.

200 5472 266 5544 ib)
295 5473 391 5544 lis.
433 5473 548 5527 bas.
584 5472 703 5529 Vat.
738 5472 1118 5544 imprudentiae.
1148 5474 1221 5529 Ne
1246 5476 1364 5544 quis
1388 5477 1523 5531 forte
1552 5492 1618 5531 ex
1650 5478 1712 5533 ll-

142 5536 211 5594 lnl
237 5536 388 5613 lutjtts
432 5544 588 5599 initio
619 5536 857 5597 animum
904 5543 1145 5612 inducat,
1178 5536 1362 5600 veram
1394 5546 1553 5601 ﬁdem
1582 5556 1708 5605 tttnc

145 5614 376 5685 teinpoﬁs
402 5616 453 5670 in
484 5624 598 5670 t0to
647 5629 783 5683 pene
810 5615 942 5669 orbe
970 5613 1137 5669 fuisse
1163 5618 1490 5672 esstinctam
1515 5637 1529 5685 ;
1559 5632 1714 5676 reco-

146 5677 340 5755 kndtim
363 5694 453 5740 est
480 5686 624 5755 quod
646 5677 899 5741 Socrates
918 5688 986 5739 ail
1024 5686 1116 5741 lib.
1145 5703 1202 5754 ll,
1227 5700 1276 5743 c.
1301 5689 1368 5743 27
1397 5707 1411 5743 :
1440 5677 1647 5747 Achaia:
1666 5702 1716 5748 et

146 5747 326 5828 “lyrici
347 5747 591 5825 ciuitates,
617 5766 665 5814 et
690 5758 903 5831 reliquae
933 5747 1274 5816 Occiduarttm
1295 5762 1515 5832 partium
1537 5747 1717 5823 Eccles

1826 4631 2035 4687 Domini
2063 4648 2076 4684 :
2108 4630 2208 4698 Qui
2244 4646 2347 4685 non
2378 4628 2682 4701 honoriﬁca!
2708 4623 2930 4691 Filium,
2972 4640 3075 4679 non
3115 4620 3420 4690 honori/ient

1816 4770 1927 4843 site,
1960 4771 2252 4843 tranquillrc
2296 4769 2465 4824 adhuc
2491 4778 2638 4822 erant
2665 4776 2711 4843 et
2754 4767 3100 4843 inconcussa:
3130 4759 3416 4843 ιιιιζιηηηοά

1815 4832 1950 4896 inter
1971 4859 2025 4895 se
2050 4832 2406 4906 consentirent,
2438 4852 2543 4893 tum
2569 4841 2705 4909 quod
2736 4837 2857 4909 ﬁdei
2882 4835 3112 4909 regulam
3126 4850 3169 4909 ⁸ιι
3195 4832 3412 4885 Nicwno

1814 4913 2031 4983 concilio
2061 4913 2303 4983 traditam
2337 4904 2743 4983 constantissime
2761 4904 3055 4961 retinerent.
3084 4904 3177 4983 Sic
3196 4914 3412 4983 quoque

1814 4982 2030 5039 Lucifer
2054 4982 2273 5040 Calarit.
2325 4985 2417 5038 lib.
2470 4980 2799 5037 Moriendum
2853 4993 2974 5033 esse
3004 4991 3100 5043 pro
3146 4971 3234 5027 Dei
3278 4971 3415 5027 Filio

1817 5056 2195 5125 imperatorem
2221 5054 2560 5126 interpellat:
2593 5051 2779 5126 Omnes
2800 5054 3053 5126 momento
3071 5047 3115 5126 s_i
3131 5060 3413 5126 peragrare

1816 5112 1991 5197 pos'ses
2012 5135 2203 5198 gentes,
2237 5112 2510 5198 invenisses
2532 5121 2861 5198 stolidissime
2889 5116 3028 5198 lntp.
3053 5116 3240 5198 ubique
3263 5112 3408 5198 Chri-

1815 5189 2180 5250 stianos'sicnti
2205 5212 2295 5249 nos
2317 5195 2537 5248 credere.
2574 5234 2587 5246 .
2613 5194 2677 5245 At
2705 5202 2793 5245 tua
2821 5190 3019 5244 nouella
3046 5189 3341 5258 prazdicatio
3370 5195 3419 5258 et

1814 5281 1989 5340 recens
2020 5266 2221 5340 religio,
2248 5265 2341 5320 sub
2366 5273 2615 5340 praetextu
2639 5263 2761 5334 fidei
2806 5257 3207 5340 blasphentiajn
3236 5257 3412 5340 perni—

1814 5338 1943 5391 ciem
1971 5329 2152 5391 salutl's
2185 5329 2285 5390 tute
2310 5329 2399 5406 per
2428 5345 2475 5388 te
2504 5329 2723 5405 prolata,
2749 5349 2849 5406 non
2877 5329 3041 5385 solum
3072 5331 3240 5406 adhuc
3262 5329 3412 5406 limi-

1814 5416 1914 5463 tem
1943 5407 2234 5463 Rotnanum
2266 5399 2535 5479 peragrare
2574 5422 2674 5460 non
2704 5404 2883 5479 ualuit,
2928 5410 3033 5479 etc.
3090 5400 3205 5454 lmo
3261 5399 3411 5479 llilas

1820 5492 1934 5534 rnts
1966 5480 2100 5548 ipse,
2134 5474 2413 5546 superiore
2448 5479 2608 5544 libro,
2640 5494 2693 5531 ιι.
2726 5476 2817 5542 50,
2845 5474 3129 5527 haereticos
3157 5477 3416 5548 provocat

1818 5550 1882 5605 ad
1911 5543 2067 5604 ﬁdem
2090 5543 2375 5605 universa:
2405 5543 2687 5615 Ecclesiae,
2719 5548 2773 5602 in
2804 5561 2905 5616 qua
2930 5559 3079 5598 omne
3114 5560 3171 5597 os
3201 5543 3412 5597 creden-

1820 5625 1943 5677 tium
1966 5620 2224 5693 Christum
2254 5622 2416 5679 Deum
2444 5624 2686 5693 loquitur.

1911 5692 1981 5767 (c)
2010 5692 2065 5750 in
2094 5686 2530 5767 ιιιιιιιιιιηίελιιιεέ.
2577 5691 2898 5765 exprimitur
2924 5686 3011 5744 llic
3040 5687 3295 5765 particula
3337 5692 3418 5767 ut,

1822 5765 1942 5843 qtae
1962 5765 2076 5828 non
2102 5766 2244 5827 male
2266 5766 2317 5825 in
2345 5765 2465 5826 aliis
2491 5767 2769 5826 reticetur.
3048 5770 3051 5777 '
