3960 6202
536 189 641 249 159

1749 186 1992 247 SANCTI
2031 186 2292 246 HILARII
2331 186 2639 247 EPISCOPI

3723 195 3821 251 lio

537 307 752 366 Patrem
779 308 871 383 qui
898 306 1039 364 misit
1058 307 1209 364 illum
1231 304 1413 381 (Joan.
1449 321 1507 371 v,
1536 304 1655 376 23),
1679 304 1745 360 ad
1770 303 2135 361 honorifican-
2161 307 2212 367 Λ
2237 303 2415 370 Pater,
2468 315 2519 360 et
2554 304 2873 373 ‘dirisibilis,
2911 313 2966 362 et
3006 305 3403 373 convertibilis,
3432 314 3489 364 et
3534 304 3611 381 (ά)
3637 321 3818 381 corpus

536 399 664 457 dum
693 401 908 457 Patrem
935 415 1031 470 per
1057 400 1320 454 honorem
1343 396 1466 453 Filii
1494 412 1555 453 se
1580 395 1868 453 referrent.

611 494 665 551 5.
702 492 930 549 Heresis
959 492 1169 547 Ariame
1196 492 1330 547 lues.
1352 520 1424 534 —-
1455 492 1690 547 Emersit
1714 490 1856 546 enim
1880 488 2134 561 pestifera

538 594 594 644 ct
616 586 791 642 letalis
818 583 1029 655 populis
1052 583 1129 656 (a)
1159 584 1411 655 proxime
1440 583 1578 650 lues,
1608 598 1732 655 quae
1758 583 1957 654 ingenti
1988 598 2139 654 gras-

537 688 652 735 sata
679 677 925 747 contagio
944 677 1153 732 ruinam
1187 675 1512 731 miserandae
1541 676 1732 731 mortis
1757 675 1983 730 invexit.
2019 674 2135 730 Non

537 770 682 827 enim
707 777 916 825 tantum
967 776 1057 823 aut
1092 767 1486 824 considentium
1515 766 1580 838 (f.
1619 765 2044 839 concidentium)
2084 766 2136 820 in

539 862 705 919 chaos
741 877 865 918 cum
899 861 1113 932 populis
1143 861 1254 917 suis
1291 874 1487 930 repens
1515 859 1727 914 urbium
1753 861 2002 923 vastitas,
2048 866 2142 913 aut

535 953 852 1025 frequentes
870 952 1137 1009 bellorum
1160 963 1215 1008 et
1237 952 1490 1009 funebres
1516 962 1740 1015 mortes,
1763 959 1857 1006 aut
1884 950 2138 1008 immedi-

539 1055 676 1104 cata:
703 1046 1041 1117 (egritudinis
1069 1046 1331 1118 populosa
1373 1046 1620 1117 contagia
1657 1044 2044 1112 desasvierunt,
2086 1046 2137 1100 in

540 1149 803 1211 quantum
829 1138 895 1193 ad
924 1137 1147 1193 exitium
1173 1138 1391 1210 generis
1413 1138 1632 1193 humani
1663 1138 1888 1193 haeresis
1917 1136 2035 1193 haec
2060 1136 2144 1192 fu-

544 1242 699 1287 nesta
727 1239 971 1303 grassata
992 1242 1097 1287 est.
1134 1230 1245 1287 Deo
1291 1229 1462 1297 enim,
1492 1229 1578 1284 cui
1606 1230 1789 1284 omnia
1821 1230 1872 1284 in
1915 1230 2145 1285 mortuis

542 1324 751 1393 vivunt,
785 1323 886 1379 hoc
915 1324 1087 1379 solum
1131 1324 1271 1397 perit
1299 1323 1444 1395 quod
1487 1326 1590 1381 sibi
1631 1324 1863 1397 deperit.
1896 1323 2029 1379 Nam
2056 1324 2145 1394 ju-

543 1417 819 1474 dicaturos
844 1420 960 1490 ipse
986 1416 1055 1474 de
1068 1418 1343 1484 omnibus,
1375 1426 1431 1475 et
1461 1434 1560 1489 pro
1590 1419 1889 1491 majestatis
1909 1433 2023 1475 sua:
2052 1418 2145 1474 mi-

545 1510 843 1567 sericordia
874 1526 1050 1582 pmute
1073 1512 1323 1568 meritum
1356 1514 1621 1583 ignoranti
1649 1512 2030 1569 moderaturus
2054 1527 2145 1568 er.

541 1604 677 1671 rori,
712 1614 973 1675 negantes
1021 1617 1080 1659 se
1121 1619 1227 1659 non
1250 1605 1360 1675 jam
1395 1604 1659 1676 judicabit
1689 1607 1894 1678 utique,
1923 1605 2017 1661 sed
2051 1620 2146 1662 ne-

541 1696 690 1768 gabit
719 1695 937 1765 (Matth.
972 1712 1027 1763 x,
1058 1696 1148 1763 55;
1178 1698 1285 1752 uid.
1310 1697 1403 1752 Tr.
1438 1698 1572 1769 psal.
1601 1715 1727 1766 ch,
1747 1716 1800 1754 η.
1820 1699 1900 1771 8).

618 1787 674 1842 4.
731 1785 899 1853 Quam
940 1788 1155 1843 subdole
1196 1790 1337 1844 virus
1382 1806 1533 1844 suum
1581 1789 1835 1856 effundat.
1868 1822 1939 1833 —
1974 1790 2146 1864 Negat

541 1881 711 1948 enim,
753 1894 914 1953 negat
946 1881 1128 1938 furens
1150 1882 1377 1940 haeresis
1401 1894 1800 1940 sacramentum
1828 1900 1973 1941 verte
1994 1886 2142 1953 fidei,

543 1972 612 2028 ad
641 1972 935 2042 impietatis
961 1989 1074 2031 suae
1092 1975 1394 2032 doctrinam
1423 1976 1697 2047 religionis
1722 1992 1817 2032 usa
1840 1977 2141 2048 principiis,

542 2079 666 2120 cum
698 2064 1032 2121 infidelitatis
1057 2081 1171 2124 suae
1216 2069 1634 2140 expositionem,
1667 2079 1727 2126 ut
1774 2070 2145 2140 superioribus

544 2157 697 2215 libris
726 2159 1056 2228 continetur,
1091 2162 1161 2218 ita
1201 2164 1407 2235 capit:
1442 2182 1463 2216 σ
1489 2164 1748 2220 Novimus
1781 2181 1944 2221 unum
1974 2167 2141 2224 Deum

543 2250 721 2307 solum
769 2245 1052 2323 infectum,
1095 2254 1269 2314 solum
1313 2260 1703 2329 sempiternum
1736 2301 1752 2326 ,
1802 2260 1978 2316 solum
2025 2263 2144 2319 sine

543 2346 719 2411 initio,
752 2347 926 2402 solum
971 2364 1184 2418 verum,
1231 2352 1407 2407 solum
1445 2352 1904 2410 immortalitatem
1946 2354 2141 2411 haben-

543 2448 673 2508 tem,
697 2440 871 2497 solum
900 2446 1163 2515 optimum
1183 2488 1198 2515 ,
1221 2447 1400 2503 solum
1429 2454 1725 2518 potentem.
1760 2465 1780 2499 ι
1809 2446 1889 2502 Ad
1915 2446 1967 2502 id
1998 2446 2141 2503 enim

542 2552 854 2611 usurpatum
895 2543 1104 2613 proficit
1146 2546 1250 2616 piae
1291 2546 1656 2601 confessionis
1693 2545 2001 2614 exordium,
2035 2562 2143 2616 quo

540 2630 661 2685 ait:
700 2650 719 2685 ς
763 2629 942 2686 Unum
988 2630 1176 2697 Deum,
1228 2639 1284 2685 et
1326 2631 1815 2697 solum'infectum,
1862 2641 1921 2687 et
1964 2632 2140 2688 solum

542 2724 661 2779 sine
686 2726 841 2780 initio
868 2744 880 2780 :
911 2745 931 2778 ›
962 2736 1020 2782 ιιι
1043 2742 1141 2798 per
1168 2726 1304 2794 haec,
1337 2742 1457 2797 qum
1480 2726 1734 2797 religiose
1761 2726 1945 2782 verbis
1961 2737 2142 2783 esten-

545 2827 808 2886 tarentur,
841 2829 1035 2875 caetera
1060 2819 1224 2889 impie
1254 2819 1634 2874 subderentur.
1658 2818 1791 2873 Nam
1817 2829 1938 2889 post
1976 2821 2141 2875 multa

542 2912 673 2980 alia,
712 2928 831 2984 quae
868 2913 937 2968 de
962 2912 1103 2968 Filio
1131 2914 1246 2982 pari
1290 2926 1505 2981 quoque
1549 2911 1818 2966 simulatae
1867 2912 2143 2983 religionis

546 3005 706 3079 134
733 3006 1068 3077 professione
1091 3004 1410 3074 protulerat,
1465 3005 1697 3075 subjecit
1728 3024 1743 3061 :
1775 3024 1795 3058 ι
1825 3004 2138 3062 Creaturam

2238 397 2535 454 secundum
2563 398 2706 466 illos,
2737 409 2792 453 et
2811 408 3071 470 quantum
3100 399 3154 455 in
3189 401 3319 469 ipsis
3351 409 3459 465 est,
3493 415 3813 472 consequen-

2241 487 2312 544 tia
2340 490 2588 560 eorporis
2626 488 2903 545 sustinens
2943 482 3062 545 Sine
3098 504 3330 561 corpore
3373 491 3537 546 Deus.
3576 511 3595 544 ι
3623 492 3685 547 Et
3702 495 3815 563 quia

2239 583 2395 638 nobis
2416 598 2483 639 ex
2512 584 2726 655 integro
2739 582 3023 640 adversum
3054 583 3191 640 hanc
3209 584 3552 655 impiissimae
3577 584 3817 641 doctrinae

2238 676 2630 747 expositionem
2672 677 3015 748 evangelicus
3056 672 3215 733 nunc‘
3235 679 3343 733 erit
3378 692 3599 744 sermo;
3639 692 3815 736 conse-

2241 785 2413 841 quens
2441 770 2867 826 existimavimus
2899 784 3113 824 omnem
3136 770 3250 839 jam
3277 767 3359 841 (2)
3387 768 3459 843 (e)
3484 769 3538 825 iu
3572 771 3737 840 primo
3762 771 3820 826 li-

2240 872 2328 919 cet
2381 862 2517 918 libro
2562 862 2856 921 editionem
2909 865 3076 936 hujus
3125 864 3401 920 haereseos
3448 863 3816 934 conscriptam,

2242 972 2384 1011 nunc
2399 972 2615 1027 quoque
2636 957 2759 1013 huic
2784 969 2939 1013 sexto
2965 960 3208 1014 inserere
3237 975 3250 1011 ;
3276 967 3337 1012 ιιι
3366 971 3557 1011 recens
3578 956 3747 1021 lectio,
3770 966 3821 1011 et

2243 1050 2614 1121 responsionis
2650 1050 2716 1104 ad
2752 1050 2960 1121 singula
3003 1050 3246 1122 subjecta
3275 1049 3517 1115 collatio,
3541 1063 3635 1118 per
3671 1063 3820 1104 evan-

2242 1143 2443 1215 gelicas
2469 1153 2630 1215 atque
2661 1145 2989 1214 apostolicas
3030 1145 3402 1200 institutiones
3431 1143 3612 1198 invitis
3634 1143 3750 1198 licet
3772 1152 3825 1198 et

2243 1236 2739 1293 contradicentibus
2791 1251 3014 1293 sensum
3077 1236 3320 1293 veritatis
3372 1235 3572 1292 eliciat.
3639 1235 3823 1291 Dicunt

2244 1343 2397 1399 ergo.

2602 1400 2770 1473 (5)(1)
2800 1400 3111 1472 Exemplum
3134 1400 3485 1472 blasphemiae.

2317 1514 2372 1569 5.
2404 1514 2518 1569 Arii
2547 1515 2939 1570 etasseclarum
2966 1518 3079 1589 ejus
3118 1515 3188 1569 ad
3218 1513 3572 1569 Alexandrum
3602 1511 3824 1582 epistola.

2242 1626 2357 1659 -ι
2386 1606 2644 1663 Novimus
2695 1622 2858 1663 unum
2889 1607 3079 1673 Deum,
3129 1607 3302 1662 solum
3349 1606 3626 1670 infectum,
3663 1603 3825 1659 solum

2174 1697 2221 1757 B
2250 1699 2661 1769 sempiternum,
2696 1699 2871 1755 solum
2914 1701 3032 1756 sine
3059 1700 3234 1763 initio,
3264 1698 3441 1754 solum
3479 1696 3831 1753 immortalita-

2250 1800 2359 1848 tem
2402 1791 2708 1857 habentem,
2759 1793 2937 1849 solum
2986 1793 3276 1863 optimum,
3317 1792 3493 1847 solum
3547 1799 3826 1862 potentem,

2246 1887 2488 1941 omnium
2547 1895 2894 1953 creatorem,
2940 1886 3309 1941 ordinatoretn
3354 1894 3408 1939 et
3461 1883 3827 1955 dispositorem

2246 1975 2736 2046 inconvertibilem,
2791 1979 3207 2046 immutabilem,
3236 1978 3441 2047 justum
3487 1986 3542 2032 et
3582 1978 3831 2045 Optimum

2247 2067 2381 2140 legis
2402 2078 2458 2125 et
2482 2069 2871 2140 prophetarum
2893 2079 2947 2124 et
2969 2071 3094 2125 novi
3116 2068 3475 2126 Testamenti.
3503 2068 3655 2123 Hunc
3677 2068 3831 2122 Deum

2244 2179 2536 2237 generasse
2564 2164 2732 2219 filium
2761 2163 3101 2234 unigenitum
3138 2172 3263 2219 ante
3290 2162 3473 2216 omnia
3500 2160 3719 2226 saecula,
3741 2172 3826 2229 per

2245 2275 2406 2331 quem
2442 2268 2499 2315 et
2527 2258 2781 2314 smculum
2810 2270 2865 2314 et
2900 2259 3081 2313 omnia
3110 2257 3257 2313 fecit.
3288 2255 3485 2311 Natum
3526 2264 3704 2309 autem
3733 2268 3827 2307 non

2247 2354 2507 2424 putative,
2531 2352 2625 2408 sed
2645 2366 2770 2407 vere
2795 2351 3114 2407 obsecutum
3141 2350 3402 2406 voluntati
3430 2364 3566 2414 sum,
3593 2348 3823 2403 immuta-

2246 2446 2410 2503 bilem
2438 2456 2493 2502 et
2536 2444 3031 2512 incouvertibilem,
3065 2452 3367 2499 creaturam
3399 2441 3496 2498 Dei
3525 2440 3824 2512 perfectam,

2244 2538 2341 2595 sed
2375 2554 2482 2594 non
2505 2537 2586 2611 (4)
2616 2538 2776 2594 sicuti
2803 2554 2967 2594 unum
3000 2537 3070 2592 de
3113 2536 3411 2601 creaturis;
3436 2534 3720 2599 facturam,
3745 2533 3830 2588 sed

2245 2646 2352 2688 non
2384 2631 2544 2687 sicuti
2565 2638 2781 2686 uetera:
2808 2631 3065 2694 factum;
3090 2642 3191 2683 nec
3222 2638 3281 2682 ut
3315 2627 3633 2682 Valentinus
3657 2625 3827 2698 prola-

2244 2726 2446 2781 tionem
2491 2724 2681 2780 Natum
2728 2724 2905 2779 Patris
2948 2732 3345 2779 commentatus
3394 2730 3513 2785 est;
3558 2736 3661 2776 nec
3705 2719 3832 2775 sicut

2245 2816 2572 2873 Manichteus
2603 2827 2810 2888 partem
2836 2817 2995 2872 unius
3023 2815 3336 2872 substantia:
3363 2813 3520 2886 135
3550 2813 3721 2869 Patris
3739 2811 3832 2868 Na-

2246 2922 2354 2968 tum
2383 2913 2662 2983 exposuit;
2693 2927 2792 2967 nec
2840 2911 2998 2966 sicuti
3030 2909 3320 2973 Sabellius,
3364 2910 3456 2979 qui
3485 2907 3740 2962 unionem
3762 2906 3831 2977 (ρ)

2243 3006 2455 3076 dividit,
2486 3007 2661 3076 ipsum
2685 3006 2823 3061 dixit
2847 3005 3041 3060 Filium
3073 3019 3231 3075 quem
3260 3010 3315 3058 et
3335 3001 3589 3064 Patrem:
3617 2999 3713 3056 sed
3746 3015 3835 3055 nec

542 3098 635 3154 Dei
668 3098 983 3167 perfectam,
1013 3096 1110 3153 sed
1139 3094 1340 3169 non(l)
1367 3096 1526 3152 sicuti
1551 3113 1715 3152 unum
1742 3097 1810 3154 de
1839 3097 2133 3162 creaturis;
2165 3090 2211 3154 C
2242 3099 2399 3155 siculi
2431 3097 2684 3154 Hieracas
2724 3099 2996 3153 lucernam
3027 3095 3097 3151 de
3140 3096 3379 3159 lucerna,
3410 3093 3498 3148 vel
3539 3092 3829 3163 lampadem

539 3193 824 3257 facturam,
856 3191 953 3247 sed
993 3205 1100 3245 non
1149 3188 1307 3244 sicuti
1349 3198 1559 3245 caetera;
1598 3192 1835 3247 factura).
1867 3211 1887 3244 ι
1918 3190 1987 3246 Ει
2016 3198 2137 3260 post

541 3284 709 3341 multa
747 3284 875 3346 alia,
917 3282 1134 3353 quibus,
1167 3282 1416 3338 veritatis
1449 3283 1748 3353 interjectis
1774 3284 2134 3341 confessioni-

538 3375 662 3440 bus,
689 3378 767 3447 (b)
810 3376 1079 3432 haeretica:
1110 3375 1404 3447 impietatis
1444 3376 1858 3433 obumbraretur
1884 3376 2132 3438 intentio,

540 3477 600 3525 ut
623 3468 919 3526 subsistere
948 3482 1070 3523 eum
1112 3466 1182 3523 de
1221 3481 1329 3522 non
1356 3465 1692 3522 exstantibus
1730 3475 1936 3538 argutze
1966 3466 2134 3521 inter-

538 3562 857 3633 pretationis
886 3560 1182 3616 subtilitate
1210 3557 1547 3625 defenderet,
1575 3558 1651 3614 ait
1676 3579 1688 3615 :
1725 3577 1745 3611 ι
1775 3558 1839 3614 Et
1872 3567 1997 3613 ante
2037 3573 2136 3613 sre-

539 3654 658 3711 cula
688 3661 904 3709 creatus
934 3663 993 3710 et
1015 3652 1288 3715 fundatus,
1321 3665 1430 3707 non
1458 3658 1578 3706 erat
1605 3658 1730 3706 ante
1764 3665 1925 3722 quam
1954 3664 2141 3706 nascc-

541 3754 712 3803 retur.
750 3764 769 3797 ι
805 3746 1089 3800 Postremo
1114 3745 1271 3814 quasi
1298 3744 1460 3801 rebus
1484 3744 1594 3812 jam
1638 3745 1889 3801 omnibus
1917 3744 2137 3801 validis-

541 3840 680 3893 sime
722 3837 789 3893 ad
828 3837 1122 3907 impietatis
1143 3837 1219 3907 (ε)
1248 3837 1618 3893 defensionem
1661 3837 2028 3906 communitis,
2069 3853 2135 3893 ne

543 3929 625 3984 vel
658 3928 800 3984 filius
826 3929 908 3984 vel
948 3928 1089 3985 Deus
1135 3929 1548 4000 intelligeretur,
1580 3928 1797 3999 adjecit,
1849 3949 1870 3983 ι
1896 3930 1952 3985 Si
1993 3932 2134 3987 enim

539 4020 683 4091 quod
711 4037 775 4076 ea:
800 4021 935 4090 ipso,
962 4030 1017 4076 et
1036 4021 1178 4092 quod
1202 4038 1265 4077 ea:
1291 4032 1455 4085 utero,
1489 4031 1544 4078 et
1569 4023 1712 4093 quod
1742 4040 1802 4078 ea:
1828 4023 1988 4080 Patre
2007 4027 2138 4080 exivi

540 4122 589 4167 et
615 4115 747 4179 veni,
774 4114 919 4169 velut
950 4122 1154 4183 partem
1193 4113 1307 4185 ejus
1336 4115 1495 4171 unius
1520 4116 1860 4184 substantiae,
1906 4127 1960 4173 et
1986 4117 2137 4188 quasi

541 4205 897 4277 prolationem
939 4206 1239 4263 extendens
1272 4208 1629 4281 intelligitur;
1676 4211 2006 4282 compositus
2032 4212 2138 4267 erit

639 4351 691 4413 1)
724 4350 887 4407 Sicuti
903 4367 1062 4405 unum
1087 4352 1151 4404 de
1170 4361 1424 4408 creatura.

611 4349 691 4495 22)
725 4421 788 4475 In
813 4432 993 4489 quarto
1016 4422 1292 4495 legebatur
1322 4425 1374 4477 in
1403 4442 1424 4476 ιι

537 4420 552 4429 ’
613 4420 691 4495 (2)
725 4421 788 4475 In
813 4432 993 4489 quarta
1015 4422 1293 4523 legebatur:
1322 4425 1374 4507 i_n
1403 4433 1587 4507 nostro
1615 4423 1830 4491 codice;
1862 4423 1960 4480 sed
1986 4425 2123 4480 anti-
2149 4462 2202 4523 Β

537 4492 641 4565 qua
665 4492 824 4547 manu
853 4492 1193 4548 emendatum
1213 4502 1298 4549 est
1321 4495 1372 4548 in
1398 4496 1583 4566 primo.

613 4630 689 4704 (a)
719 4630 951 4704 lnivulg.
982 4630 1325 4704 proximasAt
1359 4631 1411 4685 in
1443 4647 1574 4704 mss.
1600 4632 1854 4703 proxime,
1886 4633 2026 4704 quod
2050 4648 2134 4689 re-

537 4701 712 4759 fertur
740 4703 806 4758 ad
857 4703 1078 4757 emersit.
1131 4702 1203 4756 Ita
1239 4702 1332 4757 lib.
1362 4719 1401 4761 ι.
1436 4719 1490 4757 n.
1518 4701 1610 4766 25.
1641 4704 1755 4758 Arii
1796 4703 1864 4759 ad
1904 4701 2135 4761 'Alexau-

538 4775 696 4830 drum
724 4774 953 4839 epistola
983 4774 1181 4828 dicitur
1202 4790 1302 4827 non
1333 4773 1456 4827 olim
1481 4773 1647 4830 edita.

612 4846 685 4917 (b)
742 4845 914 4910 Editi,
974 4846 1129 4919 hujus
1175 4843 1446 4900 licerelicre.
1500 4845 1719 4901 Rectius
1768 4845 1923 4902 abest
1980 4847 2137 4922 hujus

539 4931 569 4972 ὃ
600 4932 731 4972 ιιιςε.

637 4988 685 5056 c)
713 4989 805 5045 Sic
831 5003 961 5044 mss.
998 4987 1141 5043 Etliti
1174 5003 1330 5053 vero,
1365 4989 1762 5058 professionem.

637 5059 692 5132 ά)
723 5062 858 5117 Editi
877 5059 983 5124 hic.
1001 5070 1400 5131 corporeus;et,
1427 5059 1586 5128 infra,
1606 5077 1815 5130 corpus.
1835 5061 1999 5133 Magis
2026 5062 2135 5117 sibi

539 5141 787 5186 COllSlﬂlll
811 5147 940 5187 mss.
2078 5169 2085 5175 -

615 5202 684 5270 (ε)
713 5203 1064 5257 Recentiores
1090 5217 1221 5257 mss.
1250 5218 1373 5258 cum
1408 5203 1659 5273 vulgatis.
1702 5205 1756 5259 in
1780 5213 1963 5274 quarto
1993 5204 2130 5258 licet.

542 5272 656 5328 Duo
687 5274 951 5339 Vaticani,
983 5274 1035 5327 in
1075 5274 1240 5335 primo
1284 5274 1363 5328 uel
1401 5272 1585 5344 quarto
1626 5274 1741 5329 licet
1783 5272 1932 5329 libro.
1983 5275 2138 5330 Anti-

540 5347 761 5413 quiores
793 5353 997 5407 autem,
1039 5345 1183 5414 iique
1229 5360 1458 5400 numero
1487 5345 1686 5415 plures,
1725 5347 1779 5400 in
1818 5348 1983 5416 primo
2018 5347 2135 5400 licet

542 5416 691 5471 libro.
719 5416 848 5484 Quae
878 5416 1038 5470 lectio
1081 5416 1236 5471 nobis
1264 5431 1330 5472 eo
1369 5417 1634 5471 sincerior
1660 5418 1773 5472 visa
1805 5428 1909 5479 est,
1950 5432 2057 5487 quo
2081 5418 2133 5471 iu

543 5497 781 5543 mentem
811 5502 1000 5558 eorum
1030 5487 1207 5558 minus
1227 5487 1409 5555 cadat,
1438 5489 1526 5558 qui
1551 5489 1803 5557 antiquos
1832 5504 1898 5543 ex
1928 5488 2144 5557 c0ujec-

554 5558 688 5612 turis
720 5557 1021 5629 corrigunt.
1069 5557 1167 5612 Cui
1202 5558 1345 5629 favet
1374 5557 1514 5629 quod
1549 5559 1684 5615 liber
1709 5561 1976 5627 superior,
2002 5576 2058 5613 n.
2091 5559 2144 5623 5,

545 5642 655 5704 ρον
686 5632 893 5704 quintus
1041 5628 1295 5704 secundus
1324 5627 1735 5704 appelleluriet
1762 5630 1888 5704 hoc,
1907 5631 1987 5704 uti
2016 5628 2151 5684 dixi-

544 5694 665 5754 inus
685 5694 711 5755 ζ
741 5697 864 5769 quia
889 5694 1157 5753 secundus
1207 5705 1291 5752 est
1328 5694 1512 5755 contra
1543 5694 1804 5769 perfidam
1831 5697 2149 5757 Arianorum

2246 3191 2301 3247 in
2329 3190 2463 3247 duas
2493 3199 2707 3261 partes;
2742 3204 2840 3245 nec
2860 3190 2951 3260 qui
2979 3188 3079 3243 fuit
3102 3197 3248 3252 ante,
3276 3186 3621 3257 postmodum
3662 3194 3834 3240 natum

2245 3283 2333 3340 vel
2361 3290 2765 3353 supercreatum
2793 3283 2844 3336 in
2886 3281 3076 3347 filium,
3108 3279 3265 3335 sicuti
3305 3290 3360 3335 et
3388 3288 3443 3334 tu
3474 3279 3609 3346 ipse,
3647 3277 3837 3333 beatis-

2245 3380 2381 3433 sime
2406 3391 2562 3447 papa,
2595 3376 2769 3432 media
2799 3377 2849 3429 in
2883 3374 3111 3431 ecclesia
3141 3382 3197 3429 et
3225 3373 3278 3428 in
3306 3386 3569 3429 consessu
3599 3371 3837 3438 frequen-

2247 3479 2329 3527 ter
2353 3486 2449 3527 eos
2473 3470 2561 3538 qui
2579 3469 2701 3524 talia
2735 3467 3082 3524 introducunt
3107 3465 3330 3522 renuiin
3356 3483 3372 3519 :
3397 3465 3492 3520 sed
3524 3462 3681 3519 sicuti
3712 3461 3838 3517 dixi-

2245 3577 2389 3628 mus,
2414 3561 2696 3617 voluntate
2728 3561 2819 3616 Dei
2850 3570 2977 3616 ante
3004 3570 3246 3630 tempora
3272 3567 3329 3613 et
3355 3556 3554 3614 saecula
3575 3564 3832 3619 creatum,

2242 3665 2298 3712 et
2319 3655 2501 3712 vivere
2524 3665 2578 3711 et
2605 3669 2726 3710 esse
2750 3654 3018 3723 accipiens
3037 3667 3070 3706 a
3095 3649 3437 3723 Patre,et(5)
3463 3650 3546 3721 (h)
3575 3650 3771 3721 glorias
3791 3650 3837 3703 e2

2242 3749 2678 3806 consubsisteute
2700 3748 2879 3803 Patre.
2905 3746 3089 3816 Neque
3127 3746 3272 3801 enim
3299 3745 3461 3800 Pater
3488 3742 3624 3800 dans
3644 3745 3693 3798 ei
3725 3759 3836 3797 om-

2243 3843 2387 3899 nium
2421 3841 2811 3907 hmreditatem,
2839 3838 3107 3895 fraudavit
3140 3838 3492 3908 semetipsum
3516 3838 3587 3893 ab
3610 3836 3694 3892 his
3716 3851 3830 3907 quze

2244 3950 2351 3990 non
2376 3933 2511 3990 facta
2539 3934 2740 4004 abipso
2763 3932 3029 3987 habentur
3053 3931 3202 3987 :l‘ons
3240 3942 3325 3986 est
3364 3940 3545 3985 autem
3580 3931 3835 3985 omnium.

2316 4027 2369 4083 6.
2408 4047 2428 4081 ‹
2471 4027 2810 4099 Quapropter
2849 4035 2964 4082 tres
2999 4025 3314 4081 substantiae
3352 4034 3497 4088 sunt,
3529 4024 3706 4089 Pater,
3760 4022 3839 4078 l-‘i-

2247 4121 2373 4185 lius,
2422 4120 2657 4191 Spiritus
2683 4128 2923 4175 sanctus.
2983 4117 3053 4173 Et
3099 4116 3316 4188 quidem
3373 4116 3519 4172 Deus
3564 4130 3725 4171 causa
3760 4125 3839 4170 cst

2243 4212 2507 4279 omnium,
2539 4208 2763 4266 omnino
2788 4210 2906 4265 sine
2948 4208 3101 4265 initio
3130 4207 3422 4264 solitarius.
3458 4206 3630 4263 Filius
3664 4216 3836 4262 autem

2298 4351 2385 4490 $5)
2415 4352 2538 4407 llaec
2564 4348 2868 4422 epigraphe
2898 4347 3056 4404 deest
3083 4348 3135 4403 in
3166 4354 3351 4402 nostro
3372 4346 3581 4402 codice.

2319 4423 2377 4490 4)
2408 4424 2505 4479 Hic
2532 4421 2729 4490 repetit
2760 4420 2912 4474 siculi
2946 4436 3104 4474 unum
3134 4419 3195 4474 de
3222 4426 3475 4473 creatura.

2319 4419 2377 4496 Α)
2408 4424 2505 4496 ilic
2532 4419 2729 4496 repetit
2760 4420 2912 4474 siculi
2946 4436 3104 4474 unum
3134 4419 3195 4474 de
3222 4426 3475 4473 creatura.

2301 4493 2379 4570 (5)
2410 4493 2669 4549 Gloriam.

2240 4632 2363 4688 fidei
2395 4631 2803 4698 professionem.
2835 4630 3169 4701 Quamquam
3211 4626 3312 4682 sub
3346 4625 3451 4681 alio
3471 4635 3732 4701 respectu
3756 4625 3834 4701 hic

2240 4705 2356 4775 ipse
2389 4696 2526 4759 liber
2554 4703 2802 4775 proxime
2837 4696 3042 4775 sextus
3071 4708 3434 4775 nuncupatur,
3471 4696 3729 4775 Erasmus
3757 4698 3835 4775 hic

2238 4767 2305 4831 ad
2337 4767 2633 4845 marginem
2670 4773 3056 4845 adscripserat,
3086 4769 3200 4845 Ego
3229 4786 3346 4823 vero
3374 4784 3477 4822 non
3510 4767 3690 4845 dubito
3721 4769 3833 4845 quin

2239 4839 2511 4920 legendum
2538 4848 2602 4901 sit
2619 4847 2671 4900 in
2689 4839 2911 4920 quatuor
2939 4844 3100 4905 libris,
3127 4839 3285 4920 eique
3309 4849 3492 4906 postea
3524 4839 3835 4909 subscripsit

2238 4913 2377 4975 Lind.
2412 4919 2647 4973 Mirmtts.
2691 4913 2954 4972 Nimirum
2997 4930 3102 4969 non
3141 4913 3490 4967 adverterunt
3539 4924 3831 4965 sermonem

2242 4991 2329 5044 hie
2360 4988 2543 5043 haberi
2573 4988 2641 5043 de
2666 4987 2866 5057 perfida
2894 4982 3486 5057 Arianorumepistola,
3515 4995 3637 5050 qua:
3661 4980 3833 5037 hacte-

2244 5077 2344 5116 nus
2373 5061 2556 5124 uuico,
2591 5055 2695 5113 non
2723 5067 2953 5127 quatuor
2982 5055 3131 5111 libris
3156 5055 3300 5127 edita
3328 5062 3430 5127 est.

2315 5132 2383 5204 (fl
2418 5131 2567 5204 Hanc
2616 5123 2946 5204 epigraphen
2986 5129 3038 5182 in
3096 5126 3244 5194 prius
3296 5123 3531 5195 vulgatis
3577 5124 3829 5179 omissam

2241 5201 2578 5260 restituimus
2604 5217 2672 5257 ex
2709 5201 3005 5269 potioribus
3033 5212 3163 5252 mss.

2317 5274 2393 5347 (g)
2425 5274 2587 5347 Egditi,
2604 5266 2723 5347 qui,
2742 5272 2835 5326 lib.
2862 5266 3829 5347 tv,_praeferebaneuniouenr_inducit,

2240 5337 2876 5401 bic'c'xhibent'unionem
2903 5342 3131 5397 dividens
3161 5355 3179 5393 :
3210 5338 3497 5406 utrobique
3525 5337 3834 5408 refraganti-

2244 5418 2346 5473 bus
2379 5431 2507 5471 mss.

2320 5486 2402 5557 (It)
2451 5486 2508 5541 In
2539 5486 2797 5557 vulgatis,
2848 5485 2943 5540 lib.
2987 5499 3086 5557 tv,_
3116 5480 3383 5557 gloriori__,_
3416 5478 3513 5557 hie
3553 5493 3829 5557 vero_cum

2251 5549 2503 5615 omnibus
2526 5549 2664 5629 mss".
2696 5549 2924 5629 glorians
2950 5572 2970 5611 :
2996 5554 3089 5610 sed
3116 5549 3305 5629 errore
3318 5549 3673 5629 librariorum
3701 5552 3831 5629 litte-

2252 5620 2740 5700 ramnadjectam
2789 5628 2900 5700 jam
2948 5624 3257 5683 monuimus
3308 5622 3427 5692 (col.
3485 5620 3611 5689 106,
3663 5622 3807 5691 not.j

2254 5698 2490 5755 editionis
2515 5698 2750 5765 nostrae.)
