3960 6202
31 376 110 429 ibi

1243 361 1333 418 DE
1371 358 1746 418 TRINITATE
1787 356 1993 413 LIBER
2026 356 2112 412 Vl.

3208 351 3311 406 Hi9.

23 492 131 544 sine
156 499 399 557 tempore
442 485 624 542 editus
650 499 680 538 a
703 483 882 549 Patre,
911 489 965 537 et
1006 487 1132 534 ante
1159 477 1356 532 saecula
1392 486 1608 531 creatus
1634 477 1690 538 Α
1710 472 2048 542 Quamquam
2077 469 2235 540 igitur
2268 468 2644 538 superioribus
2682 467 2881 524 libellis
2914 466 3050 536 (scil.
3082 480 3134 520 tv
3175 474 3221 519 et
3251 461 3311 534 v)

24 595 74 636 et
96 581 356 646 fundatus,
387 595 496 633 non
526 586 646 633 erat
665 584 789 630 ante
809 588 969 645 quam
997 581 1307 627 nasceretur
1333 587 1345 623 :
1371 569 1465 624 sed
1493 568 1610 622 sine

30 684 253 743 tempore
280 682 408 726 ante
436 669 620 725 omnia
651 678 831 732 natus,
873 664 1019 720 solus
1071 678 1101 717 a
1158 661 1278 718 solo
1323 660 1400 732 (α)
1455 660 1611 715 Patre

29 764 105 838 (Ι)
137 763 386 820 substitit.
419 761 530 817 Nec
543 760 688 817 enim
713 770 790 814 est
805 767 1037 813 aeternus
1063 762 1158 810 aut
1178 763 1500 819 comternus,
1521 760 1613 807 aut

27 858 177 912 simul
203 871 302 910 non
319 857 496 910 lactus
526 869 647 909 cum
675 852 832 906 Patre
859 848 958 920 (b),
990 862 1090 904 nec
1117 846 1273 902 simul
1301 861 1422 901 cum
1453 845 1613 900 Patre

31 949 181 1005 habet
201 963 339 1011 esse,
370 947 529 1001 sicuti
563 944 780 1016 quidam
809 943 1011 1006 dicunt,
1038 950 1130 996 aut
1153 939 1343 1010 aliqui,
1374 937 1481 994 duo
1503 953 1612 993 non

33 1053 146 1098 nata
175 1041 432 1112 principia
461 1040 866 1094 introducentes
892 1054 905 1089 :
935 1035 1030 1091 sed
1058 1037 1196 1090 sicut
1229 1035 1359 1089 unio
1388 1042 1442 1088 et
1464 1033 1613 1104 prin-

34 1138 218 1206 cipium
245 1135 508 1198 omnium,
537 1134 617 1188 sic
645 1142 699 1186 et
724 1131 864 1187 Deus
893 1141 1020 1186 ante
1047 1129 1228 1184 omnia
1252 1138 1354 1184 est.
1391 1128 1617 1197 Propter

34 1229 167 1300 quod
193 1241 242 1283 et
263 1238 388 1284 ante
409 1227 607 1282 Filium
631 1235 733 1292 est,
764 1225 902 1280 sicut
928 1233 1104 1279 etate
1127 1221 1411 1278 didicimus
1441 1221 1616 1276 media

35 1329 84 1378 in
109 1324 326 1380 ecclesia
351 1321 704 1394 przedicante.
735 1318 1042 1375 Secundum
1071 1316 1215 1388 quod
1247 1302 1426 1387 itaque
1456 1330 1483 1368 a
1507 1315 1620 1370 Deo

37 1433 150 1474 esse
183 1417 360 1480 habet,
389 1417 463 1487 (ε)
494 1425 546 1470 et
567 1415 789 1485 glorias,
818 1422 872 1468 et
906 1413 1108 1476 vivere,
1130 1420 1185 1466 et
1209 1409 1387 1466 omnia
1415 1411 1463 1466 ei
1495 1417 1622 1464 sunt

40 1509 255 1574 tradita;
298 1507 590 1564 secundum
632 1506 754 1569 hoc,
794 1505 1116 1574 principium
1165 1503 1284 1572 ejus
1325 1511 1409 1557 est
1458 1502 1618 1556 Deus.

40 1601 364 1672 Principatur
390 1609 564 1654 autem
592 1598 666 1665 ei,
700 1605 887 1667 utpote
912 1597 1054 1652 Deus
1083 1595 1223 1665 ejus,
1256 1611 1377 1648 cum
1408 1593 1478 1649 sit
1498 1601 1623 1648 ante

43 1693 226 1763 ipsum.
252 1692 304 1747 Si
337 1692 478 1746 enim
516 1689 659 1760 quod
713 1705 776 1743 ea:
821 1689 956 1758 ipso,
1006 1697 1060 1742 et
1083 1686 1226 1757 quod
1273 1702 1336 1740 ea;
1370 1695 1532 1750 utero,
1570 1694 1626 1739 et

43 1786 173 1856 quod
193 1802 254 1841 ex
283 1784 437 1839 Patre
477 1785 606 1839 exivi
633 1794 680 1837 et
721 1783 1029 1847 reni,.velut
1057 1791 1262 1852 partem
1301 1780 1418 1850 ejus
1466 1779 1625 1834 unius

1712 564 1780 620 de
1806 564 1916 619 Deo
1937 575 1992 618 et
2017 561 2335 627 Deo,etDeo
2349 576 2477 615 vero
2499 575 2562 615 ac
2592 561 2699 616 Deo
2727 575 2876 624 vero,
2895 571 2950 614 et
2967 559 3019 613 in
3042 560 3151 614 Deo
3180 571 3312 611 vero

1714 666 1867 728 patre
1895 665 1949 712 et
1976 656 2029 710 in
2059 655 2172 710 Deo
2197 669 2326 710 vero
2369 654 2478 709 lilio
2507 669 2614 710 uno
2639 669 2770 710 vero
2800 653 2912 707 Deo
2959 649 3312 722 intelligendo

1713 749 2011 805 secundum
2047 756 2253 802 natura:
2283 747 2566 813 unitatem,
2604 763 2710 801 non
2741 745 3036 802 secundum
3067 758 3315 814 persona:

1716 843 1990 908 unionem,
2037 857 2103 896 ex
2133 840 2268 910 legis
2309 847 2366 895 et
2410 838 2791 910 prophetarum
2837 836 3312 908 praedicationibus

1715 934 2100 998 docuerimus;
2132 943 2310 989 tamen
2343 932 2576 1002 perfecta
2603 930 2680 1004 (4)
2712 931 2838 986 fidei
2865 929 3023 1000 hujus
3051 927 3318 984 absolutio

1717 1042 1782 1082 ex
1814 1025 2144 1096 evangelicis
2183 1034 2346 1095 atque
2374 1023 2688 1093 apostolicis
2730 1032 2814 1078 est
2853 1019 3154 1094 prmstanda
3182 1019 3312 1074 doc-

1720 1119 1900 1182 trinis,
1929 1127 1986 1172 ut
2013 1132 2174 1173 verus
2223 1117 2316 1172 Dei
2348 1115 2493 1170 (ilius
2531 1115 2673 1171 Deus
2709 1129 2817 1169 non
2846 1113 3038 1168 aliena:
3083 1127 3113 1166 a
3163 1111 3321 1166 Patre

1719 1211 2058 1283 diversaeque
2089 1222 2315 1274 naturae,
2346 1209 2441 1265 sed
2471 1208 2712 1277 ejusdem
2739 1222 2861 1263 esse
2884 1204 3206 1269 divinitatis,
3226 1220 3322 1274 per

1719 1307 2000 1362 veritatem
2044 1305 2342 1360 nativitatis
2385 1305 2644 1366 existens,
2690 1302 2861 1374 possit
2915 1300 3164 1371 intelligi.
3213 1299 3323 1356 Nec

1720 1420 1850 1460 sane
1887 1418 2210 1474 quemquam
2238 1412 2348 1456 tam
2387 1409 2656 1456 amentem
2698 1413 2860 1470 posse
2890 1412 3013 1454 esse
3039 1397 3320 1461 existimo,

1721 1501 1811 1572 qui
1837 1501 1926 1556 Dei
1954 1499 2022 1555 de
2059 1515 2119 1554 se
2166 1498 2530 1568 professiones
2561 1509 2654 1552 aut
2695 1498 2938 1568 cognitas
2971 1511 3075 1551 non
3120 1495 3323 1550 intelli-

1722 1605 1833 1666 gat,
1860 1604 1953 1650 aut
1982 1593 2285 1648 intellectas
2315 1607 2344 1646 a
2373 1607 2433 1646 se
2461 1589 2540 1663 (g)
2563 1591 2728 1646 nollet
2759 1590 3114 1660 intelligi,ant
3140 1603 3326 1644 emen-

1724 1687 1930 1744 dandas
1955 1695 2106 1757 putet
2131 1686 2382 1740 humanae
2405 1683 2659 1755 opinione
2684 1684 2999 1752 prudentia.
3035 1681 3142 1738 Sed
3171 1691 3327 1738 ante-

1725 1797 1887 1854 quam
1941 1798 2028 1838 res
2081 1783 2225 1852 ipsas
2267 1781 2579 1835 salutarium
2647 1788 3113 1834 sacramentorum
3174 1777 3322 1848 loqui

46 1878 336 1932 substantia:
361 1887 417 1932 et
439 1876 593 1946 quasi
625 1874 982 1946 prolationem
1028 1872 1324 1950 extendeps
1368 1870 1624 1942 intelligi-
1656 1895 1704 1955 Β
1733 1874 1812 1946 (5)
1844 1875 2194 1946 incipiamus;
2223 1891 2290 1931 ne
2316 1877 2368 1930 in
2387 1874 2570 1944 aliquo
2595 1873 2716 1940 sibi,
2741 1873 2898 1928 editis
2944 1872 3326 1927 haereticorum

51 1978 157 2035 tur;
199 1968 528 2039 compositus
577 1968 681 2022 erit
706 1966 888 2034 Pater,
911 1976 965 2021 et
991 1963 1298 2028 divisibilis,
1323 1973 1377 2019 et
1403 1979 1628 2019 conver-

53 2064 196 2118 tibilis
221 2064 320 2134 (2),
351 2073 410 2118 et
433 2076 633 2132 corpus
677 2060 972 2116 secundum
1005 2059 1150 2123 illos,
1181 2067 1258 2124 et,
1290 2068 1549 2130 quantum
1574 2059 1629 2113 in

54 2157 167 2226 ipsis
186 2170 290 2223 eat,
331 2156 726 2228 consequentia
759 2153 1004 2226 corporis
1033 2153 1309 2208 sustinens
1349 2151 1466 2206 sine
1511 2166 1631 2206 cor-

57 2264 174 2318 pore
201 2248 339 2302 Deus
365 2247 466 2318 (d).
483 2267 502 2300 ι

115 2342 161 2394 7.
197 2339 463 2395 Venenum
491 2340 546 2394 in
574 2339 672 2394 hac
687 2339 905 2410 epistola
937 2339 1119 2393 latens.
1147 2366 1219 2377 —
1247 2334 1378 2405 Quis
1406 2350 1514 2391 non
1553 2335 1636 2392 his

59 2436 231 2489 sentiat
275 2433 519 2488 lubricos
552 2431 878 2502 serpentino:
927 2428 1026 2484 viae
1068 2429 1261 2494 ﬂexus,
1305 2429 1389 2484 vel
1419 2427 1491 2500 (e)
1529 2438 1639 2483 tor—

65 2527 211 2583 tuosis
253 2527 420 2596 Spiris
471 2524 641 2580 nodos
672 2524 920 2592 vipereos
960 2537 1068 2576 non
1111 2519 1398 2591 intelligat,
1445 2519 1640 2590 quibus

64 2621 286 2678 venenati
315 2621 434 2676 oris
469 2619 628 2692 136
655 2617 970 2687 principalis
997 2625 1237 2686 potestas
1279 2615 1510 2670 collecto
1555 2617 1640 2668 in-

67 2713 169 2768 ﬂexi
187 2713 434 2784 corporis
465 2712 596 2766 orbe
638 2709 1018 2766 concluditur?
1066 2707 1170 2764 Sed
1197 2707 1436 2763 extensis
1471 2707 1645 2761 omni-

72 2808 154 2861 bus
179 2817 333 2875 atque
363 2803 651 2869 absolutis,
688 2812 856 2858 totum
885 2801 1136 2857 occultati
1160 2801 1352 2871 capitis
1378 2801 1526 2856 virus
1549 2815 1645 2868 pa-

74 2901 201 2953 tebit.
229 2901 556 2970 lngeruntur
575 2895 716 2951 enim
747 2895 904 2950 nobis
929 2895 1158 2965 primum
1187 2897 1405 2949 nomina
1454 2897 1650 2949 verita-

76 2993 149 3060 tis,
174 2995 246 3062 (ὅ)
280 2993 363 3066 (ι’)
396 3000 456 3046 ιιι
485 2991 630 3045 virus
661 2987 913 3042 falsitatis
943 2989 1194 3042 introeat.
1227 2986 1436 3042 Bonum
1466 2987 1519 3041 in
1555 3000 1650 3040 ore

76 3098 164 3153 est,
193 3099 244 3142 ut
279 3087 350 3142 de
392 3084 560 3140 corde
601 3083 801 3137 malum
842 3083 1055 3137 subeat.
1087 3081 1154 3136 Et
1198 3082 1336 3136 inter
1365 3082 1479 3136 lucc
1525 3095 1652 3135 nus.

80 3197 212 3249 quam
241 3181 403 3235 audio
426 3179 499 3233 ab
540 3177 622 3233 his
646 3177 813 3231 Deum
861 3177 952 3231 Dei
993 3174 1164 3229 ﬁlium
1196 3174 1302 3228 dici
1333 3191 1347 3226 :
1389 3188 1654 3243 nusquam

1733 1969 2062 2035 nominibus,
2115 1967 2339 2023 haeresis
2382 1965 2655 2036 professio
2705 1966 3032 2031 blandiatur,
3071 1965 3331 2021 demons-

1735 2059 1982 2114 trandum
2011 2069 2095 2115 est
2115 2075 2276 2115 omne
2304 2059 2464 2128 hujus
2490 2067 2694 2130 arguta:
2718 2057 2936 2112 malitiae
2961 2057 3204 2113 velamen
3236 2074 3247 2108 :
3278 2063 3336 2110 ut

1737 2169 1832 2223 per
1859 2151 2001 2223 quod
2049 2167 2109 2208 se
2149 2154 2298 2209 virus
2375 2151 2548 2207 latens
2606 2151 2863 2221 contegit,
2924 2166 3020 2220 per
3061 2150 3111 2204 id
3162 2148 3338 2220 ipsum

1737 2245 1819 2318 (6)
1864 2246 2130 2317 proditum
2155 2243 2236 2317 (It)
2261 2245 2331 2300 sit
2367 2252 2424 2301 et
2466 2245 2783 2312 revelatum,
2818 2253 2873 2300 et
2917 2245 2982 2300 ad
3013 2243 3342 2299 blandientis

1737 2338 1930 2393 veneni
1971 2337 2380 2408 intelligentiam
2408 2336 2637 2408 publicae
2664 2337 3012 2392 conscientiae
3033 2343 3225 2392 sensus
3256 2337 3344 2390 in-

1743 2439 1934 2483 troeat.

1813 2521 1868 2577 9.
1902 2520 2159 2576 Valentini
2188 2531 2493 2576 commenta.
2524 2519 2760 2576 Ecclesia
2795 2521 2858 2575 ab
2881 2523 2960 2575 his
2981 2521 3171 2576 aliena.
3208 2519 3345 2576 Pro-

1745 2615 1954 2670 talionis
1998 2617 2203 2671 nomine
2249 2616 2476 2670 hwretici
2506 2617 2816 2670 nativitatem
2859 2617 3093 2670 nituntur
3121 2616 3346 2671 abolere.

1745 2739 1818 2749 —
1847 2709 2103 2764 Volentes
2147 2710 2306 2778 igitur
2331 2709 2574 2764 hasretici
2626 2709 2718 2764 Dei
2766 2707 2936 2764 lilium
2982 2725 3088 2764 non
3136 2724 3202 2764 ex
3237 2709 3348 2765 Deo

1749 2817 1891 2871 esse,
1943 2819 2119 2874 neque
2145 2801 2210 2874 (i)
2240 2803 2307 2858 de
2339 2814 2528 2858 natura
2580 2813 2635 2860 et
2669 2804 2722 2858 in
2771 2813 2962 2859 natura
3012 2805 3108 2860 Dei
3147 2819 3212 2861 ex
3243 2805 3353 2862 Deo

1753 2894 1921 2950 Deum
1964 2905 2171 2963 natum,
2224 2911 2346 2950 cum
2381 2895 2493 2965 jam
2541 2897 2789 2967 superius
2833 2903 3358 2952 commemorassent

1753 3007 1912 3044 unum
1943 2989 2112 3046 Deum
2145 2991 2314 3045 solum
2349 2991 2503 3062 137
2532 3007 2724 3056 verum,
2756 3006 2931 3062 neque
2955 2991 3282 3061 adjecissent
3311 2999 3358 3044 et

1757 3092 1952 3153 patrem
1975 3100 1995 3148 ;
2027 3093 2087 3137 ut
2117 3084 2274 3137 unius
2299 3083 2544 3137 veritatis
2571 3099 2693 3139 esse
2715 3083 2930 3138 Patrem
2963 3093 3017 3139 et
3043 3083 3236 3139 Filium
3259 3098 3357 3139 ex-

1757 3175 1904 3230 clusa
1923 3177 2853 3246 proprietatenativitatisnegarent,
2887 3177 3163 3243 dixerunt,
3200 3196 3218 3229 ι
3251 3176 3362 3232 Nec

84 3272 246 3327 Filium
269 3273 494 3329 invenio
521 3271 594 3324 ita
623 3269 973 3341 praedicatum
1019 3283 1162 3335 esse,
1209 3267 1351 3338 quod
1392 3267 1532 3323 lilins
1563 3267 1652 3322 sit.
1684 3289 1729 3354 ρ
1761 3279 1818 3322 ιιι
1853 3268 2168 3324 Valentinus
2196 3269 2554 3339 prolationem
2587 3269 2778 3325 Natum
2810 3270 2985 3325 Patris
3029 3279 3364 3326 commenta-

88 3366 258 3422 Nomen
301 3367 398 3423 filii
451 3366 736 3436 ingeritur,
787 3373 844 3418 ut
895 3373 1082 3418 natura
1136 3374 1410 3428 taceatur;
1466 3371 1658 3417 natura

89 3456 327 3523 adimitur,
371 3469 434 3512 ut
479 3470 676 3510 nomen
717 3455 953 3509 alienum
1007 3455 1096 3510 sit.
1145 3453 1391 3510 llaereses
1447 3465 1659 3511 caetera:

92 3551 491 3619 pretenduntur,
523 3558 576 3602 ut
607 3549 675 3604 de
710 3563 770 3602 se
802 3547 1024 3601 hmresis
1050 3547 1340 3602 mentiatur
1368 3547 1540 3620 (Idem
1569 3565 1663 3602 no-

95 3643 400 3697 tatAt/nznas.
440 3641 538 3695 0r.
576 3656 612 3704 ι,
649 3656 700 3709 p.
735 3638 884 3710 515).
921 3639 1070 3695 Unus
1089 3639 1238 3694 solus
1269 3639 1410 3694 Deus
1439 3649 1491 3694 et
1517 3640 1664 3694 solus

96 3748 226 3787 verus
251 3732 534 3804 ingeritur,
581 3747 648 3787 ne
675 3747 860 3786 verum
896 3746 962 3786 ac
991 3731 1266 3801 proprium
1301 3732 1391 3786 Dei
1420 3730 1529 3786 lilio
1574 3747 1663 3787 rc-

100 3823 335 3894 linquatur
359 3841 489 3882 esse
517 3823 663 3895 quod
696 3824 839 3878 Dens
867 3832 970 3880 est.

155 3919 200 3972 8.
225 3916 354 3982 Quid
375 3921 500 3990 jam
529 3918 625 3970 sibi
652 3917 974 3970 tractandum
1018 3927 1271 3988 proponat
1317 3917 1576 3975 Hilarius.
1599 3950 1668 3962 -—

160 4043 227 4112 (ι)
254 4044 518 4099 Sabsistit.

163 4113 227 4185 (2)
264 4113 326 4170 Et
354 4113 645 4180 mutabilis,
671 4122 748 4186 ut
782 4129 943 4184 supra
991 4115 1042 4168 in
1090 4119 1283 4178 quarto
1315 4117 1480 4186 libro,
1512 4117 1675 4176 etiam

111 4183 397 4262 llicantiqua
422 4201 592 4262 nianu
617 4183 886 4262 adjectum
913 4195 998 4242 est
1027 4187 1081 4241 in
1109 4189 1293 4238 nostro
1319 4183 1635 4262 εχειιίριετί,

188 4259 235 4324 5)
265 4256 328 4312 Ut
352 4260 484 4311 vires
514 4255 760 4326 falsitatis
789 4257 1063 4312 introeant.

187 4328 235 4399 ὁ)
259 4329 403 4384 Fidei
432 4330 592 4400 hujus
617 4328 868 4382 absolutio
889 4329 1190 4401 euangelicis
1213 4341 1365 4403 atque
1379 4334 1676 4404 apostolicis

171 4445 233 4517 (τι)
257 4446 308 4500 ln
333 4445 730 4517 antiquissimis
757 4462 885 4502 mss.
937 4447 993 4503 S.
1042 4447 1250 4505 Martini
1288 4450 1515 4516 Turon.,
1545 4451 1665 4506 Vat.

120 4515 292 4589 hoset
318 4515 479 4574 Colb.
523 4535 553 4571 a
602 4519 712 4589 solo
749 4519 969 4573 substitit
1010 4534 1028 4573 :
1062 4536 1166 4575 non
1206 4522 1366 4589 male,
1411 4523 1457 4578 si
1489 4515 1583 4577 lib.
1619 4539 1670 4578 tv

58 4619 60 4660 ε
121 4587 198 4671 sibi
231 4599 551 4672 constarent.
614 4588 669 4672 l_n
717 4606 893 4660 graeco
937 4600 1144 4660 autem,
1185 4593 1288 4649 ὑπὸ
1335 4587 1422 4649 τιοῦ
1471 4597 1673 4672 πατρὸς

123 4661 303 4723 ὑπέστη,
327 4661 530 4716 omisso
561 4661 670 4714 solo
683 4699 696 4713 .

180 4729 243 4804 (b)
273 4733 404 4787 Editi
435 4734 525 4787 hic
570 4731 848 4804 adjiciunt,
899 4733 999 4803 fuit
1040 4749 1270 4802 semper;
1299 4737 1440 4804 quod
1487 4736 1579 4790 lib.
1631 4753 1684 4791 tv

64 4837 68 4876 ἶ
130 4803 285 4876 malitis
309 4807 582 4876 omittunt,
613 4803 685 4859 ibi
707 4812 763 4876 et
793 4803 880 4857 hic
910 4803 1375 4876 consentientibus
1413 4824 1542 4863 mss.

157 4873 242 4950 _(c)
266 4875 316 4928 ιιι
342 4875 611 4950 vulgatis,
627 4885 670 4929 et
697 4874 930 4950 gloriari.
959 4874 1014 4950 In
1039 4893 1140 4950 ins.
1177 4875 1296 4931 Vat.
1329 4878 1472 4944 bas.,
1505 4890 1549 4934 et
1577 4879 1688 4950 glo-

132 4947 310 5018 l'ttttt8_cl
353 4947 524 5018 uiuens
555 4961 572 4999 :
600 4947 652 5000 in
683 4947 824 5011 aliis,
872 4955 916 5000 et
952 4947 1182 5018 glorians
1227 4957 1272 5002 et
1301 4950 1466 5004 vivere
1497 4967 1512 5005 :
1544 4947 1686 5006 idem

136 5014 346 5086 mendum
375 5017 520 5084 quod
544 5031 726 5086 supra.

194 5083 340 5160 (d)ln
361 5083 467 5143 uno
501 5083 757 5157 ms.'pnst
788 5101 975 5144 vocem
1018 5085 1180 5156 Deus,
1215 5091 1514 5160 subjicitur,
1543 5091 1690 5146 Veri-

141 5163 230 5230 tas;
253 5159 443 5213 additio
468 5174 661 5213 manus
687 5161 899 5225 alienas,
924 5175 1029 5230 qua
1056 5163 1225 5220 sancti
1259 5159 1501 5220 Ductoris
1530 5165 1690 5219 verba

143 5227 192 5278 ab
213 5225 571 5286 haereticorum
594 5231 750 5287 dictis
772 5225 1142 5287 seccrtiantur.

200 5297 258 5376 (ς)
304 5301 738 5376 EditiLtortuosi
764 5302 978 5376 spiritus
1022 5320 1040 5355 :
1070 5308 1401 5376 castigantur
1440 5323 1502 5362 ex
1557 5321 1688 5360 mss.

150 5364 311 5444 Eadem
338 5364 687 5428 similitudine
716 5364 932 5428 fallaces
973 5364 1438 5432 hmresistt-ianm
1471 5377 1692 5432 tcchnas

153 5453 576 5519 sitcreprzesentnt
605 5444 947 5519 Athanasius,
977 5445 1069 5519 0r.
1087 5462 1122 5501 ιι
1144 5450 1439 5505 contraAr.
1475 5465 1525 5519 p.
1547 5447 1652 5504 ‘5l6
1677 5466 1691 5501 :

158 5507 580 5589 istdhazresis
604 5532 725 5589 non
763 5507 940 5585 digna
965 5516 1080 5589 odio
1121 5521 1296 5587 fuerit,
1339 5507 1589 5574 cunt'illu
1619 5534 1708 5589 per

158 5579 442 5663 dijﬁdentialn
473 5604 507 5639 a
533 5588 637 5640 suis
658 5579 1133 5657 etiam'occultetur,
1159 5601 1204 5645 et
1225 5579 1368 5662 quasi
1393 5607 1602 5663 serpens
1619 5579 1710 5660 ’[ο-

159 5661 296 5705 uentus
317 5659 334 5707 Ι

310 5725 387 5806 ita
433 5729 690 5806 perpauci
737 5731 1071 5806 recentiores
1105 5747 1242 5806 mss.
1272 5748 1415 5806 cum
1457 5733 1709 5806 vulgatis.

166 5787 470 5874 {abstineri}
495 5787 718 5874 habent,
752 5810 806 5854 ut
837 5803 966 5874 vires
995 5802 1235 5871 falsitatis
1263 5787 1716 5859 introeantfﬂuic

176 5857 354 5923 lectioni
378 5869 517 5927 favet
545 5857 957 5941 illudprenenati
995 5857 1103 5931 biit
1124 5857 1719 5948 principalispotestas;

1763 3370 1849 3415 tus
1879 3373 1960 3416 est
1988 3379 2001 3414 :
2038 3381 2057 3414 ι
2087 3369 2146 3416 ιιι
2170 3363 2270 3417 sub
2290 3363 2472 3432 specie
2507 3363 2776 3418 haereseos
2808 3363 2874 3437 (j)
2905 3363 3229 3432 Valentiam,
3267 3380 3365 3419 no-

1764 3453 1910 3508 mine
1932 3453 2246 3522 prolationis
2273 3455 2599 3524 improbato,
2645 3455 2983 3511 nativitatem
3020 3455 3116 3511 Dei
3146 3472 3212 3511 ex
3255 3455 3367 3510 Deo

1772 3547 2161 3618 improbarent.
2208 3547 2527 3604 Valentinus
2573 3550 2717 3604 enim
2760 3549 2983 3605 ridicula
3030 3548 3276 3620 quaedam
3314 3557 3369 3604 et

1772 3642 1914 3699 larda
1935 3653 2330 3710 commentans,
2365 3659 2484 3698 cum
2519 3654 2718 3715 przeter
2744 3643 3037 3714 principem
3069 3644 3259 3711 Deum,
3291 3641 3371 3697 fa-

1776 3736 1978 3792 miliam
2005 3735 2230 3792 deorum
2258 3746 2314 3792 et
2339 3751 2657 3792 numerosas
2679 3736 2758 3809 (Ἰ)
2786 3735 2863 3808 (Ιε)
2886 3737 3247 3792 azternitatum
3277 3749 3375 3806 po-

1775 3838 1999 3885 testates
2046 3829 2454 3896 introduxisset,
2495 3829 2581 3901 (8)
2621 3839 2748 3886 tunc
2790 3831 3058 3900 prolatum
3087 3829 3373 3885 Dominum

1773 3935 2019 3980 nostrum
2051 3923 2234 3980 Jesum
2265 3923 2542 3980 Christum
2573 3923 2832 3994 mysterio
2857 3923 3086 3980 occulta:
3123 3923 3377 3979 volunta-

1779 4059 1848 4104 est
1882 4049 2210 4118 prwdicanda
2231 4049 2492 4104 doctrinis.

1874 4121 1929 4190 5)
1956 4119 2260 4190 Incipimus.

1873 4191 1928 4261 6)
1957 4191 2229 4246 Proditum
2255 4201 2301 4246 et
2330 4192 2626 4258 revelatum,
2653 4191 2722 4246 ad
2741 4190 3070 4257 blandientis,
3104 4198 3212 4246 etc.

1853 4264 1906 4332 (7
1965 4262 2226 4318 zEtatum.

1853 4263 1935 4407 (8)
1961 4333 2096 4388 Tum
2119 4338 2226 4406 prol

1961 4333 2096 4388 Tum
2119 4336 2399 4406 prolatum.

1777 4451 1937 4508 alteri
1966 4460 2172 4517 autem,
2205 4462 2364 4506 totum
2408 4451 2650 4506 occultati
2679 4451 2862 4523 capitis
2889 4453 3030 4507 virus
3054 4467 3073 4506 :
3101 4465 3220 4522 quae
3249 4465 3386 4520 quo-

1779 4523 1926 4578 niam
1955 4523 2205 4589 obtinuit,
2240 4539 2340 4578 nec
2368 4540 2394 4576 τι
2424 4523 2580 4579 nobis
2614 4533 2873 4579 mutatur.

1861 4594 1938 4668 (g)
1968 4594 2132 4668 Editi,
2153 4594 2294 4668 nolit
2320 4596 2540 4668 intelligi
2567 4612 2586 4650 :
2617 4605 2672 4651 et
2693 4611 2839 4660 mox,
2864 4592 3386 4668 humanazgopinionis

1712 4663 2083 4736 Dprudentia.
2141 4663 2757 4736 Concinttins'optimus
2811 4667 2982 4722 codex
3035 4666 3201 4736 Colba
3263 4678 3384 4719 cum

1788 4735 1978 4808 (loro,
2007 4747 2140 4808 etc.,
2172 4740 2329 4794 nollet
2361 4757 2380 4794 .°
2409 4754 2473 4794 ac
2498 4735 2683 4808 po’stea
2711 4737 3130 4807 suffragantibus
3156 4735 3309 4790 Mart.
3332 4741 3389 4787 et

1789 4806 1978 4879 Carm,
2019 4807 2257 4864 humana!
2286 4806 2526 4878 opinione
2572 4806 2898 4879 prudentiat.’
2929 4807 3226 4879 Humanam
3254 4819 3385 4872 pru-

1792 4878 2056 4950 dentiam,
2096 4897 2216 4950 qua:
2255 4876 2417 4935 variis
2464 4876 2811 4950 opinionibus
2872 4878 3079 4950 incerta
3121 4876 3384 4941 ﬂuctuat,

1795 4947 2254 5072 fidei‘certitudini
2292 4947 2582 5021 numquam
2623 4947 3039 5020 prmponendam
3077 4957 3391 5004 constanter

1795 5037 1918 5072 mcu
1943 5033 2050 5072 cat.

1795 5033 2050 5076 tncutcat.

1894 5091 1948 5163 h)
1972 5094 2097 5146 Mss.
2123 5093 2400 5161 proditum,
2429 5102 2476 5146 et
2506 5091 2800 5155 revelatum,
2833 5090 2902 5163 ad
2927 5089 3256 5163 blandientis,
3283 5099 3390 5146 etc.

1894 5161 1936 5231 i)
1963 5163 2100 5217 lllud
2128 5165 2191 5217 de
2221 5173 2425 5227 natura,
2453 5163 2503 5217 id
2525 5171 2628 5225 est.
2665 5163 2729 5215 de
2757 5161 3065 5214 substantia.

1890 5237 1943 5307 j)
1994 5233 2232 5307 Excusi,
2275 5232 2676 5307 Valentinianw:
2707 5232 3066 5307 renitentibus
3119 5247 3252 5307 mss.
3307 5231 3400 5287 Sic

1795 5303 1902 5361 lib:
1927 5321 1980 5369 ιι,
2014 5322 2068 5358 ιι.
2100 5303 2157 5371 4,
2211 5304 2436 5374 vulgatis
2467 5307 2632 5360 etiam
2661 5303 3126 5359 consentientibus
3154 5346 3168 5371 ,
3221 5304 3402 5368 legere

1797 5385 1883 5432 est
1915 5375 2212 5430 Valentinos
2239 5417 2255 5441 ,
2290 5373 2397 5431 non
2439 5374 2836 5430 Valentinianos.
2887 5373 2961 5428 Ita
2991 5386 3045 5430 et
3071 5375 3123 5429 in
3172 5376 3310 5431 libro
3335 5374 3404 5430 de

1813 5447 2046 5515 Synodis
2073 5447 2180 5500 Arii
2210 5462 2316 5502 non
2354 5447 2534 5501 Ariani
2578 5445 2746 5516 ipsius
2774 5445 2888 5500 Arii
2918 5443 3157 5500 fautores
3202 5461 3408 5501 truncu-

1818 5529 2032 5589 pantur,
2061 5526 2116 5573 et
2144 5533 2328 5587 supra,
2362 5519 2450 5572 lib.
2483 5534 2536 5585 v,
2569 5515 2622 5571 ιι.
2647 5515 2740 5582 25,
2775 5517 2824 5570 in
2846 5517 3050 5588 aliquot
3071 5518 3253 5589 proba:
3269 5526 3411 5573 nota:

1817 5606 1948 5645 mss.
1967 5590 2252 5646 exhibetur
2279 5589 2512 5644 Sabellia
2541 5590 2768 5644 ltwresis.

1893 5661 1967 5733 (lt)
1997 5661 2055 5716 In
2087 5662 2405 5733 quibusdam
2436 5676 2564 5716 mss.
2596 5669 2853 5733 wtatuni_._
2873 5659 2929 5733 In
2958 5661 3078 5716 aliis
3106 5661 3380 5718 nonnullis
3399 5699 3415 5724 ,

1821 5731 2121 5788 vanitatnml
2182 5733 2399 5788 Rectius
2445 5733 2498 5788 in
2547 5735 2762 5788 exteris
2801 5731 2992 5798 libris,
3041 5736 3420 5788 wternitatunt:

1826 5805 1968 5874 quod
2012 5805 2234 5859 latinum
2277 5819 2473 5860 nomen
2503 5813 2588 5860 est
2615 5801 2764 5862 vocis
2789 5816 2982 5873 graeca:
3007 5806 3131 5862 αἰὼν
3157 5846 3171 5873 ,
3217 5820 3284 5862 ex
3320 5815 3425 5875 qua

1829 5891 1996 5936 aranea
2025 5875 2358 5936 deuomiuati
2381 5887 2527 5936 sunt.
2997 5893 3002 5898 *
