3960 6202
581 348 684 404 167

1758 329 2006 390 SANCTI
2045 325 2306 385 HILARII
2344 323 2657 381 EPlSCOPl

3768 329 3857 383 168

579 464 783 536 genuit.
838 460 952 518 Non
983 459 1325 515 continentur
1351 497 1367 524 ,
1417 463 1473 510 ut
1497 453 1704 523 lampas
1730 459 1784 506 et
1811 450 2014 518 lampas
2040 488 2055 513 ,
2089 453 2180 500 aut
2206 445 2251 504 Α
2285 457 2350 496 ex
2381 442 2491 498 Deo
2522 451 2705 495 natum
2744 438 3098 510 praedicaret,
3131 437 3462 494 nativitatem
3497 439 3614 509 ejus
3633 442 3696 497 ad
3721 459 3860 499 creao

578 561 806 632 lyclmus
833 565 888 612 et
929 553 1156 626 lychnus
1179 592 1194 615 ,
1229 549 1501 608 exteriore
1528 556 1738 603 natura.
1793 537 2062 612 Unigeniti
2108 553 2174 594 ex

582 654 691 709 Deo
719 653 809 707 Dei
843 648 1089 704 nativitas
1121 661 1225 702 non
1258 643 1427 700 series
1449 649 1563 706 est,
1591 639 1687 696 sed
1715 635 1998 708 progenies
2023 675 2038 698 ,
2068 647 2174 685 non

578 754 782 801 tractus
811 752 893 799 est
916 784 931 808 ,
963 740 1058 798 sed
1089 755 1155 796 ex
1188 738 1393 795 lumine
1426 734 1502 809 (l)
1555 735 1760 790 lumen.
1806 728 1884 803 (a)
1930 725 2177 782 Luminis

580 848 788 895 natura:
820 835 999 891 unitas
1023 845 1130 899 est,
1158 849 1265 887 non
1291 847 1355 887 ex
1387 827 1725 886 connexione
1753 820 2044 895 porrectio.

662 935 750 989 15.
791 931 887 986 Dei
925 946 990 986 ea:
1041 928 1149 983 Deo
1186 926 1418 981 nativitas
1440 924 1777 992 impugnata,
1817 913 2081 970 asseritur.
2107 939 2178 951 —

575 1025 696 1082 Jam
724 1038 853 1079 vero
884 1023 936 1077 in
962 1036 1028 1076 eo
1053 1027 1252 1087 quanta
1276 1015 1543 1070 hatretica:
1567 1009 1779 1066 astutiae
1801 1016 1853 1062 et
1880 1020 2040 1076 quam
2068 1001 2179 1057 cal-

581 1118 688 1175 lida
723 1115 988 1188 professio
1026 1113 1164 1167 fuit:
1194 1129 1212 1160 ι
1250 1108 1360 1164 Nec
1389 1106 1478 1175 qui
1513 1104 1609 1159 fuit
1648 1108 1803 1168 ante,
1836 1093 2177 1168 postmodum

579 1221 764 1268 natum
799 1209 886 1265 vel
924 1212 1329 1278 supercreatum
1376 1201 1430 1256 in
1471 1199 1660 1254 filium.
1694 1215 1712 1248 ι
1758 1195 1898 1248 Deus
1923 1233 1936 1256 ,
1980 1189 2070 1260 qui
2111 1202 2178 1243 ex

581 1307 692 1362 Deo
719 1312 876 1360 natus
899 1311 978 1357 εει
996 1341 1012 1367 ,
1044 1313 1153 1354 non
1174 1297 1356 1366 utique
1385 1303 1542 1348 natus
1571 1306 1638 1346 ex
1671 1285 1841 1343 nihilo
1862 1291 1980 1347 est,
2007 1295 2180 1351 neque

577 1399 647 1455 de
687 1413 794 1452 non
834 1393 1167 1450 exstantibus
1211 1396 1367 1444 natus
1405 1393 1517 1450 est;
1560 1381 1656 1438 sed
1719 1376 2011 1434 nativitatis
2067 1387 2178 1428 suae.

577 1491 845 1546 viventem
874 1485 1062 1541 habuit
1091 1491 1362 1538 naturam.
1391 1477 1501 1532 Nec
1527 1475 1670 1530 idem
1698 1473 1839 1528 Deus
1858 1511 1873 1535 ,
1904 1468 1997 1539 qui
2025 1475 2177 1530 erat;

580 1582 676 1639 sed
713 1581 854 1635 Deus
887 1592 950 1633 ex
991 1577 1132 1641 Deo,
1165 1572 1257 1643 qui
1296 1579 1446 1633 erat,
1482 1572 1640 1621 natus
1677 1575 1758 1618 eet
1785 1579 1799 1615 :
1831 1569 1887 1616 et
1929 1557 2180 1613 nativitas

580 1673 768 1730 habuit
811 1668 1037 1740 originis
1072 1680 1185 1721 sua:
1217 1665 1268 1718 in
1301 1663 1415 1732 ipsa
1453 1673 1549 1714 sua
1589 1654 1869 1710 nativitate
1907 1659 2175 1705 naturam.

585 1763 664 1837 (9.)
700 1765 756 1820 Si
803 1777 868 1818 ex
905 1739 1106 1815 nostro
1143 1756 1445 1826 loquimur,
1489 1748 1789 1805 insolentes
1833 1757 2062 1800 sumus:
2094 1739 2177 1795 sin

2282 534 2443 590 tionis
2467 533 2709 588 referens
2730 531 2796 586 de
2819 547 2925 586 non
2951 530 3293 586 exstantibus
3320 531 3669 589 voluntatem.

2354 627 2442 683 14.
2484 624 2599 691 Qua
2630 633 2743 677 arte
2771 621 2969 677 Filium
2994 638 3058 676 ea;
3082 622 3244 678 nihilo
3272 624 3508 678 innuant.
3539 653 3610 666 -—-
3641 627 3858 695 Denique

2283 727 2403 789 post
2439 717 2606 771 multa
2637 715 2705 770 ad
2750 715 2800 770 id
2842 723 3114 785 tamquam
3151 730 3218 770 ex
3249 726 3555 786 praeparato
3592 718 3688 773 sibi
3722 721 3858 775 aditu

2283 811 2532 883 prorupit
2557 809 2778 865 dicens:
2808 807 2974 864 Filius
3002 816 3181 863 autem
3210 809 3327 865 sine
3357 820 3598 882 tempore
3625 812 3791 868 editus
3813 825 3860 870 et

2279 914 2404 959 ante
2447 902 2640 958 saecula
2672 913 2886 956 creatus
2915 912 2972 956 et
3010 899 3296 966 fundatus,
3328 918 3436 956 non
3464 902 3564 958 fuit
3593 915 3856 976 antequam

2281 1005 2614 1051 nasceretur.
2642 993 2986 1064 Temperavit
3024 1009 3110 1058 se,
3145 991 3224 1065 (ά)
3255 1003 3512 1063 quantum
3559 1006 3723 1066 putat,
3755 998 3857 1054 ha:-

2283 1088 2484 1145 reticus
2511 1102 2691 1144 sermo
2711 1097 2768 1144 et
2795 1089 2860 1141 ad
2893 1086 3186 1157 impietatis
3208 1086 3672 1144 conﬁrmationem
3690 1134 3703 1158 ,
3723 1101 3776 1146 ct
3803 1094 3858 1146 ad

2281 1180 2563 1236 calumnia:
2587 1220 2602 1246 ,
2652 1178 2697 1234 si
2738 1177 2968 1249 quaestio
3003 1177 3397 1244 intenderetur,
3443 1182 3855 1248 excusationem,

2280 1272 2498 1329 dicens:
2528 1289 2630 1326 non
2679 1281 2787 1326 erat
2811 1283 3082 1342 antequam
3109 1282 3405 1326 nasceretur
3427 1289 3445 1326 :
3475 1283 3535 1328 ut
3563 1275 3614 1329 in
3640 1290 3702 1331 eo
3724 1277 3855 1347 quod

2281 1381 2388 1421 non
2417 1364 2515 1420 fuit
2557 1363 2631 1435 (ε)
2675 1374 2964 1434 antequam
3005 1365 3271 1430 nascitur,
3326 1375 3572 1420 naturam
3611 1367 3658 1422 ei
3699 1369 3858 1423 subsi-

2282 1457 2474 1512 stentis
2494 1455 2714 1526 originis
2735 1455 3025 1526 denegaret
3051 1497 3065 1522 ,
3089 1464 3144 1510 et
3163 1455 3416 1526 cmpisset
3439 1472 3563 1512 esse
3582 1458 3650 1514 de
3676 1459 3829 1514 nihilo
3843 1502 3856 1526 ,

2283 1550 2369 1605 cui
2399 1559 2520 1605 ante
2558 1549 2890 1604 nativitatem
2923 1563 3072 1603 suam
3103 1549 3344 1606 existens
3370 1565 3478 1606 non
3505 1550 3721 1607 daretur
3747 1569 3859 1609 auc-

2283 1643 2508 1698 toritas:
2541 1651 2649 1697 tum
2695 1657 2858 1712 porro
2892 1642 2939 1697 si
2979 1643 3276 1714 irreligiose
3315 1644 3416 1700 hoc
3454 1644 3654 1701 dictum
3693 1648 3861 1703 existi-

2280 1743 2550 1798 maretur,
2584 1733 2796 1789 adesset
2819 1735 2868 1788 ei
2901 1746 3146 1804 prompta
3177 1734 3453 1804 defensio,
3481 1739 3548 1805 (Γ)
3582 1739 3698 1810 quia
3726 1741 3859 1794 nasci

575 1826 706 1915 vero
744 1855 810 1912 ad
839 1851 1167 1925 loquendum
1212 1849 1434 1906 edoctos
1475 1859 1572 1899 nos
1603 1857 1698 1914 per
1746 1841 1912 1894 Deum
1957 1834 2178 1891 docehi-
2208 1833 2258 1894 B
2285 1829 2374 1900 qui
2402 1838 2519 1883 erat
2550 1844 2652 1884 non
2683 1826 2884 1898 potuit;
2909 1843 3085 1898 neque
3113 1830 3202 1898 qui
3225 1839 3384 1885 antea
3413 1841 3595 1897 esset,
3628 1833 3860 1888 nascendi

577 1969 729 2020 mus,
755 1949 1004 2006 nativitas
1029 1946 1123 2001 Dei
1161 1941 1455 2000 secundum
1492 1937 1793 1995 doctrinam
1825 1933 1915 1988 Dei
1942 1942 2024 1986 est
2049 1945 2180 1985 con-

580 2047 802 2104 fitenda.
836 2043 986 2098 lianc
1012 2040 1172 2110 igitur
1207 2037 1259 2092 in
1298 2035 1456 2090 Patre
1499 2040 1556 2088 et
1593 2029 1728 2085 Filio
1765 2036 1970 2083 naturae
2000 2023 2176 2079 unita-

583 2151 721 2205 tem,
755 2144 810 2194 ct
845 2135 949 2190 hoc
993 2131 1222 2188 virentis
1254 2125 1542 2182 nativitatis
1588 2118 1951 2178 inenarrabile
1999 2129 2180 2171 sacra-

578 2239 820 2287 mentum
844 2225 1134 2284 excludere
1157 2221 1440 2277 hzereticus
1463 2217 1610 2272 furor
1639 2221 1851 2270 tentans
1874 2210 1980 2278 ait,
2011 2228 2030 2262 ι
2063 2206 2176 2263 Νοη

578 2341 734 2388 eum,
774 2322 865 2393 qui
903 2320 1000 2374 fuit
1050 2325 1210 2382 ante,
1243 2310 1586 2385 postmodum
1635 2315 1818 2362 natum
1861 2304 1944 2359 vel
1989 2316 2180 2371 super-

577 2425 818 2474 creatum
847 2415 898 2469 in
933 2412 1122 2467 tilium.
1155 2428 1172 2462 ι
1197 2407 1330 2477 Quis
1351 2405 1496 2462 enim
1530 2413 1638 2457 tam
1665 2413 1899 2456 vesanus
1937 2395 2078 2460 erit,
2120 2403 2178 2449 ut

579 2511 842 2566 defecisse
871 2521 901 2561 a
945 2520 1005 2562 se
1044 2504 1256 2559 Patrem
1297 2507 1478 2571 putet;
1522 2504 1580 2552 ut
1618 2493 1795 2557 idem,
1832 2491 1922 2563 qui
1962 2489 2171 2554 fuerat,

579 2613 765 2674 postea
833 2607 1143 2656 nasceretur
1169 2594 1252 2651 vel
1282 2598 1722 2663 supercrearetur
1765 2587 1819 2640 in
1876 2584 2079 2647 tilium;
2124 2588 2179 2636 et

577 2673 721 2754 esset
749 2693 973 2750 abolitio
995 2691 1119 2756 Dei,
1149 2698 1210 2744 ut
1237 2683 1550 2742 succederet
1569 2681 1638 2737 de
1664 2678 1956 2734 abolitione
1980 2675 2089 2730 nati
2100 2673 2178 2727 vi-

581 2795 662 2844 tas
681 2828 698 2855 ,
730 2801 851 2841 cum
884 2785 1132 2839 nativitas
1154 2785 1461 2835 manentem
1491 2782 1718 2831 testetur
1741 2767 2051 2824 auctorem?
2078 2764 2175 2821 Vel

579 2880 698 2952 quis
735 2890 841 2934 tam
868 2877 1251 2939 demens-est,
1297 2880 1355 2925 ut
1395 2865 1698 2924 substitisse
1741 2862 1907 2917 tilium
1964 2859 2066 2916 nisi
2109 2872 2179 2914 ex

576 2973 854 3030 nativitate
885 2965 1154 3026 fateatur?
1183 2963 1316 3032 Quis
1345 2976 1512 3032 porro
1555 2969 1661 3012 tam
1690 2969 1880 3011 vecors
1901 2993 1915 3017 ,
1946 2952 2036 3022 qui
2069 2964 2176 3006 non

577 3064 852 3120 exstitisse
898 3061 1068 3115 Deum
1108 3073 1175 3112 ex
1222 3070 1287 3110 eo
1325 3052 1468 3125 quod
1514 3052 1655 3106 Deus
1705 3048 1944 3103 nascitur
1984 3043 2178 3099 audeat

575 3154 910 3229 praedicare?
953 3151 1070 3207 Non
1113 3148 1257 3205 enim
1304 3147 1393 3217 qui
1442 3144 1694 3200 manebat
1741 3141 1916 3203 Deus,
1972 3136 2066 3193 sed
2108 3151 2173 3190 ex

2280 1938 2498 1979 causam
2527 1921 2605 1996 (g)
2638 1937 2914 1993 perquam
2941 1933 3083 1978 esset
3123 1922 3429 1988 habuisset;
3471 1941 3592 1980 cum
3633 1927 3861 1981 nativitas

2281 2014 2346 2070 ad
2372 2015 2422 2070 id
2449 2013 2686 2084 proﬁciat
2704 2057 2718 2080 ,
2756 2025 2811 2068 ut
2832 2014 3087 2070 subsistat
3108 2029 3229 2071 esse
3257 2016 3348 2085 qui
3374 2016 3633 2072 nascitur.
3657 2018 3698 2072 Ο
3718 2019 3862 2074 stulte

2281 2115 2445 2178 atque
2480 2107 2678 2176 impie,
2715 2108 2838 2177 quis
2880 2107 3209 2162 nativitatem
3242 2118 3519 2177 chpectet
3551 2110 3604 2164 in
3645 2126 3741 2176 eo,
3785 2112 3861 2182 qui

2280 2200 2398 2260 sine
2422 2199 2698 2254 nativitate
2724 2199 3022 2254 subsistat?
3055 2202 3159 2254 Aut
3186 2201 3457 2271 quomodo
3484 2204 3576 2273 qui
3610 2212 3694 2258 est
3727 2206 3859 2259 nasci

2282 2292 2668 2348 existimandus
2695 2301 2808 2358 est,
2839 2307 2962 2348 eum
2994 2294 3249 2348 nativitas
3275 2303 3465 2350 natura
3498 2297 3748 2352 nascendi
3774 2296 3863 2351 sit?

2279 2384 2384 2441 Sed
2406 2384 2636 2441 subdole
2668 2383 2735 2439 ad
2768 2385 3064 2455 negandam
3093 2401 3159 2440 ex
3185 2387 3298 2442 Deo
3321 2395 3472 2458 patre
3497 2391 3753 2460 unigeniti
3783 2390 3861 2444 Dei

2279 2479 2612 2533 nativitatem
2657 2478 3030 2544 contendens,
3079 2494 3174 2548 per
3215 2479 3266 2534 id
3306 2481 3450 2550 quod
3493 2484 3721 2554 nonfuit
3761 2495 3862 2537 ante

2279 2587 2432 2640 quam
2463 2582 2756 2626 nasceretur
2786 2570 3019 2626 evadere
3045 2572 3288 2637 voluisti;
3317 2572 3399 2644 (It)
3430 2574 3571 2643 quod
3616 2575 3773 2642 Deus,
3808 2592 3862 2631 ex

2281 2681 2387 2734 quo
2411 2665 2500 2720 Dei
2526 2664 2666 2719 filius
2687 2674 2843 2720 natus
2863 2675 2966 2730 est,
2983 2675 3124 2732 erat;
3141 2675 3490 2736 maneretque
3520 2669 3610 2722 Dei
3651 2679 3829 2723 natura
3849 2710 3861 2733 ,

2280 2772 2348 2813 ex
2385 2773 2489 2828 qua
2530 2757 2672 2812 filius
2712 2757 2854 2812 Deus
2889 2757 3172 2813 nativitate
3208 2758 3476 2814 subsistit.
3523 2759 3579 2815 Si
3619 2761 3776 2830 igitur
3807 2777 3861 2816 ex

2281 2851 2392 2906 Deo
2421 2861 2577 2905 natus
2605 2861 2718 2916 est,
2751 2851 3020 2906 manentis
3048 2859 3257 2906 natura:
3301 2851 3606 2909 confitenda
3633 2856 3864 2909 nativitas

2279 2953 2398 3008 est;
2430 2958 2535 2998 non
2572 2952 2629 2997 ut
2667 2942 2804 2998 Deus
2832 2942 2922 3011 qui
2964 2952 3084 2997 erat
3112 2953 3452 3012 nasceretur,
3482 2947 3578 3000 sed
3600 2955 3658 3002 ut
3683 2963 3747 3003 ex
3770 2948 3863 3001 Deo

2280 3036 2344 3108 (i)
2367 3035 2456 3106 qui
2484 3045 2601 3090 erat
2635 3035 2727 3090 Dei
2765 3035 3015 3090 nativitas
3040 3035 3452 3106 intelligeretur.
3473 3074 3498 3098 .

2353 3127 2442 3182 15.
2475 3125 2702 3181 eresis
2722 3126 2925 3192 audax,
2950 3127 3039 3182 sed
3067 3127 3384 3196 imprudens.
3412 3127 3478 3184 In
3506 3131 3688 3200 quibus
3707 3147 3860 3203 wgre,

574 3219 830 3304 inanente
859 3246 972 3302 Deo
1004 3245 1147 3298 Deus
1184 3249 1341 3296 natus
1371 3247 1488 3305 est,
1522 3247 1712 3292 tenens
1740 3235 1792 3288 in
1837 3248 1895 3288 se
1920 3240 2166 3288 naturam
2195 3227 2240 3290 C
2272 3221 2518 3290 inquibus
2535 3221 2738 3292 facilius
2754 3230 3056 3275 curetur.—
3071 3219 3176 3276 Sed
3203 3221 3536 3292 irreligiosos
3564 3233 3730 3280 aestus
3751 3237 3862 3280 suos

574 3339 840 3412 gignentis
874 3337 928 3392 in
968 3335 1250 3391 nativitate
1285 3341 1509 3387 naturae.
1540 3328 1802 3383 Nativitas
1826 3335 2008 3381 autem
2041 3323 2169 3388 Dei,

573 3447 694 3503 quae
714 3447 783 3487 ex
812 3431 922 3487 Deo
951 3429 1004 3484 in
1053 3427 1220 3482 Deum
1251 3424 1490 3488 exstitit,
1531 3435 1638 3476 non
1688 3434 1807 3488 qua:
1858 3432 1966 3472 non
2015 3413 2173 3486 15.2

575 3534 726 3582 erant
753 3532 928 3590 tenet,
953 3520 1046 3577 sed
1073 3519 1148 3591 (b)
1169 3534 1290 3588 quae
1313 3515 1405 3570 Dei
1423 3512 1714 3568 manebant
1733 3518 1788 3563 et
1805 3514 2024 3562 manent
2040 3547 2053 3569 ,
2073 3505 2170 3560 ob-

574 3616 736 3671 tinuit
764 3615 992 3670 veritate
1019 3609 1293 3667 nascendi.
1326 3607 1442 3662 Non
1470 3618 1600 3673 ergo
1629 3602 1719 3671 qui
1762 3599 1835 3672 (c)
1868 3605 1984 3655 erat
2017 3605 2174 3651 natus

575 3717 687 3773 est;
706 3708 799 3764 sed
819 3724 885 3762 ex
904 3707 986 3762 his
1004 3714 1164 3775 atque
1182 3705 1234 3757 in
1257 3701 1362 3768 his,
1387 3713 1506 3769 qua:
1529 3695 1622 3750 Dei
1643 3702 1798 3749 erant
1813 3734 1828 3760 ,
1856 3693 1996 3747 Deus
2014 3699 2170 3746 natus

574 3801 798 3857 exstitit.
847 3797 1036 3855 Omnis
1083 3795 1244 3866 igitur
1289 3793 1376 3848 hic
1429 3789 1676 3860 superior
1721 3786 1986 3842 haeretica:
2027 3785 2172 3840 frau-

574 3893 830 3950 dulentiaa
857 3905 1038 3948 sermo
1067 3888 1207 3944 hanc
1234 3886 1376 3941 viam
1405 3882 1737 3952 impiissimze
1767 3879 2029 3935 doctrinae
2056 3891 2170 3932 sua:

574 3983 928 4056 prmparavit:
955 3991 1012 4037 ut
1035 3979 1374 4051 Unigenitum
1398 3976 1561 4031 Deum
1581 3980 1834 4044 negatura
1856 4014 1870 4040 ,
1897 3979 2168 4042 tamquam

572 4079 784 4136 ratione
805 4074 1046 4133 veritatis
1065 4082 1190 4131 ante
1211 4068 1491 4145 praamissa
1509 4109 1524 4136 ,
1548 4083 1617 4126 ex
1640 4065 1807 4122 nihilo
1829 4065 2164 4136 potiusquam

631 4223 715 4297 (ι)
753 4222 922 4280 Abest
945 4225 1136 4278 tamen.

644 4360 721 4434 (a)
759 4360 819 4417 In
859 4360 1115 4434 vulgatis,
1143 4371 1208 4414 ea:
1241 4358 1432 4434 tantine
1467 4356 1676 4434 luminis
1713 4363 1923 4434 natura.
1959 4351 2165 4434 Unitas.

569 4423 832 4489 Addi'mus
860 4423 1031 4486 tanien
1059 4423 1124 4486 ex
1157 4444 1257 4485 ms.
1289 4426 1443 4483 Colb.
1487 4429 1716 4498 aliisque
1757 4425 1971 4482 duobus
1992 4464 2008 4490 ,
2047 4423 2169 4493 qui-

572 4505 676 4563 bus
706 4505 794 4558 alii
825 4513 1020 4559 caetera
1047 4501 1408 4556 consentiunt.

640 4575 732 4658 _(b).
760 4575 838 4658 lta
868 4588 997 4658 mss.
1029 4571 1172 4628 Editi
1207 4586 1359 4658 vero:
1389 4584 1503 4638 quae
1615 4567 1728 4624 Deo
1772 4568 2065 4658 manebant.
2092 4565 2166 4650 _Ut

568 4637 771 4703 Hilario
814 4645 1076 4700 familiare
1117 4653 1198 4730 est
1245 4637 2047 4730 verbutn‘Deusupro"Patre,
2089 4638 2161 4730 itq
2190 4671 2244 4730 Β

567 4735 774 4774 manere
820 4732 918 4787 pro
947 4731 1069 4772 esse
1110 4716 1229 4770 sine
1274 4711 1567 4787 exsistcndi
1607 4710 1779 4764 initio.
1809 4708 1972 4787 llude
2021 4709 2162 4778 quod

566 4791 655 4848 hic
683 4805 798 4857 qua:
821 4781 921 4843 Dei
950 4787 1252 4854 manebant,
1285 4799 1407 4839 mox
1437 4782 1629 4857 dicitur
1657 4796 1769 4849 qua:
1800 4781 1893 4857 Dei
1923 4791 2088 4834 erant.

638 4851 711 4934 (ε)
751 4861 808 4916 lo
854 4875 958 4914 ms.
1000 4851 1301 4934 Carnutla
1345 4853 1580 4934 secunda
1618 4867 1792 4934 manu
1839 4851 1929 4907 hic
1969 4866 2161 4934 super-

565 4921 763 5003 scripta
793 4943 876 4988 est
910 4931 1352 5003 particulatim,
1385 4940 1504 5003 qum
1543 4923 1739 4978 deinde
1773 4925 1825 4977 in
1863 4921 2158 5003 unoculh.

566 4995 779 5061 necnon
801 5004 856 5058 in
885 4995 993 5058 edit
1021 5001 1112 5056 Er.
1135 5042 1150 5068 ,
1177 5001 1322 5069 Lips.
1350 5005 1403 5069 et
1434 4997 1554 5069 Par.
1583 5009 1861 5069 perperam
1890 4995 2156 5069 obtinuit;

562 5076 954 5133 reluctantibus
986 5074 1105 5128 aliis
1136 5062 1321 5128 'libr'is.
1363 5062 1625 5124 Dicebant
1663 5066 1883 5131 Ariani,
1931 5062 2043 5118 Nec
2075 5066 2162 5136 qui

561 5149 662 5220 fuit
697 5158 816 5228 gnte
838 5187 856 5228 ,_
868 5144 1207 5228 postmodum
1236 5155 1445 5207 natum,
1475 5138 1678 5193 directe
1717 5137 1929 5228 quidem
1963 5136 2160 5192 adver-

559 5208 653 5274 'sus
701 5208 1029 5283 Sahellium,
1080 5223 1412 5270 asserentem
1457 5226 1614 5283 eum,
1663 5208 1765 5283 qui
1804 5208 1964 5283 Pater
1999 5216 2156 5273 erat,

557 5304 679 5346 cum
708 5280 1049 5360 postmodum
1080 5298 1237 5342 natus
1264 5291 1438 5360 esset,
1471 5282 1567 5336 lilii
1591 5280 2158 5360 appellationemlessc

557 5350 806 5416 sortitum
829 5377 845 5427 ;
872 5359 1090 5429 oblique
1117 5369 1294 5429 autem
1321 5354 1582 5429 adversus
1605 5352 1926 5429 catholicam
1957 5350 2121 5429 (idem
2140 5391 2155 5416 ,

556 5431 752 5487 Filium
779 5420 846 5485 de
877 5448 981 5484 non
1005 5420 1346 5486 exstantibus
1381 5425 1656 5480 insinuare
1685 5424 1988 5484 molientes.
2022 5420 2150 5488 Qni-

555 5503 658 5559 bus
687 5504 761 5558 ita
804 5503 1097 5569 respondet
1142 5497 1500 5569 Hilariu‘sput
1537 5496 1874 5569 et_ipsorum
1921 5491 2148 5560 repellat

553 5581 702 5629 artes
724 5614 738 5638 ,
770 5581 824 5627 et
845 5565 1126 5628 catholicae
1150 5570 1272 5624 fidei
1302 5567 1436 5623 nihil
1457 5582 1577 5622 cum
1601 5565 1835 5620 Sabellio
1861 5577 2149 5638 cottimuiie

551 5658 676 5701 esse
721 5633 1075 5698 demonstret.
1126 5642 1386 5711 Superius
1431 5639 1577 5711 enim
1622 5648 1809 5690 contra
1856 5633 2147 5711 Sabellium

550 5703 1482 5786 prtemittit,_Ne_c_iidem'Deus_qui
1521 5719 1627 5786 erat
1669 5717 1821 5786 natus
1858 5715 1952 5759 est.
1991 5703 2146 5786 Quod

549 5776 638 5841 ubi
674 5776 1204 5856 probavit,gidip_s_um
1232 5779 1593 5856 conclusionis
1617 5779 1668 5856 in
1700 5776 1916 5831 modum
1948 5777 2146 5856 repetit

548 5858 635 5918 his
671 5846 791 5915 aliis
818 5846 997 5912 verbis
1017 5894 1034 5925 ,
1052 5846 1190 5909 'Non
1218 5867 1335 5924 ergo
1361 5850 1449 5921 qui
1474 5859 1583 5906 erat
1613 5849 1739 5922 (hoc
1765 5855 1881 5917 est,
1910 5861 2019 5906 non
2047 5846 2149 5904 Pa-

2276 3316 2424 3371 calor
2451 3315 2868 3371 hmreticusaon
2893 3316 3162 3380 continet;
3185 3324 3239 3370 et
3267 3331 3362 3385 per
3378 3316 3430 3370 id
3459 3318 3602 3386 quod
3621 3319 3728 3384 ait,
3775 3335 3862 3371 non

2277 3419 2386 3464 erat
2412 3421 2681 3480 antequam
2708 3418 3021 3474 nasceretur,
3045 3408 3095 3462 id
3114 3409 3385 3475 laborans,
3417 3421 3474 3464 ut
3506 3410 3661 3484 143
3683 3412 3748 3467 de
3772 3427 3864 3466 non

2276 3503 2610 3558 exstantibus
2650 3511 2982 3569 nasceretur,
3018 3503 3069 3556 id
3114 3513 3225 3570 est,
3255 3519 3360 3558 non
3408 3520 3439 3559 a
3488 3505 3602 3561 Deo
3639 3516 3785 3576 patre
3820 3508 3862 3560 in

2280 3595 2449 3650 Deum
2483 3595 2652 3650 lilium
2684 3611 2811 3650 vera
2838 3604 2893 3652 et
2920 3596 3155 3664 perfecta
3195 3597 3473 3653 nativitate
3511 3610 3665 3654 natus
3696 3612 3862 3666 esset,

2280 3689 2333 3744 in
2358 3691 2470 3760 ipsa
2506 3691 2667 3746 totius
2701 3689 3056 3759 expositionis
3081 3690 3434 3746 conclusione
3455 3691 3521 3746 ad
3547 3691 3789 3748 ultimunt
3819 3704 3865 3748 et

2278 3783 2716 3854 profanissimum
2753 3783 3041 3854 irreligiosi
3083 3782 3280 3839 furoris
3327 3785 3409 3839 sui
3453 3787 3699 3857 prorupit
3723 3786 3865 3842 ardo-

2280 3891 2432 3941 rem,
2473 3875 2698 3931 dicens:
2734 3893 2752 3927 ι
2789 3875 2845 3932 Si
2897 3876 3043 3930 enim
3086 3876 3229 3946 quod
3262 3893 3324 3931 ea:
3352 3877 3501 3946 ipso,
3540 3888 3596 3934 et
3635 3881 3778 3950 quod
3813 3894 3865 3932 ea:

2278 3981 2453 4039 utero,
2493 3979 2548 4025 et
2584 3969 2727 4040 quod
2767 3985 2829 4024 ea:
2872 3967 3032 4024 Patre
3060 3971 3190 4024 exivi
3217 3979 3263 4023 et
3301 3971 3448 4038 veni,
3481 3971 3628 4027 velut
3674 3982 3862 4042 partem

2276 4060 2345 4136 (j)
2383 4061 2500 4132 ejus
2535 4060 2691 4116 unius
2718 4058 3066 4128 subsuntize,
3096 4069 3150 4116 et
3185 4061 3338 4131 quasi
3385 4061 3738 4132 prolationem
3777 4078 3862 4120 ex-

2330 4205 2410 4280 (2)
2449 4207 2510 4263 Si
2539 4206 2670 4262 enim
2697 4222 2762 4262 ea:
2789 4212 2982 4261 nostra.

2272 4347 2378 4417 ter)
2410 4358 2562 4404 natus
2583 4356 2698 4402 est:
2725 4347 2814 4405 sed
2840 4363 2905 4403 ea;
2931 4346 3010 4402 his
3037 4360 3152 4417 qua:
3188 4342 3287 4401 Dei
3322 4353 3467 4400 erant
3494 4343 3638 4401 Deus
3662 4342 3860 4416 (Filius)

2270 4429 2421 4476 natus
2449 4421 2668 4475 exstitit.

2343 4489 2424 4630 ξεί)
2465 4491 2624 4547 Solus
2650 4491 2826 4548 codex
2851 4489 2981 4545 .Vat.
3011 4489 3128 4544 bas.
3149 4530 3164 4557 ,
3195 4497 3439 4557 quantum
3476 4489 3662 4557 potuit.

2367 4562 2414 4630 e)
2461 4561 2634 4628 Editi,
2685 4573 2959 4630 antequam
3027 4569 3338 4615 nasceretur.
3403 4559 3660 4630 Sequimu

2367 4562 2437 4636 ιε)Δ
2461 4561 2634 4628 Editi,
2685 4573 2959 4636 antequam
3027 4569 3338 4636 nasceretur:
3403 4559 3692 4636 Sequimur
3740 4572 3855 4613 mss.

2274 4629 2476 4691 Deinde
2515 4637 2793 4690 subsistens
2820 4629 2978 4704 origo
3022 4633 3152 4687 nihil
3195 4631 3340 4704 aliud
3387 4629 3683 4704 signiﬁcat,
3717 4644 3856 4704 quam

2269 4707 2412 4776 quod
2443 4722 2588 4771 mox,
2608 4708 2852 4760 exsistens
2873 4699 3171 4776 auctoritas.
3200 4703 3302 4757 Pro
3331 4704 3414 4757 his
3439 4699 3685 4757 dicerent
3713 4699 3856 4756 modo

2270 4775 2561 4842 Theoloxi,
2599 4776 2911 4848 principium
2941 4775 3208 4848 consistens.

2339 4848 2420 4922 (i)
2465 4843 2749 4922 Exemplar
2772 4843 2938 4902 Corn.
2978 4844 3413 4922 secundiscuris
3451 4859 3573 4899 cum
3615 4860 3716 4900 ms.
3747 4843 3850 4897 Vat.

2266 4917 2409 4992 bam,
2429 4921 2552 4992 quia
2570 4917 3019 4992 nasc_i_non_potuit
3038 4917 3136 4970 nisi
3162 4917 3250 4986 qui
3267 4933 3368 4969 non
3395 4924 3534 4981 erat,
3565 4933 3741 4987 neque,
3761 4923 3853 4969 etc.

2340 4989 2415 5064 (g)
2442 4989 2512 5064 Vltl
2553 5007 2656 5064 ms.
2685 4989 2803 5046 Vat.
2837 4990 2954 5044 bas.
2974 5030 2988 5052 ,
3024 4997 3289 5064 postquam
3313 4997 3465 5042 esset.

2336 5058 2416 5132 (Ϊι)
2461 5063 2577 5118 Vat.
2609 5063 2726 5119 bas.
2759 5076 2859 5116 ms.
2880 5101 2894 5123 ,
2939 5075 3000 5132 ne
3027 5059 3162 5129 quod
3187 5058 3350 5123 Deus,
3382 5067 3438 5112 et
3463 5073 3615 5121 mox,
3649 5063 3854 5132 maneret

2264 5129 2469 5204 absque
2497 5135 2755 5202 particula
2777 5147 2912 5200 que:
2942 5130 3030 5185 hic
3056 5141 3112 5185 ut
3141 5144 3301 5199 supra
3333 5139 3388 5184 et
3414 5144 3540 5185 mox
3571 5129 3855 5200 deprehen~

2265 5205 2409 5260 ditur
2436 5213 2750 5260 temeratus.

2340 5276 2399 5348 (i)
2440 5276 2496 5331 ln
2544 5292 2646 5348 ms.
2686 5275 2810 5331 Vat.
2866 5273 2992 5348 has.
3028 5273 3368 5328 desideratur
3393 5275 3501 5348 Aqui
3528 5266 3849 5348 gerataQuod

2262 5344 2506 5418 proxime
2527 5347 2746 5411 dicitur,
2770 5345 3020 5418 manentis
3048 5357 3248 5399 naturae
3275 5344 3568 5414 conﬁtenda
3597 5344 3848 5398 nativitas,

2263 5416 2333 5472 ita
2372 5427 2547 5486 potest
2588 5419 2844 5486 intelligi,
2873 5416 2957 5470 vel
2990 5426 3171 5470 natum
3216 5429 3339 5470 esse
3378 5432 3446 5470 ex
3490 5427 3741 5470 manente
3767 5423 3848 5464 seu

2255 5491 2554 5545 exsistente
2580 5498 2768 5543 natura
2789 5529 2802 5551 ,
2826 5488 2911 5543 vel
2937 5502 3116 5541 natum
3149 5487 3349 5542 habere
3376 5497 3683 5542 manentem
3713 5493 3851 5539 natu-

2253 5575 2394 5624 ram,
2425 5561 2509 5614 vel
2555 5563 2719 5614 etiam
2748 5572 3052 5628 utrumque.

2327 5629 2400 5706 (λ)
2437 5630 2795 5706 ln_vu|gatis,
2831 5629 2984 5706 unius
3017 5631 3131 5706 ejus
3163 5629 3464 5706 substantia:
3490 5643 3510 5684 :
3537 5629 3707 5690 male,
3740 5637 3845 5703 cunt

2251 5695 2460 5776 ejuE'ad
2505 5695 2753 5776 Patrem,
2785 5709 2842 5776 et
2884 5695 3133 5754 unius'ad
3187 5700 3512 5776 vocabulum
3565 5695 3848 5776 substantia:

2249 5766 2532 5830 referatur.
2567 5766 2770 5828 Deinde
2791 5773 2899 5840 jam
2926 5772 3350 5840 praemonuimus
3378 5772 3433 5826 in
3463 5766 3846 5840 exemplaribus

2247 5845 2441 5916 graecis
2468 5844 2602 5915 legi,
2633 5847 2718 5901 καὶ
2739 5836 2808 5908 eis
2828 5836 3054 5920 προ-ϐολή
3085 5844 3190 5901 ὑπό
3217 5864 3389 5914 τινων,
3415 5857 3529 5902 non
3555 5836 3736 5902 autem
3765 5836 3844 5895 καὶ
