3960 6202
111 232 190 288 lfi‘J
1272 232 1364 287 DE
1404 229 1775 288 TRINITATE
1815 230 2017 287 LIBER
2060 231 2144 288 Vl.
3264 241 3366 298 170

112 347 301 408 tendens
332 345 685 416 intelligitur;
718 346 1047 416 compositus
1085 348 1188 402 erit
1229 347 1388 403 Pater
1409 389 1424 411 ,
1458 359 1512 404 et
1537 349 1672 404 divi—
1700 351 1746 406 Α
1778 349 1904 402 ralis
1947 350 2202 404 nativitas
2245 348 2555 406 doceretur.
2589 351 2868 408 Postremo
2902 354 3043 424 quod
3084 354 3255 410 dixit:
3291 357 3375 412 Ex

113 441 284 501 sibilis,
309 448 363 494 et
394 438 769 493 convertibilis
793 480 808 503 ,
844 447 896 493 ct
937 453 1132 508 corpus
1173 441 1466 496 secundum
1516 441 1668 505 illos,
1778 439 1938 496 Patre
1958 443 2119 508 exivi,
2153 452 2198 496 et
2225 445 2335 497 veni
2370 441 2512 514 (Job.
2544 461 2658 508 xvt,
2692 444 2820 515 27),
2852 456 3028 502 utrum
3057 449 3376 519 ambiguita-

117 543 174 598 et,
199 543 438 601 quantum
475 530 528 585 in
563 531 695 600 ipsis
725 538 828 595 est,
860 532 1245 601 consequentia
1285 531 1526 600 corporis
1554 547 1673 586 sns-
1778 541 1884 588 tem
1917 535 2223 607 reliquerit,
2257 536 2382 605 quin
2415 537 2808 606 intelligeretur
2835 553 2942 593 non
2966 540 3187 596 aliunde
3215 555 3373 611 quam

116 627 262 678 tinens
279 624 393 677 sine
441 635 678 692 corpore
699 621 858 677 Deus.
892 641 912 674 ›
946 621 1141 678 Gravis
1171 633 1225 678 et
1248 623 1428 678 multa:
1449 623 1677 678 difficul-
1778 641 1845 681 ex
1867 627 2025 682 Patre
2050 643 2170 682 esse
2199 629 2342 698 quod
2373 628 2512 683 Deus
2539 628 2658 684 est?
2689 630 2762 684 Ex
2793 629 2951 685 Patre
2977 633 3120 686 enim
3157 633 3378 700 exiens,

115 717 216 772 tatis
236 717 377 770 labor
411 724 560 770 esset
589 714 870 770 veritatem
900 716 1172 787 religionis
1216 717 1500 772 adversum
1535 717 1676 772 falsi-
1782 733 1955 787 neque
1977 720 2138 773 aliam
2166 721 2458 776 nativitatis
2495 721 2682 776 habuit
2719 730 2964 777 naturam
2989 764 3003 789 ,
3037 739 3211 794 neque
3255 725 3379 779 nul-

115 810 221 863 tatis
257 809 580 878 impietatem
619 809 786 872 tueri,
827 807 871 861 si
901 818 1158 877 quantum
1197 807 1362 863 audet
1397 810 1675 879 impietas,
1783 811 1924 866 lam:
1956 811 2050 866 sed
2079 827 2202 866 eum
2228 813 2327 867 sibi
2359 821 2585 868 testatur
2609 825 2885 870 auctorem
2905 857 2919 882 ,
2941 832 3008 870 ex
3035 832 3141 887 quo
3168 832 3228 872 se
3258 833 3384 887 pro-

116 907 158 960 in
185 914 370 960 tantutn
397 903 708 959 consuleret
731 902 806 975 (a)
839 903 1148 972 prudenter.
1177 901 1283 958 Sed
1330 901 1468 958 bene
1489 945 1503 968 ,
1537 903 1680 974 quod
1786 902 1965 957 litetur
1983 905 2178 960 exisse.
2214 905 2290 960 De
2320 907 2400 962 his
2428 916 2606 962 autem
2639 909 3072 966 demonstrandis
3106 920 3268 981 atque
3299 911 3382 966 in-

117 999 495 1070 irreligiositatis
528 997 780 1052 voluntas
809 1013 876 1052 ex
920 997 1095 1068 inopia
1138 996 1440 1068 prudentiae
1481 1006 1581 1053 est.
1615 997 1678 1053 Et
1785 996 2092 1067 telligendis
2115 1000 2380 1068 posterior
2399 999 2528 1053 milii
2550 1017 2726 1056 sermo
2749 1013 2849 1056 est.

117 1093 290 1148 idcirco
307 1107 422 1147 cum
443 1091 617 1146 facilis
638 1091 709 1145 sit
735 1089 1023 1146 adversum
1053 1091 1336 1145 stultitiam
1362 1091 1645 1160 responsio
1666 1132 1680 1155 ,
1861 1090 1947 1142 l7.
1990 1089 2101 1145 Deo
2132 1091 2196 1144 de
2232 1109 2286 1145 se
2315 1108 2415 1145 non
2444 1093 2644 1147 credere
2676 1094 2838 1162 nefas.
2864 1123 2935 1135 -—-
2961 1095 3178 1150 Interim
3209 1105 3384 1153 tamen

116 1185 390 1242 emendatio
423 1195 600 1238 tamen
631 1183 866 1238 difficilis
903 1185 1188 1238 stultorum
1220 1193 1343 1238 est:
1390 1198 1484 1251 per
1523 1197 1682 1250 quam
1789 1183 1892 1239 hoc
1930 1185 2240 1252 videamus,
2281 1203 2385 1257 qua
2430 1187 2662 1242 hominis
2707 1188 2897 1244 ﬁducia
2945 1190 3290 1260 intelligenda
3324 1192 3390 1246 de

117 1281 322 1352 primum
349 1287 404 1333 et
433 1277 570 1333 ratio
603 1276 970 1346 intelligentia:
999 1293 1104 1329 non
1133 1275 1420 1344 quzeritur,
1453 1284 1504 1329 et
1535 1273 1687 1327 dein-
1791 1277 1902 1332 Deo
1926 1278 2268 1344 inhibentur,
2294 1295 2413 1350 quas
2444 1280 2584 1350 quod
2607 1295 2636 1335 a
2668 1281 2781 1337 Deo
2810 1281 2876 1336 de
2897 1296 2955 1336 se
2980 1282 3121 1336 dicta
3149 1283 3258 1337 sint
3286 1298 3390 1337 non

1793 1382 2074 1441 negantur.
2103 1371 2148 1426 Ο
2169 1373 2540 1443 gravissimum
2576 1374 2825 1430 humana:
2849 1375 3091 1430 stultitia:
3117 1385 3280 1446 atque
3313 1377 3394 1430 in-

1794 1466 2036 1521 solentia:
2063 1465 2330 1532 dedecus,
2361 1466 2712 1538 professionis
2744 1483 2856 1522 suae
2885 1467 2953 1522 de
2985 1483 3045 1522 se
3082 1468 3247 1522 Deum
3285 1483 3393 1523 non

117 1561 347 1615 voluntas
388 1573 476 1629 per
513 1558 757 1612 stultitia:
799 1571 1016 1612 sensum
1059 1554 1352 1612 detinuerit
1387 1555 1440 1609 in
1470 1568 1689 1620 errore,
1797 1559 1959 1614 modo
1987 1575 2214 1631 arguere
2254 1575 2362 1614 non
2404 1561 2708 1626 credendo,
2742 1562 2835 1615 sed
2879 1561 3219 1617 emendando
3246 1562 3398 1616 dam-

119 1655 182 1728 (b)
201 1671 349 1725 spero
369 1662 420 1708 ul
441 1654 506 1707 ad
532 1652 965 1708 emendalionem
996 1651 1258 1720 Ρνοεῑίνθε
1278 1649 1420 1714 δίηιέ
1449 1665 1568 1703 cum
1588 1649 1692 1702 im-
1799 1669 1962 1720 nare;
1996 1663 2050 1709 et
2079 1653 2207 1708 illttd
2237 1653 2504 1710 ineffabile
2535 1655 2587 1709 in
2612 1669 2677 1710 eo
2704 1663 2908 1709 natura:
2937 1669 3048 1709 sua:
3076 1655 3399 1725 virtutisque

119 1749 313 1820 pietatis
351 1745 632 1802 stultitiam
669 1745 915 1800 absolute
943 1743 1186 1799 veritatis
1211 1743 1282 1797 sit
1305 1741 1693 1797 demonstratio
1725 1748 1772 1806 B
1799 1755 2100 1811 secretum,
2134 1744 2382 1800 humanis
2421 1747 2791 1800 contaminare
2825 1756 2876 1800 et
2905 1745 3222 1816 impugnare
3263 1745 3397 1800 doc-

119 1841 390 1910 proditura.
551 1829 556 1834 ί
1797 1837 1987 1902 trinis,
2045 1845 2099 1891 et
2147 1836 2262 1891 haac
2306 1837 2506 1891 audere
2551 1837 2736 1906 loqui:
2768 1836 2857 1902 Si,
2903 1837 3112 1906 inquit,
3163 1852 3232 1892 ex
3288 1837 3399 1890 Deo

185 1932 263 1987 16.
296 1930 455 1985 Filius
476 1941 529 1984 ut
548 1947 613 1985 ex
639 1931 756 2000 ipso
775 1928 888 1982 Deo
907 1944 1062 1998 neque
1091 1929 1200 1998 ipse
1216 1928 1303 1998 qui
1332 1926 1504 1991 Pater,
1537 1942 1696 1995 neque
1799 1940 1880 1986 est
1920 1928 2120 1995 Filius,
2150 1928 2498 1984 demutabilis
2525 1938 2578 1984 et
2621 1944 2914 1999 corporeus
2957 1931 3097 1984 Deus
3146 1936 3232 1985 est
3253 1970 3265 1992 ,
3314 1927 3405 1998 qui

119 2025 270 2092 aliud,
289 2041 443 2089 neque
461 2041 525 2079 ea:
546 2022 806 2077 nihilo.-—
822 2021 1064 2086 Dixistis,
1082 2036 1114 2076 ο
1141 2020 1310 2085 stulti,
1327 2019 1398 2093 (c)
1421 2021 1508 2090 qui
1531 2028 1584 2074 et
1600 2019 1697 2074 lto-

1849 2039 1868 2078 ι
1909 2039 1969 2078 se
2001 2023 2288 2092 protulerit
2315 2023 2403 2079 vel
2451 2023 2790 2089 extenderit,
2822 2023 2966 2093 quod
3012 2025 3114 2079 sibi
3158 2031 3306 2079 esset
3353 2024 3407 2078 in

121 2117 195 2173 die
223 2117 356 2172 idem
374 2115 582 2181 dicitis,
610 2116 910 2171 nescientes
935 2117 986 2168 in
1012 2114 1179 2170 Deum
1211 2128 1400 2183 sapere
1422 2155 1436 2178 ,
1467 2116 1514 2166 si
1555 2114 1696 2168 enim
1802 2114 2002 2170 ﬁlium!
2034 2115 2171 2182 Quid
2217 2115 2480 2170 sollicitus
2510 2113 2599 2181 es,
2634 2131 2701 2170 ne
2730 2115 3074 2171 demutabilis
3110 2116 3251 2172 Deus
3289 2114 3402 2170 sit?

123 2209 250 2279 quod
278 2227 335 2264 ea:
363 2193 492 2279 ipso,
519 2218 574 2263 et
598 2207 740 2278 quod
771 2224 834 2263 ea:
857 2218 1022 2274 utero,
1053 2217 1109 2262 et
1137 2205 1278 2278 quod
1303 2222 1367 2261 ea:
1391 2203 1550 2260 Pater
1571 2206 1701 2260 exivi
1801 2205 1913 2262 Nos
1953 2208 2285 2262 nativitatem
2313 2208 2663 2273 confitemur,
2698 2223 2795 2261 nos
2827 2209 3158 2278 unigenitum
3207 2207 3403 2277 prtedi-

126 2314 163 2356 et
185 2305 310 2357 veni.
342 2302 535 2370 Quer
561 2317 589 2355 a
623 2311 708 2368 te,
734 2301 833 2356 hoc
860 2310 1030 2356 totum
1071 2301 1272 2355 dictum
1317 2315 1346 2353 a
1381 2298 1526 2366 Deo,
1563 2313 1703 2354 anne
1804 2316 1991 2357 camus
2008 2317 2072 2356 ex
2096 2302 2205 2356 Deo
2225 2301 2402 2355 docti:
2426 2312 2512 2363 ιιι,
2541 2316 2607 2355 ne
2638 2301 2890 2355 nativitas
2918 2312 3160 2369 maneat,
3199 2316 3265 2355 ne
3289 2300 3408 2355 uni-

122 2412 215 2450 non
251 2396 444 2452 dictum
483 2395 586 2450 sit?
615 2394 822 2449 Dictum
854 2393 1040 2464 utique
1085 2402 1205 2450 est:
1236 2401 1291 2446 et
1326 2406 1549 2446 necesse
1583 2399 1702 2458 est,
1805 2393 2019 2465 genitus
2050 2393 2188 2448 Deus
2224 2393 2277 2446 in
2314 2393 2569 2448 Ecclesim
2602 2392 2707 2446 fide
2738 2393 2837 2454 sit,
2873 2400 3117 2446 naturam
3160 2391 3406 2446 indemn-

122 2503 229 2543 cum
257 2504 287 2543 a
311 2489 418 2544 Deo
448 2487 516 2543 de
536 2502 598 2543 se
624 2486 826 2541 dictum
855 2486 953 2549 sit,
989 2500 1097 2540 non
1126 2485 1282 2539 aliter
1299 2481 1704 2552 intelligendum
1810 2485 1989 2542 labilis
2016 2485 2107 2540 Dei
2134 2501 2252 2554 quae
2275 2500 2374 2540 nec
2393 2484 2607 2539 extendi
2633 2499 2732 2539 nec
2754 2484 3004 2554 protendi
3030 2485 3196 2554 possit
3218 2484 3290 2557 (e)
3315 2499 3414 2552 op-

123 2598 234 2639 esse
262 2598 412 2653 quam
446 2581 652 2638 dictum
692 2589 796 2635 est.
828 2579 907 2634 De
934 2577 1096 2633 dictis
1137 2592 1236 2632 suo
1271 2575 1424 2642 loco,
1453 2575 1708 2630 demons-
1810 2581 1986 2652 ponis.
2022 2579 2286 2634 Afl'errem
2332 2579 2462 2644 tibi,
2509 2577 2693 2632 infelix
2733 2594 2917 2644 error,
2951 2578 3114 2632 etiam
3152 2594 3214 2633 ex
3247 2578 3414 2633 rebus

125 2674 268 2730 tratis
288 2675 610 2745 singulorum
629 2687 968 2742 quorumque
987 2669 1305 2735 virtutibus,
1334 2659 1705 2724 tractabimus.
1811 2671 1997 2728 mttndi
2032 2671 2383 2742 quarumdam
2415 2681 2726 2724 naturarum
2757 2685 2878 2739 quae
2908 2670 3201 2740 gignuntur
3226 2685 3413 2726 exem-

124 2766 328 2823 lnterim
353 2777 530 2822 tamen
559 2764 982 2835 uniuscujusque
1019 2763 1426 2833 intelligentiam
1453 2761 1708 2828 consulo,
1812 2765 1959 2837 plum
1983 2806 1999 2832 ,
2029 2779 2096 2820 ne
2129 2763 2462 2819 nativitatem
2499 2763 2905 2832 protensionent
2936 2764 3284 2820 existimares
3304 2806 3317 2831 ,
3357 2781 3425 2821 ne

126 2860 240 2929 quid
265 2860 531 2914 existimet
557 2859 610 2913 in
638 2873 725 2924 eo,
754 2873 874 2912 cum
894 2856 1096 2912 dictum
1118 2856 1187 2910 sit
1211 2872 1274 2910 ea:
1297 2857 1442 2925 ipso:
1461 2864 1713 2910 utrumne
1817 2860 2152 2915 nascentium
2179 2867 2399 2913 naturas
2419 2858 2740 2914 detrimenta
2772 2857 3026 2913 crederes
3054 2873 3176 2913 esse
3201 2859 3426 2929 gignen-

127 2968 185 3007 ex
209 2954 376 3008 altero
406 2950 820 3022 intelligendum
853 2951 954 3015 sit,
985 2964 1053 3003 an
1086 2965 1152 3003 ne
1175 2964 1240 3003 ex
1263 2947 1443 3016 nullo,
1481 2963 1548 3002 an
1584 2960 1714 3002 vero
1819 2952 1949 3006 tium
1971 2993 1984 3016 ,
2015 2961 2073 3006 ut
2110 2952 2269 3007 etiam
2314 2950 2478 3004 multa
2520 2951 2638 3005 sine
2679 2950 2950 3020 corporali
2984 2950 3316 3005 admixtione
3355 2965 3422 3006 ex

118 1389 224 1443 ceps
245 1373 308 1429 ab
327 1370 656 1442 intelligente
683 1370 925 1423 intitnata
954 1383 1060 1424 non
1084 1368 1311 1438 capitur.
1345 1367 1448 1422 Sed
1482 1365 1525 1419 si
1553 1381 1688 1434 quos

119 1468 264 1521 timor
297 1465 383 1521 Dei
421 1474 471 1521 et
515 1461 887 1532 intelligentiae
924 1462 1224 1532 ignoratio,
1255 1475 1361 1514 non
1401 1459 1690 1528 impietatis

129 3044 232 3113 ipse
250 3046 339 3101 ille
356 3044 655 3100 credendus
674 3042 778 3098 sit?
795 3043 872 3098 Ex
891 3041 1064 3098 altero
1089 3056 1192 3096 non
1218 3049 1302 3096 est
1325 3058 1339 3095 :
1371 3041 1493 3110 quia
1516 3057 1578 3094 ea:
1598 3041 1713 3108 ipso

1820 3043 2125 3098 viventibus
2151 3043 2204 3096 in
2230 3044 2475 3097 viventes
2499 3041 2706 3096 animas
2726 3043 3071 3113 gignerentur
3097 3061 3109 3097 :
3140 3043 3244 3097 nisi
3277 3043 3424 3098 nefas

128 3149 220 3202 est,
239 3139 290 3194 id
312 3149 393 3194 est
415 3137 509 3210 (ita
526 3146 586 3191 ut
605 3133 759 3207 non),
785 3150 853 3190 ne
873 3134 1110 3200 aliunde,
1132 3142 1328 3203 prseter
1343 3147 1503 3202 quam
1525 3146 1589 3186 ex
1611 3130 1724 3186 Deo
1752 3129 1793 3190 C
1827 3144 2002 3199 esset,
2032 3135 2140 3189 Deo
2166 3133 2234 3188 de
2255 3148 2314 3188 se
2341 3133 2410 3206 (f)
2442 3149 2546 3188 non
2580 3133 2907 3200 credidisse;
2939 3145 2990 3190 et
3020 3135 3194 3190 ultimi
3227 3134 3422 3190 furoris

129 3231 260 3287 Deus
287 3235 373 3288 sit.
407 3233 483 3286 Ex
507 3229 677 3286 nihilo
698 3245 805 3283 non
827 3236 946 3284 est:
970 3227 1092 3298 quia
1122 3241 1183 3281 ex
1207 3227 1323 3295 ipso
1347 3236 1459 3291 est;
1493 3223 1718 3278 demon-

133 3335 327 3380 stratur
353 3325 496 3380 enim
526 3335 715 3379 natura
743 3322 889 3378 unde
911 3321 1162 3375 nativitas
1189 3329 1289 3375 est.
1325 3319 1444 3389 lpse
1468 3333 1571 3373 non
1593 3326 1677 3373 est
1701 3335 1714 3372 :

128 3418 242 3485 quia
273 3417 362 3472 ubi
393 3433 457 3471 ea:
480 3418 594 3486 ipso
621 3425 705 3472 est
726 3457 739 3482 ,
773 3415 1026 3469 nativitas
1056 3412 1152 3466 filii
1191 3410 1420 3467 refertur
1449 3426 1511 3466 ex
1543 3418 1715 3481 patre.

129 3508 323 3566 Deinde
351 3526 473 3566 cum
509 3508 843 3579 significatur
872 3524 934 3562 ea:
969 3516 1110 3560 utero
1128 3546 1144 3572 ,
1172 3507 1446 3575 interrogo
1475 3519 1542 3558 an
1573 3502 1720 3558 credi

127 3605 293 3673 possit
317 3620 441 3661 esse
477 3613 640 3660 natus
678 3618 744 3658 ex
786 3600 990 3666 nihilo,
1021 3615 1142 3654 cum
1192 3598 1488 3654 nativitatis
1525 3596 1724 3652 veritas

127 3715 216 3770 per
234 3702 595 3774 corporalium
620 3697 1030 3756 efficientiarum
1054 3695 1272 3751 nomina
1290 3693 1585 3749 reveletur?
1607 3690 1722 3746 Non

128 3796 265 3850 enim
310 3796 570 3853 membris
612 3791 988 3861 corporalibus
1027 3790 1333 3846 consistens
1377 3785 1559 3850 Deus,
1602 3799 1725 3839 cum

127 3892 524 3959 generationem
563 3886 724 3960 1M
747 3885 868 3941 Filii
896 3884 976 3957 (ά)
1003 3888 1473 3946 commemoraret,
1506 3880 1619 3933 ait:
1645 3876 1731 3932 Ea:

129 3996 265 4039 utero
293 3997 416 4039 ante
455 3983 732 4053 luciferum
763 3981 916 4051 genui
959 3989 1007 4034 te
1034 3976 1155 4047 (Ps.
1197 3991 1282 4032 Ctx
1303 4017 1316 4041 ,
1345 3973 1402 4046 5)
1428 3992 1442 4042 ;
1477 3973 1571 4028 sed
1617 3972 1731 4027 ine-

130 4077 452 4134 narrabiletn
481 4076 630 4132 illam
663 4072 924 4145 unigeniti
953 4087 1018 4126 ex
1061 4086 1121 4126 se
1159 4069 1251 4124 filii
1292 4068 1624 4123 nativitatem
1659 4080 1728 4120 ex

135 4174 430 4231 divinitatis
469 4190 583 4230 suae
611 4173 838 4228 veritate
873 4168 1234 4233 confirmans,
1264 4167 1332 4221 ad
1369 4162 1733 4233 intelligentiae

129 4262 282 4322 fidem
308 4269 529 4323 locutus
552 4273 665 4331 est;
690 4273 747 4319 ut
767 4263 836 4319 de
860 4262 1056 4318 divinis
1082 4261 1194 4316 suis
1217 4259 1380 4314 rebus
1398 4300 1412 4324 ,
1440 4255 1732 4312 secundum

130 4359 419 4416 humanam
446 4370 728 4424 naturam,
759 4358 1008 4413 humanae
1034 4365 1238 4411 naturae
1267 4366 1484 4408 sensum
1513 4349 1577 4405 ad
1611 4347 1734 4402 fidei

130 4453 412 4509 scientiam
443 4451 724 4509 erudiret:
756 4459 818 4505 ut
859 4465 980 4505 cum
1011 4448 1088 4502 ait
1122 4464 1185 4502 ea:
1215 4456 1390 4510 utero,
1427 4458 1532 4498 non
1563 4457 1629 4497 ex
1658 4438 1739 4495 ni-

1819 3228 2033 3284 vesania
2053 3227 2418 3298 judicaretur,
2449 3227 2689 3284 adimere
2721 3228 3094 3284 auctoritatem
3123 3229 3190 3283 ad
3227 3228 3386 3284 fidem
3406 3271 3422 3296 ,

1820 3322 1907 3376 cui
1939 3319 2343 3375 venerationem
2383 3319 2691 3390 profitearis
2721 3320 2788 3374 ad
2818 3323 3003 3375 vitam.
3038 3321 3094 3377 Si
3135 3321 3276 3376 enim
3319 3337 3428 3376 non

1821 3414 1922 3469 nisi
1965 3429 2060 3486 per
2089 3427 2212 3468 eum
2243 3413 2349 3468 vita
2385 3421 2494 3479 est,
2528 3413 2800 3483 quomodo
2836 3427 2941 3466 non
2989 3427 3082 3480 per
3121 3427 3242 3466 eum
3285 3411 3424 3468 fides

1822 3508 1947 3562 vita:
1988 3507 2109 3562 est?
2137 3507 2296 3561 Fides
2321 3515 2500 3560 autem
2547 3506 2672 3559 vitae
2707 3504 2978 3574 quomodo
3015 3507 3067 3558 in
3094 3519 3158 3559 eo
3181 3513 3296 3572 est,
3337 3504 3428 3575 qui

1826 3599 1927 3655 sibi
1955 3599 2021 3654 de
2046 3613 2106 3654 se
2135 3599 2285 3653 testis
2309 3597 2540 3651 inﬁdelis
2567 3596 2864 3650 habeatur?

1902 3691 2058 3764 145
2088 3692 2172 3747 18.
2206 3689 2333 3743 Filii
2364 3689 2768 3760 nuncupationes
2797 3689 2884 3759 qui
2912 3691 2974 3743 ab
3002 3689 3256 3744 haereticis
3286 3690 3440 3744 intel-

1829 3786 1990 3840 lectaz.
2010 3783 2340 3852 --Usurpas
2369 3781 2511 3837 enim
2531 3823 2544 3848 ,
2580 3781 2900 3850 impiissime
2931 3782 3214 3850 ltaaretice,
3246 3782 3441 3836 nativi—

1832 3885 1994 3932 tatem
2027 3876 2150 3930 Filii
2178 3876 2244 3930 ad
2273 3876 2569 3931 creationis
2599 3875 2974 3941 voluntatem;
3007 3885 3066 3931 ut
3095 3893 3201 3931 non
3233 3892 3296 3932 ex
3331 3878 3439 3933 Deo

1832 3980 1992 4027 natus
2023 3971 2128 4036 sit,
2160 3969 2255 4026 sed
2285 3971 2504 4026 volente
2535 3985 2602 4026 eo
2642 3972 2731 4040 qui
2773 3971 3011 4038 creavit,
3059 3988 3126 4027 ex
3165 3975 3441 4029 creatione

1833 4065 2154 4122 substiterit.
2186 4064 2254 4119 Et
2281 4071 2458 4119 tecum
2487 4063 2691 4118 idcirco
2717 4078 2824 4118 non
2857 4064 2996 4118 Deus
3020 4073 3140 4130 est,
3173 4066 3297 4134 quia
3324 4081 3441 4119 ma-

1837 4168 2000 4214 nente
2027 4157 2139 4212 Deo
2161 4171 2288 4221 uno,
2315 4172 2421 4210 non
2446 4163 2624 4209 teneat
2646 4153 2817 4208 Filius
2838 4154 3060 4225 originis
3081 4170 3194 4209 sure
3219 4156 3272 4210 in
3296 4156 3437 4210 nati-

1835 4252 1999 4306 vitate
2020 4256 2304 4312 naturam;
2336 4247 2431 4303 sed
2465 4246 2517 4301 in
2546 4245 2905 4301 substantiam
2937 4247 3163 4302 alteram
3199 4247 3274 4322 (g)
3304 4263 3436 4303 con-

1840 4343 1996 4410 ditio,
2025 4345 2140 4413 ipse
2171 4351 2441 4410 tamquam
2469 4339 2780 4410 unigenitus
2805 4340 3204 4397 conditionibus
3243 4351 3298 4397 et
3332 4341 3445 4397 fac-

1839 4437 1976 4490 turis
2005 4434 2220 4489 caeteris
2247 4433 2595 4505 praestantior
2623 4433 2727 4488 sit:
2771 4433 3095 4489 substitutus
3137 4444 3315 4490 tamen
3336 4476 3352 4503 ,
3383 4443 3444 4490 ut

131 4545 234 4604 hilo
259 4549 474 4605 creatio
503 4546 838 4612 substitisse,
870 4543 967 4600 sed
997 4558 1062 4599 ex
1089 4557 1149 4598 se
1175 4537 1447 4611 Unigeniti
1474 4536 1555 4592 sui
1579 4544 1734 4590 natu—
1758 4519 1810 4581 D
1837 4531 2130 4589 creationis
2150 4529 2374 4586 indultae
2394 4529 2472 4603 (lt)
2492 4529 2596 4585 sibi
2616 4527 2816 4586 habeat
2836 4529 3274 4587 substitutionem
3293 4571 3307 4598 ,
3335 4544 3445 4587 non

133 4694 195 4765 ᾡς
237 4691 862 4765 «manibus-rauim,
909 4685 1184 4758 quomodo
1229 4683 1491 4739 Hilarium
1543 4680 1742 4750 legisse

137 4761 302 4828 liquet
332 4780 406 4817 ex
435 4763 604 4831 ipsius
626 4761 980 4826 eXpositione.

200 4834 277 4906 (a)
323 4824 514 4906 Fodit-ii,
548 4824 822 4906 prudentia
844 4848 862 4885 :
889 4829 1222 4906 castigantur
1250 4841 1314 4881 ex
1346 4824 1579 4906 scriptis.
1687 4893 1700 4906 -

201 4898 274 4980 (ὁ)
317 4905 424 4960 Ms.
447 4898 618 4980 Δ(διῃίη.
646 4903 799 4980 credo
839 4911 915 4956 ut.
950 4901 1085 4980 Alii,
1119 4913 1284 4980 spero.
1311 4906 1385 4950 ut.
1412 4898 1480 4950 At
1520 4898 1738 4977 excusi,

133 4967 280 5043 spero
305 4977 476 5049 quod.
509 4975 623 5030 Hoc
658 4976 711 5028 in
745 4975 864 5029 loco
900 4972 1079 5049 prodit
1122 4970 1384 5049 Hilarius,
1411 4981 1517 5049 quo
1544 4967 1742 5049 ‘an'into

136 5037 246 5104 erat
273 5037 512 5103 affectus
542 5062 665 5115 erga
700 5061 825 5110 eos,
859 5037 948 5113 qui
991 5040 1287 5115 ignorantia
1318 5050 1370 5115 et
1402 5037 1743 5115 simplicitate

137 5119 259 5176 Αῆο
281 5119 550 5174 favebant
571 5108 696 5180 ,ἲιιί
720 5108 829 5186 jam
860 5108 1119 5186 adversus
1142 5110 1348 5186 Erasini
1382 5109 1616 5186 argutias
1646 5108 1745 5186 qh—

136 5202 412 5248 servatum
455 5198 537 5243 est
576 5179 630 5242 in
677 5179 884 5258 prmfat.
909 5186 998 5240 27.
1029 5182 1381 5258 llaud_ali‘t_er
1418 5179 1746 5258 Athanasius

140 5265 226 5318 0r.
262 5280 302 5319 ιι
341 5269 502 5316 cont.
534 5250 688 5322 Ar.,'
711 5274 760 5327 p.
797 5257 936 5321 5'21,
975 5269 1142 5326 agens
1177 5252 1245 5308 de
1293 5252 1482 5327 iisqui
1525 5250 1746 5327 sobolem

141 5337 407 5403 prapriam
437 5322 735 5403 substantia}
761 5328 936 5403 Patris
984 5322 1207 5403 negant,
1231 5325 1379 5403 quasi
1423 5323 1475 5376 id
1518 5322 1630 5388 fieri
1661 5338 1750 5375 ne-

142 5395 286 5474 queat
303 5449 319 5472 ,
350 5404 464 5460 nisi
510 5410 677 5470 partes
704 5395 1062 5474 intelliganqu
1077 5414 1094 5451 :
1121 5397 1207 5467 qui
1229 5395 1290 5448 de
1318 5395 1622 5463 incorporeo
1644 5409 1751 5474 cor-

145 5463 598 5547 poreae-cgitant,
637 5481 685 5547 et
716 5471 776 5524 ob
819 5463 1219 5547 imbecillitatem.
1256 5475 1456 5547 natura:
1485 5481 1592 5547 sua:
1628 5463 1746 5516 adi-

147 5537 286 5602 munt
315 5537 471 5601 Filio
501 5543 858 5610 praprietatem
886 5551 1109 5611 paterna:
1139 5537 1435 5611 substantia:
1455 5579 1468 5598 .
1503 5541 1628 5611 dum
1659 5551 1745 5611 s_o-

150 5620 305 5675 bolem
327 5605 520 5672 Patris
546 5605 690 5668 stulti
731 5628 792 5668 ea:
813 5627 866 5665 se
887 5605 1158 5666 metiuntur
1183 5627 1200 5664 :
1220 5607 1502 5672 Craterum,
1545 5605 1748 5677 inquit,

149 5692 268 5745 istos
293 5681 368 5745 ad
394 5689 557 5742 istum
577 5684 789 5737 modum
810 5683 1020 5750 affectos
1037 5725 1051 5748 ,
1085 5695 1450 5753 persuasosque
1475 5694 1578 5753 non
1606 5691 1753 5747 posse

152 5777 249 5822 me
267 5762 447 5836 ﬁlium
475 5753 574 5812 Dei
589 5795 607 5821 ,
631 5770 837 5823 tequum
860 5749 1060 5826 quidem
1077 5749 1150 5810 est
1170 5762 1226 5808 ut
1250 5749 1600 5810 misericordia
1626 5764 1751 5821 pro-

607 5851 892 5913 ΡΑτῑιοι..
924 5849 1007 5912 Χ.

1845 4693 2120 4745 sequamur
2161 4691 2180 4731 :
2225 4685 2623 4730 consentaneum
2667 4684 2870 4740 tamen,
2919 4685 2975 4728 ut
3015 4676 3358 4741 sciscitemur,
3400 4683 3448 4728 et

1844 4749 2127 4804 rationibus
2169 4749 2550 4802 convincamus.
2581 4745 2829 4801 Forsitan
2859 4745 2936 4800 vel
2964 4761 3023 4799 eo
3051 4746 3200 4800 modo
3229 4747 3298 4799 ad
3334 4762 3450 4800 sen-

1845 4837 1959 4874 sum
1989 4821 2210 4890 aliquem
2241 4819 2454 4890 perduci
2485 4827 2740 4887 poterunt.

1922 4891 1994 4964 (c)
2038 4885 2157 4958 Er.,
2181 4885 2328 4960 Lips.
2355 4899 2409 4945 et
2434 4885 2584 4956 Par.,
2612 4890 2736 4958 quin
2765 4897 2812 4944 et
2843 4887 2993 4942 hodie
3022 4903 3041 4941 :
3074 4887 3226 4941 nullo
3255 4885 3450 4943 suffra-

1884 4973 2009 5018 ante
2038 4979 2142 5016 ms.

2038 4979 2142 5016 ms.

1848 4979 2009 5105 saw)3
2043 5033 2167 5087 Par.
2195 5048 2317 5087 cum
2352 5031 2653 5102 antiquiore
2675 5045 2778 5086 ms.
2803 5029 2956 5087 Colb.
2986 5039 3041 5085 et
3065 5028 3248 5086 Germ.
3272 5071 3288 5098 ,
3312 5046 3452 5085 com-

1845 5114 2194 5160 memorasset.

1944 5177 1992 5241 e)
2032 5175 2152 5227 Vat.
2177 5174 2294 5228 bas.
2323 5189 2426 5228 ms.
2445 5216 2459 5238 ,
2494 5173 2708 5241 exponis
2732 5188 2750 5226 :
2777 5173 2960 5228 minus
2986 5173 3142 5229 bene.

1921 5177 1992 5318 ἕο)
2032 5177 2152 5256 vat.
2177 5177 2294 5256 bas.
2323 5189 2426 5256 ms:
2445 5216 2459 5238 ,
2494 5177 2708 5260 exponis
2732 5177 2960 5256 :_minus
2986 5177 3142 5229 bene.

1946 5245 2004 5318 f)
2048 5245 2192 5318 Lips.
2227 5246 2313 5298 hic
2341 5243 2538 5314 adjecit
2567 5253 2811 5300 testantt:
2839 5244 2980 5315 quod
3027 5243 3180 5300 abest
3208 5259 3237 5299 a
3283 5243 3412 5299 Bad.
3436 5285 3452 5310 ,

1851 5315 1956 5375 Er.
1971 5315 2026 5371 et
2051 5315 2322 5385 plerisque
2351 5329 2483 5370 mss.

1926 5386 2002 5462 (g)
2036 5387 2175 5441 Editi
2193 5429 2208 5452 ,
2237 5387 2495 5462 con_ditur:
2519 5386 2874 5462 renitentibus
2895 5387 3149 5442 omnibus
3172 5401 3302 5462 mss.
3324 5386 3459 5462 Se_n_-

1855 5456 2138 5528 sus'porro
2166 5469 2242 5512 ρει
2265 5499 2278 5519 ,
2308 5457 2529 5524 Tecum,
2561 5459 2660 5512 hoc
2687 5469 2804 5524 est,
2836 5461 2885 5513 in
2914 5469 3002 5514 tua
3030 5456 3293 5513 sententia
3312 5499 3330 5524 ,
3361 5457 3459 5512 Fi-

1861 5534 1960 5587 lius
1988 5548 2088 5584 non
2115 5538 2187 5584 est
2219 5528 2390 5589 Deus.
2422 5530 2511 5582 sed
2539 5529 2799 5585 conditio:
2829 5531 2917 5586 ubi
2951 5533 3202 5585 advertas
3229 5531 3462 5599 particu-

1859 5605 1966 5659 lam
1996 5619 2110 5655 cum
2142 5601 2228 5655 hic
2258 5609 2315 5656 ttt
2342 5601 2466 5655 alibi
2497 5616 2594 5670 pro
2622 5602 2902 5656 secundum
2927 5603 3119 5670 accipi.

1934 5671 2216 5746 (h)_Abes_t
2243 5673 2342 5726 sibi
2365 5687 2393 5724 a
2427 5688 2528 5746 ms.
2560 5672 2692 5746 _bas.
2727 5671 3118 5746 Vat/Verbum
3159 5673 3465 5746 substituere

1862 5742 2078 5804 Arianis
2122 5744 2374 5804 usitatum
2394 5743 2700 5816 colligimus
2741 5761 2804 5803 ex
2853 5745 3134 5814 Faustino,
3161 5759 3281 5816 cap.
3307 5759 3346 5812 ι,
3379 5742 3468 5798 ubi

2858 5839 2900 5904 6
