3960 6202
539 252 651 311 171.

1747 238 1993 300 SANCTI
2033 234 2291 296 HlLARll
2326 235 2638 323 EPISCOPI

3743 238 3837 295 17⁵3.

545 370 639 428 Dei
663 366 908 424 attulerit
923 379 991 422 ex
1008 359 1361 436 generatione
1380 364 1660 426 naturam;
1687 363 1741 413 et
1761 364 1947 412 natum
1969 354 2139 422 dicas,
2170 368 2224 433 Α
2246 368 2461 410 rursum
2503 350 2829 423 evangelicae
2867 358 3029 421 atque
3066 348 3380 420 apostolicae
3417 350 3583 404 voces
3621 347 3837 421 loquun-

541 456 690 537 quod
715 460 953 518 substitit
977 473 1043 513 ex
1064 455 1269 511 nihilo:
1295 451 1466 507 lilium
1496 460 1677 506 autem
1703 448 1904 505 idcirco
1922 450 2142 504 nuncu-

548 574 650 632 pes
671 597 687 626 ,
719 572 829 613 non
854 555 979 627 quia
1008 567 1076 608 ex
1102 550 1214 606 Deo
1238 553 1395 603 natus
1423 554 1509 604 est
1530 588 1546 615 ,
1576 545 1672 602 sed
1696 546 1820 617 quia
1849 560 1948 617 per
1975 544 2146 599 Deum

544 662 758 711 creatus
796 658 911 717 est;
939 646 1065 718 quia
1103 653 1159 702 et
1194 642 1443 698 homines
1477 638 1763 711 religiosos
1789 636 2149 709 appellatione

544 748 705 818 hujus
730 741 964 799 nominis
990 739 1181 810 dignos
1201 752 1232 792 a
1261 737 1370 791 Deo
1398 734 1611 790 habitos
1652 731 1997 789 memineris:
2032 738 2145 787 tum

544 858 707 915 porro
734 840 782 896 ei
814 853 922 895 non
952 835 1057 892 alia
1096 834 1408 891 conditione
1448 833 1544 888 Dei
1584 846 1781 888 nomen
1824 826 2143 899 indulgeas,

545 950 704 1006 quam
736 947 799 989 ea
829 945 933 1002 qua
961 929 1164 985 dictum
1192 929 1295 983 sit:
1337 924 1452 998 Ego
1488 925 1633 993 dixi,
1674 922 1748 978 dli
1787 920 1943 977 estis:
1986 917 2065 989 (ι)
2104 925 2151 973 et

543 1028 641 1100 ﬁlii
679 1027 929 1083 Altissimi
967 1040 1139 1081 omnes
1168 1020 1344 1097 (Psal.
1385 1036 1578 1086 Lxxxt,
1619 1017 1711 1090 6),
1752 1025 1811 1073 ut
1848 1023 2028 1072 utatur
2064 1012 2150 1069 di-

541 1123 799 1195 gnatione
843 1104 901 1175 in
947 1116 1212 1175 vocabulo
1255 1113 1649 1185 nuncupantis,
1700 1127 1807 1167 non
1851 1117 2056 1166 natura:
2096 1108 2152 1165 in

546 1216 768 1272 nomine
798 1213 1056 1278 veritate;
1102 1210 1177 1283 (a)
1217 1210 1393 1281 sitque
1436 1217 1611 1265 tecum
1649 1223 1715 1263 ex
1753 1204 2046 1276 adoptione
2086 1201 2150 1256 li-

546 1309 654 1365 lius
676 1350 690 1376 ,
718 1308 854 1365 deus
883 1322 952 1363 ex
991 1303 1425 1375 nuncupatione,
1473 1300 1785 1372 unigenitus
1822 1313 1890 1353 ex
1928 1296 2150 1373 privile-

544 1404 670 1475 gio,
712 1401 1102 1474 primogenitae
1141 1414 1208 1455 ex
1246 1397 1472 1463 ordine,
1508 1394 1584 1467 (b)
1615 1404 1759 1450 totus
1799 1391 2042 1459 creatio,
2084 1406 2152 1447 ex

545 1495 693 1550 nullo
720 1495 894 1561 Deus;
923 1492 1046 1566 quia
1071 1490 1350 1564 generatio
1376 1488 1495 1560 ejus
1523 1503 1630 1543 non
1661 1486 1923 1543 naturalis
1946 1501 2016 1542 ex
2041 1484 2154 1541 Deo

545 1587 797 1643 nativitas
828 1586 932 1653 sit,
966 1583 1064 1641 sed
1103 1583 1401 1640 substantia
1436 1590 1721 1636 creaturae.

617 1679 706 1736 19.
751 1678 890 1745 Quid
921 1675 1208 1747 Scripturis
1232 1675 1295 1729 de
1324 1672 1437 1729 Deo
1465 1673 1673 1729 edoctus
1701 1673 1766 1729 sit
1799 1671 2055 1727 Hilarius.
2082 1698 2157 1713 —

2250 460 2355 517 tur,
2390 462 2443 509 et
2471 467 2537 508 ex
2565 452 2683 521 ipso
2711 464 2866 507 sacro
2901 448 3172 521 Unigeniti
3199 448 3273 504 tui
3301 462 3398 504 ore
3436 444 3648 503 condita
3684 446 3739 502 in
3779 447 3836 502 li-

2251 545 2380 601 hros
2411 544 2507 618 (al.
2534 543 2588 598 in
2618 543 2797 614 libris)
2827 542 2989 598 verba
3023 548 3310 608 testantur,
3358 538 3557 596 Filium
3599 544 3741 594 tuum
3779 553 3835 595 ex

2253 646 2305 692 te
2334 635 2574 707 ingenito
2604 634 2713 691 Deo
2750 633 3084 705 unigenitum
3126 634 3202 705 (g)
3244 633 3438 699 Deum,
3482 630 3746 686 hominem
3782 645 3839 687 ex

2256 729 2476 800 Virgine
2512 727 2580 783 ad
2608 727 2924 799 mysterium
2954 726 3143 781 salutis
3169 739 3304 782 meae
3330 732 3516 780 natum
3541 741 3554 778 :
3586 723 3637 779 tu
3667 736 3770 796 quo
3796 729 3839 779 te

2251 820 2620 895 generationis
2646 835 2714 878 ex
2744 828 2797 877 te
2822 819 3024 877 veritas
3053 819 3394 886 contineret,
3436 823 3493 874 et
3532 826 3687 888 quem
3714 814 3767 871 itt
3796 822 3840 872 te

2253 917 2521 973 manentis
2549 930 2614 971 ex
2650 922 2701 971 te
2729 914 3023 969 nativitatis
3050 921 3242 968 natura
3271 912 3555 968 retineret.

2324 1009 2418 1065 20.
2445 1007 2643 1064 Eorum
2667 1008 2850 1080 quibus
2877 1007 3092 1064 credidit
3121 1006 3515 1062 commendatio.
3541 1034 3611 1045 εκ
3629 1002 3683 1059 Ιιι
3713 1001 3842 1074 quod

2256 1118 2343 1159 me
2360 1145 2376 1170 ,
2402 1117 2526 1171 oro,
2558 1100 2879 1173 profundum
2905 1100 3179 1171 deSpcrati
3203 1098 3408 1155 reditus
3437 1097 3706 1153 mersisti?
3727 1094 3839 1152 Hzec

2255 1194 2400 1250 enim
2431 1208 2533 1265 ego
2571 1194 2645 1249 ita
2674 1192 2884 1259 'didicl,
2930 1192 3002 1247 ita
3041 1189 3281 1259 credidi,
3322 1196 3380 1245 et
3420 1189 3494 1245 ita
3533 1186 3840 1244 confirmata:

2254 1286 2453 1342 mentis
2506 1284 2614 1341 fide
2660 1292 2858 1352 teneo,
2912 1299 2981 1340 ne
3023 1292 3117 1338 aut
3162 1285 3364 1354 possim
3409 1280 3636 1336 credere
3675 1280 3840 1348 aliter,

2256 1390 2349 1437 aut
2371 1380 2553 1437 velim.
2586 1379 2726 1448 Quid
2754 1394 2843 1437 me
2872 1379 3129 1435 miserum
3161 1378 3231 1434 de
3258 1386 3311 1434 te
3342 1375 3618 1444 fefellisti,
3648 1384 3697 1432 et
3722 1375 3843 1431 infe-

2256 1472 2411 1529 licem
2442 1487 2664 1529 carnem
2690 1481 2853 1544 atque
2877 1472 3112 1528 animam
3144 1472 3333 1528 aliena:
3377 1486 3408 1527 a
3451 1479 3504 1527 te
3543 1468 3842 1541 cognitionis

2257 1566 2499 1622 doctrina
2531 1566 2853 1638 perdidisti?
2882 1566 3103 1637 Decepit
3130 1580 3218 1621 me
3248 1573 3369 1637 post
3400 1565 3551 1621 rubri
3580 1565 3735 1620 maris
3761 1563 3839 1618 di-

2258 1659 2521 1715 visionem
2549 1659 2718 1730 gloria
2743 1660 3121 1717 descendentis
3142 1659 3211 1715 de
3235 1667 3420 1715 monte
3443 1657 3645 1731 Moysi,
3671 1666 3720 1714 et
3743 1664 3844 1713 om-

546 1772 624 1827 Ac
660 1770 891 1841 primum
934 1775 1085 1825 orata
1126 1782 1159 1822 a
1205 1777 1256 1823 te
1298 1764 1755 1837 impatientissimi
1799 1765 2007 1822 doloris
2048 1763 2152 1820 mei

2280 1754 2347 1808 tia
2394 1760 2575 1809 tecum
2626 1768 2948 1810 arcanorum
2994 1753 3299 1822 caelestium
3343 1761 3556 1810 secreta
3598 1752 3846 1808 cernentis

545 1864 725 1930 Venia,
744 1861 888 1933 loqui
915 1876 1000 1916 me
1027 1859 1170 1930 apud
1200 1867 1271 1925 te,
1300 1859 1646 1930 omnipotens
1676 1860 1842 1927 Deus,
1876 1868 2085 1929 patere,
2105 1866 2161 1916 et

546 1971 635 2013 me
657 1966 855 2011 terram
871 1968 936 2011 ac
959 1954 1222 2020 cinerem,
1248 1950 1527 2008 charitatis
1554 1961 1736 2009 tamen
1766 1961 1870 2008 tua:
1897 1952 2162 2022 religione

546 2049 858 2105 devinctum
878 2089 892 2116 ,
928 2046 1161 2103 liberum
1192 2046 1246 2101 in
1278 2044 1397 2102 haec
1421 2046 1586 2102 verba
1614 2054 1890 2117 permitte.
1934 2046 2050 2117 Ego
2078 2046 2161 2101 in-

546 2139 677 2195 felix
704 2138 838 2195 nihil
866 2147 1025 2194 antea
1054 2138 1127 2195 fui
1152 2179 1168 2207 ,
1199 2148 1251 2194 et
1283 2138 1352 2211 (c)
1392 2139 1516 2194 vitae
1556 2154 1723 2195 sensu
1761 2153 1962 2210 expers
1984 2181 1998 2206 ,
2042 2139 2161 2195 sine

544 2232 650 2287 mei
680 2230 1031 2302 intelligentia
1052 2272 1066 2297 ,
1101 2244 1167 2286 eo
1195 2230 1336 2301 quod
1367 2246 1487 2285 sum
1520 2232 1795 2287 carebam.
1844 2230 1950 2287 Sed
1991 2231 2159 2290 mise-

547 2326 781 2383 ricordia
811 2335 899 2380 tua
926 2325 995 2380 ad
1029 2323 1317 2381 vivendum
1343 2324 1476 2383 mihi
1497 2339 1661 2380 causa
1687 2334 1803 2381 est:
1833 2334 1887 2381 et
1914 2340 2023 2381 non
2045 2339 2163 2379 am-

549 2420 709 2491 bigo,
752 2420 882 2491 quin
920 2426 977 2473 tu
1018 2418 1191 2473 bonus
1230 2417 1433 2473 bonum
1473 2417 1603 2473 mihi
1634 2417 1725 2491 (ά)
1757 2418 2011 2474 statueris
2036 2432 2162 2474 esse

548 2513 695 2587 quod
723 2521 879 2569 natus
908 2528 1048 2569 sum.
1079 2512 1262 2582 Neque
1291 2512 1437 2568 enim
1457 2554 1472 2579 ,
1505 2512 1598 2583 qui
1626 2512 1731 2568 mei
1760 2526 1869 2568 non
1896 2527 2025 2584 eges
2045 2552 2060 2579 ,
2092 2511 2162 2565 ad

549 2606 681 2662 mali
712 2620 801 2661 me
826 2604 1087 2675 originem
1116 2603 1450 2661 incltoasses.
1484 2603 1591 2659 Sed
1619 2619 1741 2659 cum
1772 2619 1860 2659 me
1899 2604 1952 2659 in
1997 2604 2161 2657 vitam

548 2699 879 2765 animatum,
913 2696 1141 2753 rationis
1178 2712 1395 2769 quoque
1438 2697 1833 2767 itttelligentem
1878 2696 2163 2767 praestitis-

549 2808 674 2860 ses;
707 2791 775 2849 ad
803 2791 1165 2862 cognitionem
1193 2805 1282 2847 me
1324 2790 1404 2844 tui
1443 2790 1643 2857 sacris,
1686 2797 1744 2844 ut
1782 2788 2034 2852 arbitror,
2067 2802 2165 2857 per

554 2901 743 2944 servos
783 2893 902 2940 tuos
944 2884 1162 2956 Moysen
1203 2893 1258 2939 et
1296 2881 1590 2953 prophetas
1630 2880 1996 2935 voluminibus
2036 2894 2163 2935 eru-

552 2981 678 3037 disti
701 3022 716 3047 ,
747 2996 814 3036 ex
843 2964 1003 3051 ιω
1029 2979 1225 3049 quibus
1259 2986 1309 3032 te
1332 2991 1442 3032 non
1474 2977 1527 3030 in
1558 2975 1851 3031 solitudine
1892 2986 1980 3030 tua
2003 2989 2165 3031 vene«

552 3072 780 3129 randum
807 3069 1110 3141 prodidisti.
1137 3064 1377 3138 Cognovi
1404 3076 1578 3124 tecum
1602 3067 1711 3124 illic
1735 3065 1807 3141 (e)
1831 3067 2025 3134 Deum,
2052 3082 2160 3122 non

2265 1848 2462 1923 (Exodi
2490 1864 2680 1918 xxxiv,
2711 1848 2824 1920 9.9).
2871 1850 3006 1906 Huic
3042 1865 3142 1921 ego
3183 1849 3250 1904 de
3295 1856 3346 1904 to
3385 1848 3567 1904 verbis
3609 1846 3710 1903 tuis
3744 1861 3847 1902 cre-

2260 1941 2393 1997 didi.
2425 1940 2668 1997 Perdidit
2693 1956 2779 1997 me
2809 1949 3061 2014 repertus
3085 1939 3386 1997 secundum
3411 1956 3508 1996 cor
3536 1944 3677 1996 tuum
3699 1936 3847 1994 David

2262 2034 2401 2108 (Act.
2434 2049 2563 2101 ιιιιι,
2590 2033 2721 2108 22),
2750 2043 2807 2091 et
2834 2035 3029 2107 dignus
3067 2035 3326 2092 Salomon
3369 2033 3566 2091 divina:
3593 2034 3849 2104 sapientia

2263 2147 2491 2189 munere
2533 2128 2631 2204 (lli
2662 2128 2792 2201 Reg.
2823 2134 2913 2198 ιιι,
2947 2129 3010 2184 l2
3032 2126 3074 2202 ),
3108 2137 3165 2184 et
3206 2129 3322 2184 viso
3364 2128 3597 2183 Domino
3637 2123 3850 2184 Sabaoth

2264 2223 2451 2279 Esaias
2472 2222 2775 2294 praedicans
2797 2220 2947 2295 (Esa.
2967 2234 3042 2288 vt,
3060 2222 3135 2293 1),
3163 2232 3217 2276 et
3239 2229 3366 2277 ante
3388 2219 3850 2276 conformationem

2263 2317 2599 2375 santilicatus
2623 2318 2676 2372 iu
2704 2324 2861 2372 utero
2882 2315 3149 2371 Jeremias
3171 2316 3620 2371 eradicandarum
3643 2324 3696 2371 et
3719 2315 3852 2386 plan-

2263 2409 2547 2465 tandarum
2579 2409 2817 2479 gentium
2849 2409 3141 2478 prophetes
3176 2407 3397 2481 μετείη.
3431 2423 3483 2475 ι,
3512 2406 3578 2480 5)
3598 2448 3612 2473 ,
3642 2413 3693 2462 et
3719 2418 3851 2477 mys-
3926 2476 3927 2481 η

2262 2503 2384 2559 terti
2411 2504 2827 2559 resurrectionis
2857 2502 3106 2559 Ezechiel
3134 2503 3286 2558 testis
3316 2501 3534 2573 (Ezech.
3568 2497 3783 2572 χχχιιι),
3808 2505 3851 2555 et

2266 2600 2353 2653 vir
2376 2598 2771 2655 desideriorum
2789 2597 2975 2654 Daniel
2992 2604 3294 2670 temporum
3320 2599 3576 2654 considas
3605 2595 3760 2668 (Dan.
3782 2608 3851 2661 ις,
3926 2582 3927 2651 ξ

2263 2693 2380 2765 25),
2406 2700 2461 2750 et
2488 2692 2867 2764 prophetarum
2896 2694 3245 2748 consecratus
3271 2692 3493 2759 chorus,
3522 2700 3577 2747 et
3606 2688 3684 2764 (It)
3712 2701 3853 2745 omne

2263 2785 2669 2857 praedicationis
2717 2784 3044 2857 evangelicae
3093 2797 3527 2851 sacramentum,
3571 2784 3767 2839 electus
3799 2790 3853 2835 es

2264 2881 2550 2952 publicano
2572 2880 2852 2937 Mattltacus
2884 2882 2938 2935 in
2960 2878 3276 2951 Apostolum
3295 2922 3308 2946 ,
3337 2884 3393 2935 et
3413 2890 3483 2936 ex
3512 2877 3854 2934 familiaritate

2268 2974 2479 3030 Domini
2526 2973 2858 3030 revelatione
2903 2973 3206 3031 caelestium
3258 2971 3641 3044 mysteriorum
3683 2969 3854 3040 dignus

2266 3065 2504 3123 Joannes
2554 3066 2783 3140 (Matth.
2812 3072 2903 3122 xvi
2923 3110 2938 3134 ,
2969 3065 3105 3135 l8),
3140 3068 3192 3121 et
3238 3066 3364 3137 post
3394 3055 3713 3121 sacramenti
3743 3078 3857 3118 con-

550 3168 782 3223 alterum
813 3163 870 3218 in
901 3174 1116 3227 natura,
1135 3160 1231 3216 sed
1262 3162 1317 3217 iu
1341 3170 1681 3218 sacramento
1710 3161 2024 3217 susbtantiae
2055 3168 2162 3216 tua;
2186 3167 2232 3231 C
2266 3159 2558 3217 fessionem
2598 3160 2787 3217 beatus
2815 3161 3003 3218 Simon
3039 3156 3196 3235 14⁸1
3226 3158 3577 3223 aidiflcation‘l
3620 3154 3856 3215 Ecclesia
3926 3154 3927 3227 ξ

551 3274 741 3316 unum.
773 3255 1015 3328 Cognovi
1045 3255 1174 3311 tein
1202 3255 1316 3310 Deo
1347 3254 1514 3311 Deum
1534 3299 1549 3325 ,
1581 3271 1689 3311 non
1711 3271 1777 3312 ex
1806 3256 2167 3326 permixtione

553 3349 873 3413 confusum,
904 3346 998 3403 sed
1028 3345 1108 3420 (ι’)
1139 3361 1205 3403 ex
1233 3346 1432 3403 virtute
1470 3354 1711 3416 naturae,
1752 3346 1879 3404 dum
1920 3348 2065 3420 quod
2108 3357 2164 3404 tu

557 3446 699 3502 Deus
728 3456 823 3511 es,
855 3442 908 3496 in
936 3456 1002 3497 eo
1032 3440 1122 3511 qui
1149 3456 1216 3496 ex
1244 3449 1298 3496 te
1327 3448 1447 3506 est,
1491 3438 1734 3497 inesses:
1775 3456 1884 3499 non
1924 3451 1984 3497 ut
2018 3440 2167 3497 idem

555 3549 615 3597 tu
641 3553 792 3595 esses
814 3578 829 3605 ,
858 3544 915 3593 et
944 3537 1186 3602 iuesses;
1215 3533 1312 3591 sed
1344 3534 1526 3591 inesse
1556 3542 1610 3590 te
1643 3532 1700 3589 in
1728 3547 1832 3603 eo,
1874 3536 1965 3606 qui
2005 3548 2071 3590 ex
2109 3540 2165 3591 te

553 3641 733 3702 esset,
762 3630 1019 3703 perfectae
1045 3628 1341 3685 nativitatis
1362 3629 1562 3684 veritas
1590 3627 1863 3685 edoceret.
1894 3628 2008 3683 Hoc
2033 3624 2165 3683 mihi

2272 3255 2558 3326 subiacens
2588 3265 2643 3312 et
2672 3255 2855 3313 claves
2885 3257 3038 3327 regni
3065 3252 3303 3312 coeleStis
3332 3254 3639 3328 accipiens,
3670 3261 3720 3308 et
3749 3249 3858 3306 reli-

2269 3352 2360 3423 qui
2392 3366 2580 3406 omnes
2609 3359 2797 3407 sancto
2827 3348 3030 3421 Spiritu
3061 3349 3454 3422 praedicantes,
3496 3352 3553 3406 et
3589 3364 3652 3405 ex
3687 3359 3856 3418 persc-

2270 3453 2460 3499 cutore
2487 3442 2766 3514 apostolus
2795 3457 2891 3499 vas
2921 3442 3208 3498 electionis
3238 3452 3344 3497 tua:
3372 3440 3574 3497 Paulus
3602 3436 3752 3513 (Act.
3782 3452 3856 3505 ιι,

2272 3535 2409 3608 15),
2454 3536 2508 3592 ἰιι
2548 3537 2816 3608 profundo
2853 3536 3019 3593 maris
3057 3538 3243 3593 vivens
3275 3534 3357 3607 (ll
3385 3534 3508 3591 Cor.
3538 3549 3625 3604 ιι,
3649 3531 3786 3606 25),
3813 3530 3858 3585 in

2270 3628 2411 3685 coelo
2450 3630 2610 3686 tertio
2640 3631 2802 3687 homo
2836 3627 3000 3702 (Ibid.
3044 3640 3148 3700 xit,
3178 3627 3267 3701 2),
3305 3626 3365 3702 (i)
3395 3626 3452 3683 in
3479 3623 3722 3699 paradiso
3749 3618 3873 3679 ante
3926 3618 3927 3691 ι

632 3766 712 3840 (i)
742 3764 815 3820 Et
837 3764 936 3835 ﬁlii
966 3760 1174 3817 Excelsi
1197 3779 1388 3818 omnes.
1422 3734 1665 3831 lixinde,
1695 3763 1750 3817 in
1775 3760 2023 3818 vocabulo
2054 3764 2477 3836 nuncupationis.

561 3902 897 3970 Arianorum,
915 3894 1280 3970 professiones
1306 3897 1385 3953 sic
1413 3896 1661 3967 exponit:
1707 3895 1800 3952 Sic
1837 3913 2037 3968 quoque
2073 3914 2166 3970 per

564 3991 680 4033 eum
708 3974 843 4041 facta
867 3969 993 4023 dicit
1022 3969 1288 4035 universa,
1319 3977 1374 4023 ut
1415 3986 1528 4024 eum
1548 3977 1762 4041 (asserat
1791 3984 1854 4023 ea:
1881 3970 2043 4041 nullis
2077 3969 2169 4024 εω-

563 4039 814 4106 stantibus
839 4040 1167 4111 substitutum
1190 4080 1205 4096 .
1235 4080 1247 4092 .
1278 4081 1290 4093 .
1320 4082 1334 4095 .
1358 4041 1403 4094 si
1429 4040 1633 4111 quidem
1656 4057 1757 4093 non
1779 4056 1895 4095 vere
1920 4040 1983 4111 de
2009 4039 2165 4096 Patre

562 4131 716 4175 natus
737 4126 841 4182 est,
872 4113 961 4169 sed
987 4113 1055 4166 de
1081 4108 1243 4166 nihilo
1272 4108 1599 4166 substitutus.
1632 4111 1742 4166 Nec
1771 4110 2166 4182 signiﬁcatione

566 4193 793 4247 multum
818 4184 998 4242 dill‘ert
1024 4200 1053 4236 a
1076 4187 1243 4239 verbo
1268 4199 1459 4239 creare.
1493 4183 1643 4241 Unde
1670 4185 1809 4239 sicut
1836 4184 1925 4237 hic
1947 4186 2167 4238 creatio-

572 4281 687 4318 nem
725 4256 1127 4320 substitutionis,
1157 4255 1227 4309 ita
1268 4258 1386 4312 vice
1414 4271 1567 4312 versa
1593 4255 1686 4312 lib.
1717 4271 1766 4323 ι,
1793 4271 1849 4311 ιι.
1883 4256 1973 4325 16,
2003 4255 2173 4313 habes

568 4330 981 4391 substitutionem
1010 4327 1303 4381 creationis.

640 4405 720 4476 (α)
749 4402 873 4455 Sola
898 4397 1064 4453 editio
1086 4397 1236 4476 P_ar.,
1258 4398 1422 4468 sitque
1449 4397 1637 4468 potius,
1666 4412 1773 4453 non
1799 4407 1993 4466 tecum,
2025 4399 2168 4471 quod

572 4472 718 4531 idem
743 4482 829 4527 est
851 4485 913 4524 ac
940 4472 1219 4522 secundum
1246 4477 1313 4523 te.

647 4545 720 4609 (b)
753 4541 880 4596 Bad.
912 4549 965 4595 et
992 4540 1106 4603 Er.,
1138 4539 1292 4609 totius
1322 4540 1545 4594 creatio:
1574 4555 1640 4595 ex
1668 4555 1773 4609 quo
1802 4540 2060 4598 Erasmus
2091 4543 2171 4598 le-

574 4604 809 4689 gendum
846 4614 993 4679 putat
1031 4624 1092 4689 ea:
1129 4604 1318 4689 ordiue_
1348 4610 1500 4689 totius
1522 4604 1812 4689 ereptionis.
1843 4612 2045 4689 Yerius
2077 4613 2171 4668 alii

574 4680 698 4743 libri
716 4730 729 4752 ,
764 4693 898 4738 totus
925 4682 1148 4735 creutio:
1176 4680 1322 4752 quod
1350 4681 1472 4752 aliis
1503 4682 1680 4736 verbis
1708 4680 1903 4736 deinde
1930 4683 2177 4740 declara-

577 4732 698 4826 i'u'F,’
715 4732 965 4828 suis};
987 4732 1325 4828 inlapsis:
1353 4732 2175 4828 ut..‘._._.;-;.2.t;-o‘,missusa.
2203 4732 2259 4794 Ι)

580 4822 837 4885 Erasinus
858 4826 1109 4887 advertit,
1133 4822 1330 4876 Hilario
1354 4823 1440 4893 ltic
1462 4822 1600 4878 idem
1623 4834 1704 4877 est
1723 4824 1863 4893 quod
1883 4822 1961 4879 res
1981 4838 2173 4882 creata.

580 4895 1147 4972 Suhjicitttrproxime
1176 4892 1553 4972 ltmreticorum
1586 4892 1751 4965 ratio,
1773 4908 1869 4972 cur
1899 4896 2066 4972 lilium
2095 4899 2179 4954 di-

579 4965 710 5029 cant
735 4986 802 5027 ex
828 4965 1147 5038 adoptione,
1181 4965 1430 5038 ttimirum
1458 4966 1577 5034 quia
1606 4967 1861 5038 generatio
1890 4968 2033 5036 eius,
2066 4980 2173 5027 etc.

580 5043 721 5114 quod
748 5036 974 5114 barbare
990 5038 1240 5114 dicerent
1260 5036 1495 5114 Scltolte,
1518 5039 1639 5114 quia
1657 5036 1843 5114 ﬁlictia
1864 5041 1997 5114 ejus.
2023 5036 2181 5114 Unde

583 5106 688 5171 non
721 5121 805 5167 cst
832 5109 1127 5164 audiendus
1161 5106 1279 5165 Vat.
1309 5108 1425 5165 bas.
1456 5106 1665 5176 codex,
1705 5108 1759 5164 in
1800 5106 1907 5180 quo
1947 5110 2185 5169 habetur

580 5189 700 5258 quia
724 5184 911 5258 creatio
934 5183 1066 5258 ejus.

653 5258 730 5328 (c)
759 5254 832 5308 ita
862 5248 1096 5328 potiores
1120 5258 1249 5328 mss.
1268 5249 1407 5328 _Tres
1433 5259 1611 5328 autem
1636 5248 1811 5308 Vatic.
1840 5268 1964 5309 cum
1988 5254 2180 5326 Vind.,

580 5322 685 5383 uitii
709 5322 919 5381 sensus:
951 5323 1107 5377 male.
1142 5322 1282 5376 Editi
1309 5337 1467 5387 vero,
1495 5325 1611 5378 vita:
1634 5340 1833 5379 sensus.

654 5400 731 5472 (ά)
763 5396 881 5452 Vat.
913 5395 1025 5449 bas.
1056 5408 1158 5472 ius.
1188 5394 1573 5472 iustitucr_is.__ln
1602 5397 1684 5472 his
1710 5412 1815 5451 non
1842 5405 2002 5472 negat
2028 5399 2183 5472 liilao

582 5465 698 5525 rius
713 5465 997 5537 peccatum
1020 5466 1261 5537 originis,
1286 5465 1427 5535 quod
1450 5466 1584 5520 alias
1604 5467 1857 5536 frequens
1876 5465 1938 5523 ac
1960 5470 2185 5527 disertis

490 5560 493 5563 η
582 5536 757 5594 verbis
787 5537 1033 5608 adstruit.
1054 5536 1284 5608 Maxime
1314 5551 1441 5592 vero
1459 5538 1799 5608 perspicuum
1831 5551 1911 5595 est
1940 5539 2073 5596 illud
2102 5543 2179 5598 ab

586 5609 884 5679 Augustino
908 5607 1073 5679 ipsius
1099 5607 1354 5679 nomine“
1369 5607 1640 5663 laudatum
1673 5610 1767 5665 lib.
1794 5626 1831 5665 ιι
1861 5622 2047 5667 contra
2070 5611 2171 5667 Ju-

587 5675 898 5751 liauum,_c.
932 5675 993 5733 8:
1028 5678 1093 5751 lu
1123 5679 1248 5751 Ada:
1275 5675 1471 5751 olfeusa
1506 5683 1889 5751 generositatem
1908 5684 2090 5751 prima:
2123 5695 2175 5739 et

583 5752 739 5808 beata:
762 5749 903 5805 illius
928 5749 1197 5804 creatiouis
1221 5749 1644 5810 amisintus.’Sed
1664 5751 1770 5811 hoc
1796 5749 2003 5813 tantum
2030 5755 2173 5826 Vult,

2273 3907 2443 3954 totum
2473 3899 2671 3955 bonum
2698 3914 2842 3966 esse,
2870 3901 3013 3971 quod
3042 3901 3199 3956 nobis
3225 3915 3255 3956 a
3288 3892 3400 3957 Deo
3427 3901 3719 3973 praestitum
3745 3908 3850 3973 est,

2273 3986 2451 4041 neque
2482 3973 2534 4026 iu
2565 3973 2863 4028 bonitatem
2898 3974 3041 4029 illius
3067 3973 3295 4038 cadere,
3336 3982 3396 4028 ut
3432 3972 3533 4030 nos
3574 3975 3773 4029 ratione
3794 3972 3853 4026 ab

2274 4045 2391 4112 ipso
2417 4042 2723 4117 _iudulta_ad
2751 4044 3136 4115 intelligendos
3164 4044 3459 4117 prophetas
3499 4053 3741 4113 utentes,
3770 4057 3852 4115 per

2275 4128 2372 4169 cos
2401 4113 2692 4182 deceperit.

2350 4185 2422 4254 (ε)
2451 4184 2508 4239 lu
2538 4184 2660 4241 Vat.
2702 4186 2817 4241 bas.
2858 4187 2980 4242 cod.
3004 4230 3018 4255 ,
3054 4186 3273 4242 Domine
3300 4205 3401 4243 non
3430 4189 3683 4245 alterum:
3707 4184 3848 4241 male.

2277 4256 2475 4312 Confer
2501 4256 2594 4310 lib.
2628 4272 2683 4322 v,
2710 4273 2767 4313 n.
2799 4258 2888 4323 56,
2923 4259 3009 4315 ubi
3039 4259 3406 4315 confitendum
3439 4260 3601 4317 docet
3626 4259 3780 4314 Deum
3798 4266 3855 4310 ea

2278 4326 2407 4396 Deo,
2440 4338 2486 4381 et
2514 4327 2679 4382 Deum
2704 4330 2757 4383 itt
2780 4329 2915 4398 Deo,
2944 4347 3046 4384 non
3072 4331 3429 4400 corporal.bus
3454 4335 3649 4398 modis,
3678 4331 3757 4385 sed
3784 4327 3854 4380 di-

2274 4401 2404 4474 vinis
2438 4400 2741 4467 virtutibus;
2780 4419 2870 4455 nec
2907 4414 3103 4456 natura:
3128 4403 3182 4457 in
3216 4415 3459 4474 naturam
3487 4402 3847 4474 transfusione,
3926 4422 3927 4474 ι

2277 4470 2370 4544 sed
2394 4474 2633 4544 mysterio
2658 4482 2706 4526 et
2736 4482 2982 4544 potestate
3008 4484 3224 4529 uaturw.
3382 4469 3388 4474 ’

2353 4542 2404 4613 (f
2419 4543 2438 4613 )
2468 4541 2656 4613 Neque
2685 4541 2865 4600 verius
2892 4547 2977 4600 hic
3009 4547 3299 4612 praedictus
3328 4560 3431 4601 ms.
3462 4563 3526 4602 ea:
3551 4547 3751 4603 veritate
3772 4557 3856 4596 na-

2281 4624 2432 4668 turaz.
2476 4614 2608 4668 Nam
2653 4625 2709 4667 ut
2735 4632 2857 4669 mox
2885 4616 3187 4672 audivimus
3210 4634 3277 4673 ex
3306 4617 3400 4673 lib.
3432 4634 3486 4683 v,
3520 4620 3662 4674 Deus
3686 4618 3735 4672 in
3765 4616 3856 4668 Deo

2280 4695 2365 4761 est
2390 4686 2573 4742 divinis
2599 4687 2866 4761 virtutibus
2891 4697 2938 4761 et
2967 4698 3214 4761 potestate
3238 4698 3452 4743 natura.
3487 4690 3790 4761 Expressius
3813 4685 3857 4737 in

2286 4756 2740 4827 subsequentibus
2767 4756 3007 4830 ejusdem
3046 4760 3168 4814 libri
3197 4761 3395 4824 verbis,
3429 4772 3498 4816 ex
3524 4756 3749 4817 viarum:
3773 4771 3852 4812 ξιι-
3926 4762 3927 4779 ‘

2288 4844 2447 4883 TUM-3
2470 4832 2522 4882 in
2544 4839 2779 4884 naturam
2800 4828 3031 4885 eamdem
3057 4832 3319 4886 nativitate
3340 4833 3589 4888 subsistit.
3619 4831 3684 4888 Ut
3705 4839 3857 4883 autent
3926 4828 3927 4847 ‘

2289 4902 2603 4975 ponitttrac
2633 4904 2887 4970 probatur
2915 4919 2969 4975 tt.
2998 4901 3053 4967 5,
3105 4914 3302 4957 natura:
3328 4905 3487 4975 virtus
3515 4912 3717 4975 prastat
3751 4897 3860 4975 reri:

2288 4978 2462 5025 tatem.
2496 4971 2594 5027 Hie
2620 4975 2902 5043 respicitur
2928 4974 3077 5027 locus
3118 4976 3327 5030 Esaiae:
3366 4974 3434 5029 In
3470 4970 3526 5031 te
3555 4984 3628 5032 est
3651 4973 3800 5036 Deus,
3822 4970 3861 5021 ει

2294 5059 2397 5115 non
2423 5052 2493 5115 est
2518 5054 2703 5115 praeter
2730 5056 2803 5111 te,
2834 5044 2901 5115 de
2925 5060 3032 5114 quo
3057 5044 3152 5101 lib.
3183 5063 3234 5112 ν,
3263 5062 3317 5100 n.
3347 5047 3436 5101 58.
3926 5052 3927 5071 ῖ

2369 5113 2447 5185 (g)
2479 5113 2536 5169 lu
2576 5116 2821 5186 vulgatis,
2876 5113 3039 5170 Deum
3075 5125 3122 5171 et
3157 5117 3432 5173 hominem.
3476 5116 3790 5174 Particulam
3824 5114 3859 5186 gl

2295 5182 2654 5260 expungitnhs
2672 5182 2998 5243 auctoritate
3024 5202 3153 5260 mss.
3184 5190 3320 5244 Tum
3347 5189 3400 5244 in
3426 5206 3513 5256 eo,
3544 5189 3683 5260 quod
3711 5182 3863 5260 sequi-

2298 5267 2424 5382 tur?)
2436 5258 2662 5382 hlabetut'
2686 5260 2949 5331 expositio
2976 5259 3298 5317 verborum:
3328 5260 3488 5315 Pater
3512 5256 3700 5327 in'me,
3724 5268 3766 5314 et
3787 5256 3860 5325 ego

2298 5345 2347 5382 ιιι
2428 5348 2458 5382 α
2484 5346 2557 5382 re.

2291 5345 2347 5384 ιιι
2382 5340 2557 5386 Patre.
3926 5364 3927 5383 l

2368 5399 2444 5477 (Ιι)
2479 5401 2597 5456 Vat.
2628 5401 2741 5477 bas.
2767 5402 2937 5458 codex
2958 5443 2972 5469 ,
2996 5413 3047 5477 et
3071 5402 3139 5457 ad
3178 5410 3375 5477 omne;
3399 5401 3760 5473 praeferendus
3794 5393 3860 5477 ltiti

2294 5466 2590 5537 videretur,
2637 5473 2739 5528 nisi
2786 5466 3057 5544 corruptis
3093 5484 3173 5532 tot
3206 5466 3501 5531 aliis'locis
3538 5477 3707 5531 factus
3743 5466 3861 5528 esset

2289 5554 2594 5612 suspectus.
2635 5544 2819 5618 itaque
2857 5562 3007 5601 omne
3044 5548 3429 5618 praedicationis
3463 5546 3762 5618 evangelica?
3792 5554 3860 5596 sa-
3926 5582 3927 5585 η

2286 5623 2604 5668 crumentum
2631 5616 2978 5689 intelligimus
3005 5616 3196 5676 omnes
3223 5619 3553 5691 evangelica:
3586 5616 3714 5690 legis
3751 5623 3861 5685 ρῐωο
3926 5632 3927 5639 ‘

2283 5698 2472 5740 COIIBS.

2360 5754 2445 5829 (i),
2469 5757 2558 5814 Sic
2597 5756 2652 5815 et
2677 5757 3037 5820 Tertullianus
3067 5762 3135 5820 de
3160 5759 3449 5834 Scorpisce
3473 5763 3528 5820 ti.
3556 5761 3627 5821 12
3667 5754 3860 5821 Paulum
