3960 6202
159 232 247 288 1ἷὸ

1344 222 1434 280 DE
1465 223 1508 280 Τ
1512 222 1852 281 ΒΙΝΙΤΛΤΕ
1890 222 2098 282 LIBER
2141 223 2226 280 Vl.

3338 235 3441 295 ιιι

157 340 447 414 martyrium
465 381 481 405 ,
515 340 568 395 in
613 338 877 411 martyrio
907 338 1161 409 perfecta:
1216 334 1342 391 ﬁdei
1370 344 1740 393 consummata
1767 341 1821 401 Α
1843 350 1950 408 qua
1978 350 2124 392 nunc
2148 336 2345 407 agitur,
2377 335 2652 404 elaborat,
2687 352 2758 395 ne
2785 337 3043 396 Dominus
3069 352 3255 401 noster
3285 347 3443 421 us

161 434 326 491 libatio
353 431 420 500 (ll
448 430 584 486 Tim.
616 447 691 500 Iv,
719 431 753 488 6
782 440 830 486 et
857 430 933 502 7).

218 526 302 580 21.
331 524 493 592 Quam
522 523 676 591 ﬁrma
708 524 849 578 illius
878 525 940 577 de
963 520 1093 578 Filii
1123 539 1239 578 cum
1269 521 1427 578 Patre
1455 521 1747 592 aequalitate

165 620 302 690 ﬁdes;
324 627 369 673 et
395 617 528 671 unde
547 617 723 688 ﬁrma.
749 645 822 657 —-
848 615 931 671 Ah
959 615 1043 672 his
1080 631 1183 686 ego
1218 632 1340 688 quze
1379 625 1538 672 teneo
1583 614 1746 670 edoc-

169 721 240 766 tus
259 725 387 775 sum,
404 708 485 764 his
505 707 978 764 immedicabiliter
995 707 1234 763 imbutus
1252 722 1396 764 sum.
1416 706 1482 761 Et
1503 706 1743 777 ignosce,

167 806 476 875 otuuipotens
498 802 671 869 Deus,
699 803 823 872 quia
853 802 906 856 iu
938 801 1022 857 his
1049 816 1150 857 nec
1174 800 1454 858 emendari
1482 814 1701 871 possum
1722 840 1739 867 ,

170 909 215 953 et
248 897 488 953 commori
528 909 775 966 possum.
825 893 1002 949 Tarde
1041 892 1175 949 mihi
1213 894 1315 949 hos
1354 892 1701 964 impiissimos
1726 930 1743 959 ,

168 998 396 1060 quantum
425 1003 521 1058 ego
551 986 810 1052 arbitror,
842 985 1094 1041 doctores
1121 994 1254 1041 aetas
1280 984 1442 1055 hujus
1474 998 1617 1039 nunc
1645 998 1748 1038 sa:-

174 1082 269 1137 tuli
307 1080 535 1151 protulit.
578 1077 720 1135 Sero
761 1076 861 1133 hos
898 1077 1085 1133 habuit
1121 1076 1255 1133 ﬁdes
1294 1091 1453 1143 mea,
1491 1090 1651 1147 quam
1690 1082 1747 1130 tu

166 1175 396 1241 erudisti,
426 1173 736 1242 magistros.
768 1171 1032 1227 lnauditis
1060 1187 1160 1241 ego
1188 1174 1269 1242 (α)
1312 1171 1395 1226 his
1438 1169 1748 1226 nominibus

168 1268 215 1322 in
260 1276 307 1323 te
332 1266 397 1320 ita
426 1263 667 1329 credidi,
700 1278 796 1333 per
824 1272 878 1319 te
904 1264 977 1317 ita
1005 1271 1223 1318 renatus
1264 1277 1419 1328 sum;
1458 1270 1516 1319 et
1553 1260 1748 1317 exinde

167 1368 276 1414 tuas
301 1358 365 1413 ita
394 1372 529 1413 sum.
558 1355 997 1425 Omnipotentem
1035 1362 1087 1410 te
1113 1355 1262 1423 scio,
1290 1369 1391 1410 uec
1414 1353 1645 1409 conscia:
1672 1350 1746 1425 (b)

168 1454 251 1508 tibi
280 1461 468 1509 tantum
496 1460 661 1520 atque
692 1450 793 1522 ipsi
826 1448 1119 1519 Unigenito
1162 1458 1253 1505 tuo
1294 1447 1590 1504 nativitatis
1629 1447 1749 1504 ine-

168 1543 428 1599 narranda:
455 1551 709 1612 exspecto
747 1541 1037 1597 rationem.
1081 1539 1422 1611 lmp0ssibile
1463 1542 1609 1595 enim
1650 1538 1747 1594 tibi

167 1638 287 1694 nihil
313 1646 421 1705 est,
452 1648 506 1694 et
528 1638 780 1708 genitum
821 1650 850 1689 a
894 1646 947 1692 te
985 1635 1154 1692 ﬁlium
1196 1634 1600 1708 omnipotentiae
1639 1643 1747 1689 tute

1845 427 2003 485 Jesus
2025 428 2270 485 Christus
2292 444 2419 485 vere
2443 429 2535 485 Dei
2558 428 2698 486 ﬁlius
2720 430 2863 488 Deus
2889 448 3048 491 verus
3073 435 3163 491 sit.
3187 436 3326 494 Vere
3347 440 3446 497 Dei

1847 519 2016 576 ﬁlium
2057 521 2390 592 unigenitum
2440 522 2606 579 Deum
2647 523 2932 581 Dominum
2977 536 3217 585 nostrum
3261 530 3448 588 Jesum

1846 612 2116 669 Christum
2147 628 2268 670 esse
2294 629 2358 670 ac
2386 613 2593 684 doceri,
2624 613 2818 673 multis
2838 617 3013 675 modis
3041 622 3314 693 cognitum
3343 635 3445 692 est,

1847 703 1975 760 dum
2001 705 2070 761 de
2095 719 2160 761 eo
2185 714 2407 762 testatur
2432 706 2613 777 Pater,
2655 707 2783 763 dum
2825 708 2894 765 de
2917 725 2976 767 se
2998 711 3116 782 ipse
3140 715 3447 784 proﬁtetur,

1845 798 1974 854 dum
2001 800 2233 871 apostoli
2262 799 2589 870 pracdicnut,
2618 801 2746 857 dum
2775 803 3009 875 religiosi
3035 807 3293 873 credunt,
3320 810 3453 867 dum

1846 892 2126 950 dazmones
2163 892 2511 961 conﬁtentur,
2542 894 2670 950 dum
2697 894 2870 952 Judaai
2899 908 3132 969 negant,
3161 900 3288 958 dum
3318 920 3451 974 gen-

1848 994 1930 1043 tes
1956 987 2007 1041 iu
2040 985 2294 1055 passione
2321 996 2672 1057 cognoscunt.
2707 986 2893 1059 Neque
2922 991 3064 1046 enim
3094 1006 3159 1049 ex
3201 1009 3452 1052 commu-

1848 1078 2010 1133 nione
2058 1077 2475 1147 nuncupationis
2527 1086 2641 1145 est,
2669 1081 2813 1150 quod
2840 1081 2908 1138 de
2950 1085 3293 1155 proprietatis
3344 1090 3451 1147 ﬁde

1847 1166 2065 1224 dicitur.
2110 1169 2175 1224 Et
2211 1184 2332 1224 cum
2373 1169 2585 1239 onntia,
2615 1186 2737 1242 qua:
2763 1171 3011 1230 Christus
3054 1175 3314 1235 Dominus
3357 1192 3453 1238 aut

1848 1258 1958 1330 egit
1982 1267 2075 1315 aut
2099 1259 2314 1327 docuit,
2343 1261 2483 1316 ultra
2510 1263 2687 1320 omnia
2717 1278 2906 1321 eorum
2935 1267 3043 1323 sint
3066 1269 3158 1340 qui
3189 1269 3286 1327 ﬁlii
3316 1290 3453 1329 nun-

1848 1358 2146 1420 eupantur;
2179 1360 2234 1407 et
2260 1351 2340 1424 (Ιι)
2370 1353 2422 1408 in
2453 1353 2520 1409 iis
2540 1356 2823 1424 omnibus,
2866 1374 2987 1429 quae
3028 1364 3298 1434 praecipua
3341 1365 3453 1421 sint

1848 1442 2080 1510 Christi,
2110 1445 2214 1502 hoc
2242 1445 2321 1502 vel
2351 1448 2693 1518 potissimum
2718 1448 2980 1509 doceatur
3005 1470 3152 1523 esse,
3180 1458 3324 1528 quod
3357 1460 3452 1516 Dei

1851 1536 1994 1592 ﬁlius
2021 1547 2134 1594 est:
2164 1551 2272 1594 non
2299 1547 2385 1596 est
2415 1540 2468 1596 in
2497 1556 2565 1597 eo
2591 1542 2687 1599 ﬁlii
2718 1557 2785 1601 ex
2812 1548 3055 1618 generali
3084 1548 3454 1610 familiaritate

1849 1643 2175 1700 cognomen.

171 1730 346 1786 virtute
372 1745 476 1784 non
515 1728 752 1799 ambigo.
794 1726 1090 1798 Ambigens
1127 1727 1309 1794 enim,
1340 1727 1454 1799 jam
1495 1726 1744 1798 omnipo-
1771 1730 1820 1791 Β
1915 1722 2008 1778 25.
2043 1720 2167 1777 Νοη
2194 1723 2512 1795 adoptivum,
2546 1728 2637 1782 sed
2664 1731 2936 1801 praprium
2974 1749 3085 1791 me
3109 1734 3268 1794 pater
3293 1749 3458 1797 rem-

170 1832 347 1878 tentem
378 1833 425 1878 tc
452 1821 680 1893 negabo.
714 1820 923 1876 Bonum
954 1830 1003 1875 te
1031 1823 1193 1876 etiam
1224 1838 1288 1876 ex
1321 1821 1598 1876 nativitate
1626 1835 1747 1876 mea

170 1916 342 1973 didici:
369 1924 527 1986 atque
553 1915 624 1971 ob
655 1914 709 1970 id
742 1929 850 1970 non
882 1913 1122 1970 invidum
1155 1924 1205 1968 te
1236 1915 1502 1971 bonorunt
1533 1924 1745 1970 tuorum

168 2013 212 2065 in
242 2008 494 2080 Unigeuiti
528 2009 600 2063 tui
634 2005 913 2063 nativitate
940 2023 1063 2064 esse
1089 2007 1325 2064 conﬁdo.
1359 2007 1538 2064 Credo
1566 2009 1744 2071 enim,

168 2102 291 2175 quod
319 2117 433 2173 quae
463 2112 552 2158 tua
582 2112 710 2158 sunt
733 2143 749 2169 ,
775 2100 894 2170 ejus
922 2102 1030 2158 sint
1054 2119 1068 2169 ;
1099 2110 1157 2158 et
1180 2118 1300 2175 quae
1325 2102 1445 2172 ejus
1468 2112 1596 2158 sunt
1615 2144 1629 2169 ,
1659 2112 1747 2157 tua

168 2197 277 2251 sint.
297 2193 599 2265 Sapientem
632 2202 686 2252 te
712 2195 843 2252 mihi
867 2196 1029 2253 etiam
1057 2196 1172 2268 ipsa
1194 2194 1380 2251 mundi
1401 2195 1603 2252 creatio
1627 2210 1752 2266 pro-

169 2288 316 2344 didit:
345 2288 676 2357 Sapientiam
721 2298 773 2345 te
803 2287 879 2361 (ε)
910 2298 1092 2356 tuam,
1135 2304 1243 2345 non
1283 2288 1640 2355 dissimilem,
1682 2303 1751 2345 ex

170 2390 213 2436 te
236 2381 473 2450 genuisse
503 2382 635 2438 mihi
664 2382 916 2440 conscius
956 2398 1096 2438 sum.
1128 2384 1205 2455 (l)
1233 2380 1311 2455 (ά)
1343 2382 1479 2439 Vere
1517 2391 1575 2438 et
1614 2397 1753 2438 unus

170 2472 281 2528 mihi
324 2474 460 2528 Deus
499 2488 605 2529 es:
647 2474 744 2530 sed
782 2490 893 2532 non
932 2475 1077 2530 aliud
1116 2475 1170 2531 in
1210 2490 1314 2543 eo,
1342 2475 1435 2546 qui
1464 2490 1531 2532 ex
1560 2483 1612 2530 te
1641 2475 1752 2530 Deo

168 2575 238 2621 est
257 2608 271 2631 ,
299 2567 509 2624 credam
542 2567 727 2625 inesse
746 2607 762 2636 ,
791 2570 866 2639 (e)
897 2583 1054 2640 quam
1085 2576 1233 2623 tuum
1262 2576 1364 2624 est.
1395 2568 1463 2623 Et
1491 2568 1542 2623 in
1573 2582 1639 2623 eo
1665 2581 1752 2623 me

165 2661 353 2731 judica,
381 2663 425 2717 si
458 2661 592 2717 mihi
618 2663 825 2718 crimen
862 2671 980 2727 est,
1023 2662 1245 2716 nimium
1286 2677 1372 2717 me
1418 2677 1513 2731 per
1555 2660 1750 2716 Filium

171 2765 299 2809 tuum
328 2766 380 2810 et
407 2755 512 2826 legi
531 2797 547 2823 ,
580 2765 636 2811 et
666 2755 943 2827 prophetis
963 2796 976 2815 .
1011 2765 1066 2811 et
1086 2755 1361 2827 apostolis
1389 2755 1713 2812 credidisse.

228 2846 311 2901 22.
352 2846 585 2904 Christus
629 2849 676 2903 si
718 2865 866 2904 uerus
905 2846 1006 2902 Dei
1048 2847 1230 2917 ﬁlius.
1277 2857 1349 2902 est
1378 2863 1576 2918 quoque
1605 2864 1754 2902 verus

174 2937 314 2995 Deus.
367 2938 490 2995 Vere
532 2938 629 2995 Dei
672 2938 844 3009 ﬁlium
884 2957 998 2993 eum
1037 2955 1149 2994 esse
1178 2939 1352 2993 multis
1378 2937 1547 2993 modis
1573 2948 1754 2992 notum

172 3041 249 3086 est.
264 3061 329 3073 -ο
347 3031 452 3088 Sed
472 3042 653 3088 cesset
673 3046 854 3087 sermo
880 3031 1219 3096 temerarius,
1246 3039 1299 3085 et
1324 3045 1387 3086 ex
1418 3029 1521 3095 his,
1552 3030 1605 3085 in
1622 3028 1754 3099 'qute

1850 1823 1952 1869 tur.
1976 1843 2047 1855 —
2066 1814 2183 1871 Non
2215 1818 2525 1875 contamina
2552 1820 2798 1878 veritatis
2826 1822 2988 1882 ﬁdem
3006 1867 3021 1891 ,
3050 1835 3112 1883 ut
3138 1828 3243 1886 hoc
3272 1832 3453 1889 verbis

1849 1905 1988 1961 meis
2034 1906 2331 1964 adstruam.
2380 1908 2677 1980 Loquatur,
2721 1924 2779 1971 ut
2821 1930 2967 1988 saepe
3003 1919 3197 1979 solitus
3235 1932 3347 1990 est,
3385 1924 3455 1980 de

1850 1995 2142 2071 Unigenito
2172 2015 2273 2056 suo
2302 2000 2486 2069 Pater,
2517 2020 2587 2060 ne
2619 2006 2722 2062 sub
2762 2014 3171 2069 consummandi
3204 2015 3458 2086 baptismi

1850 2101 2194 2149 sacramento
2216 2093 2375 2150 Jcsus
2400 2093 2648 2153 Christus
2680 2099 2989 2170 ignorabilis
3018 2107 3188 2176 possit
3215 2124 3336 2164 esse
3363 2125 3460 2179 per

1851 2196 2078 2255 corpus:
2112 2184 2218 2239 Hic
2245 2196 2319 2241 est
2346 2186 2486 2256 ﬁlius
2525 2205 2665 2245 utens
2704 2190 2951 2261 dilectus,
2984 2194 3048 2267 (i)
3083 2198 3137 2253 in
3172 2216 3276 2271 quo
3315 2218 3459 2260 com-

1852 2276 2027 2347 placui
2048 2275 2262 2350 (Matth.
2283 2294 2371 2346 tu,
2395 2280 2505 2352 17).
2529 2280 2682 2354 Rogo
2710 2284 2763 2339 in
2790 2302 2899 2357 quo
2921 2287 3120 2346 veritas
3147 2292 3377 2362 deperit,
3405 2304 3462 2352 et

1850 2367 1903 2433 in
1927 2383 2033 2440 quo
2054 2370 2264 2425 inlirma
2288 2369 2420 2427 lides
2447 2372 2799 2442 professionis
2824 2379 2943 2434 est?
2965 2379 3080 2436 Non
3107 2387 3458 2443 annuutiatus

1854 2475 1953 2530 per
1995 2461 2243 2531 angelum
2282 2461 2351 2518 de
2389 2472 2577 2521 sancto
2639 2463 2847 2534 Spiritu
2887 2477 3071 2540 partus
3109 2488 3176 2528 ex
3218 2477 3458 2549 virgine,

1854 2569 1963 2609 non
1993 2554 2153 2610 index
2180 2554 2347 2626 Magis
2373 2556 2560 2623 stella,
2603 2573 2704 2614 nec
2732 2559 2939 2617 adorati
2974 2563 3028 2619 in
3067 2568 3222 2625 cunis
3260 2569 3458 2638 honor,

1855 2661 1957 2703 nec
2003 2644 2073 2721 (j)
2118 2647 2424 2718 baptizandi
2467 2649 2569 2705 sub
2612 2650 2869 2722 Baptistae
2913 2657 3250 2725 professione
3293 2663 3465 2720 virtus

1855 2743 1986 2798 satis
2015 2758 2137 2798 esse
2164 2743 2231 2800 ad
2262 2743 2779 2813 demonstrationem
2812 2750 3112 2821 maiestatis
3141 2757 3463 2817 existiman-

1859 2847 1973 2892 tur:
2008 2836 2169 2893 Pater
2197 2837 2264 2894 de
2291 2838 2431 2895 caelo
2471 2840 2730 2910 loquitur,
2764 2851 2818 2897 et
2846 2843 2918 2898 ita
2950 2844 3183 2916 loquitur
3217 2868 3230 2903 :
3264 2851 3368 2907 llic
3385 2861 3463 2910 est

1855 2928 1999 2999 ﬁlius
2026 2946 2187 2984 meus.
2211 2930 2347 2997 Quid
2375 2930 2478 2986 sibi
2507 2932 2620 2987 vult
2646 2948 2752 2988 non
2779 2940 3189 3006 cognoniinum,
3211 2943 3307 2999 sed
3336 2959 3465 3013 pro-

1857 3020 2134 3075 nominum
2166 3020 2337 3075 ﬁdes?
2367 3020 2701 3092 Cugnomina
2744 3025 2889 3081 enim
2918 3028 3228 3088 nominibus
3254 3034 3465 3092 addun-

174 3122 584 3178 deneonstrandae
605 3122 851 3179 stultitia:
869 3122 1138 3178 haeretica:
1159 3120 1480 3178 necessitate
1504 3137 1751 3194 prorupe-

1866 3119 1973 3177 tur,
2004 3113 2318 3182 pronomina
2350 3128 2480 3168 vero
2510 3115 2755 3171 obtinent
2784 3117 2836 3172 in
2866 3133 2926 3174 se
2968 3123 3249 3180 nominum
3287 3127 3461 3184 virtu-

174 3227 272 3280 rat,
305 3220 354 3272 in
388 3217 677 3273 reddendae
708 3218 888 3287 potius
929 3217 1157 3283 rationis
1196 3215 1552 3271 ministerium
1591 3215 1755 3272 dece-

173 3307 291 3363 ὼιι
334 3318 392 3365 ιιι
417 3307 605 3383 (2)’(ί)
639 3310 683 3364 si
711 3309 802 3378 qui
840 3308 1017 3364 adhuc
1055 3308 1191 3365 salvi
1221 3322 1342 3363 esse
1382 3316 1641 3378 possunt,
1686 3307 1753 3363 ad

175 3402 312 3461 ﬁdem
337 3415 554 3461 teneant
582 3405 911 3475 evangelicae
940 3403 1203 3460 doctrina:
1242 3411 1404 3473 atque
1443 3402 1755 3475 apostolica:

174 3494 291 3563 iter,
319 3513 383 3553 ac
409 3512 595 3554 verum
632 3497 724 3552 Dei
754 3496 920 3552 ﬁlium
953 3512 1058 3552 non
1089 3511 1154 3553 ex
1183 3495 1508 3568 adoptione,
1553 3497 1648 3550 sed
1689 3510 1756 3551 ex

177 3599 340 3645 natura
382 3589 707 3662 intelligant.
753 3589 905 3645 llunc
949 3590 1095 3645 enim
1142 3589 1512 3660 responsionis
1554 3598 1755 3643 nostra:

177 3698 277 3739 esse
298 3685 537 3742 ordinem
565 3684 848 3739 convenit:
871 3692 931 3751 ut
958 3682 1188 3753 primum
1216 3681 1311 3737 Dei
1341 3681 1511 3737 ﬁlium
1537 3680 1613 3755 (υ)
1635 3695 1758 3736 esse

178 3775 474 3835 doceamus:
513 3788 572 3833 ut
604 3786 796 3833 natura
828 3778 880 3831 in
923 3791 988 3832 eo
1027 3773 1359 3841 divinitatis,
1394 3790 1489 3843 per
1518 3771 1660 3844 quod
1692 3773 1757 3825 li-

178 3868 264 3927 lius
286 3881 399 3937 est,
431 3869 681 3927 absoluta
718 3870 809 3924 sit.
840 3862 898 3925 Id
926 3868 1072 3924 enim
1115 3865 1349 3922 maxime
1386 3863 1647 3932 haeresis,
1689 3860 1758 3919 de

237 3986 308 4133 Si

176 4175 516 4241 mmendat,
546 4172 692 4241 quod
718 4173 865 4227 illum
895 4172 1039 4227 Deus
1062 4170 1291 4243 paradisi
1318 4178 1600 4239 compotem
1630 4165 1745 4243 fecit

341 3988 505 4047 Verus
528 3997 582 4044 et
606 4000 741 4042 unus
758 4030 773 4055 ,
802 4002 957 4053 mox,
985 3989 1071 4058 qui
1097 4003 1162 4043 ea:
1184 3998 1233 4043 te
1259 3986 1397 4041 Deus
1422 3995 1516 4041 est.

1856 3214 1985 3262 tem.
2014 3203 2365 3277 Proprietatis
2391 3215 2570 3262 autem
2600 3208 2920 3278 signiﬁcatio
2946 3222 3061 3281 est,
3088 3215 3176 3272 ubi
3202 3226 3258 3273 et
3281 3218 3366 3274 hic
3389 3230 3467 3276 ert

1856 3301 2059 3357 dictum
2089 3315 2210 3358 esse
2235 3300 2473 3367 auditur,
2500 3309 2557 3359 et
2585 3318 2724 3358 meus
2751 3314 2844 3360 est.
2879 3306 2948 3361 Et
2976 3309 3214 3383 intellige
3242 3328 3363 3384 qua:
3390 3315 3465 3370 sit

1858 3395 2059 3452 veritas
2100 3405 2155 3452 et
2192 3396 2331 3451 ratio
2368 3394 2656 3451 dictorum.
2692 3396 2958 3469 Legeras:
2990 3400 3160 3458 Filios
3198 3408 3384 3475 genui,
3413 3415 3464 3464 et

1858 3489 2083 3545 exaltari
2115 3486 2296 3561 (Esai.
2327 3503 2375 3556 t,
2409 3486 2511 3559 2):
2545 3488 2641 3543 sed
2671 3505 2777 3544 non
2817 3490 3058 3563 legeras,
3099 3494 3236 3552 ﬁlios
3273 3514 3457 3556 meos:

1859 3592 2121 3655 genuerat
2163 3583 2307 3638 enim
2345 3597 2440 3637 eos
2481 3581 2581 3637 sibi
2612 3597 2709 3653 per
2734 3582 3053 3642 divisionem
3093 3591 3364 3661 gentium,
3406 3603 3463 3650 et

1858 3674 2071 3747 plebem
2113 3674 2442 3730 haereditatis
2482 3673 2537 3728 in
2583 3674 2741 3731 ﬁlios.
2787 3675 2867 3734 Ne
2895 3679 3057 3749 igitur
3087 3694 3183 3751 per
3210 3696 3461 3751 commu-

1860 3769 2078 3825 nionem
2105 3768 2374 3839 adoptiva:
2403 3765 2737 3824 haereditatis
2763 3783 3177 3840 cognomentum
3209 3775 3305 3832 ﬁlii
3337 3776 3460 3832 uni-

1859 3859 2043 3933 genito
2084 3860 2193 3916 Deo
2222 3856 2535 3927 adderetur,
2567 3866 2779 3917 natura:
2815 3862 3018 3918 veritas
3054 3879 3153 3936 per
3190 3867 3464 3940 signiﬁca-

335 4061 396 4118 Si
440 4062 528 4133 qui
572 4061 742 4115 adhuc
778 4060 908 4115 salvi
946 4056 1056 4115 esse
1094 4060 1162 4114 ad
1202 4059 1359 4130 [idem
1396 4064 1638 4129 possunt,
1684 4057 1911 4114 teneant,
1952 4056 2058 4102 ctc.

1856 4157 2013 4223 Deus,
2042 4156 2165 4238 quia
2195 4154 2343 4209 unico
2374 4150 2516 4209 Filio
2545 4169 2649 4208 non
2680 4152 2895 4224 invidet,
2925 4156 3024 4212 hoc
3067 4162 3208 4231 quod
3243 4166 3354 4238 ἤμεε
3380 4183 3457 4230 εκ

180 4255 278 4318 {me
296 4229 616 4318 martyrium.
647 4244 868 4318 Nouest
897 4229 1074 4318 tamen
1103 4242 1244 4298 unde
1271 4229 1638 4318 approbemus
1656 4238 1749 4318 H_i-
1852 4229 2133 4318 generauit.

181 4314 348 4372 larium
387 4308 510 4373 cum
553 4316 889 4371 Tertulliauo
929 4314 982 4369 in
1023 4314 1126 4369 hoc
1171 4308 1483 4368 consentire
1508 4328 1520 4364 :
1550 4308 1744 4379 quod.

183 4388 455 4452 pmsertim
483 4388 578 4443 lib.
598 4387 671 4442 de
697 4388 887 4442 Anima
914 4403 971 4440 ιι.
999 4386 1098 4454 55,
1124 4385 1428 4456 paradisum
1458 4381 1618 4438 nullis
1646 4379 1750 4435 nisi

186 4461 483 4531 titartyribus
509 4469 694 4531 patere
721 4467 1044 4529 prOpugnat.

243 4571 313 4645 (α)
344 4570 504 4639 Editi,
536 4574 770 4628 omnibus
797 4569 898 4626 Itis.
929 4567 1001 4626 At
1025 4585 1156 4627 mss.
1186 4569 1473 4645 nominibus
1498 4566 1598 4631 his,
1629 4574 1754 4645 puta

186 4638 423 4699 novorum
452 4638 733 4701 doctorum
752 4684 767 4708 ,
795 4658 1024 4713 quorum
1054 4657 1153 4698 nec
1177 4643 1451 4713 antiquum
1474 4682 1488 4706 ,
1506 4654 1619 4713 nec
1646 4638 1755 4713 ullo
1858 4668 1916 4713 ει

186 4716 320 4771 titulo
338 4718 548 4773 celebre
575 4709 951 4779 nomen;'cum
978 4722 1166 4770 contra
1189 4709 1396 4785 Moysi,
1425 4709 1753 4785 Salomonis,

187 4785 359 4852 Esaia),
386 4797 493 4845 etc.
522 4787 739 4843 nomina
768 4786 1014 4858 pluribus
1058 4785 1245 4856 elogiis
1280 4782 1345 4840 ἐι
1391 4782 1606 4840 saeculis
1650 4782 1759 4835 sint

186 4859 553 4915 commendata.

246 4950 318 5022 (ὗ)
344 4951 684 5021 Perspicuior
720 4959 806 5006 est
840 4948 1002 5022 lecth
1022 4963 1169 5022 _mss.
1201 4946 1323 5022 vat.
1351 4946 1466 5022 bas.
1498 4954 1552 5001 et
1576 4943 1757 5022 ηιμ-ιη

190 5015 267 5076 ηαξ
289 5015 501 5078 conscire
524 5023 625 5076 nisi
649 5022 770 5082 tibi,
793 5031 899 5077 etc.
928 5019 1039 5076 Sed
1064 5020 1181 5076 sine
1208 5019 1330 5086 nisi,
1360 5017 1589 5072 habetur
1614 5015 1758 5071 idem

188 5107 390 5149 sensus:
420 5092 531 5149 Nec
553 5093 853 5159 nativitatis,
879 5092 967 5147 tibi
993 5100 1193 5147 tantum
1204 5101 1355 5156 atque
1375 5087 1647 5159 Unigenito
1673 5097 1760 5141 tuo

188 5167 398 5233 mite,
423 5174 533 5221 etc.
562 5165 674 5219 Hoc
698 5163 885 5221 nititur
910 5164 1091 5233 verbis
1107 5161 1453 5233 evangelicis,
1475 5161 1529 5233 Ν
1533 5176 1644 5213 emo
1667 5175 1763 5233 nec

192 5236 250 5289 rit
272 5224 459 5290 Filium
476 5276 493 5303 ,
521 5236 619 5289 nisi
642 5233 821 5303 Pater,
847 5245 952 5290 etc.
984 5234 1055 5291 Ut
1078 5224 1282 5288 Hilario
1302 5272 1318 5298 ,
1346 5234 1418 5287 ita
1438 5224 1757 5303 Augustino

192 5304 432 5362 familiare
453 5301 571 5373 est,
599 5301 856 5363 aeternam
889 5306 1007 5360 Filii
1033 5305 1437 5373 generationem
1476 5318 1541 5357 ex
1584 5301 1757 5355 Patris

194 5378 556 5447 curtipoteutia
595 5379 987 5447 demonstrare.
1031 5373 1324 5443 Creatun’r,
1365 5374 1541 5444 inquit
1575 5373 1751 5428 Serm.

195 5446 366 5505 mm
385 5488 402 5513 ,
430 5465 487 5504 ιι.
520 5448 585 5514 4,
627 5449 735 5503 suis
759 5448 898 5503 dedit
922 5446 1084 5513 Deus,
1112 5458 1165 5503 ut
1190 5449 1286 5502 hoc
1309 5447 1443 5517 quod
1463 5455 1579 5499 sunt
1602 5458 1758 5514 gene-

199 5528 321 5575 rant:
342 5529 388 5574 et
412 5531 564 5590 putas
584 5521 705 5590 quia
725 5520 821 5574 hoc
857 5519 953 5574 sibi
990 5536 1093 5574 non
1132 5518 1297 5588 potuit
1327 5532 1529 5590 servare
1559 5516 1645 5581 qui
1683 5523 1761 5568 est

201 5598 299 5646 ante
316 5587 541 5647 muta?
564 5587 653 5647 Sic
675 5603 730 5646 et
755 5606 824 5646 ex
850 5590 1088 5646 bonitate
1114 5587 1286 5645 Patris
1313 5587 1512 5644 invidia
1542 5600 1761 5655 prorsus

436 5661 490 5718 id
528 5662 703 5744 ipsum
730 5662 921 5744 probat
949 5679 1003 5717 ιι.
1040 5659 1336 5744 5.:_Geudet
1369 5656 1762 5744 Paterquendo

205 5725 277 5787 illi
301 5749 438 5805 equo
476 5725 684 5789 unicam
720 5725 918 5803 ﬁlium:
942 5732 1156 5804 panda,
1178 5733 1299 5802 quia
1321 5748 1425 5786 non
1451 5729 1659 5785 invidet.
1677 5725 1763 5787 ﬁt

1780 4486 1837 4549 D

1928 4298 2005 4438 ἕο)
2036 4296 2326 4365 Exemplar
2350 4295 2513 4351 Silvae
2545 4295 2766 4364 majoris
2785 4336 2799 4363 ,
2824 4298 2902 4352 tui
2929 4316 3030 4355 non
3057 4303 3382 4373 dissimilem.

1954 4370 2009 4439 ά)
2049 4371 2138 4426 Sic
2178 4370 2414 4438 potiores
2446 4382 2575 4422 mss.
2617 4367 2813 4434 Carm,
2859 4383 2971 4426 tres
3006 4373 3197 4439 Colb.,
3240 4381 3382 4439 Gem

1928 4381 2009 4439 (α)
2049 4381 2138 4426 διο
2178 4381 2414 4438 potiores
2446 4382 2575 4422 mss.
2617 4381 2813 4434 uarn.,
2859 4383 2971 4426 tres
3006 4381 3197 4446 Colb.,
3240 4381 3423 4443 Germ.

1859 4459 1995 4518 unus
2026 4442 2284 4518 Serbian,
2308 4446 2415 4494 etc.
2434 4439 2543 4494 Alii
2572 4454 2702 4495 vero
2721 4439 2867 4511 libri,
2895 4440 3061 4501 Verus
3082 4458 3134 4502 et
3163 4466 3295 4510 unus
3312 4497 3326 4512 .
3348 4493 3364 4513 .

1860 4514 1949 4585 φιὶ
1974 4509 2267 4585 (προεῖπε
2285 4520 2381 4565 εει-

1935 4582 2205 4712 REditi,
2235 4598 2389 4652 quant
2417 4591 2473 4637 tu
2500 4597 2590 4649 es;
2620 4591 2676 4637 et
2701 4581 2769 4638 ad
2798 4586 3096 4671 marginem
3127 4590 3247 4657 Er.,
3276 4597 3423 4671 Lips,

2021 4672 2066 4710 r.
2098 4670 2252 4712 quam
2281 4653 2420 4712 quod
2449 4662 2594 4709 tuum
2622 4664 2729 4709 est:
2760 4654 3156 4712 refragantibus
3189 4680 3318 4712 mn-

2021 4672 2072 4730 ι·ὲ
2098 4645 2259 4726 quam
2281 4653 2420 4724 quod
2449 4645 2594 4730 tuitui
2622 4664 2729 4709 est:
2760 4645 3167 4730 refragantibus
3176 4645 3450 4724 nisi?“

1933 4726 2014 4815 '(f)
2041 4725 2339 4815 Panicum
2366 4725 2673 4815 vetustiore
2708 4740 2820 4815 gms.
2859 4725 3042 4815 astu,
3086 4733 3132 4815 ei
3169 4737 3258 4803 qui
3297 4742 3455 4815 hujus

1861 4797 2222 4881 saliiiessead
2238 4797 2396 4867 ﬁdem
2425 4805 2666 4881 possunt,
2695 4798 3025 4881 evaugeticte,
3060 4812 3165 4881 etc.

1868 4870 2031 5025 ne.
2044 4867 2854 5025 istaistam;"ista
2870 4869 3167 5025 “stata:
3193 4878 3455 5025 atas

1864 5022 2033 5085 ponat
2056 5011 2298 5085 Hilarius
2309 5009 2684 5085 demonstrare
2705 5025 2717 5061 :
2745 5025 2853 5077 quo
2869 5013 3039 5067 semel
3056 5009 3426 5084 demonstrato

1863 5072 2166 5156 palatuﬁet
2192 5080 2489 5156 divinitatis
2520 5081 2571 5134 in
2600 5096 2667 5135 eo
2696 5072 2817 5156 esse
2845 5090 3109 5156 naturam
3192 5072 3448 5097 ’Ἦν-νυν,

1935 5154 2016 5228 (Ιι)
2041 5153 2163 5229 Hoc
2185 5160 2303 5229 est,
2339 5151 2470 5205 inter
2509 5167 2569 5229 ea
2608 5150 2778 5203 omnia
2820 5153 3045 5229 nomine.
3088 5159 3212 5217 Mox
3250 5165 3304 5221 in
3346 5185 3448 5229 ms.

1861 5221 2018 5301 ut";
2037 5226 2190 5288 bas.,
2250 5221 2476 5287 dicatur,
2543 5221 2663 5275 loco
2725 5222 2876 5279 verbi
2916 5224 3158 5285 doceatur
3187 5273 3203 5299 ,
3246 5221 3453 5301 emis—svo

1860 5294 2055 5354 deinde
2083 5310 2210 5349 esse.
3182 5340 3185 5343 .

1932 5369 2000 5441 (i)
2037 5366 2179 5449 ﬁditi
2213 5362 2299 5418 hic
2326 5369 2381 5416 et
2406 5360 2547 5416 infra
2576 5376 2631 5415 n.
2661 5360 2754 5431 24,
2786 5363 2838 5418 in
2867 5381 2965 5436 quo
2994 5369 3117 5426 bene
3142 5383 3453 5451 complacui.

1861 5439 2161 5508 Utrobtque
2184 5434 2483 5508 abestAbene
2507 5447 2549 5508 a_
2564 5446 2694 5508 mss.
2759 5504 2769 5508 _

1931 5503 2140 5591 (ί)
2162 5505 2306 5591 ΔῚῙεδιι.
2350 5503 2806 5591 bas.,‘baptiaati:
2843 5522 3019 5580 neque
3035 5512 3133 5591 hic
3156 5532 3458 5591 agnoscen-

1864 5573 1994 5638 aut:
2020 5579 2245 5636 Notatur
2274 5576 2475 5648 quippe
2499 5573 2726 5659 Joannis
2777 5573 3112 5659 reverentia,
3138 5573 3454 5659 mitia-ii;

1864 5664 2016 5733 tutu,
2046 5661 2170 5706 ante
2194 5646 2511 5733 quamcum
2553 5646 2842 5718 baptizaret
2867 5691 2882 5721 ,
2922 5652 3028 5711 sibi
3066 5646 3459 5733 uisimus};-

1866 5726 2136 5798 periorctn
2164 5726 2401 5791 agnovit.
