3960 6202
559 238 664 299 173
1747 226 1991 289 εειιοτι
2031 226 2123 282 llll

2284 228 2286 281 ί
2328 222 2632 283 EPISCOPI
3748 228 3848 286 "ﬂ

567 353 771 407 tionem
801 350 1145 421 proprlelalls
1171 355 1387 404 ostensa
1422 354 1525 402 cst.
1557 346 1876 417 Assignetur
1903 360 2034 400 sane
2065 344 2168 399 hoc
2194 346 2242 405 Λ
2273 339 2408 397 ﬁdes
2434 340 2667 397 concidit
2693 356 2705 393 :
2736 339 2888 395 adest
2918 347 3097 395 tamen
3126 337 3463 394 auctoritatis
3487 346 3711 408 paterna:
3731 356 3849 410 pro-

564 443 961 499 eommunionis
1002 444 1053 494 in
1095 439 1311 495 Christo
1350 453 1578 505 nomen,
1616 447 1673 492 ut
1705 436 1845 491 ﬁlius
1882 436 1979 500 sit,
2012 435 2055 489 si
2097 433 2166 489 de
2268 434 2453 501 fessio,
2484 442 2539 489 et
2563 433 2704 489 ﬁlius
2738 432 2823 489 hic
2859 448 2956 504 per
2988 434 3370 503 proprietatem
3413 432 3484 505 (c)
3515 433 3849 503 signiﬁcantis

563 550 836 608 quoquam
864 534 1064 590 dictum
1096 531 1427 602 reperietur:
1464 530 1565 585 Hic
1590 539 1663 585 ρει
1688 530 1831 599 ﬁlius
1861 545 2024 583 meus.
2068 527 2164 584 Sin
2268 525 2588 582 ostenditur.
2635 525 2818 597 Neque
2865 527 3040 582 solum
3072 526 3271 581 veritas
3318 523 3410 579 ﬁlii
3442 539 3537 595 per
3565 524 3683 594 hoc,
3708 529 3847 598 quod

563 643 695 684 vero
720 626 996 697 proprium
1022 639 1085 679 ac
1107 624 1380 696 singulare
1404 627 1451 679 ei
1478 631 1592 680 est:
1618 622 1721 677 Hic
1744 632 1814 678 est
1838 623 1979 693 ﬁlius
2001 637 2165 686 meus;
2267 630 2322 673 et
2351 618 2435 672 hic
2464 628 2518 675 et
2541 635 2684 673 meus
2713 628 2809 685 est,
2840 618 3144 683 intimatur;
3175 618 3270 672 sed
3314 615 3562 681 additur,
3597 615 3740 672 Hunc
3762 636 3849 673 att-

564 720 692 791 quid
715 719 1039 774 calumniam
1065 716 1223 789 149
1241 717 1350 772 Deo
1371 717 1509 786 patri
1538 715 1793 786 professa:
1818 714 1885 769 de
1910 713 2018 768 ﬁlio
2045 728 2167 784 pro-
2268 710 2390 766 dite.
2419 710 2813 767 Testimonium
2835 710 3050 782 quidem
3075 709 3251 765 Patris
3277 725 3308 764 e
3328 709 3468 765 caelo
3487 719 3570 765 eSt
3596 727 3609 762 :
3640 715 3729 765 sed
3752 719 3849 767 tes-

561 810 805 882 prietatis
830 807 1139 863 all‘erimus?
1182 807 1338 863 Anne
1369 808 1461 863 tibi
1490 808 1541 861 in
1569 821 1633 861 eo
1653 847 1675 872 ,,
1696 804 1839 876 quod
1864 803 2060 859 dicitur
2086 801 2170 856 hic
2270 802 2547 858 timonium
2596 803 2753 875 150
2783 802 2901 857 Filii
2942 802 3293 858 conﬁrmatur
3329 801 3384 857 in
3413 808 3588 869 terra,
3622 815 3734 857 nam
3760 816 3849 856 au-

562 912 658 968 est,
688 916 793 956 non
823 901 926 956 hoc
950 898 1238 970 signiﬁcari
1266 896 1478 952 videtur
1504 913 1517 949 :
1549 896 1701 951 Alios
1724 895 1938 967 quidem
1963 908 2164 965 cogno-
2265 896 2495 953 diendus
2515 896 2910 952 ostenditur.Et
2932 911 3252 967 quamquam
3271 893 3594 967 ambiguitas
3616 909 3707 964 per
3735 910 3849 964 pro-

562 994 796 1050 minalos
815 994 883 1048 ab
905 1006 971 1047 ϐο
995 992 1049 1046 ill
1079 990 1241 1057 ίὶὶὶοεν
1267 989 1362 1045 58d
1391 989 1480 1044 hic
1505 989 1644 1043 “lius
1666 1002 1817 1043 meus
1837 994 1948 1052 88ιὶ
1972 984 2167 1041 ἀοιιθνί
2268 990 2559 1047 fessionem
2593 1001 2869 1061 paternam
2903 1004 3009 1043 non
3052 989 3388 1060 relinquatur
3407 1030 3422 1055 ,
3458 998 3635 1043 tamen
3659 996 3707 1043 et
3740 987 3849 1043 Filii

563 1087 875 1158 adoptionis
904 1082 1154 1155 plurimis
1184 1098 1417 1146 nomen,
1451 1080 1547 1137 sed
1581 1082 1682 1135 iste
1711 1079 1840 1134 mihi
1873 1078 2014 1133 ﬁlius
2052 1087 2165 1133 est:
2269 1084 2337 1140 de
2367 1098 2427 1140 se
2479 1083 2742 1155 professio
2791 1082 3063 1139 credenda
3118 1082 3432 1139 decernitur
3457 1122 3474 1149 ,
3528 1090 3584 1137 et
3607 1096 3668 1137 co
3695 1097 3850 1151 usque

561 1195 632 1234 ne
652 1193 863 1250 qumras
890 1176 1055 1231 alium
1076 1216 1090 1240 ν
1122 1190 1190 1229 ne
1214 1190 1321 1229 non
1346 1173 1490 1227 hunc
1510 1185 1631 1227 esse
1652 1171 1871 1239 credas;
1901 1171 2045 1224 hunc
2068 1182 2169 1238 ego
2269 1178 2467 1232 veritas
2506 1178 2560 1232 in
2590 1192 2658 1233 eo
2689 1177 2785 1231 lilii
2831 1176 3075 1242 docetur,
3106 1185 3163 1230 ut
3205 1184 3445 1247 paternae
3487 1174 3634 1229 vocis
3671 1175 3850 1230 contir-

560 1282 837 1343 tamqnam
875 1271 1046 1342 digito
1086 1269 1263 1324 iudice
1301 1282 1366 1323 ac
1404 1266 1555 1322 verbi
1597 1264 1994 1336 signiﬁcatione
2032 1276 2168 1317 con-
2270 1269 2539 1344 maria“)
2574 1268 2651 1343 (d)
2681 1270 2931 1326 audiendi
2961 1286 2991 1324 a
3021 1269 3178 1326 nobis
3218 1270 3454 1341 postulet
3491 1269 3842 1340 obsequelatn.

562 1367 743 1435 ιίιιεο,
773 1379 877 1434 (illa
916 1363 1038 1417 (Πεο
1067 1370 1122 1417 ei
1157 1376 1300 1415 ἠεαδ
1324 1367 1431 1425 “is
1459 1367 1515 1414 ει
1546 1358 1629 1411 hic
1658 1366 1760 1421 εδει
1794 1363 1851 1411 ει
1888 1354 2030 1424 ﬁlii“
2059 1352 2171 1407 05‘?
2270 1362 2434 1434 Igitur
2462 1363 2586 1434 quia
2613 1373 2851 1433 paternae
2880 1362 3173 1418 voluntatis
3201 1362 3318 1417 haec
3340 1376 3445 1417 vox
3465 1370 3570 1427 est,
3610 1372 3664 1416 ut
3690 1360 3843 1416 Filius

558 1456 698 1523 Quid
727 1466 848 1526 post
877 1456 991 1510 [NEC
1021 1451 1388 1524 intelligentia:
1418 1449 1616 1522 poterit
1638 1463 1782 1515 esse,
1816 1462 1881 1503 ne
1911 1462 2018 1502 non
2049 1460 2171 1502 esse
2271 1454 2550 1521 audiatur;
2583 1455 2866 1510 audiamus
2894 1454 3087 1510 Filium
3117 1453 3186 1510 de
3221 1469 3281 1511 se
3307 1452 3438 1525 quid
3467 1453 3540 1509 sit
3566 1453 3677 1525 ipse
3702 1454 3852 1523 proﬁ-

561 1548 853 1605 credatur?
881 1548 946 1603 Et
974 1548 1092 1602 haec
1122 1543 1341 1617 quidem
1382 1551 1620 1614 paternae
1661 1541 1808 1595 vocis
1847 1539 2170 1610 signiﬁcatio
2275 1558 2497 1606 lentem,
2608 1532 2617 1541 ’

560 1642 641 1715 (a)
671 1658 735 1698 ea
765 1641 891 1709 luit,
926 1657 994 1696 ne
1033 1642 1124 1712 qui
1166 1638 1234 1694 ad
1278 1638 1603 1710 implendam
1648 1649 1864 1690 omnem
1900 1633 2124 1703 justitial

2341 1643 2432 1700 25.
2468 1642 2702 1699 Christus
2728 1655 2776 1698 et
2804 1642 2973 1698 Deum
2999 1642 3096 1698 sibi
3119 1652 3316 1714 patrem
3340 1650 3388 1697 et
3429 1658 3484 1697 se
3509 1640 3700 1696 Filium
3748 1642 3848 1714 ejus

558 1733 918 1805 baptizandus
945 1741 1121 1798 esset,
1150 1730 1277 1802 quid
1305 1739 1450 1786 esset
1477 1730 1845 1800 ignoraretur:
1874 1725 1968 1779 sed
1995 1734 2051 1778 ut
2073 1724 2166 1795 qui
2195 1733 2244 1793 B
2271 1734 2452 1791 ηιετίιο
2483 1743 2761 1807 nuncupat,
2785 1766 2857 1775 _
2884 1734 3163 1790 Neminem
3203 1743 3385 1789 autem
3433 1743 3542 1789 iam
3581 1734 3801 1788 alienum
3824 1749 3851 1788 τι

557 1829 626 1882 ad
671 1835 1072 1882 sacramentum
1116 1825 1307 1880 salutis
1352 1832 1552 1879 nostrae
1595 1821 1758 1876 homo
1802 1819 2159 1886 cernebatur,
2262 1830 2533 1884 communi
2561 1844 2722 1884 sensu
2761 1828 3012 1884 existimo
3040 1844 3200 1896 esse,
3254 1836 3313 1883 ut
3353 1843 3476 1883 cum
3524 1829 3576 1883 in
3606 1828 3841 1883 omnibus

560 1918 654 1974 Dei
683 1933 818 1974 voce
852 1918 944 1973 Dei
978 1918 1122 1973 ﬁlius
1152 1926 1486 1971 nosceretur.
2264 1920 2682 1992 Evangeliorum
2717 1919 2866 1977 libris
2888 1937 2955 1975 ex
2995 1920 3332 1990 professione
3377 1919 3499 1975 Filii
3530 1921 3848 1991 assumptio-

631 2019 722 2075 24.
758 2018 908 2073 Idem
943 2018 1110 2071 denuo
1151 2016 1396 2070 declarat.
1438 2012 1567 2068 Filii
1611 2014 1764 2067 dictis
1808 2012 2161 2066 auctoritatem
2265 2029 2385 2070 nem
2417 2029 2693 2084 corporea:
2744 2013 3053 2068 humilitatis
3103 2012 3404 2083 intelligat,
3463 2027 3585 2068 cum
3614 2012 3725 2066 ait;
3758 2010 3854 2065 ρα.

559 2122 792 2185 prceslat.
820 2142 891 2153 —-
918 2111 986 2166 Et
1032 2110 1155 2180 quia
1182 2110 1235 2164 in
1292 2108 1414 2165 ﬁdei
1458 2109 1619 2177 hujus
1658 2106 1999 2162 confessione
2042 2121 2162 2161 cre-
2265 2117 2359 2173 ter,
2392 2107 2621 2176 clari/ica
2638 2123 2716 2159 nte
2741 2105 2945 2176 (Joan.,
2972 2121 3100 2173 xvn,
3125 2104 3287 2176 5);et
3314 2120 3525 2160 rursum
3552 2104 3852 2177 frequentis-

558 2204 805 2261 deutium
836 2204 941 2259 vita
986 2212 1133 2258 esset
1173 2201 1301 2274 (non
1342 2200 1483 2256 enim
1530 2200 1633 2255 alia
1684 2199 2001 2254 mtcrnitatis
2053 2199 2158 2253 vita
2265 2202 2402 2254 sime
2437 2217 2450 2253 :
2494 2197 2742 2254 Videbitis
2771 2197 2967 2253 Filium
3011 2199 3231 2253 hominis
3262 2199 3501 2268 (Matth.,
3533 2215 3683 2259 xxvi.
3730 2198 3849 2267 64);

557 2308 641 2354 est
684 2298 759 2370 (ὁ)
780 2338 795 2362 ,
828 2295 930 2351 nisi
970 2295 1151 2350 Jesum
1170 2292 1443 2349 Christum
1465 2292 1796 2362 unigenitum
1827 2291 1993 2346 Deum
2022 2290 2121 2345 scia

2285 2304 2318 2349 ξι
2347 2294 2478 2349 illud
2512 2310 2524 2347 :
2552 2292 2623 2365 (ε)
2660 2292 2817 2348 Pater
2840 2294 3006 2362 major
3035 2310 3114 2347 me
3138 2303 3211 2347 est
3240 2291 3440 2363 (Joan.,
3472 2307 3585 2361 xiv,
3614 2291 3704 2364 28)
3726 2309 3741 2358 ;
3766 2292 3849 2347 sed

555 2404 677 2444 mus
704 2403 825 2444 esse
864 2387 960 2442 Dei
1004 2384 1230 2457 ﬁlium);
1264 2400 1369 2439 vox
1416 2399 1446 2440 e
1474 2384 1626 2440 cmlis
1661 2398 1875 2438 rursum
1912 2381 1980 2437 ab
2021 2382 2159 2450 Apo-
2261 2389 2483 2441 ethoc:
2521 2384 2677 2439 Nunc
2701 2384 2876 2438 anima
2899 2401 3009 2438 mea
3031 2384 3232 2439 turbata
3255 2398 3330 2439 est
3355 2385 3500 2439 valde
3524 2384 3727 2455 (loan.,
3764 2400 3847 2450 su,

559 2482 712 2539 stolis
746 2484 949 2537 iterata
980 2480 1140 2551 hujus
1170 2478 1579 2550 signiﬁcationis
1609 2477 1863 2541 auditur;
1894 2487 1945 2529 ut
1980 2474 2034 2530 id
2065 2473 2156 2530 ﬁr—
2262 2478 2392 2552 27);
2428 2479 2511 2535 vel
2542 2479 2701 2533 etiam
2765 2478 2907 2535 hoc:
2957 2476 3122 2545 Deus,
3180 2477 3317 2532 Deus
3351 2494 3529 2543 meus,
3584 2494 3737 2549 quare
3782 2493 3851 2531 nte

557 2578 698 2633 mitts
723 2576 1038 2633 crederetur
1058 2574 1123 2629 ad
1143 2575 1305 2630 vitam
1330 2616 1343 2639 ,
1370 2572 1512 2643 quod
1555 2588 1659 2628 non
1683 2571 1979 2627 credidisse
2010 2585 2155 2625 mors
2265 2574 2580 2644 dereliquiin
2622 2571 2864 2644 (Matth.,
2893 2587 3065 2638 xxvn,
3096 2571 3237 2641 46)?
3265 2582 3318 2628 et
3361 2572 3524 2627 multa
3568 2572 3671 2627 alia
3714 2572 3847 2627 istius

554 2679 719 2728 esset.
775 2669 1014 2740 Namque
1052 2683 1175 2723 cum
1233 2666 1490 2720 Dominus
1542 2665 1593 2719 in
1627 2674 1809 2720 monte
1857 2661 2153 2733 majestatis
2264 2665 2430 2731 modi,
2463 2666 2530 2721 de
2585 2665 2779 2735 quibus
2808 2679 2907 2719 suo
2955 2663 3147 2718 ordine
3176 2664 3283 2719 erit
3332 2678 3557 2719 sermo:
3592 2672 3761 2718 tamen
3802 2662 3847 2716 in

553 2777 666 2818 sum
696 2761 879 2817 habitu
907 2759 1271 2825 constitisset,
1300 2756 1484 2829 Moyse
1512 2766 1675 2828 atque
1703 2757 1817 2812 Elia
1851 2754 2151 2811 assistenti-
2259 2755 2361 2812 hac
2386 2768 2490 2811 tam
2524 2756 2739 2811 assidua
2772 2754 3092 2810 humilitatis
3136 2756 3532 2811 contestatione
3562 2754 3846 2811 insolentia:

551 2857 674 2925 bus,
709 2866 765 2915 et
789 2856 857 2911 ad
885 2854 1106 2910 visionis
1131 2868 1195 2909 ac
1223 2853 1369 2907 vocis
1392 2850 1554 2906 ﬁdem
1584 2851 1755 2905 trihus
1781 2850 2046 2905 columnis
2065 2864 2154 2905 ec—
2255 2867 2377 2906 eum
2411 2861 2620 2922 arguat,
2657 2852 2799 2923 quod
2830 2851 2936 2906 sibi
2972 2863 3175 2922 patrem
3209 2851 3378 2907 Deum
3404 2852 3569 2917 dicat,
3598 2868 3720 2908 cum
3736 2852 3802 2905 ait
3829 2866 3840 2902 :

548 2951 838 3007 clesiarum
888 2948 1115 3004 testibus
1147 2945 1470 3014 assumptis,
1521 2945 1637 2999 hate
1664 2960 1765 2999 vox
1820 2953 2040 3014 paterna
2084 2943 2153 2999 de
2261 2945 2444 3000 Omnis
2469 2944 2742 3013 pluntalio,
2780 2960 2933 3015 quant
2980 2962 3082 2998 non
3126 2944 3375 3013 plantavit
3403 2953 3549 3015 pater
3577 2943 3836 3017 meus“),

547 3044 688 3101 caelo
713 3053 796 3099 est
822 3061 836 3097 :
876 3040 975 3095 Hic
1002 3049 1075 3095 est
1106 3038 1246 3109 ﬁlius
1279 3054 1421 3092 meus
1450 3035 1686 3101 dilectus,
1713 3037 1765 3090 in
1794 3053 1893 3107 quo
1920 3035 2153 3109 compla-
2256 3036 2600 3091 cradicabitnr
2636 3033 2880 3107 (Mallia,
2902 3051 2993 3102 xv,
3021 3032 3147 3106 15);
3179 3035 3262 3090 vel
3303 3035 3432 3090 illud
3465 3052 3479 3087 :
3515 3034 3737 3089 Domum
3763 3051 3836 3106 pa-

544 3137 652 3201 cui,
687 3135 822 3188 hunc
872 3132 1047 3187 audite
1075 3130 1293 3204 (Matth.
1330 3144 1459 3195 xvtt,
1498 3130 1576 3197 5).
1608 3128 1724 3184 Non
1757 3129 1820 3183 ad
1858 3130 2152 3185 conﬁrma-
2183 3188 2223 3204 η
2255 3131 2348 3185 tris
2376 3130 2472 3183 mei
2499 3129 2709 3183 domum
2762 3129 2953 3200 fecistis
2983 3129 3342 3200 negotiationis
3365 3127 3567 3203 (Joan.,
3614 3146 3675 3198 ιι,
3724 3128 3841 3200 ili);

554 3228 755 3282 tionem
789 3224 1012 3279 honoris
1034 3222 1254 3277 claritas
1284 3231 1573 3290 conSpecta
1612 3222 1742 3276 satis
1771 3222 1946 3277 fuerat
1973 3238 1989 3288 ;
2014 3237 2147 3279 voce
2178 3188 2224 3254 Ο
2256 3221 2333 3294 (9)
2358 3233 2412 3278 ct
2440 3222 2763 3293 ubicumque
2792 3235 3008 3291 semper
3036 3230 3243 3292 patrem
3271 3221 3374 3277 sibi
3408 3221 3575 3277 Deum
3600 3220 3842 3286 nominat,

550 3319 867 3388 designatur
894 3333 905 3368 ε
932 3312 1035 3369 Hic
1064 3314 1202 3383 [ilius
1233 3329 1374 3368 meus
1404 3322 1498 3367 εει.
1531 3313 1773 3382 Apostoli
1803 3314 2031 3384 gloriam
2052 3314 2148 3371 Dei
2259 3316 2564 3369 temeraria:
2596 3314 3033 3385 przesnmptionis
3061 3315 3241 3384 potius
3269 3314 3359 3380 sit,
3388 3330 3549 3385 quam
3581 3313 3843 3369 conﬁden-

549 3427 655 3468 non
690 3410 888 3475 ferunt,
924 3417 979 3463 et
1010 3406 1269 3463 mortales
1298 3406 1438 3461 oculi
1471 3404 1797 3461 ltebetantur
1827 3407 1893 3461 ad
1924 3407 2097 3462 visum
2130 3450 2146 3474 ,
2259 3411 2328 3463 tis
2358 3418 2562 3464 natura:
2588 3447 2604 3474 ,
2648 3423 2769 3479 qua:
2812 3409 3029 3463 conscia
3072 3408 3366 3463 nativitatis
3405 3422 3518 3462 sum
3548 3406 3629 3477 (h)
3682 3414 3844 3462 teneat

550 3514 607 3561 et
633 3509 979 3560 consternata
1005 3499 1073 3556 ad
1118 3508 1323 3555 metum
1363 3497 1506 3552 l’etri
1534 3506 1589 3552 et
1634 3495 1823 3552 Jacobi
1853 3505 1909 3554 et
1931 3497 2153 3555 Joannis
2263 3503 2511 3558 veritatis
2534 3516 2733 3557 nomen
2763 3501 2815 3556 in
2847 3510 3019 3573 patre.
3051 3500 3378 3556 Humilitatis
3409 3499 3571 3571 igitur
3598 3497 3842 3571 professio

541 3701 553 3716 δ
620 3643 701 3713 (l)
727 3642 785 3697 In
814 3640 1002 3697 codice
1022 3638 1343 3703 Veronensi,
1388 3635 1633 3690 audiendi
1656 3653 1689 3690 a
1716 3622 1862 3690 nobis
1902 3636 1999 3706 ﬁlii
2024 3640 2263 3711 postulet,
2292 3651 2425 3710 etc.;
2449 3653 2505 3698 at
2531 3658 2634 3700 vox
2660 3642 2760 3713 ﬁlii
2783 3641 2967 3698 addita
2997 3650 3079 3699 est
3100 3640 3353 3699 secundis
3382 3641 3547 3699 curis.

622 3804 699 3878 (a)
728 3801 906 3878 Editi,_
925 3818 981 3878 eo
1010 3796 1569 3878 fuit,_rel‘ragantibus
1605 3796 1840 3878 scriptis.
1870 3796 1992 3878 M9}
2020 3797 2143 3855 Par.
2252 3817 2354 3878 nus
2376 3802 2502 3878 loco
2528 3799 2952 3878 laudatotCum
2988 3818 3047 3857 eo
3077 3811 3212 3857 certe
3241 3799 3470 3878 Moyses,
3494 3810 3547 3878 et
3578 3800 3727 3878 Eltas
3746 3816 3838 3878 pa-

552 3869 691 3935 cum
707 3889 839 3930 mss.
867 3869 1022 3929 Colbl
1047 3882 1097 3927 et
1126 3869 1339 3944 Germ.,
1359 3886 1463 3944 (quo
1484 3878 1685 3944 ut,_pro
1712 3870 1800 3944 sed
1827 3878 1908 3944 ut.
1931 3869 2045 3925 Hoc
2061 3887 2147 3944 ar—_
2249 3873 2376 3928 riter
2414 3873 2720 3928 videbantur
2749 3875 3032 3944 loquentes,
3083 3890 3207 3944 quos
3256 3869 3433 3942 utique
3468 3876 3534 3927 de
3577 3869 3840 3943 adoptione

552 3957 863 4022 gumeututn
897 3944 1129 4022 illustrat
1177 3957 1245 4022 ae
1268 3940 1435 4022 iusius
1464 3940 1694 4022 explicat
1715 3939 2022 4022 .Fattstiuus
2079 3942 2145 3997 atl
2250 3944 2432 4022 factos
2444 3961 2552 4022 esse
2584 3944 2723 4014 ﬁlios
2898 3939 3104 4017 negare'
3125 3962 3250 4022 non__
3276 3939 3419 4013 poles
3443 3939 3840 4022 inquomodonde

560 4010 868 4074 Flaccillam
897 4015 988 4070 lib.
1013 4022 1201 4068 contra
1217 4010 1467 4073 Ariauos,
1491 4026 1538 4065 c.
1567 4010 1623 4076 2,
1642 4010 1730 4065 ubi
1760 4027 1880 4066 eum
1909 4012 2095 4067 cadem
2117 4030 2149 4069 e
2250 4010 2360 4070 solo
2391 4010 2597 4070 Christo
2630 4031 2726 4070 vos:
2745 4015 2920 4069 divina
2951 4010 3165 4069 ιὶειαιω·
3196 4010 3368 4070 dicens
3392 4033 3405 4067 :
3438 4010 3542 4070 Hic
3568 4026 3641 4072 est
3682 4012 3838 4069 Filius

550 4088 864 4159 Scripturis,
888 4100 1009 4159 quae
1036 4085 1118 4139 hic
1140 4083 1377 4159 Hilarius
1397 4081 1574 4148 alit-rt,
1603 4082 1908 4159 testimonia
1929 4083 2147 4159 eodem-
2250 4103 2412 4151 incus,
2443 4095 2547 4141 etc.
2582 4086 2644 4159 Si
2674 4087 2809 4159 enim
2839 4096 2884 4139 et
2913 4084 3149 4159 Christus
3173 4086 3238 4159 de
3252 4087 3543 4159 adoptione
3564 4088 3714 4159 ﬁlius
3732 4095 3832 4159 est,

546 4176 654 4233 que
676 4152 870 4233 ordine
898 4152 949 4213 et
977 4156 1029 4210 iu
1055 4155 1302 4233 eumdem
1341 4152 1892 4233 scoputudescribat,
1921 4154 2142 4233 conjee-
2249 4173 2365 4233 cum
2391 4166 2547 4211 staret
2576 4158 2707 4212 inter
2731 4157 3174 4233 duos_t_td_0ptioos,
3206 4152 3418 4233 dixisset
3448 4152 3644 4233 utique,
3667 4156 3735 4213 Et
3766 4156 3837 4233 hic

548 4224 665 4288 {are
693 4241 774 4287 est
822 4231 968 4284 illum
1016 4244 1081 4283 cx
1130 4226 1248 4297 ipso
1279 4225 1519 4281 nonnihil
1552 4224 1718 4297 fuisse
1749 4224 2011 4293 adjutum.
2054 4225 2145 4280 Ait
2244 4226 2590 4297 Filiusmeus
2616 4238 2713 4296 est,
2746 4246 2807 4283 ne
2845 4224 3081 4283 Christus
3118 4244 3229 4283 esse
3256 4227 3395 4282 solus
3442 4224 3750 4285 crederetur.
3779 4227 3834 4281 Αι

550 4315 729 4359 autem
773 4301 845 4354 ibi
878 4317 890 4352 :
925 4292 1372 4371 Carnentfquidem
1399 4300 1531 4365 ejus.
1561 4295 1642 4350 vel
1664 4292 1848 4371 potius
1885 4297 2145 4371 hominem
2248 4315 2361 4352 cum
2390 4292 2545 4363 dicit,
2576 4299 2677 4353 Hic
2698 4292 2771 4354 est
2791 4300 2931 4371 ﬁlius
2950 4315 3096 4354 meus
3120 4301 3357 4363 dilectus,
3383 4301 3682 4369 adoptionis
3710 4300 3833 4371 ﬁlios

551 4375 742 4439 dicant,
770 4388 916 4425 nemo
949 4366 1254 4438 antbigebat,
1286 4370 1405 4438 quia
1451 4383 1540 4421 nec
1569 4366 1761 4439 ambigi
1780 4377 1982 4441 poterat
2005 4383 2025 4431 ;
2052 4370 2141 4422 sed
2245 4372 2519 4440 separavit.
2552 4379 2607 4425 ut
2638 4366 2925 4441 proprietas
2962 4385 3093 4426 nera:
3115 4372 3396 4426 nativitatis
3425 4366 3720 4427 in'Christo'
3734 4369 3829 4425 solo

540 4446 703 4509 illud,
730 4438 872 4513 quod
902 4442 956 4494 in
978 4442 1182 4494 homine
1205 4449 1315 4492 erat
1343 4448 1389 4492 et
1417 4449 1595 4491 nalunt
1624 4438 1740 4492 cunt
1768 4438 1992 4504 homine,
2022 4441 2144 4509 quia
2248 4438 2359 4513 ﬁlio
2384 4438 2695 4513 crederetur.

554 4516 717 4571 videri
748 4511 838 4584 per
881 4522 1117 4585 naturam
1158 4526 1259 4585 n_on
1290 4518 1486 4585 poterat
1510 4525 1626 4585 .__ne
1668 4520 1798 4585 esset
1838 4513 2098 4585 incertum
2120 4551 2137 4575 ,
2320 4512 2398 4585 (ά)
2423 4512 2548 4568 Sola
2579 4512 2745 4570 editio
2767 4512 3045 4585 Par.cum
3071 4529 3172 4568 ms.
3209 4512 3681 4585 Martaaudienda.
3711 4511 3829 4585 Alia;

554 4604 676 4642 voce
712 4579 759 4640 ei
785 4584 934 4652 quasi
966 4583 1129 4656 digit_o
1161 4579 1337 4656 Patris
1360 4579 1642 4656 ostenditur
1661 4579 2040 4656 dicentistliic
2067 4590 2143 4635 est
2171 4621 2223 4656 η
2249 4579 2602 4656 ωιιιίιιιιιιιοι
2641 4600 2774 4640 mss.
2803 4584 3055 4638 audiendi
3077 4602 3110 4638 α
3132 4585 3280 4639 nobis
3326 4583 3444 4653 ﬁlii.
3496 4585 3667 4642 Abest
3693 4583 3781 4656 ﬁlii
3803 4596 3828 4635 a

652 4621 675 4640 υ
712 4621 759 4640 υ.
785 4621 796 4635 .
820 4621 934 4637 αμα.
966 4621 1019 4635 ...
1058 4621 1128 4635 ..υ
1161 4621 1182 4632 -
1210 4621 1337 4634 ...ην
1361 4621 1629 4633 ...ηπ-η...
1662 4621 1874 4634 .....-......
1939 4621 2035 4634 ...υ
2067 4621 2143 4635 ν...
2249 4621 2369 4638 w...
2399 4621 2485 4637 ...η
2511 4621 2569 4638 ..υ

558 4621 732 4712 ἵῆἱιιε
750 4621 913 4720 nt'eus,
943 4621 1052 4708 etc?
1073 4652 1137 4707 Et
1168 4652 1325 4724 paulo
1351 4661 1474 4724 ante
1502 4668 1515 4705 :
1549 4649 1612 4703 Et
1632 4650 1746 4704 uide
1770 4622 2007 4724 quia/ioc
2024 4662 2147 4706 tunc
2171 4621 2223 4681 Β
2249 4621 2569 4724 potioribus.

554 4731 779 4801 primunt
804 4727 948 4784 dicit.
967 4724 1173 4794 quando
1200 4722 1353 4801 {esus
1373 4732 1428 4801 ut
1454 4720 1607 4775 homo
1634 4721 1845 4774 accessit
1870 4722 1938 4801 ad
1957 4722 2149 4790 baptis—
2322 4725 2390 4801 (ε)
2417 4724 2549 4780 Nota
2575 4725 2845 4801 quomodo
2870 4726 3008 4788 lucc,
3042 4725 3202 4801 Pater
3230 4730 3397 4800 major
3414 4742 3493 4781 me
3520 4736 3615 4801 est,
3644 4728 3749 4801 jam
3768 4724 3826 4780 de

557 4793 700 4854 nsunt
730 4816 747 4853 :
773 4809 820 4854 ει
857 4793 1125 4872 puto_non
1161 4794 1273 4872 alia
1320 4794 1518 4872 ratione
1542 4832 1556 4856 ,
1605 4793 1914 4872 quamquia
1952 4802 2147 4872 poterat
2248 4793 2463 4872 Christo
2489 4793 2782 4872 secundum
2814 4793 3826 4872 assumptionetncorporeze‘huinilita-

555 4873 699 4925 credi
723 4887 825 4923 non
844 4864 952 4940 esse
981 4867 1122 4940 ﬁlius
1151 4864 1270 4940 Dei,
1300 4865 1384 4934 qui
1408 4864 1976 4940 corporeusvidebatur,
1995 4874 2044 4918 et
2068 4865 2148 4919 in-
2252 4869 2320 4921 tis
2354 4867 2493 4922 dicta
2527 4869 2914 4939 intelligantur,
2932 4864 3176 4940 quamvis
3205 4870 3332 4927 alibi
3359 4864 3523 4940 etiam
3537 4869 3606 4926 de
3633 4868 3827 4940 Christo

560 4953 635 4998 ter
663 4951 870 5011 crateras
897 4934 1125 4992 homines
1148 4938 1262 5009 ipse
1301 4951 1502 5006 quoque
1529 4943 1583 4987 ut
1613 4934 1762 5011 homo
1798 4943 2033 5011 peccator
2061 4952 2145 4990 ve—
2250 4950 2407 5009 prout
2462 4941 2600 4994 Deus
2650 4934 2865 5011 genitus
2902 4934 2986 4995 est
3017 4949 3375 5011 exponuntur.
3409 4939 3596 5009 Neque
3651 4935 3824 5011 minori

558 5014 727 5067 uiebat
754 5014 820 5066 ad
845 5006 1543 5082 baptismum-cumpeccata
1567 5006 1786 5082 propria
1798 5022 1898 5082 non
1914 5006 2143 5082 haberet.
2248 5006 2680 5082 consideratione
2704 5012 2945 5082 dignum,
2978 5006 3120 5082 quod
3148 5011 3342 5067 deinde
3367 5026 3474 5065 non
3505 5006 3665 5081 negat
3701 5009 3827 5064 llila-

632 5085 704 5155 (b)
738 5085 858 5155 Par.
883 5076 1005 5136 cum
1030 5079 1307 5155 mssavat.
1330 5079 1468 5155 has.,
1488 5076 1641 5155 Mart.
1675 5077 1925 5141 etCoIb.,
1944 5079 2026 5155 uia
2048 5087 2144 5132 est.
2249 5081 2363 5135 rius
2383 5082 2615 5155 animam
2639 5076 2835 5155 Christi
2878 5076 3010 5155 vere
3035 5084 3323 5155 turbatam.
3350 5082 3453 5155 sed
3478 5076 3687 5139 lanium
3723 5093 3824 5155 mo-

559 5149 726 5223 Ma'gis
752 5154 920 5219 placet
945 5167 1066 5205 cum
1096 5149 1407 5225 aliisalihris
1428 5191 1440 5211 ,
1469 5150 1571 5202 vita
1594 5157 1707 5225 est,-
1738 5156 1795 5202 ut
1830 5149 2148 5217 respiciatur
2250 5162 2341 5206 net
2363 5151 2433 5225 ad
2476 5164 2781 5223 susceptum
2813 5152 3089 5225 hominem
3114 5154 3456 5210 referendum
3487 5168 3612 5210 esse
3633 5196 3650 5223 ,
3685 5149 3825 5225 quid-

558 5220 690 5281 illud
716 5224 874 5279 Joan.
919 5237 1026 5276 xvu
1048 5264 1063 5287 ,
1093 5224 1127 5277 3
1157 5241 1171 5276 :
1208 5220 1333 5275 Ηιεε
1351 5233 1427 5275 εει
1455 5229 1625 5273 autem
1654 5220 1756 5291 vita
1798 5229 2011 5287 aeterna,
2039 5231 2142 5275 etc.
2249 5222 2377 5291 quid
2411 5222 2497 5278 hic
2523 5220 2674 5279 locus
2704 5224 3028 5278 inﬁrmitatis
3058 5235 3235 5279 sonat.

560 5296 694 5351 Tum
725 5295 865 5364 apud
899 5294 1015 5359 Er.,
1040 5292 1210 5364 Lips.,
1241 5300 1297 5348 et
1318 5292 1439 5346 Par.
1467 5331 1481 5355 ,
1515 5292 1617 5345 nisi
1642 5301 1699 5345 ut
1727 5289 1927 5345 Jesum.
1977 5293 2149 5346 Abest
2269 5289 2280 5291 “
2323 5295 2391 5365 (Γ)
2429 5294 2486 5348 1η
2532 5296 2760 5365 vulgatis
2790 5295 2875 5350 hic
2901 5295 3151 5364 adjicitur
3176 5296 3392 5351 caelestis
3421 5313 3434 5349 :
3463 5296 3608 5365 quod
3631 5298 3817 5365 abesta

557 5377 665 5439 uta
699 5362 828 5421 Bad.
857 5375 912 5421 et
941 5380 1070 5439 m_ss.
1110 5362 1121 5364 ⁷
1167 5435 1176 5439 _
1254 5435 1304 5439 __
1397 5435 1406 5439 _
1485 5435 1494 5439 _
1835 5433 1857 5439 _
1887 5434 1895 5439 _
2049 5435 2080 5439 __
2249 5362 2381 5439 mss.
2425 5373 2483 5419 et
2517 5362 2661 5439 apud
2692 5362 3028 5431 Faustinum,
3065 5367 3248 5439 Hilarii
3276 5362 3580 5439 aequalem,
3640 5378 3726 5433 ct,
3753 5362 3819 5418 uti

628 5438 712 5510 (ε)
732 5439 878 5505 Lips.
902 5445 957 5490 et
982 5435 1105 5490 Par.
1132 5435 1521 5507 signiﬁcationis
1550 5442 1800 5510 {praeter
1828 5433 1988 5510 ﬁdem
2014 5435 2148 5489 alio-
2248 5436 2402 5510 nohis
2426 5433 2673 5510 (videtur,
2724 5440 3068 5510 imitatorem.
3122 5437 3243 5493 Mox
3271 5438 3325 5493 in
3345 5433 3454 5493 ~ms.
3488 5433 3675 5507 Mart"
3699 5451 3815 5492 mer-

556 5506 1001 5583 rum’librorum,
1043 5516 1098 5561 et
1135 5506 1386 5583 cerrupto
1430 5506 1669 5583 nonnihil
1698 5507 1930 5583 auctoris
1959 5519 2140 5560 sensu.
2247 5507 2481 5583 curionis,
2506 5506 2625 5563 loco
2654 5509 3030 5583 negotiationis.

556 5579 861 5651 Proprietas
887 5577 1084 5651 quippe
1125 5578 1412 5651 Opponitur
1455 5576 1794 5651 adeptionii‘
1803 5577 2143 5651 referturque
2317 5578 2392 5651 (ει)
2427 5578 2530 5651 ξξτο
2571 5589 2618 5633 οι
2645 5576 2980 5636 commodius
3011 5582 3275 5651 legeretur
3304 5581 3377 5634 ita
3396 5590 3472 5634 ut.

558 5660 668 5703 tum
699 5649 765 5703 ad
787 5648 998 5723 [fater
1020 5646 1456 5723 signiﬁcantem,
1486 5656 1597 5701 tum
1626 5646 1691 5702 ad
1719 5646 1911 5702 Filium
1927 5646 2140 5723 signili-
2317 5646 2397 5720 (h)
2430 5647 2663 5723 lloc_est,
2692 5651 2748 5706 in
2783 5661 2936 5723 patre
2967 5646 3324 5723 nun—cupando
3368 5666 3569 5708 nomen
3594 5651 3726 5708 illud
3750 5658 3815 5705 tc-

555 5730 757 5778 catum.
790 5717 880 5775 Sic
910 5734 1069 5790 porro
1097 5717 1237 5775 idem
1275 5729 1647 5790 argumentum
1691 5726 1885 5777 tractat
1926 5716 2139 5776 Fausti-
2244 5716 2389 5787 neat,
2415 5719 2557 5791 quod
2587 5716 2699 5779 veri
2720 5716 3070 5781 ac’naturalis
3097 5716 3266 5795 patris
3293 5723 3384 5779 sit.
