3960 6202
116 350 209 406 177

1349 344 1437 402 DE
1473 342 1847 403 TRINITATE
1889 346 2092 406 LIBER
2132 349 2216 406 Vl.

3305 354 3408 409 178

114 461 351 530 frequens
403 474 509 514 non
543 459 709 514 habet
757 461 857 515 hoc
901 460 1199 516 insolentiae
1245 459 1455 525 vitium,
1489 468 1547 513 ut
1589 459 1690 513 sibi
1719 462 1770 523 Α
1797 470 1899 516 est.
1935 463 2066 519 Tam
2093 467 2404 534 ignorabilis
2435 476 2519 522 est
2550 467 2736 536 Filius,
2772 483 2930 537 quam
2961 476 3016 524 et
3045 469 3224 524 Pater.
3275 467 3405 524 Om-

116 553 274 606 aliena
301 551 378 623 (l)
415 552 662 606 vendicet
689 595 702 619 ,
737 563 791 606 et
820 569 921 606 non
950 567 1045 606 sua
1084 552 1375 620 defendat,
1403 561 1457 606 et
1484 552 1700 620 proprie

119 649 216 701 Deo
241 646 565 715 co:equanda
600 655 907 716 prmsumat.
939 645 1050 702 Nec
1077 646 1190 716 pari
1228 646 1564 712 temeritate,
1595 660 1697 715 qua

118 750 304 811 patrem
336 750 649 810 nuncupat,
684 757 743 797 se
788 758 1000 812 quoque
1048 742 1210 796 ﬁlium
1245 740 1562 812 proﬁteatur
1609 741 1698 796 di-

115 848 232 887 cens
262 853 273 884 :
303 829 417 886 Nec
449 833 582 886 enim
612 833 747 888 misit
775 831 912 887 Deus
939 833 1104 902 ﬁlium
1130 851 1277 886 suum
1308 834 1360 886 in
1389 833 1524 886 hunc
1549 848 1700 886 mun-

117 929 246 988 dum,
276 936 327 979 ut
345 926 544 996 judicet
575 927 844 994 mundum,
871 929 960 980 sed
982 937 1034 980 ut
1057 927 1228 980 sulcus
1251 927 1344 996 ﬁat
1365 925 1584 979 mundus
1607 941 1698 995 per

118 1039 215 1075 eum
237 1019 437 1092 (10am,
489 1036 569 1086 tu,
621 1019 740 1092 17);
770 1022 854 1076 vel
885 1022 1075 1075 iterum
1108 1039 1118 1072 :
1155 1019 1230 1074 Tu
1251 1020 1414 1074 credis
1453 1020 1504 1072 in
1529 1019 1698 1089 ﬁlium

120 1112 201 1166 Dei
227 1112 426 1184 (Joan.,
459 1129 530 1178 tx,
578 1111 711 1182 35)?
739 1111 875 1180 Quid
907 1127 1045 1166 nunc
1073 1113 1302 1182 agimus,
1335 1112 1696 1166 concedentes

119 1213 303 1257 tantum
331 1201 406 1273 (a)
439 1201 567 1257 Jesu
597 1201 818 1258 Christo
848 1218 1044 1259 nomen
1074 1203 1412 1273 adoptionis?
1433 1219 1528 1274 per
1553 1203 1695 1273 quod

117 1307 164 1351 et
198 1297 244 1350 in
277 1306 423 1364 patre
453 1296 552 1351 sibi
607 1295 760 1368 151
819 1297 930 1351 Deo
981 1298 1342 1364 nuncupanda
1395 1297 1695 1351 temerariae

117 1403 226 1443 eum
257 1388 524 1458 arguimus
567 1389 1027 1458 praasumptionis.
1063 1389 1290 1443 Paterna
1321 1388 1387 1444 de
1417 1389 1556 1444 caelo
1593 1403 1694 1442 vox

118 1492 223 1535 est:
245 1479 388 1534 Hunc
404 1480 578 1534 audite
601 1479 842 1552 (Matth.,
868 1481 1092 1550 xvu,5).
1119 1481 1294 1536 Audio
1323 1499 1334 1533 :
1365 1479 1542 1542 Pater,
1572 1497 1696 1551 gra-

117 1576 204 1628 tias
249 1591 340 1644 ago
367 1574 451 1628 tibi
477 1572 662 1647 (Joan.
694 1590 754 1639 ll,
786 1573 880 1646 41)
925 1593 938 1628 ε
968 1574 1151 1641 audio,
1189 1574 1374 1629 Dicitis
1404 1575 1524 1643 quia
1553 1574 1693 1628 blas-

118 1669 345 1737 phemavi,
375 1669 616 1737 quoniam
649 1669 779 1733 dixi,
807 1667 975 1722 Filius
993 1667 1090 1722 Dei
1116 1687 1226 1723 sum
1256 1668 1464 1740 (Joan.,
1485 1686 1537 1732 κ,
1563 1669 1655 1740 56)
1678 1687 1690 1723 :

118 1761 155 1812 si
204 1774 298 1812 non
342 1758 506 1814 credo
543 1761 876 1824 nominibus,
925 1761 970 1815 si
1015 1771 1261 1815 naturam
1297 1760 1372 1832 (ὁ)
1418 1761 1692 1814 vocabulis

1807 556 1891 609 nia
1925 555 1975 610 ei
2010 559 2199 613 tradita
2246 570 2370 614 sunt
2403 579 2417 616 :
2448 570 2500 616 ct
2543 563 2594 615 in
2626 562 2877 616 omnibus
2923 563 3053 616 nihil
3088 562 3406 633 intelligitur

1805 659 2113 719 exceptum.
2164 653 2219 707 Si
2268 662 2508 723 potestas
2555 665 2833 724 exaequata
2877 666 2982 720 est,
3040 655 3084 709 si
3131 665 3405 711 secretum

1802 743 2126 814 Cognitionis
2155 746 2361 816 aequale
2389 756 2493 812 est,
2525 746 2571 801 si
2601 758 2786 801 natura
2831 747 2883 802 in
2931 747 3240 802 nominibus
3274 757 3358 803 est
3389 763 3402 802 :

1803 851 1990 905 quaero
2024 840 2297 906 quomodo
2344 838 2485 908 quod
2517 851 2780 893 vocantur
2815 854 2918 893 non
2968 850 3092 894 sunt
3117 882 3132 903 ,
3175 854 3404 909 quorum

1801 935 1855 980 et
1886 926 1964 999 (4)
1999 929 2073 999 (f)
2103 931 2184 982 vis
2212 932 2267 984 in
2293 941 2578 1000 potestate,
2606 941 2659 986 et
2697 931 2987 988 difﬁcultas
3016 931 3068 986 in
3097 933 3404 1003 cognitione

1804 1035 1908 1073 non
1941 1021 2144 1076 diﬁ'ert.
2175 1021 2290 1076 Non
2320 1024 2455 1078 fallit
2494 1025 2672 1093 itaque
2707 1025 2758 1078 in
2781 1025 3058 1078 vocabulis
3091 1025 3232 1079 Deus
3259 1067 3272 1090 ,
3306 1039 3406 1080 nec

1802 1127 1860 1168 se
1888 1123 1982 1166 aut
2015 1115 2170 1168 Pater
2197 1117 2478 1180 mentitur,
2502 1125 2594 1170 aut
2615 1115 2785 1171 Filius
2819 1133 2832 1169 :
2857 1124 2909 1170 et
2935 1116 3117 1186 accipe
3140 1115 3217 1188 (g)
3244 1131 3405 1186 quam

1802 1202 1856 1257 in
1887 1204 1970 1259 his
2007 1205 2140 1259 ﬁdes
2169 1207 2446 1261 nominum
2476 1209 2564 1262 sit.

1879 1295 2034 1368 152
2061 1295 2153 1350 9.7.
2191 1295 2364 1366 Opera
2390 1307 2644 1353 testantur
2673 1299 2839 1369 [ilium
2861 1314 2975 1352 eum
2997 1315 3121 1352 esse.
3149 1297 3246 1352 Nil
3261 1299 3407 1352 aliud

1801 1391 1983 1440 asserit
2032 1385 2210 1441 Patris
2251 1390 2616 1443 testimonium.
2674 1388 2912 1444 Christus
2941 1407 2972 1443 a
3001 1391 3126 1461 ﬁliis
3153 1391 3407 1461 adoptivis

1800 1479 2103 1532 secernitur.
2147 1510 2218 1518 —
2246 1479 2338 1534 Ait
2381 1483 2524 1536 enim
2557 1499 2570 1535 :
2608 1481 2781 1552 Opera
2806 1483 2940 1536 enim
2971 1498 3085 1553 qua:
3111 1482 3251 1535 dedit
3281 1480 3408 1535 mihi

1802 1569 1981 1632 Pater,
2014 1570 2093 1642 (It)
2118 1581 2172 1625 ut
2205 1574 2468 1642 perﬁciam
2496 1591 2576 1640 ea,
2610 1576 2724 1643 ipsa
2754 1591 2910 1644 Opera
2937 1591 3050 1643 qua:
3072 1575 3229 1641 facio,
3265 1575 3407 1628 testi-

1801 1665 2031 1716 monium
2070 1664 2333 1733 perhibent
2375 1666 2438 1719 de
2466 1683 2563 1725 me.
2594 1668 2837 1736 quoniam
2861 1665 3020 1720 Pater
3048 1668 3186 1721 misit
3212 1684 3292 1720 me
3315 1683 3333 1720 :
3361 1675 3407 1721 et

1797 1756 1882 1826 qui
1905 1757 2040 1811 misit
2066 1773 2144 1810 me
2175 1757 2350 1823 Pater,
2374 1759 2485 1828 ipse
2515 1760 2812 1828 testiﬁcatus
2839 1770 2910 1813 est
2933 1759 3093 1813 dente
3113 1758 3315 1830 (Joan.,
3344 1775 3402 1824 v,

120 1866 210 1904 non
239 1849 472 1919 intelligo
501 1891 515 1914 ,
570 1851 659 1920 qui
714 1850 1044 1906 credendum
1090 1860 1146 1906 et
1189 1850 1598 1921 intelligendum
1626 1853 1698 1907 sit
1727 1854 1775 1914 B
1804 1847 1874 1902 56
1898 1859 1952 1902 et
1979 1850 2092 1918 57).
2124 1849 2444 1920 Unigenitus
2479 1852 2619 1906 Deus
2668 1868 2774 1905 non
2805 1852 3038 1906 nominis
3068 1862 3270 1905 tantum
3297 1863 3406 1906 tes-

117 1960 294 2013 qinero.
325 1944 440 1998 Non
481 1945 614 1998 mihi
648 1945 968 2014 relinquitur
1006 1945 1108 1998 alia
1139 1945 1396 2014 suspicio.
1444 1947 1693 2001 Auctorio

119 2049 183 2088 tas
211 2047 415 2104 paterna
446 2037 515 2092 de
562 2038 701 2092 caelo
731 2044 816 2092 est
845 2056 857 2091 :
891 2036 989 2091 Hic
1015 2048 1089 2091 est
1113 2039 1435 2107 ﬁliusmeus.
1466 2038 1690 2093 Profes-

119 2129 186 2182 sio
227 2129 312 2182 ﬁlii
341 2128 407 2185 de
456 2145 520 2184 se
549 2141 628 2184 est
651 2129 729 2201 ('2)
759 2131 826 2202 (τ)
862 2149 874 2184 :
905 2127 1128 2184 Domum
1157 2132 1320 2201 patris
1345 2132 1467 2198 mei,
1496 2140 1552 2186 et
1581 2131 1692 2184 Pa-

120 2231 182 2271 ter
204 2236 353 2274 meus.
399 2222 675 2277 l’rofessio
703 2221 939 2277 nominis
970 2223 1119 2278 salus
1168 2232 1269 2288 est,
1314 2237 1436 2278 cum
1465 2224 1692 2278 interro-

119 2314 238 2382 gatio
264 2314 420 2370 tidem
464 2316 729 2385 postulat,
763 2316 947 2370 dicens
973 2331 988 2370 :
1023 2315 1105 2370 Tu
1133 2317 1298 2370 credis
1324 2317 1378 2369 in
1398 2315 1566 2387 ﬁlium
1595 2316 1694 2371 Dei

121 2404 300 2472 (Joan.,
328 2422 401 2474 lx,
440 2407 532 2480 M)
567 2407 590 2460 ’ἶ
627 2407 707 2476 (5)
734 2406 1080 2477 Proprietatis
1114 2407 1330 2463 nomina
1358 2419 1689 2477 sequuntur,

123 2497 194 2549 ubi
217 2514 343 2553 meus
369 2507 472 2554 est.
517 2499 638 2553 Tibi
669 2514 876 2568 quaero,
912 2499 1197 2566 hmretice,
1254 2499 1396 2554 unde
1427 2499 1531 2554 alia
1556 2514 1693 2569 prm-

125 2593 325 2660 suinptio
355 2593 444 2646 sit.
479 2593 697 2648 Atlimis
729 2593 870 2647 Patri
904 2593 1086 2660 ﬁdem,
1117 2594 1225 2648 ﬁlio
1256 2594 1648 2664 professionem
1677 2636 1691 2659 ,

127 2682 399 2736 nominibus
444 2694 698 2738 naturam
725 2702 737 2737 :
766 2684 876 2739 vim
923 2685 1105 2741 verbis
1146 2685 1240 2739 Dei
1273 2685 1432 2740 affers
1452 2726 1468 2752 ,
1498 2701 1566 2740 ne
1587 2687 1696 2740 sint

125 2773 240 2841 quod
260 2776 558 2830 enuntiant.
589 2775 885 2843 lmpietatis
929 2786 1032 2830 tua:
1062 2777 1173 2831 sola
1205 2776 1534 2849 impudentia
1561 2789 1644 2834 est
1677 2819 1692 2844 ,

128 2875 170 2919 ut
196 2870 457 2923 mentitum
490 2870 565 2924 de
594 2884 655 2924 se
685 2870 854 2925 Demn
886 2886 1100 2942 arguas.

183 2961 259 3016 26.
293 2962 641 3035 Proprietates
671 2966 766 3030 ﬁlii
795 2967 862 3019 ad
895 2983 1078 3020 nomen
1111 2969 1343 3040 adjecttc.
1381 2967 1553 3036 Opera
1595 2977 1696 3022 tes-

133 3061 276 3107 tantur
303 3055 463 3124 ﬁlium
485 3073 607 3110 eum
634 3073 763 3111 esse.
792 3087 861 3099 -—
883 3058 1217 3127 Quamquam
1254 3060 1412 3128 igitur
1433 3060 1544 3113 sola
1567 3061 1696 3113 sim-

130 3146 224 3213 plex
260 3147 529 3205 cenfessio
564 3159 771 3204 natura:
810 3153 1025 3205 nomina
1071 3152 1362 3215 ostendat,
1405 3163 1463 3206 ut
1491 3153 1558 3207 de
1589 3169 1695 3224 quo

1800 1939 2050 2005 timonio,
2077 1941 2172 1995 sed
2198 1941 2356 1996 etiam
2402 1945 2469 2013 (i)
2510 1945 2719 1998 virtutis
2739 1986 2751 2008 ,
2782 1943 2942 1997 docet
2961 1958 3020 1998 se
3046 1958 3166 1999 esse
3190 1943 3359 1998 ﬁlium
3387 1961 3401 1999 :

1797 2045 1960 2101 opera
1990 2035 2130 2086 enim
2151 2034 2289 2104 ejus,
2316 2049 2436 2104 qua:
2463 2034 2608 2099 facit,
2630 2044 2892 2090 teSIantur
2937 2051 2966 2089 a
2997 2035 3158 2090 Patre
3188 2052 3247 2090 se
3271 2035 3404 2091 mis-

1795 2139 1940 2183 sum.
1988 2126 2222 2194 Qmero,
2258 2144 2418 2198 quam
2462 2144 2576 2184 rem
2625 2145 2787 2197 opera
2840 2128 3147 2184 testentur?
3179 2128 3401 2183 Missum

1799 2233 2030 2287 namque
2067 2234 2208 2274 esse.
2247 2219 2320 2292 (ί)
2345 2219 2526 2291 Itaque
2552 2231 2605 2276 et
2635 2220 2756 2275 Filii
2779 2220 3082 2276 obedientia
3107 2231 3161 2276 et
3182 2231 3404 2290 paterna

1798 2313 2090 2367 auctoritas
2116 2314 2341 2370 docetur
2366 2315 2416 2368 in
2461 2316 2646 2379 misso,
2676 2314 2803 2368 dum
2834 2315 3058 2370 alterius
3079 2329 3245 2384 Opera
3275 2330 3399 2369 esse

1798 2421 1906 2458 non
1938 2415 2162 2474 possunt
2196 2422 2318 2476 qua:
2346 2407 2512 2473 facit,
2554 2407 2657 2460 nisi
2687 2407 2806 2475 ejus
2837 2408 2928 2477 qui
2963 2408 3161 2462 missus
3182 2422 3211 2460 a
3243 2406 3404 2462 Patre

1798 2500 1888 2553 sit.
1938 2498 2044 2554 Sed
2083 2514 2246 2568 opera
2291 2514 2395 2552 non
2448 2499 2722 2553 sufﬁciunt
2763 2499 2847 2569 (5)
2873 2499 2947 2571 (Ic)
2998 2498 3404 2554 incredibilibus

1797 2592 1863 2646 ad
1896 2592 2283 2660 testimonium,
2345 2591 2486 2662 quod
2536 2606 2596 2648 se
2647 2591 2806 2647 Pater
2851 2593 3081 2647 miserit.
3145 2592 3401 2662 Sequitur

1799 2701 2025 2755 namque
2057 2702 2068 2737 :
2104 2683 2172 2738 Et
2197 2685 2284 2754 qui
2312 2685 2449 2738 misit
2492 2701 2571 2739 me
2605 2684 2781 2751 Pater,
2825 2687 2938 2754 ipse
2975 2685 3284 2758 testiﬁcatus
3325 2695 3402 2740 est

1798 2779 1861 2832 de
1890 2795 1969 2832 me
1993 2795 2010 2844 ;
2052 2794 2213 2846 neque
2235 2793 2404 2832 vocem
2430 2779 2541 2848 ejus
2570 2777 2790 2831 audistis
2810 2818 2825 2844 ,
2848 2793 3020 2847 ,neque
3044 2779 3266 2847 ﬁguram
3287 2781 3401 2850 ejus

1797 2871 1994 2924 vidistis
2024 2868 2227 2942 (loan.,
2260 2885 2314 2932 v,
2345 2871 2458 2940 37).
2493 2869 2688 2936 Quarto
2726 2869 2869 2938 quod
2903 2869 3270 2922 testimonium
3300 2869 3401 2923 Pa-

1801 2942 1896 3017 tris
1928 2964 1990 3034 (ι)
2021 2962 2088 3017 de
2113 2977 2178 3016 eo
2205 2961 2383 3017 fuerit.
2423 2961 2628 3016 Evolve
2661 2961 2971 3030 evangelica
3020 2960 3312 3023 volumina,
3346 2970 3402 3016 et

1803 3063 1970 3109 totum
2011 3069 2195 3109 eorum
2219 3069 2355 3124 Opus
2390 3068 2634 3109 recense.
2676 3054 2749 3107 Da
2783 3054 3148 3108 testimonium
3199 3053 3397 3122 Patris,

1807 3158 2004 3219 printer
2028 3163 2189 3218 quam
2221 3147 2360 3218 quod
2401 3147 2642 3202 auditum
2675 3155 2795 3202 est:
2849 3146 2948 3201 llic
2975 3160 3049 3201 est
3092 3149 3231 3216 ﬁlius
3260 3165 3401 3202 meus

129 3236 297 3295 dictum
317 3249 398 3296 est
425 3259 437 3294 :
475 3241 584 3296 Hic
625 3253 700 3296 est
729 3244 870 3312 ﬁlius
909 3261 1069 3310 meus,
1103 3255 1156 3300 et
1194 3244 1260 3298 ad
1292 3260 1452 3315 quem
1484 3247 1686 3300 dictum
1719 3245 1764 3306 C
1796 3241 2032 3306 dilectus,
2062 3242 2116 3294 in
2141 3259 2240 3308 quo
2272 3242 2559 3311 complacui
2577 3240 2818 3310 (Matth.,
2850 3257 2928 3304 ιιι,
2971 3239 3085 3311 17),
3117 3250 3170 3295 et
3200 3261 3211 3295 :
3245 3241 3322 3296 Tu
3350 3260 3402 3297 es

130 3340 222 3398 est,
252 3331 399 3387 Pater
424 3351 594 3401 meus,
625 3334 729 3390 hoc
758 3336 867 3389 sint
895 3335 1038 3405 quod
1071 3348 1482 3406 nuncupantur:
1510 3346 1689 3392 tamen

132 3437 183 3478 ne
205 3435 282 3480 aut
307 3429 617 3498 adoptionis
648 3427 701 3482 in
731 3428 866 3483 Filio
896 3443 1092 3484 nomen
1139 3430 1229 3495 sit,
1261 3439 1351 3484 aut.
1383 3431 1605 3486 honoris
1637 3433 1689 3486 in

133 3516 288 3574 Patre:
318 3520 604 3577 videamus
634 3538 752 3592 qua:
780 3523 860 3593 (ά)
892 3523 1249 3593 proprietates
1277 3540 1372 3593 per
1398 3524 1590 3578 Filiutn
1624 3525 1690 3579 ad

134 3611 204 3665 ﬁlii
221 3628 398 3672 nomen
423 3617 658 3686 adjecta:
684 3617 811 3669 sint.
846 3617 932 3669 Ait
961 3634 974 3670 :
1002 3615 1190 3670 Omnia
1216 3617 1341 3670 mihi
1363 3619 1556 3671 tradita
1575 3627 1692 3672 sunt

132 3721 156 3755 tt
185 3704 312 3762 Patre
349 3726 473 3773 meo,
506 3719 562 3763 et
594 3725 740 3762 nemo
785 3709 920 3762 novit
950 3707 1142 3761 Filium
1175 3709 1272 3761 nisi
1305 3707 1462 3762 Pater
1487 3751 1500 3773 ,
1533 3726 1695 3780 neque

135 3795 308 3854 Patrem
329 3805 436 3870 quis
464 3804 610 3857 novit
641 3803 740 3855 nisi
766 3801 955 3865 Filius,
981 3812 1028 3854 ct
1055 3802 1136 3854 cui
1167 3802 1378 3856 voluerit
1415 3801 1460 3856 F
1462 3803 1580 3856 ilius
1608 3820 1688 3856 re-

133 3889 267 3942 velare
294 3891 497 3959 (Matth.
537 3909 599 3959 ll,
631 3892 748 3962 27).
783 3893 862 3945 Ad
920 3891 970 3946 id
1016 3893 1156 3962 quod
1184 3891 1386 3946 dictum
1428 3907 1509 3948 ρει
1545 3911 1557 3946 :
1593 3893 1692 3947 Hic

135 3988 192 4029 est
222 3981 520 4050 ﬁliusmeus,
547 3994 600 4037 ct
633 3983 791 4036 Pater
813 3999 976 4048 mens,
1005 3991 1256 4036 utrunme
1278 3983 1376 4036 sibi
1401 3985 1687 4038 convenit:

141 4067 270 4124 Nemo
296 4075 422 4128 nouit
445 4073 647 4128 Filium
679 4074 780 4127 nisi
803 4083 966 4142 pater,
1002 4089 1159 4142 neque
1188 4072 1396 4126 Patrem
1421 4074 1534 4144 quis
1555 4075 1690 4126 novit

137 4162 212 4214 nisi
239 4163 433 4220 Filius?
460 4167 582 4222 Non
631 4167 774 4220 enim
809 4167 908 4219 nisi
939 4181 1033 4235 per
1064 4176 1302 4220 mntnatn
1336 4165 1404 4238 (e)
1441 4167 1691 4221 testiﬁca-

140 4253 301 4310 lionem
336 4261 589 4330 cognosci
621 4258 702 4312 vel
735 4274 827 4327 per
870 4259 1084 4312 Patrem
1120 4257 1286 4313 Filius
1309 4297 1324 4324 ,
1376 4259 1456 4312 vel
1487 4275 1578 4328 per
1600 4259 1690 4312 Fi-

142 4341 239 4398 lium
260 4346 404 4405 Pater
426 4352 626 4421 potuit.
652 4349 770 4405 Vox
796 4365 826 4404 e
847 4349 998 4406 caelis
1025 4360 1107 4405 est
1137 4369 1147 4403 :
1176 4365 1359 4405 sermo
1381 4351 1546 4406 etiam
1573 4350 1694 4406 Filii

215 4505 260 4570 1)
292 4505 537 4563 Vindicet.

211 4573 260 4650 ἓ)
290 4575 541 4650 Professio
577 4579 746 4649 ﬁdelis
767 4589 858 4635 est.

195 4639 261 4715 (5)
283 4639 640 4721 Proprietates.

199 4780 259 4851 (tt)
285 4782 395 4860 Par.
447 4802 582 4860 enni
613 4788 1000 4845 vetustioribus
1029 4804 1158 4845 mss.
1191 4787 1370 4857 Colb.,
1401 4787 1610 4860 Remig.
1644 4799 1699 4846 et

146 4847 318 4916 Gerun,
342 4855 513 4912 Jesum
544 4858 827 4914 Christum.

167 4990 174 4998 _
201 4920 263 4990 (lt)
288 4927 464 4982 Excusi
500 4971 516 4993 ,
550 4941 790 4984 naturam
813 4932 1064 4986 uocabuli.
1089 4931 1310 4986 Rectius
1329 4945 1460 4986 mss.
1480 4932 1698 4987 uocabu-

148 4990 210 5076 iis:
237 4999 402 5076 supple
429 4990 734 5076 signiﬁcari.
766 5002 856 5058 Sic
881 5006 972 5076 lib.
1005 5019 1042 5069 ι,
1075 5019 1224 5057 num.
1267 5003 1328 5057 ‘21
1358 5023 1370 5056 :
1409 4999 1582 5074 Neque
1606 5019 1695 5058 uo-

148 5063 303 5144 cabulis
325 5063 702 5144 intelligentiam
727 5063 1066 5144 confundant.
1497 5063 1509 5074 ’
1611 5109 1614 5114 ·

285 5135 334 5191 In
381 5135 506 5214 mss".
550 5142 732 5208 Colb.,
763 5135 942 5212 M:irt.,
975 5145 1136 5199 Corb.
1171 5154 1226 5198 et
1267 5145 1413 5209 aliis,
1445 5145 1698 5214 professio

152 5201 284 5286 ﬁdelis
307 5212 474 5286 estalt:
502 5214 661 5268 Carn.
688 5201 941 5284 professio
969 5216 1098 5286 ﬁdes
1128 5227 1222 5272 est.
1253 5215 1310 5270 ln
1343 5201 1466 5270 aliis
1491 5201 1665 5272 tribus
1684 5255 1700 5282 ,

152 5280 354 5352 Professio
385 5284 476 5352 ﬁlii
502 5295 595 5340 est.

209 5349 279 5427 id)
311 5349 417 5427 γαί.
468 5357 579 5409 bas.
642 5371 745 5411 ms.
794 5358 1290 5427 professioneszqui
1335 5357 1494 5412 etiam
1541 5357 1700 5426 paulo

154 5427 255 5503 ante
270 5421 434 5503 habet,
458 5421 832 5503 professionum
859 5421 1070 5482 nomina
1105 5421 1408 5498 sequ-untur,
1439 5421 1555 5482 non
1573 5445 1696 5498 pro-

156 5498 347 5568 Ρηριμςὶε
375 5500 575 5552 nomina
598 5510 900 5568 sequuntur.

213 5558 269 5630 (ι)
290 5563 336 5643 in
363 5568 548 5643 eodem
573 5558 760 5625 codice
794 5584 1001 5625 necnon
1032 5571 1186 5626 Mart.
1219 5571 1652 5641 signiﬁcationem
1680 5588 1693 5624 :

159 5639 234 5681 vos
261 5639 418 5691 minus
445 5639 662 5694 diserta.

187 5699 270 5786 illi
300 5703 357 5786 1η,
376 5724 500 5786 mss.
529 5710 648 5786 haec
693 5727 798 5767 vox
826 5713 898 5767 ita
931 5711 1168 5785 pingitur
1190 5754 1206 5780 ,
1258 5721 1318 5768 ut
1333 5717 1426 5786 jus
1457 5725 1614 5782 teque
1639 5727 1704 5769 ac

163 5779 216 5818 m
237 5779 382 5838 poss'u
401 5779 624 5835 admitti.

217 5840 281 5910 (tt)
307 5844 458 5916 Editi,
481 5853 593 5920 qtae
617 5853 670 5908 in
699 5853 777 5909 his
819 5854 945 5919 ﬁdes
971 5873 984 5910 :
1022 5852 1349 5925 caStiga'ntu'r
1373 5855 1437 5909 ex
1469 5843 1705 5924 scriptis.

1797 3336 1938 3406 ﬁlius
1964 3352 2106 3389 meus
2133 3334 2350 3406 (Μαῖα,
2371 3352 2407 3400 I,
2437 3336 2546 3405 11).
2572 3335 2684 3390 Hoc
2705 3335 2941 3390 Joannes
2974 3336 3096 3389 licet
3119 3349 3226 3388 non
3252 3335 3402 3404 igna-

1799 3441 1895 3481 rus
1917 3426 2142 3491 audivit,
2195 3437 2370 3482 tamen
2403 3425 2470 3480 ad
2519 3426 2820 3481 doctrinam
2864 3434 3105 3480 nostram
3157 3437 3398 3496 paternae

1797 3521 1948 3576 vocis
1979 3520 2347 3575 testimonium
2390 3520 2620 3574 mittitur
2654 3537 2666 3572 :
2700 3533 2799 3573 nec
2830 3520 2932 3572 hoe
2959 3517 3179 3572 sufﬁcit.
3237 3517 3400 3572 Joan-

1800 3625 1897 3666 nes
1927 3611 2143 3677 quidem
2186 3611 2238 3666 in
2283 3610 2501 3665 deserto
2529 3609 2724 3680 dignus
2753 3609 2854 3663 hac
2899 3624 3032 3665 voce
3062 3618 3164 3675 est,
3208 3608 3305 3664 sed
3344 3619 3402 3664 et

1798 3705 2029 3774 apostoli
2068 3704 2144 3776 (6)
2186 3720 2292 3758 non
2324 3703 2541 3759 fuerunt
2569 3703 2728 3774 hujus
2751 3705 3043 3759 testimonii
3075 3704 3398 3760 auctoritate

1803 3795 2070 3866 privandi.
2105 3795 2306 3851 Eadem
2334 3795 2401 3850 de
2430 3797 2570 3851 coelo
2599 3795 2663 3851 ad
2688 3811 2782 3851 eos
2825 3812 2932 3850 vox
2954 3795 3107 3851 adest
3139 3813 3152 3848 :
3183 3796 3280 3851 sed
3306 3811 3401 3851 ac.

1800 3890 2004 3958 cipiunt
2028 3890 2145 3958 plus
2170 3889 2398 3944 Joanne.
2424 3889 2662 3945 Joannes
2688 3890 2830 3945 enim
2852 3889 2962 3959 jam
2994 3890 3061 3944 ab
3095 3900 3250 3944 utero
3276 3903 3400 3958 pro-

1800 3981 2031 4051 phetans
2079 3999 2183 4038 non
2212 3983 2358 4053 eguit
2390 3983 2489 4038 hac
2536 3999 2666 4038 voce
2702 4003 2713 4036 :
2747 3983 2900 4037 Hunc
2927 3984 3123 4037 audite.
3170 3983 3398 4038 Audiam

1802 4075 1959 4144 plane
1995 4093 2007 4128 :
2059 4090 2159 4129 nec
2196 4090 2519 4144 quemquam
2565 4086 2760 4144 praeter
2803 4075 2948 4129 hunc
2995 4075 3206 4128 audiam
3235 4117 3248 4139 ,
3298 4074 3403 4129 nisi

1801 4180 1922 4220 eum
1953 4165 2042 4233 qui
2088 4165 2320 4220 audierit
2363 4176 2418 4218 ut
2448 4165 2689 4221 doceret.
2724 4165 2778 4219 Si
2822 4167 3025 4220 nullutn
3057 4165 3198 4218 aliud
3226 4165 3401 4221 Patris

1800 4259 1868 4316 de
1895 4258 2032 4314 Filio
2059 4259 2427 4314 testimonium
2455 4268 2632 4313 exstat
2657 4257 2709 4313 in
2739 4259 2913 4326 libris,
2950 4274 3109 4329 quam
3139 4259 3284 4330 quod
3314 4259 3403 4313 hic

1803 4351 1946 4407 ﬁlius
1975 4367 2104 4407 suus
2132 4351 2204 4406 sit
2231 4368 2244 4404 :
2275 4351 2568 4406 testimonii
2594 4350 2756 4422 hujus
2779 4353 2980 4407 veritas
3006 4361 3109 4416 est,
3135 4363 3194 4410 ut
3237 4367 3402 4423 opera

1872 4507 1952 4584 (ﬁt)
1985 4509 2083 4584 .las
2111 4509 2312 4584 diserte
2336 4510 2596 4580 scriptum
2622 4518 2708 4566 est
2737 4511 2789 4566 in
2818 4518 3006 4567 nostro
3031 4508 3240 4566 codice.

1871 4579 1954 4649 (5)
1987 4579 2304 4636 Incredulis.

1871 4581 1930 4649 (5
1987 4581 2304 4636 Incredulis.

1869 4581 1954 4727 (ϐξ
1982 4652 2107 4707 Νοη
2135 4655 2360 4724 fuerant.

1879 4790 1970 4873 (Ii)
1992 4789 2597 4873 Exemplar_Yat.__has.,
2635 4802 2689 4845 ut
2711 4793 2902 4873 faciam
2923 4788 3171 4873 ,‘omisso
3207 4786 3405 4843 deinde

1807 4879 1922 4926 qua:
1943 4865 2077 4933 facio
2107 4881 2118 4915 :
2155 4861 2296 4931 quod
2331 4865 2382 4916 in
2421 4862 2575 4917 Mart.
2613 4861 2810 4932 pariter
2832 4861 3112 4915 omittitur.

1883 4928 1953 5002 (ἱ)
1994 4928 2182 5003 Αρυ(1.’
2214 4934 2342 4988 Bad.
2377 4943 2431 4988 et
2464 4934 2554 4986 Er.
2592 4928 2646 4987 ut
2671 4933 2724 4987 in
2763 4935 3062 4987 recentiore
3085 4944 3193 5003 ms.
3221 4928 3404 5003 Colb.,

1808 5000 2054 5058 veritatis:
2091 5005 2146 5058 ln
2177 5019 2310 5059 mss.
2346 5005 2460 5056 Vat.
2489 5004 2604 5058 bas.
2632 5014 2684 5057 et
2712 5003 2892 5066 Mart.,
2920 5001 3208 5054 virtutibus.
3238 5000 3406 5070 Magis

1807 5077 2125 5146 placetcum
2152 5076 2270 5146 aliis
2301 5075 2472 5138 libris,
2502 5074 2725 5136 uirtutis,
2753 5073 2942 5146 supple
2972 5071 3277 5146 testimonio.

1884 5146 1948 5216 (ἱ)
1972 5145 2298 5216 Particulam
2321 5147 2494 5216 itaque
2509 5159 2789 5216 perperam
2818 5158 2847 5196 a
2877 5141 3061 5212 Lipsio
3081 5153 3406 5212 expunctam

1807 5215 2142 5273 restituimus
2168 5229 2234 5270 ex
2266 5215 2395 5269 Bad.
2421 5256 2435 5280 ,
2481 5215 2569 5270 Er.
2595 5226 2646 5268 et
2675 5228 2808 5269 mss.

1905 5286 1956 5355 k)
1991 5285 2134 5354 Lips.
2156 5285 2507 5355 cnmaliquot
2533 5301 2662 5339 mss.
2691 5283 2994 5338 incredulis.
3024 5282 3094 5337 At
3122 5283 3280 5351 Bad.,
3312 5285 3402 5339 Er.

1805 5367 1862 5415 et
1890 5354 2012 5412 Par.
2039 5372 2159 5412 cum
2193 5354 2511 5423 potioribus,
2537 5355 2920 5410 incredibilibus
2947 5373 2958 5408 :
2985 5357 3271 5418 sincerius,
3300 5357 3403 5410 etsi

1805 5445 1912 5485 non
1942 5430 2046 5481 alio
2073 5442 2254 5483 sensu.
2290 5429 2376 5482 Sit:
2413 5428 2463 5480 in
2486 5427 2676 5481 Matth.
2702 5469 2716 5492 ,
2760 5442 2807 5481 c.
2834 5441 2963 5490 xvn,
2995 5443 3048 5480 n.
3079 5425 3134 5488 6,
3165 5425 3408 5494 Apostoli

1803 5501 2072 5573 generatio
2119 5497 2529 5573 incredibiliset
2579 5515 2817 5573 peruersa
2875 5497 3419 5573 nuncupatitnr._Ea-

1811 5569 1934 5628 dem
1967 5587 2069 5624 vox
2118 5571 2311 5624 eadem
2370 5571 2580 5625 ratione
2627 5570 2684 5624 in
2722 5569 2942 5639 Vulgata
2971 5578 3168 5639 _nostra
3219 5570 3416 5626 usitata

1813 5654 1920 5709 est,
1969 5652 2026 5697 ut
2067 5643 2254 5696 videre
2293 5649 2377 5696 est
2421 5641 2588 5696 Eccli.
2623 5660 2662 5708 ι,
2711 5633 2918 5706 56,ἰι,
2955 5633 3054 5705 f8:
3114 5639 3347 5695 Baruch.
3375 5657 3413 5708 ι,

1818 5715 1908 5770 19.
1938 5723 2044 5768 etc.

2105 5799 2210 5840 ms.
2244 5783 2400 5856 Mart.
2438 5783 2526 5839 hic
2575 5783 2852 5856 occurrit,
2899 5791 3083 5856 praeter
3103 5798 3255 5853 quam
3282 5780 3421 5851 quod

1822 5854 2061 5912 auditum
2092 5867 2192 5922 est,
2221 5855 2365 5925 quod
2391 5871 2456 5912 ex
2485 5854 2741 5925 subjectis
2768 5854 2982 5914 Videtur
3009 5859 3341 5922 expressum.
3403 5919 3412 5926 ρ
