3960 6202
142 324 235 387 is:
993 302 996 306 ’
1351 316 1442 377 ne
1472 315 1843 376 TRINITATE
1885 290 2091 377 Lmen
2130 319 2221 380 vr.
3345 330 3449 387 ise

145 441 286 513 impii
311 447 367 496 et
389 437 663 496 Christum
694 437 968 505 nesciunt,
1023 445 1079 494 et
1133 435 1277 493 unde
1329 435 1400 494 sit
1450 437 1736 496 nesciunt?
1761 435 1952 502 ADeo
1989 440 2154 508 exivi,
2207 436 2414 514 etquid
2440 446 2589 498 esset
2614 446 2663 498 et
2690 440 3139 503 veni:continuo
3181 440 3443 525 subjecit,

143 535 270 594 Nam
294 533 345 590 id
367 576 386 601 ,
412 532 492 607 (α)
519 531 667 604 quod
724 531 864 588 unde
907 531 977 587 sit
1031 530 1332 603 ignoratur,
1376 539 1625 588 naturam
1672 547 1740 588 ex
1844 531 1957 587 Nec
1981 534 2115 588 enim
2143 550 2174 587 a
2200 549 2282 589 me
2308 534 2454 602 veni,
2485 535 2577 591 sed
2604 534 2696 592 ille
2722 551 2804 592 me
2824 534 2982 591 misit.
3016 534 3085 608 (ι’)
3105 533 3222 594 Νοιι
3248 550 3307 593 se
3339 536 3445 597 sibi

146 639 373 702 quaest,
404 626 531 683 dum
559 626 706 683 unde
755 626 826 681 sit
876 624 1135 693 nescitur,
1193 625 1448 682 ostendit.
1499 626 1741 698 ignorari

146 722 279 780 enim
309 718 451 776 unde
478 720 547 775 sit
565 734 676 774 non
705 726 916 791 potest,
943 717 1160 789 quiquid
1184 718 1421 774 substitit
1448 734 1515 775 ex
1534 719 1735 776 nihilo:

147 815 260 887 quia
294 815 396 869 hoc
464 813 674 883 ipsum,
729 812 871 883 quod
921 826 1029 865 non
1080 810 1361 882 ignoratur
1408 825 1477 867 ex
1527 809 1735 879 nihilo,

146 909 521 982 ignorationem
558 906 677 976 ejus
704 904 849 960 unde
895 904 965 960 sit
993 920 1099 959 non
1121 904 1307 960 habet.
1330 902 1447 960 Non
1477 920 1545 961 ex
1567 920 1627 960 se
1655 915 1739 962 est

150 1011 315 1059 autem
340 1001 428 1056 ille
456 1000 544 1071 qui
569 999 749 1065 venit;
808 998 905 1054 sed
950 996 1043 1068 qui
1095 998 1242 1052 misit
1271 1013 1393 1052 eum
1421 1012 1583 1053 verax
1613 1008 1696 1054 est
1719 1043 1735 1070 ,

147 1113 294 1171 quem
323 1096 476 1168 impii
506 1094 779 1152 nesciunt.
812 1094 931 1150 Jam
961 1108 1092 1165 ergo
1119 1094 1209 1150 ille
1257 1096 1348 1165 qui
1406 1094 1589 1165 misit,
1624 1095 1763 1168 ipse-

148 1205 223 1249 est
242 1193 325 1262 qui
353 1191 566 1246 misisse
593 1189 907 1260 ignoratur.
937 1188 1020 1244 Ah
1041 1204 1107 1246 eo
1133 1204 1265 1260 ergo
1284 1234 1299 1260 ,
1331 1189 1422 1262 qui
1446 1189 1625 1260 misit,
1655 1198 1739 1246 est

150 1285 235 1341 ille
252 1286 335 1356 qui
359 1285 556 1339 missus
587 1290 671 1339 est
698 1300 711 1336 :
736 1289 792 1337 et
813 1281 882 1337 ab
906 1295 975 1337 eo
1004 1290 1088 1337 est
1116 1281 1262 1337 unde
1308 1296 1432 1337 esse
1458 1281 1735 1350 nescitur;

150 1388 197 1434 et
216 1377 281 1433 ob
301 1378 398 1432 hoc
417 1376 509 1447 qui
537 1375 606 1429 sit
628 1373 747 1445 ipse
775 1375 1037 1440 nescitur,
1060 1372 1189 1431 dum
1221 1373 1498 1445 ignoratur
1550 1388 1581 1429 a
1630 1388 1739 1445 quo

152 1471 365 1529 sit.Non
391 1470 541 1526 novit
570 1467 849 1525 Christum
873 1508 891 1537 ,
945 1469 1035 1539 qui
1069 1468 1211 1524 unde
1233 1467 1481 1524 Christus
1520 1470 1593 1524 sit
1611 1485 1735 1525 nes-

151 1568 248 1632 cit;
272 1583 366 1622 nec
395 1564 559 1620 lilium
585 1564 897 1630 conﬁtetur,
926 1562 1018 1634 qui
1044 1570 1204 1634 negat
1225 1571 1444 1628 natum;
1479 1576 1579 1618 nec
1633 1578 1732 1617 na-

154 1671 253 1715 tum
282 1660 554 1730 intelligit,
588 1658 678 1729 qui
707 1657 916 1728 putavit
942 1672 1009 1711 ex
1036 1656 1231 1711 nihilo.
1283 1655 1382 1713 Ex
1431 1655 1601 1711 nihilo
1644 1670 1742 1710 au-

157 1764 250 1809 tem
295 1767 461 1824 usque
490 1751 631 1807 adeo
658 1765 767 1805 non
797 1756 910 1817 est,
937 1756 997 1803 ut
1023 1748 1171 1819 impii
1204 1747 1345 1803 unde
1372 1747 1443 1802 sit
1471 1747 1733 1804 nesciant.

1842 638 1963 681 esse
1988 624 2249 696 originem
2271 626 2456 684 docuit
2477 668 2493 696 ,
2518 642 2639 684 cum
2667 628 2743 685 ait
2771 648 2785 685 :
2822 628 2935 684 Nec
2965 629 3145 686 enima
3168 646 3249 685 me
3288 632 3442 699 veni,

1844 726 1901 774 et
1921 716 2160 791 (supple,
2193 720 2341 791 cum)
2372 735 2591 778 rursum
2614 737 2681 778 ex
2716 721 2828 778 Deo
2854 732 2914 779 se
2940 720 3148 793 exisse,
3180 732 3237 781 et
3261 721 3330 779 ab
3381 737 3449 777 eo

1841 811 2065 868 missum
2088 827 2211 869 esse
2235 821 2484 870 testatur.
2517 815 2622 873 Sed
2654 831 2775 872 cum
2805 816 2998 887 abiis,
3030 818 3121 891 qui
3147 817 3249 874 sibi
3275 818 3442 875 Deum

1840 913 2049 977 patrem
2079 906 2358 976 dicerent,
2390 908 2593 966 idcirco
2621 925 2681 966 se
2702 909 3035 982 diligendum
3070 911 3173 980 ait,
3197 913 3323 986 quia
3375 927 3445 969 ex

1842 997 1954 1054 Deo
1984 997 2186 1056 exisset
2210 1016 2224 1068 ;
2252 1015 2470 1056 causam
2495 1001 2802 1059 dilectionis
2828 1018 2898 1061 ex
2919 1020 3082 1062 causa
3120 1005 3302 1061 docuit
3322 1021 3444 1062 esse

1841 1091 2121 1147 nascendi.
2153 1091 2345 1150 Exisse
2370 1094 2515 1163 enim
2544 1094 2611 1149 ad
2638 1095 3003 1167 incorporalis
3031 1096 3327 1157 nativitatis
3354 1112 3444 1154 re—

1840 1183 1962 1239 tulit
2007 1200 2203 1241 nomeu
2249 1204 2263 1241 :
2315 1186 2440 1259 quia
2495 1187 2686 1261 religio
2734 1187 3022 1261 proﬁtendi
3084 1188 3187 1245 sibi
3236 1199 3446 1261 patrem

1841 1278 2010 1336 Deum
2032 1321 2046 1346 ,
2070 1296 2139 1336 ex
2156 1279 2448 1337 dilectione
2472 1280 2672 1338 Christi
2700 1283 2793 1356 qui
2819 1300 2885 1340 ex
2911 1300 2978 1342 eo
3004 1283 3220 1358 genitus
3264 1295 3349 1341 est
3374 1286 3448 1342 sit

1841 1371 2118 1428 merenda.
2149 1372 2281 1428 Nam
2305 1389 2425 1430 cum
2449 1375 2557 1430 ait:
2586 1375 2688 1444 Qui
2717 1394 2797 1433 me
2825 1379 2964 1447 odit,
2983 1389 3027 1433 et
3052 1388 3254 1450 patrem
3280 1397 3449 1436 meum

1842 1466 1950 1520 odit
1980 1467 2162 1536 (Joan.
2188 1482 2276 1536 xv,
2309 1467 2403 1538 25)
2426 1483 2446 1523 :
2476 1485 2649 1524 meum
2676 1485 2801 1525 cum
2854 1471 2958 1538 ait,
3010 1474 3447 1530 communionem

1842 1559 2079 1614 nominis
2106 1558 2350 1631 (supple,
2384 1576 2508 1618 cum
2536 1560 2682 1634 aliis)
2711 1579 2807 1634 per
2836 1563 3284 1636 signiﬁcationem
3313 1581 3441 1638 pro-

1840 1651 2086 1723 prietatis
2113 1652 2367 1708 exclusit.
2394 1652 2665 1711 Caeterum
2699 1655 3046 1726 proﬁtentem
3099 1657 3201 1713 sibi
3236 1668 3445 1727 patrem

1845 1735 2045 1807 Deum',
2100 1752 2157 1799 et
2198 1758 2257 1799 se
2282 1758 2388 1799 non
2438 1744 2784 1817 diligentem,
2839 1744 2894 1801 in
2950 1746 3160 1819 paterni
3209 1749 3444 1805 nominis

214 1847 297 1904 50.
326 1846 468 1902 Deus
491 1846 558 1900 iis
583 1846 710 1901 solis
738 1855 810 1899 est
830 1853 977 1917 pater
1001 1844 1086 1915 qui
1113 1843 1277 1915 ﬁlium
1308 1843 1483 1898 colunt
1511 1884 1525 1909 ,
1558 1859 1658 1896 non
1685 1848 1742 1897 ut
1768 1846 1816 1908 Β
1846 1836 2195 1908 usurpatione
2217 1836 2544 1893 condemnat
2577 1856 2590 1893 :
2630 1839 2791 1917 156
2830 1837 2911 1912 (g)
2964 1840 3199 1914 quiaqui
3221 1855 3280 1896 se
3302 1842 3446 1908 odit,

154 1940 446 2009 adoptivum.
475 1938 641 1993 Exire
666 1955 731 1993 ex
757 1936 866 1992 Deo
891 1936 1015 2006 quid
1037 1937 1123 1990 sit.
1142 1935 1269 1990 Filii
1292 1935 1544 2009 diligendi
1563 1952 1737 2004 causa,

152 2034 267 2088 ratio
284 2032 549 2087 nascendi.
581 2061 654 2072 —
677 2029 938 2085 Nesciunt
965 2030 1147 2099 plane,
1176 2029 1456 2097 nesciunt,
1504 2029 1593 2100 qui
1645 2042 1743 2082 na-

152 2133 308 2179 turam
333 2123 541 2180 nomini
570 2121 849 2189 adimunt,
877 2120 951 2195 (b)
975 2120 1069 2193 qui
1097 2122 1404 2177 nescientes
1425 2136 1530 2199 non
1584 2120 1739 2199 155

153 2217 495 2272 amantseire.
521 2215 591 2271 Et
617 2215 839 2269 audiant
867 2213 1062 2269 Filium
1094 2214 1340 2270 scientia:
1387 2213 1544 2287 hujus
1590 2215 1740 2286 ign‘o-

152 2310 392 2365 rationem
425 2308 613 2381 impiis
633 2323 699 2364 ex
712 2306 1056 2379 probrantem
1073 2349 1089 2373 ,
1117 2316 1229 2361 tum
1260 2321 1383 2362 cum
1407 2306 1510 2361 sibi
1534 2317 1738 2377 patrem

154 2403 302 2458 Deum
322 2402 495 2459 Judaei
529 2401 813 2467 dicerent;
843 2400 918 2455 ait
947 2400 1093 2455 enim
1126 2416 1139 2453 :
1170 2399 1231 2455 Si
1260 2397 1403 2454 Deus
1440 2408 1588 2472 pater
1630 2415 1740 2454 ves-

153 2507 218 2552 ter
234 2507 383 2563 esset,
410 2493 701 2567 diligeretis
722 2494 899 2564 utique
917 2507 1034 2558 me;
1056 2509 1149 2563 ego
1168 2492 1304 2547 enim
1349 2502 1381 2545 α
1422 2489 1532 2546 1)εο
1569 2491 1736 2558 exivi,

152 2600 195 2644 et
217 2591 356 2645 veni:
378 2606 469 2644 nec
497 2604 533 2642 a
556 2604 637 2642 me
660 2587 809 2652 veni,
838 2584 926 2641 sed
952 2585 1040 2639 ille
1080 2600 1160 2639 me
1187 2584 1327 2638 misit
1370 2582 1554 2657 (Joan.
1602 2599 1699 2643 vut
1719 2624 1735 2652 ,

152 2682 254 2754 42).
279 2681 544 2753 Religiosi
574 2679 807 2735 nominis
834 2679 1254 2750 assumptionem
1284 2677 1377 2732 Dei
1408 2677 1549 2733 ﬁlius
1574 2678 1626 2733 in
1655 2676 1740 2734 his

154 2777 309 2853 quise
332 2776 419 2831 Dei
447 2774 526 2849 (c)
561 2774 731 2829 ﬁlium
782 2772 1102 2828 conﬁtentes
1169 2778 1379 2842 patrem
1423 2771 1526 2826 sibi
1570 2770 1737 2826 Deum

155 2869 394 2936 dicerent,
420 2885 532 2925 non
557 2867 920 2939 improbavit;
948 2865 1041 2922 sed
1064 2863 1405 2921 temerariam
1427 2864 1736 2920 Iudaeorum

156 2962 581 3033 usurpationem,
617 2970 823 3032 patrem
871 2958 976 3015 sibi
1029 2958 1202 3013 Deum
1252 2957 1734 3028 przesumentium,

156 3071 238 3127 per
262 3056 310 3112 id
331 3057 470 3130 quod
496 3071 561 3112 se
588 3070 698 3111 non
719 3054 1005 3124 diligerent
1022 3095 1037 3121 ,
1064 3052 1313 3125 obiurgat
1344 3070 1359 3108 :
1391 3051 1454 3107 Si
1483 3049 1626 3106 Deus
1649 3068 1740 3123 pa-

156 3159 221 3204 ter
242 3159 393 3206 vester
420 3157 595 3215 esset,
626 3146 909 3220 diligeretis
955 3145 1130 3217 utique
1155 3160 1267 3210 me;
1295 3161 1387 3217 ego
1410 3145 1546 3199 enim
1574 3162 1606 3199 a
1627 3142 1738 3201 Deo

1846 1929 2023 1986 oderit
2057 1940 2111 1986 et
2134 1930 2380 1997 Patrem;
2410 1946 2510 1986 nec
2532 1933 2583 1987 in
2624 1932 2792 1987 Deum
2844 1940 3052 2003 patrem
3108 1934 3182 1988 sit
3223 1934 3444 2006 religio-

1844 2037 1958 2090 sus,
1978 2021 2069 2093 qui
2089 2038 2197 2078 non
2220 2022 2410 2095 diligat
2440 2022 2672 2092 Filium;
2703 2040 2827 2080 cum
2853 2024 3111 2097 diligendi
3162 2024 3286 2082 Filii
3334 2043 3443 2087 non

1844 2115 1949 2170 alia
1978 2130 2138 2171 causa
2170 2116 2260 2181 sit,
2290 2131 2449 2187 quam
2476 2115 2623 2191 quod
2645 2130 2708 2171 ex
2743 2116 2854 2172 Deo
2875 2118 2965 2172 sit.
3000 2116 3081 2172 Ex
3124 2117 3237 2185 Deo
3284 2117 3447 2189 igitur

1844 2208 2014 2265 Filius
2039 2217 2152 2274 est,
2186 2224 2293 2264 non
2331 2208 2601 2279 adventu,
2631 2209 2726 2265 sed
2754 2209 3032 2266 nativitate
3079 2227 3094 2264 :
3146 2220 3202 2265 et
3239 2208 3320 2284 (5)
3366 2210 3447 2267 di-

1843 2302 2003 2358 lectio
2028 2301 2082 2357 in
2112 2301 2328 2358 Patrem
2360 2301 2443 2377 (Ιι)
2466 2301 2554 2358 hic
2580 2303 2685 2359 erit
2710 2301 2913 2372 omnis,
2967 2301 3016 2358 si
3050 2303 3223 2361 Filius
3271 2319 3340 2373 ex
3382 2319 3449 2362 eo

1841 2412 1964 2454 esse
1990 2396 2262 2453 credatur.

1912 2494 2002 2551 5|.
2028 2492 2283 2567 Perfecta;
2307 2494 2370 2549 de
2398 2491 2540 2559 Filio
2562 2492 2688 2563 ﬁdei
2708 2494 2966 2561 meritum.
2998 2491 3102 2560 Qui
3126 2502 3175 2561 et
3202 2496 3449 2565 nativita-

1842 2595 1939 2644 tent
1966 2603 2028 2643 ex
2050 2585 2208 2643 Patre
2228 2595 2278 2642 et
2304 2587 2581 2642 adventum
2604 2587 2673 2643 ad
2699 2604 2791 2653 nos
2833 2587 3136 2659 distinguat.
3163 2618 3236 2629 —
3255 2589 3451 2651 Testa-

1841 2688 1929 2734 tur
1952 2678 2057 2735 hoc
2083 2679 2340 2735 Dominus
2361 2678 2550 2735 dicens
2584 2698 2597 2735 :
2632 2678 2758 2767 rNon
2788 2680 2956 2739 dicant
3002 2682 3176 2751 vobis,
3206 2684 3450 2753 quoniant

1842 2790 1932 2846 ego
1958 2772 2148 2846 rogabo
2176 2771 2385 2829 Patrem
2414 2790 2507 2846 pro
2533 2775 2675 2830 vobis
2730 2791 2743 2829 :
2798 2776 2909 2845 ipse
2955 2776 3094 2831 enim
3124 2776 3285 2835 Pater
3311 2788 3454 2833 amat

1839 2882 1927 2921 vos
1946 2908 1960 2933 ,
1985 2866 2227 2939 quoniam
2254 2882 2341 2921 vos
2362 2883 2442 2921 me
2467 2867 2673 2933 amatis,
2709 2874 2756 2922 et
2781 2867 2991 2922 creditis
3019 2870 3264 2937 quoniam
3286 2886 3378 2943 ego
3419 2887 3453 2925 a

1841 2958 1950 3014 Deo
1981 2959 2133 3024 exivi,
2158 2967 2254 3013 ela
2281 2958 2438 3014 Patre
2461 2961 2573 3015 veni
2593 2960 2648 3014 in
2677 2960 2812 3023 hunc
2838 2961 3089 3017 mundum
3121 2961 3297 3033 (Joan.
3331 2979 3442 3031 xvr,

1837 3052 1908 3106 ‘27
1929 3061 1976 3108 et
2002 3052 2118 3122 98).
2133 3051 2294 3110 Caret
2309 3053 2448 3123 apud
2462 3054 2677 3110 Patrem
2705 3055 3106 3115 intercessionis
3125 3058 3447 3125 necessitate

1840 3143 2077 3216 perfecta
2106 3144 2174 3201 de
2201 3143 2344 3201 Filio
2367 3146 2501 3202 ﬁdes
2520 3188 2536 3215 ,
2569 3148 2854 3219 quaequod
2884 3163 2915 3205 a
2940 3148 3054 3207 Deo
3081 3149 3275 3219 exierit
3316 3166 3440 3221 cre-

154 3243 285 3305 exivi.
313 3242 618 3309 Omnibus,
656 3240 854 3311 quibus
893 3254 988 3310 per
1032 3237 1192 3293 ﬁdem
1235 3238 1379 3292 Deus
1422 3246 1572 3307 pater
1621 3248 1738 3304 est,
1767 3237 1813 3300 C
1846 3236 1941 3291 dat
1968 3244 2131 3305 atque
2152 3246 2297 3301 amet
2323 3255 2336 3291 :
2362 3246 2418 3293 et
2448 3253 2546 3308 per
2572 3253 2630 3295 se
2654 3239 2767 3311 ipsa
2788 3240 2897 3310 jam
2921 3249 2976 3298 et
3006 3241 3180 3307 audiri
3211 3252 3453 3315 meretur

156 3352 237 3406 per
260 3351 370 3393 eam
397 3336 565 3392 ﬁdem
595 3342 749 3406 pater
778 3341 893 3399 est,
922 3330 1027 3403 q'ua
1048 3331 1233 3387 .lesum
1256 3329 1530 3386 Christum
1563 3330 1654 3386 Dei
1681 3330 1742 3385 ﬁ-

156 3428 269 3486 lium
290 3430 637 3486 conﬁtemur.
691 3425 947 3482 Coniiteri
1002 3435 1181 3482 autem
1235 3424 1405 3481 ﬁlium
1446 3424 1740 3482 secundum

157 3524 383 3592 generale
404 3532 727 3579 sanctorum
752 3536 971 3584 nomen,
993 3519 1121 3599 quid
1144 3519 1307 3575 habet
1338 3516 1481 3586 ﬁdci,
1513 3527 1571 3574 ut
1598 3518 1744 3573 dica-

158 3628 293 3682 mus,
319 3612 470 3671 Unus
522 3628 593 3669 ex
624 3612 747 3668 ﬁliis
774 3614 893 3669 est?
913 3613 1018 3669 Sed
1063 3613 1321 3687 numquid
1377 3621 1431 3668 et
1474 3614 1658 3668 caeteri
1688 3613 1742 3669 in

158 3703 244 3761 hac
261 3719 521 3763 creaturae
550 3720 663 3761 suae
689 3706 999 3761 inﬁrmitate
1026 3720 1132 3760 non
1182 3705 1279 3760 ﬁlii
1306 3706 1479 3761 sunt?
1521 3704 1581 3760 In
1634 3721 1740 3781 quo

161 3812 268 3870 ergo
291 3798 455 3856 ﬁlium
485 3798 590 3856 Dei
609 3799 798 3855 Jesum
826 3798 1098 3854 Christum
1156 3797 1291 3853 ﬁdes
1332 3797 1577 3857 confessa
1605 3813 1744 3870 prte-

158 3892 314 3962 cellit,
335 3909 454 3951 cum
485 3893 544 3951 ei
559 3894 641 3965 (ά)
669 3891 965 3949 secundum
995 3891 1163 3959 iilios,
1197 3890 1295 3947 ﬁlii
1343 3906 1452 3947 non
1508 3903 1700 3949 natura
1723 3933 1741 3961 ,

161 3988 240 4061 sed
268 4004 457 4045 nomen
481 3988 593 4044 sit?
618 3986 891 4043 Christum
922 3985 1258 4057 perﬁdiaista
1289 4001 1394 4042 non
1417 3985 1619 4057 diligit,
1662 3984 1742 4063 (i)

164 4093 249 4134 nec
273 4079 383 4136 haec
422 4080 592 4151 impia
619 4077 885 4150 professio
918 4079 1003 4149 pie
1030 4077 1134 4133 sibi
1188 4077 1418 4135 assumit
1457 4079 1623 4133 Deum
1649 4092 1745 4148 pa-

165 4178 301 4226 trem:
314 4173 433 4244 quia
446 4173 494 4228 si
507 4172 611 4226 sibi
627 4181 779 4241 pater
796 4171 932 4227 Deus
949 4169 1393 4237 esset,Christum
1406 4171 1478 4227 oh
1489 4170 1543 4225 id
1557 4171 1744 4241 dilige-

166 4272 287 4328 rent,
302 4265 419 4334 quia
432 4264 635 4321 exissel
650 4279 715 4319 ex
733 4264 1060 4319 Deo.Exisse
1080 4278 1145 4320 ex
1163 4263 1273 4319 Deo
1284 4262 1410 4334 quid
1431 4262 1748 4333 sitrequiro.

1845 3338 1900 3385 et
1926 3330 2118 3399 amari,
2146 3342 2329 3386 natum
2348 3346 2413 3387 ex
2445 3330 2559 3387 Deo
2591 3331 2784 3391 Filium
2812 3334 3142 3417 missumque
3166 3335 3436 3405 confessa.

1845 3421 2111 3479 Nativitas
2166 3423 2346 3495 itaque
2409 3424 2528 3496 ejus
2576 3433 2631 3489 et
2673 3424 2941 3481 adventus
2983 3427 3289 3485 ostenditur
3327 3444 3450 3487 cum

1846 3515 2244 3572 absolutissima
2301 3516 2669 3587 signiﬁcandre
2714 3518 3063 3588 proprietatis
3104 3519 3354 3587 veritate.
3406 3521 3452 3576 Α

1848 3614 1993 3682 Deo,
2026 3613 2127 3681 ait,
2161 3613 2324 3681 exivi;
2352 3628 2422 3669 ne
2451 3613 2504 3667 in
2530 3626 2599 3669 eo
2626 3611 2731 3667 alia
2749 3628 2910 3684 quam
2937 3612 3237 3670 nativitatis
3257 3623 3450 3677 natura

1846 3724 1970 3766 esse
1991 3709 2432 3770 existimaretur;
2465 3722 2589 3763 cum
2621 3708 2772 3764 exire
2794 3724 2824 3761 a
2850 3708 2994 3774 Deo,
3024 3707 3075 3763 id
3099 3715 3219 3774 est,
3251 3723 3316 3764 ex
3350 3724 3448 3771 na-

1846 3803 2056 3857 tivitate
2089 3801 2387 3857 subsistere
2406 3842 2421 3868 ,
2453 3800 2582 3872 quid
2610 3799 2756 3859 aliud
2783 3814 2943 3872 quam
2970 3799 3116 3856 Deus
3153 3798 3217 3876 (i)
3238 3802 3447 3877 posset?

1849 3894 1966 3948 Eta
1986 3892 2162 3961 Patre,
2187 3892 2380 3965 inquit,
2399 3894 2513 3947 veni
2534 3892 2587 3946 in
2616 3894 2750 3947 hunc
2779 3892 3050 3949 mundum.
3074 3892 3144 3951 Ut
3171 3894 3337 3949 exitio
3356 3893 3446 3951 illa

1846 4002 1875 4042 a
1900 3988 2010 4044 Deo
2023 3988 2274 4045 nativitas
2294 3986 2589 4058 signiﬁcata
2613 4001 2732 4045 esse
2750 3986 3141 4059 intelligeretur
3169 4002 3234 4045 ex
3262 3987 3447 4053 Patre.

1849 4094 1878 4134 a
1932 4078 2091 4135 Patre
2139 4094 2199 4136 se
2228 4081 2283 4135 in
2310 4080 2454 4134 hunc
2476 4078 2733 4133 mundum
2758 4077 3035 4148 professus
3074 4086 3159 4134 est
3210 4080 3447 4136 venisse.

1849 4169 2095 4226 Alterum
2125 4172 2304 4242 itaque
2332 4171 2386 4226 in
2413 4169 2818 4241 dispensatione
2837 4210 2851 4235 ,
2876 4170 3108 4225 alterum
3157 4168 3213 4225 in
3261 4178 3454 4227 natura

1852 4271 1956 4319 est.
1984 4262 2096 4319 Nec
2120 4264 2320 4334 patitur
2340 4263 2632 4319 exitionem
2659 4261 2949 4317 adventum
2978 4262 3301 4329 existimari,
3327 4278 3450 4318 cum

168 4350 265 4411 Non
313 4356 491 4429 utique
544 4355 651 4413 dici
700 4364 894 4428 potest,
931 4356 985 4413 id
1017 4357 1190 4427 ipsum
1233 4370 1354 4412 esse
1393 4371 1422 4411 a
1449 4356 1560 4413 Deo
1575 4356 1754 4413 exisse
1858 4364 1980 4428 post
2004 4356 2297 4413 exitionem
2319 4356 2515 4424 aDeo,
2544 4355 2837 4415 adventum
2865 4366 3258 4417 commemoret
3286 4370 3318 4413 a
3345 4356 3453 4412 Pa-

169 4443 235 4515 (2)
256 4447 347 4520 (e).
364 4450 507 4519 quod
525 4457 585 4507 et
603 4449 836 4516 venisse;
856 4465 979 4505 nam
1003 4459 1291 4521 utrumque
1310 4448 1599 4520 signiﬁcat:
1619 4449 1758 4517 Quo-
1861 4459 1962 4505 tre.
1985 4452 2030 4505 A
2056 4449 2218 4505 Patre
2237 4449 2383 4506 enim
2412 4451 2628 4507 venisse
2644 4491 2661 4517 ,
2691 4461 2746 4506 et
2772 4465 2839 4519 ex
2866 4450 2977 4507 Deo
2997 4450 3177 4507 exisse
3196 4492 3212 4520 ,
3246 4466 3351 4507 non
3371 4462 3457 4509 est

170 4538 292 4592 niam
313 4557 344 4595 a
362 4539 473 4597 Deo
525 4542 680 4610 exivi,
709 4550 755 4597 et
797 4544 935 4598 veni.
967 4542 1032 4598 Et
1056 4543 1350 4599 ostendens
1371 4540 1497 4613 quid
1525 4550 1670 4599 esset
1719 4559 1757 4615 a_
1777 4529 1832 4591 D
1856 4542 2267 4615 signiﬁcationis
2294 4542 2536 4614 ejusdem
2569 4550 2660 4601 :et
2684 4552 2946 4616 quantum
2966 4545 3191 4609 interest
3215 4542 3294 4617 (j)
3325 4558 3454 4601 nas-

173 4784 188 4833 !
238 4701 308 4785 (ί)
338 4702 447 4765 Nec
474 4703 640 4776 impia.
661 4702 915 4775 prafessio
945 4700 1026 4773 pie
1055 4699 1152 4756 sibi
1178 4700 1413 4759 adsumet
1441 4698 1613 4757 Deum
1634 4696 1743 4755 Pa-

190 4793 300 4833 rem.
400 4826 411 4832 -

190 4793 300 4835 rem.
400 4826 411 4832 -

256 4917 525 5001 pudeat,
552 4916 699 5001 quod
731 4915 805 4999 ait
830 4913 1244 5001 ignorariunde
1269 4914 1385 4987 ipse
1407 4914 1496 4997 sit.

253 4984 303 5059 Η
320 4989 479 5062 Editi,
498 4984 619 5062 quia
640 4984 936 5062 nescientes.
970 4986 1163 5062 verius
1181 4984 1311 5062 mss.
1336 4987 1422 5057 qui
1440 4984 1747 5040 nescientes:

175 5058 253 5126 qui
272 5058 523 5115 niiniruni
568 5074 671 5116 nec
723 5059 1095 5129 intelligentiae
1140 5059 1404 5113 rationem
1466 5064 1749 5126 quatruut,

178 5144 265 5185 nec
290 5131 852 5205 ahtaliisintimatam
899 5128 1151 5205 Cupiunt,
1209 5138 1268 5191 ut
1312 5128 1541 5195 habetur
1590 5143 1752 5203 supra

177 5216 307 5409 1³υῷ
328 5202 612 5344 ἐξίλλω.
644 5283 700 5335 et
722 5273 844 5347 Par.
874 5273 962 5345 qui
992 5288 1047 5327 se
1074 5271 1173 5330 Dei
1200 5271 1336 5341 ﬁlios
1371 5278 1663 5341 :corrUpte
1692 5283 1756 5325 ac

182 5353 237 5409 sit
272 5344 372 5401 lata
394 5346 445 5402 vi
476 5348 643 5405 totius
663 5345 986 5409 argumenti.
1019 5342 1097 5407 lbi
1129 5345 1327 5409 quippe
1349 5384 1364 5409 ,
1426 5351 1478 5396 et
1525 5357 1650 5405 mox
1700 5340 1751 5395 in

209 5358 237 5395 Il

290 5340 372 5401 ata
394 5346 445 5402 vi
476 5340 643 5405 totius
663 5340 986 5416 argumenti.
1019 5342 1097 5407 lbi
1129 5340 1327 5416 quippe
1349 5384 1364 5409 ,
1421 5351 1650 5416 _el_tnt__)x
1700 5340 1751 5395 in

305 5417 439 5498 quod
476 5433 531 5481 se
577 5434 678 5472 non
710 5406 1006 5498 diligerent,
1029 5406 1239 5498 voctila'
1264 5406 1435 5498 'sead
1478 5411 1750 5498 Christum

181 5482 423 5571 ῖείετίιιῖς
449 5498 740 5571 moesta"?
766 5482 1125 5571 ιιῖιὲτίμξςπιοη
1147 5482 1482 5571 improbatus,
1507 5482 1756 5571 “95.,‘9‘3:

1916 4696 1997 4771 (2)
2027 4698 2206 4771 Exire.

1914 4767 1991 4843 (ὅ)
2014 4769 2234 4827 Dilectio
2261 4771 2317 4826 in
2336 4767 2547 4827 Patrem
2571 4770 2734 4825 omnis
2752 4768 2874 4824 hinc
2898 4769 3014 4824 erit.

1924 4910 2014 4995 (ά).
2039 4912 2192 4995 Apud
2215 4911 2310 4995 Er.
2341 4911 2395 4975 in
2426 4911 2701 4995 margine,
2725 4910 3032 4995 ’ξεεαηάιψι
3052 4907 3265 4995 illos“;
3283 4905 3455 4995 quod

1855 4976 2049 5039 deinde
2077 4976 2319 5057 aiLipsio
2372 4976 2695 5057 arreptum,
2725 4979 2876 5057 Par.“
2901 4976 3144 5057 retinuit.
3168 5056 3171 5057 ν
3195 4976 3458 5057 Restitui-

1856 5071 1975 5109 mus
2001 5071 2063 5109 ex
2100 5047 2229 5109 Bad'.
2262 5064 2317 5109 et
2344 5070 2475 5107 mss.
2499 5047 2781 5107 secundum
2800 5047 3077 5119 ﬁlios,hoc
3095 5056 3214 5120 est,
3247 5048 3314 5105 ad
3341 5064 3459 5106 mo-

1857 5126 1983 5183 dum
2007 5136 2327 5181 cancrorum
2362 5125 2617 5183 ﬁliorum.

1954 5196 2002 5264 e)
2036 5194 2167 5250 'l‘rcs
2199 5211 2329 5249 mss.
2355 5194 2506 5249 Colb.
2538 5207 2661 5248 cum
2683 5191 2843 5247 Carn.
2877 5201 2931 5248 et
2958 5191 3168 5262 Germ.,
3199 5194 3361 5250 exire.

1954 5202 2002 5264 e)
2036 5202 2167 5250 'l‘rcs
2199 5211 2329 5249 mss.
2355 5202 2506 5249 Cotb.
2538 5207 2661 5248 cum
2683 5202 2843 5247 Carn.
2877 5202 2931 5248 et
2958 5202 3168 5262 Germ.,
3199 5202 3361 5250 exire.

1931 5202 1999 5339 éf)
2026 5265 2186 5339 Lips.
2217 5266 2450 5339 etil’arq
2483 5282 2637 5339 non‘a
2664 5280 2718 5339 se
2746 5283 2758 5317 :
2789 5265 3213 5339 reluctantibus
3234 5264 3355 5321 aliis
3395 5264 3463 5321 li-

1862 5336 1992 5393 bris.
2026 5336 2196 5409 Porro
2229 5336 2434 5409 Hilario
2460 5336 2781 5392 vocabulum
2813 5336 2958 5408 origo
2988 5351 3135 5409 saepe
3162 5336 3304 5409 idem
3335 5346 3457 5405 est,

1863 5409 2005 5480 quod
2030 5407 2184 5462 nobis
2206 5408 2535 5480 principium.

1938 5478 2014 5562 (9)
2050 5476 2215 5562 Vetus
2239 5476 2495 5562 codeth.
2528 5476 2739 5533 Martini
2768 5476 2995 5547 Turon.,
3046 5478 3166 5549 quia
3210 5479 3255 5553 si
3297 5477 3464 5549 oderit

187 5568 266 5627 se,
287 5559 371 5628 qui
400 5544 526 5615 cum
546 5544 817 5628 Christum
842 5544 941 5613 'De't
971 5548 1134 5628 ﬁliuttt
1160 5544 1241 5613 et:
1270 5544 1684 5628 conﬁterentur
1706 5560 1762 5608 et
1865 5544 2107 5628 Filium,
2138 5549 2299 5628 oderit
2322 5560 2367 5604 et
2397 5544 2623 5628 Batrem.

187 5626 412 5687 amarent
435 5671 452 5697 ,
485 5631 655 5693 Deum
680 5626 788 5683 sibi
813 5635 1015 5695 patrem

196 5848 412 5905 emtum
437 5857 507 5907 ex
531 5852 732 5903 erratoq

1111 5628 1333 5685 icerent.
1386 5626 1627 5683 Pessime
1671 5639 1766 5679 au-

191 5697 433 5779 ιεῐξιηῗξῐ.
473 5701 586 5765 has.
642 5715 748 5779 tus.
780 5698 876 5779 hic
918 5700 1077 5779 etiam
1126 5698 1328 5757 habens
1371 5699 1509 5779 ﬁlios
1535 5737 1550 5762 ,
1584 5707 1766 5779 postea

192 5766 427 5839 subiicit,
466 5788 568 5826 non
582 5771 752 5827 solum
773 5767 1118 5840 improbavit,
1150 5786 1249 5847 pro
1278 5766 1382 5831 non
1407 5766 1709 5839 improbavit
1750 5781 1768 5821 :

1938 5618 2015 5693 (lt)
2040 5624 2127 5679 Sic
2152 5620 2391 5693 potiores
2412 5618 2552 5675 libri.
2584 5619 2689 5693 Alii
2717 5634 2848 5685 vero
2867 5662 2883 5687 ,
2912 5620 3030 5693 hinc
3058 5624 3173 5679 erit.

1971 5686 2013 5763 ἱ)
2039 5695 2098 5750 ln
2124 5686 2226 5751 tus.
2253 5691 2435 5763 Matt,
2463 5708 2615 5761 quam
2642 5686 2784 5747 Deus
2810 5686 2959 5747 esset.

1975 5756 2031 5838 j)
2063 5763 2265 5821 Excusi
2291 5806 2304 5831 ,
2338 5756 2665 5838 internosci;
2697 5774 2754 5838 et
2774 5780 2932 5838 ιιιυξ,
2962 5767 3018 5823 in
3037 5765 3321 5833 substantia
3372 5779 3465 5821 ua-

1868 5833 2077 5893 tivit'a'tis
2110 5838 2295 5903 exisse,
2322 5834 2465 5890 aliud
2489 5834 2577 5901 sit,
2599 5848 2703 5892 etc.
2727 5833 3012 5907 Sequimur
3037 5853 3167 5895 mss.
