3960 6202
497 244 604 315 185

1717 245 1961 304 SANCTI
2000 246 2253 309 IIILARII
2293 249 2602 310 EPISCOPI

3709 262 3815 320 184

491 365 544 420 ci
567 407 583 432 ,
609 371 665 420 et
686 361 880 420 adesse
898 403 915 432 ,
948 368 1155 421 tantum
1185 375 1216 417 a
1244 375 1305 417 se
1333 368 1561 433 uterque
1607 376 1791 418 sermo
1826 362 2092 419 discerni-
2116 371 2171 428 Α
2195 366 2292 421 hoc
2313 367 2565 423 credimus
2588 369 2711 435 quia
2732 384 2773 424 α
2791 368 2902 425 Deo
2940 371 3091 426 existi
3140 369 3320 443 (Jaan.
3355 387 3472 442 xvt,
3496 372 3615 446 29).
3653 374 3808 444 Qum,

496 469 605 515 tur.
634 456 770 514 Cum
795 457 938 513 aliud
979 457 1059 537 sit
1093 471 1125 511 a
1158 456 1268 511 Deo
1301 457 1357 511 in
1386 455 1744 512 substantiam
1801 458 2098 514 nativitatis

495 552 707 618 exisse,
736 550 879 605 aliud
910 558 994 605 est
1014 565 1047 603 a
1076 548 1238 606 Patre
1269 550 1321 605 in
1352 549 1497 607 hunc
1537 552 1796 607 mundum
1851 553 1917 608 ad
1962 568 2099 609 con-

496 644 817 699 summanda
842 641 1031 701 Salutis
1059 652 1260 698 nostrae
1290 657 1631 700 sacramenta
1654 646 1889 702 venisse.

573 738 662 795 32.
691 735 923 793 Christus
951 737 1015 792 ab
1035 737 1288 808 apostolis
1329 740 1471 807 [ilius
1525 756 1588 795 ea:
1644 750 1835 795 natura
1886 757 1989 796 non
2039 758 2102 797 ea:

497 833 778 901 adeptione
805 831 1050 887 creditus.
1075 856 1149 872 -ι-
1170 832 1242 886 Et
1267 832 1484 902 quidem
1516 835 1814 890 secundum
1845 836 2100 907 proposi-

500 935 623 981 taea
668 925 827 981 nobis
883 924 1261 996 reSponsionis
1307 925 1551 981 ordinem
1605 927 2103 996 opportunissimus

502 1020 591 1074 hic
620 1017 782 1074 nobis
809 1018 961 1073 locus
988 1026 1111 1085 est,
1143 1026 1201 1072 ut
1232 1019 1393 1073 tertio
1426 1034 1567 1073 nunc
1592 1019 1886 1076 doceamus
1931 1018 2102 1074 tilium

504 1112 599 1167 Dei
652 1111 936 1167 Dominum
968 1117 1211 1166 nostrum
1232 1110 1420 1166 Jesum
1451 1111 1725 1167 Christum
1751 1113 1819 1167 ab
1845 1113 2107 1183 apostolis

503 1206 768 1262 creditum
805 1202 880 1278 (a)
910 1220 1014 1259 nou
1047 1221 1114 1261 ex
1136 1192 1572 1275 nuncupatione,
1606 1206 1703 1261 sed
1757 1222 1823 1261 ex
1875 1215 2104 1273 natura;

509 1315 686 1370 neque
708 1313 775 1354 ex
803 1300 1132 1369 adoptione,
1166 1298 1262 1354 sed
1291 1314 1361 1353 ex
1404 1299 1706 1355 nativitate.
1767 1299 2107 1369 Quamquam

512 1394 656 1448 enim
682 1393 860 1462 plures
886 1400 942 1447 et
967 1391 1042 1463 (b)
1070 1393 1318 1446 maximae
1346 1389 1523 1446 adhuc
1547 1390 1811 1462 unigeniti
1838 1390 1907 1446 de
1930 1405 1991 1446 se
2014 1390 2109 1445 Dei

504 1492 721 1540 exstent
753 1483 1121 1554 professiones
1145 1526 1159 1552 ,
1188 1484 1382 1555 quibus
1408 1484 1775 1553 generationis
1802 1498 1915 1539 suae
1973 1484 2110 1538 veri-

507 1586 671 1633 tatem
701 1578 817 1632 sine
848 1577 952 1632 levi
983 1576 1177 1632 saltem
1234 1577 1597 1632 ementiendae
1643 1577 1768 1631 licet
1827 1576 2112 1631 calumniae

502 1669 793 1726 occasione
825 1676 1057 1725 testetur
1083 1687 1096 1725 :
1120 1676 1299 1723 tamen
1331 1668 1486 1740 157
1510 1669 1636 1739 quia
1691 1683 1866 1739 neque
1927 1669 2112 1739 legen-

2200 474 2351 530 rogo,
2380 459 2497 516 haec
2524 461 2674 517 verbi
2707 461 2866 532 hujus
2894 461 3183 518 admiratio
3231 474 3338 531 est,
3371 464 3514 535 quod
3538 480 3598 521 se
3630 467 3814 524 exisse

2198 566 2228 604 a
2255 551 2366 606 Deo
2394 549 2670 622 professus
2710 553 2821 608 sit?
2849 554 3019 610 Tanta
3066 564 3122 612 et
3152 565 3259 612 tam
3305 556 3418 612 Deo
3444 557 3667 627 propria
3694 574 3810 626 vos,

2202 658 2236 697 ο
2264 644 2432 698 sancti
2457 652 2511 699 et
2537 643 2679 699 beati
2711 646 2833 713 viri,
2862 657 2916 702 et
2945 649 3015 703 ob
3046 642 3168 704 lidci
3193 656 3386 704 vestra:
3413 651 3671 705 meritum
3697 650 3811 705 cla-

2204 751 2301 792 ves
2324 735 2403 809 (f)
2436 739 2587 809 regni
2619 739 2881 796 caelorum
2930 743 3127 811 sortiti,
3159 752 3214 799 et
3242 743 3444 814 ligandi
3470 759 3534 799 ac
3560 745 3815 801 solvendi

2205 830 2259 883 in
2274 831 2413 885 cmlo
2434 843 2487 885 et
2517 832 2567 885 in
2603 831 2845 904 terrajus
2862 834 3063 904 adepti,
3096 845 3245 906 gesta
3265 851 3385 891 esse
3415 837 3815 907 perDomiunm

2207 930 2450 977 nostrum
2474 922 2656 979 Jesum
2685 925 2961 981 Christum
3012 929 3102 983 Dei
3134 928 3301 983 lilium
3334 929 3584 985 videratis
3618 949 3633 983 :
3664 942 3722 986 et
3749 932 3813 987 ad

2208 1015 2283 1083 id,
2316 1016 2458 1087 quod
2480 1032 2508 1070 a
2538 1018 2645 1073 Deo
2670 1018 2850 1074 exisse
2872 1033 2933 1074 se
2958 1018 3112 1088 dixit,
3146 1036 3288 1075 nunc
3318 1023 3548 1091 primum
3578 1037 3685 1078 vos
3707 1020 3814 1078 veri

2209 1106 2623 1179 intelligentiam
2651 1109 2866 1180 assequi
2897 1111 3297 1179 protestamiui?
3320 1111 3591 1168 Videratis
3626 1114 3810 1185 utique

2213 1202 2481 1273 nuptiales
2525 1217 2717 1272 aquas,
2770 1202 2845 1277 (g)
2890 1214 2942 1258 et
2970 1204 3187 1261 easdem
3221 1206 3461 1276 nuptiale
3503 1207 3718 1275 viuum,
3768 1216 3819 1264 et

2212 1306 2417 1349 naturm
2442 1294 2495 1349 in
2521 1305 2764 1351 naturam
2789 1296 2872 1350 vel
2895 1294 3345 1364 demutationem,
3375 1299 3459 1353 vel
3490 1299 3813 1368 profectum,

2212 1386 2297 1443 vel
2325 1389 2656 1443 creationem
2699 1386 2877 1461 (Joan.
2912 1389 2995 1463 rt).
3040 1390 3291 1460 Quinque
3322 1391 3487 1447 etiam
3536 1407 3706 1461 panes
3752 1393 3817 1447 ad

2213 1479 2394 1535 cibum
2423 1486 2586 1535 tantae
2617 1479 2979 1535 multitudinis
3026 1480 3331 1552 fregeratis,
3383 1492 3438 1537 et
3465 1483 3677 1539 satiatis
3702 1499 3816 1540 om-

2217 1574 2378 1629 nibus
2422 1574 2475 1627 in
2526 1573 2917 1643 plenitudinem
2974 1573 3261 1631 duodecim
3294 1574 3654 1644 c0pbinorum
3686 1575 3821 1646 frag-

2219 1677 2403 1722 menta
2432 1665 2512 1740 (h)
2545 1666 2623 1739 (2)
2668 1682 2864 1738 panum
2895 1675 3201 1734 creverant,
3234 1676 3290 1722 et
3335 1675 3544 1722 natura:
3588 1668 3820 1738 parvitus

508 1763 641 1818 tium
672 1761 984 1817 onerandus
1036 1768 1123 1816 est
1168 1775 1363 1839 sensus
1393 1760 1733 1816 coacervatis
1780 1759 1847 1815 ad
1900 1760 2111 1830 copiam
2144 1779 2193 1840 Β
2220 1759 2416 1813 famem
2460 1759 2667 1828 pellens
2709 1759 3009 1828 proiecerat
3049 1757 3103 1813 in
3153 1760 3312 1832 158
3340 1759 3583 1829 ejusdem
3610 1759 3820 1828 copiam

506 1855 700 1921 dictis,
723 1861 918 1909 etcum
946 1853 1059 1924 jam
1092 1852 1352 1907 nonnulla
1400 1852 1469 1907 de
1499 1852 1833 1923 proprietate
1852 1852 2118 1929 nativita-

508 1948 576 2002 tis
606 1957 824 2002 ostensa
853 1944 961 2000 sint
982 1987 996 2011 ,
1019 1955 1216 2001 caetera
1238 1946 1421 2000 omnia
1451 1945 1573 2001 aliis
1598 1956 1762 2000 erunt
1790 1945 2113 2016 quzestioni-

505 2040 610 2095 bus
632 2038 983 2094 reservanda.
1017 2035 1172 2093 Nunc
1202 2053 1333 2092 vero
1358 2036 1481 2108 quia
1513 2037 1599 2092 hic
1629 2039 1904 2092 sermonis
1932 2037 2108 2091 nostri

510 2132 647 2188 ordo
679 2131 959 2187 institutus
986 2140 1072 2186 est
1092 2172 1107 2197 ,
1154 2138 1217 2185 ut
1242 2138 1370 2201 post
1416 2128 1597 2185 Patris
1623 2129 2079 2186 contestationem
2100 2168 2116 2195 ,

511 2237 637 2298 post
657 2225 779 2281 Filii
807 2225 1234 2297 professionem,
1295 2223 1368 2296 (ο)
1417 2224 1525 2280 iide
1579 2239 1795 2295 quoque
1828 2223 2121 2295 Apostolo-

519 2335 642 2375 rum
689 2319 759 2375 de
796 2334 927 2375 vero
973 2326 1029 2375 et
1080 2318 1378 2374 secundum
1426 2316 1763 2373 nativitatem
1815 2315 2123 2373 confitendo

522 2412 620 2470 Dei
663 2412 773 2467 tilio
798 2412 1156 2479 doceremur;
1188 2410 1482 2466 videndum
1505 2417 1592 2466 est
1614 2452 1629 2477 ,
1660 2424 1729 2465 an
1758 2410 1813 2464 in
1870 2425 1939 2465 eo
1978 2409 2123 2481 quod

521 2504 599 2559 ait
626 2504 888 2560 Dominus
911 2546 926 2572 ,
950 2502 1036 2559 Ea:
1064 2501 1177 2558 Deo
1203 2504 1373 2571 exivi,
1407 2502 1553 2558 aliud
1580 2503 1633 2557 iu
1666 2518 1732 2558 eo
1769 2501 1974 2574 aliquid
2023 2516 2123 2572 po-

519 2602 629 2654 tius
654 2614 814 2670 quam
845 2608 1093 2655 naturam
1122 2599 1489 2655 intellexerint
1512 2598 1833 2655 nativitatis.

586 2693 678 2750 55.
723 2691 863 2760 Quid
886 2693 953 2747 sit
977 2693 1115 2764 quod
1134 2694 1363 2762 primum
1386 2693 1598 2747 credant
1620 2708 1733 2746 eum
1753 2708 1786 2745 a
1807 2689 1919 2746 Deo
1940 2692 2123 2747 emisse.

514 2815 587 2828 —-
617 2785 743 2842 Post
773 2786 968 2842 multas
1017 2770 1252 2857 namque
1285 2784 1696 2854 proverbiorum
1740 2783 2121 2850 obscuritates,

514 2876 712 2949 quibus
754 2877 809 2932 in
837 2877 1109 2947 parabolis
1136 2879 1348 2931 loeutus
1396 2881 1577 2942 esset,
1622 2889 1784 2944 quem
1824 2875 1937 2943 jam
1970 2883 2128 2931 antea

515 2971 793 3027 Christum
819 2971 1062 3026 sciebant
1081 2968 1464 3024 annuntiatum
1487 2983 1516 3021 a
1542 2968 1725 3040 Moyse
1750 2976 1806 3023 et
1828 2968 2126 3039 prophetis,

519 3062 834 3119 canl‘essum
863 3077 1079 3132 quoque
1098 3076 1130 3116 a
1155 3060 1458 3116 Nathanael
1484 3070 1538 3117 et
1561 3060 1655 3116 Dei
1675 3060 1845 3115 lilium
1873 3069 1925 3117 et
1948 3076 2129 3134 regem

2218 1862 2424 1906 natur-.c
2453 1848 2668 1922 (Matth.
2702 1850 2842 1920 xxv).
2890 1849 3204 1907 Revirulsse
3245 1866 3441 1905 manus
3489 1850 3673 1905 aridas
3698 1866 3822 1906 cou-

2219 1944 2557 2016 Spexcratis,
2591 1951 2647 1998 et
2676 1944 2731 1998 in
2756 1959 2942 1999 vocem
2977 1954 3247 1999 mutorum
3274 1944 3487 2014 linguas
3517 1944 3746 2010 solutas,
3774 1952 3826 1998 et

2220 2037 2274 2092 iu
2319 2051 2538 2092 cursum
2583 2035 2899 2091 claudorqu
2951 2036 3117 2106 pedes
3167 2036 3411 2103 alacres,
3460 2045 3517 2093 et
3561 2052 3823 2093 caecorum

2221 2130 2408 2195 oculos
2454 2139 2765 2199 cernentes,
2801 2140 2856 2185 et
2886 2141 3225 2186 mortuorum
3276 2132 3412 2186 vitas
3456 2140 3819 2187 revertentes.

2223 2222 2442 2280 Fauens
2467 2224 2703 2280 Lazarus
2732 2225 3053 2281 constiterat
3081 2226 3149 2281 ad
3180 2241 3392 2293 vocem,
3433 2236 3489 2282 et
3523 2243 3554 2283 e
3581 2228 3823 2299 sepulcro

2224 2324 2469 2383 vocatus,
2497 2316 2645 2371 nullo
2677 2316 2959 2372 intervallo
2980 2318 3130 2375 vocis
3154 2330 3208 2374 et
3234 2320 3378 2387 vitae,
3406 2319 3471 2389 (il
3495 2320 3637 2374 citus
3661 2321 3823 2375 fuerat

2225 2422 2497 2479 egressus,
2530 2419 2584 2463 et
2604 2408 2781 2465 adhuc
2803 2410 3029 2465 odorem
3061 2412 3251 2467 mortis
3280 2412 3335 2467 in
3366 2426 3584 2469 sensum
3622 2414 3822 2469 narium

2229 2503 2424 2573 spiritu
2455 2514 2671 2574 agente,
2726 2504 2844 2574 ipse
2881 2504 2991 2574 jam
3021 2506 3176 2561 vivus
3205 2505 3487 2561 adstiterat
3527 2505 3710 2580 (Joan.
3756 2522 3824 2572 ςι,

2226 2592 2344 2664 44).
2378 2593 2557 2651 Taceo
2585 2596 2654 2652 de
2700 2598 2910 2652 caeteris
2940 2613 3253 2667 magnarum
3299 2599 3557 2654 virtutum
3604 2609 3666 2655 et
3707 2598 3830 2654 divi-
3928 2630 3929 2667 ς

2229 2702 2421 2743 narum
2449 2690 2876 2758 operationibus.
2905 2690 3058 2747 Nunc
3104 2706 3234 2762 ergo
3265 2693 3499 2762 primum
3533 2692 3827 2763 iutelligitis

2231 2786 2320 2856 qui
2350 2785 2420 2839 sit
2448 2782 2536 2838 hic
2584 2785 2784 2839 missus
2836 2800 2866 2840 e
2894 2784 3069 2851 C(Blis,
3122 2796 3406 2857 postquam
3460 2786 3687 2842 audistis
3716 2805 3728 2840 :
3756 2783 3825 2839 De

2233 2877 2395 2932 Patre
2420 2876 2591 2931 exivi?
2623 2878 2688 2932 Et
2715 2880 2818 2933 hoc
2839 2878 2991 2932 vobis
3019 2878 3247 2948 primum
3269 2879 3383 2949 jam
3407 2879 3526 2934 sine
3547 2878 3827 2948 proverbio

2233 2971 2437 3027 dictum
2459 2980 2561 3040 est,
2586 2981 2641 3026 et
2671 2987 2767 3041 per
2792 2981 2998 3027 natura:
3026 2972 3283 3028 virtutem
3318 2973 3617 3043 intelligitis
3653 2987 3827 3029 verum

2235 3078 2356 3120 esse
2380 3064 2522 3136 quod
2553 3080 2581 3118 a
2613 3064 2723 3119 Deo
2766 3065 2952 3131 exivit,
2981 3081 3103 3143 eum
3132 3065 3469 3121 voluntatum
3501 3065 3579 3139 (5)
3608 3063 3683 3140 (j)
3715 3081 3823 3120 ves-

517 3158 687 3214 lsrael
732 3155 913 3228 (Joau.
942 3171 981 3220 ι,
1014 3155 1130 3224 49),
1183 3154 1469 3224 objurgato
1506 3153 1672 3209 etiam
1702 3154 1972 3226 Philippo,
2005 3170 2127 3210 cum
2154 3159 2200 3221 C
2234 3165 2437 3213 trarum
2460 3156 2812 3228 Cogitationes
2842 3160 3034 3213 tacitus
3056 3140 3318 3226 intuetur,
3338 3174 3459 3213 cum
3487 3156 3565 3231 (Ic)
3589 3157 3663 3213 de
3684 3156 3829 3212 nullis

518 3251 590 3305 de
616 3249 777 3304 Patre
804 3256 1097 3319 quaereret,
1128 3260 1225 3302 cur
1256 3261 1352 3316 per
1377 3261 1604 3316 operum
1627 3246 1882 3302 virtutem
1913 3246 2129 3302 Patrem

517 3343 575 3398 in
604 3356 665 3397 se
694 3338 775 3415 (t)
806 3339 887 3413 (ά)
916 3355 1037 3396 esse
1062 3348 1118 3396 et
1136 3354 1196 3394 se
1222 3340 1273 3395 in
1304 3339 1464 3394 Patre
1490 3339 1670 3395 inesse
1695 3340 1954 3407 nesciret,
1980 3356 2134 3396 cum-

520 3451 628 3507 que
654 3450 715 3491 se
745 3451 775 3490 a
808 3435 968 3491 Patre
1009 3434 1233 3489 missum
1278 3432 1655 3504 frequentibus
1682 3433 1842 3488 dictis
1871 3444 1995 3490 ante
2035 3434 2133 3489 do-

522 3530 725 3586 cuisset
754 3528 934 3601 (Joan.
982 3544 1091 3594 xtv,
1123 3527 1287 3598 9-12)
1326 3546 1338 3583 :
1394 3536 1573 3582 tamen
1623 3542 1745 3583 cum
1786 3527 2129 3597 proﬁtentem

523 3636 647 3676 eum
676 3621 957 3676 audissent
998 3635 1060 3676 se
1087 3635 1117 3673 a
1151 3621 1262 3674 Deo
1289 3620 1488 3686 exisse,
1523 3619 1639 3674 haec
1683 3635 1871 3674 eorum
1903 3636 2133 3691 respon-

524 3712 608 3766 sio
655 3711 753 3766 fuit
805 3712 1106 3783 (connexus
1150 3711 1295 3766 enim
1342 3711 1432 3766 hic
1479 3711 1582 3767 sibi
1628 3726 1807 3767 sermo
1836 3711 1943 3784 est)
1988 3711 2133 3769 :Di-

530 3813 650 3857 cunt
673 3802 744 3874 (ε)
775 3804 821 3857 ei
849 3803 1090 3873 discipuli
1120 3808 1252 3876 ejus,
1285 3803 1446 3858 Nunc
1471 3806 1644 3873 palam
1670 3807 1909 3878 loqueris,
1940 3818 1986 3862 et
2013 3825 2135 3878 pro-

525 3896 756 3952 uerbium
787 3897 990 3951 nullum
1037 3897 1186 3951 dicis.
1242 3895 1396 3951 Nunc
1441 3914 1562 3970 ergo
1609 3899 1797 3954 scimus
1839 3902 1958 3970 quia
2002 3904 2136 3957 nosti

527 3989 722 4054 omnia,
752 3998 799 4044 et
824 4005 928 4044 non
954 3988 1109 4043 habes
1133 4004 1335 4044 necesse
1355 3997 1408 4042 ut
1435 3988 1622 4061 aliquis
1654 4000 1700 4045 te
1726 3993 2000 4065 interroyet
2031 4011 2049 4049 :
2080 3996 2136 4049 in

603 4125 688 4273 iii

607 4337 690 4412 (a)
717 4341 840 4412 Par.
862 4348 987 4411 post
1012 4338 1288 4412 Lipsium.
1327 4338 1584 4412 traditum
1614 4355 1629 4393 :
1656 4338 1795 4412 male
1835 4349 1891 4395 et
1935 4347 2135 4412 prater

536 4408 767 4468 aliorum
798 4408 1060 4482 librorum
1099 4409 1283 4482 ﬁdem.
1316 4408 1525 4482 Quippe
1572 4410 1810 4465 nondum
1861 4408 2136 4482 apostolo—

535 4499 653 4539 rum
675 4480 916 4551 doctriua
949 4478 1292 4551 expenditur,
1323 4478 1419 4533 sed
1442 4479 1594 4551 lides.

609 4552 686 4626 (b)
738 4550 795 4606 lu
841 4553 991 4626 prius
1022 4550 1287 4626 vulgatis,
1338 4550 1594 4626 magna,
1651 4551 1986 4626 adverbium.
2015 4552 2136 4626 llic

541 4619 892 4691 maxime,“
918 4632 1037 4688 est,
1081 4622 1400 4674 clarissima.
1455 4619 1593 4674 Tum
1651 4622 1702 4675 iu
1750 4624 2137 4678 vetustissimis

539 4697 940 4763 exemplaribus
961 4693 1112 4750 Colb.
1140 4701 1195 4748 et
1239 4691 1403 4746 Carn.
1452 4692 1708 4747 scribitur
1755 4692 1982 4763 adhunc,
2032 4712 2139 4749 non

539 4768 651 4822 alio
673 4773 860 4823 sensu.

631 4840 683 4911 c)
720 4839 880 4911 ltain
907 4850 1041 4911 mss.
1072 4834 1221 4911 Atin
1244 4837 1479 4902 excusis,
1509 4835 1683 4911 fidem.

631 4841 683 4911 c)
720 4841 795 4894 [ta
827 4841 880 4892 in
907 4850 1041 4892 mss.
1072 4841 1142 4892 At
1167 4841 1221 4889 in
1244 4841 1479 4902 excusis,
1509 4841 1683 4901 ﬁdem.

608 4841 694 4984 id)
739 4909 878 4965 Editi
930 4908 1248 4984 hic‘omisso
1295 4922 1423 4984 esse,
1469 4906 1844 4984 subiiciebant,
1897 4916 1944 4961 et
1991 4924 2047 4984 se
2090 4909 2143 4962 in

542 4978 701 5037 Patre
746 4997 854 5036 esse
906 4980 1145 5046 nesciret,
1180 4993 1287 5033 non
1338 4978 1522 5032 inesse.
1571 4978 1898 5033 Concinuior
1926 4989 2009 5034 est
2036 4979 2143 5035 lec-

538 5055 617 5109 tio
647 5069 777 5107 mss.

615 5122 706 5198 (ε)
733 5123 854 5179 Par.
883 5137 1005 5178 cum
1050 5129 1265 5178 vetusto
1295 5134 1398 5175 ms.
1432 5119 1612 5188 Colb.,
1662 5116 1858 5174 Dicunt
1884 5136 2006 5192 ergo
2038 5121 2147 5176 dis-

545 5195 729 5250 cin'uli.

596 5214 784 5340 Win]
823 5263 1216 5340 antiquioribus
1240 5277 1373 5340 mss.
1416 5260 1508 5340 hic
1547 5262 2038 5340 clavem_.__lnferius
2066 5271 2146 5317 ta-

545 5333 677 5394 men
700 5337 815 5392 haec
844 5351 943 5391 vox
956 5333 1149 5391 exstat
1178 5335 1230 5390 in
1260 5333 1451 5405 plurali
1482 5348 1709 5389 numero
1740 5334 1999 5390 librorum
2029 5351 2146 5390 om-

546 5409 695 5463 nium
721 5422 1011 5462 consensu.

622 5479 698 5551 (g)
730 5478 888 5551 Bad.,_
920 5478 1010 5551 Er.
1043 5486 1097 5531 et
1117 5476 1449 5551 recentiores
1473 5485 1682 5551 mss.iet
1709 5476 1762 5530 in
1786 5473 1997 5551 eisdem.
2024 5474 2140 5551 Me-

548 5546 787 5620 liu‘s'alii
838 5549 979 5620 libri,
1025 5556 1071 5600 et
1100 5548 1324 5620 easdem,
1374 5549 1564 5620 supple
1596 5550 1759 5619 factas
1782 5563 1801 5601 :
1832 5546 1935 5602 nisi
1982 5547 2139 5603 malis

550 5634 672 5673 cum
700 5618 910 5672 Martiu.
939 5626 988 5670 et
1016 5633 1081 5670 ea:
1106 5618 1318 5671 eisdem.

628 5687 709 5761 (lt)
747 5687 1089 5756 Autiquiores
1135 5703 1267 5761 mss.
1304 5689 1536 5761 partium.
1586 5688 1722 5744 Tum
1755 5689 2010 5744 Erasmus
2056 5689 2136 5761 le:

547 5758 782 5831 gendum
811 5765 962 5829 putat
984 5766 1032 5811 et
1058 5758 1284 5813 materia:
1302 5758 1547 5830 paruitas,
1580 5770 1688 5816 non
1715 5770 1767 5815 et
1794 5768 2012 5816 natura
2041 5760 2139 5817 Cui

726 4127 1004 4185 Omittitur
1028 4143 1137 4183 esse
1164 4129 1217 4182 in
1246 4133 1436 4184 nostro
1462 4140 1568 4182 ms.

729 4198 1039 4272 Fragmenta
1066 4199 1300 4271 partium.

2235 3263 2509 3322 tamquam
2539 3250 2757 3320 ignarus
2785 3249 3104 3319 interrogat,
3146 3264 3266 3305 cum
3317 3250 3560 3306 omnium
3587 3250 3827 3321 cognitor

2236 3343 2358 3399 est?
2386 3343 2490 3398 Per
2520 3342 2636 3397 haec
2663 3342 2807 3397 enim
2834 3345 3038 3410 omnia,
3070 3357 3190 3413 qua:
3217 3343 3417 3397 virtute
3437 3357 3502 3398 ac
3525 3352 3717 3398 natura
3746 3338 3829 3396 Dei
3928 3352 3929 3413 ς

2235 3436 2366 3505 agit,
2400 3451 2427 3488 a
2455 3435 2565 3490 Deo
2593 3436 2773 3489 exisse
2801 3434 3105 3490 credendus
3134 3444 3236 3489 est.

2306 3527 2395 3585 54.
2417 3528 2573 3584 Prius
2595 3538 2839 3584 nouerant
2856 3547 2889 3584 a
2906 3527 3016 3585 Deo
3033 3531 3242 3585 missum
3260 3547 3279 3584 :
3294 3532 3384 3585 sed
3403 3532 3685 3587 nativitatis
3696 3529 3831 3586 ratio-
3928 3527 3929 3589 ἰ

2239 3640 2354 3678 nem
2374 3640 2477 3679 non
2495 3632 2811 3693 acceperant.
2846 3654 2916 3663 —
2944 3624 3059 3678 Non
3085 3624 3172 3679 hic
3218 3627 3389 3680 sancti
3419 3627 3651 3695 apostoli
3670 3641 3700 3679 a
3728 3624 3827 3679 Deo

2239 3718 2438 3789 exisse,
2466 3718 2519 3773 id
2545 3727 2650 3785 est,
2683 3734 2711 3771 a
2736 3719 2848 3774 Deo
2875 3719 3096 3773 missum
3128 3733 3250 3775 esse
3276 3719 3689 3787 intellexerunt;
3718 3732 3826 3774 nam

2240 3809 2389 3863 omni
2411 3811 2693 3878 superiore
2722 3824 2973 3864 sermone
3010 3809 3356 3866 confitentem
3385 3810 3611 3867 missum
3633 3825 3751 3867 esse
3777 3824 3827 3866 se

2242 3901 2553 3973 frequenter
2592 3902 2874 3959 audierant
2907 3920 2921 3956 :
2950 3902 3045 3957 sed
3090 3902 3371 3958 audientes
3406 3918 3435 3957 a
3483 3903 3598 3959 Deo
3643 3904 3825 3963 exisse,

2246 4006 2492 4052 naturam
2554 3998 2607 4050 in
2654 4010 2721 4050 eo
2772 3995 2865 4052 Dei
2915 4010 2979 4051 ex
3025 3980 3279 4066 operibus
3301 4007 3613 4064 cernentes,
3639 4004 3826 4053 natura:

2314 4132 2394 4206 (5)
2437 4131 2769 4189 Nostrarum.

2245 4339 2387 4395 favet
2431 4339 2573 4409 quod
2617 4338 2687 4395 de
2725 4335 3164 4409 eodemAChristi
3215 4335 3355 4409 facto
3400 4335 3477 4391 ait
3520 4335 3744 4409 Hilarius
3780 4333 3824 4385 in

2245 4405 2507 4465 Matthfc.
2542 4425 2649 4469 xxv.
2685 4424 2741 4463 n.
2773 4409 2840 4463 12
2870 4426 2883 4461 :
2916 4405 3108 4462 Crescit
3129 4408 3314 4463 deinde
3344 4408 3586 4463 materies
3612 4426 3631 4463 :
3652 4417 3702 4462 et
3724 4413 3824 4475 post

2247 4497 2436 4552 pauca,
2461 4480 2735 4535 Auctorem
2755 4480 2891 4533 enim
2916 4480 3068 4552 hujus
3091 4479 3435 4533 universitatis
3461 4488 3825 4552 tantuspanum

2191 4569 2208 4583 '
2243 4551 2506 4625 profectus
2533 4553 2774 4625 ostendit,
2800 4566 2890 4625 per
2912 4551 3065 4621 quem
3083 4552 3180 4625 t_ali
3196 4552 3510 4625 incremento
3530 4551 3708 4625 utodus
3727 4559 3826 4617 per-

2246 4620 2477 4678 tractata:
2504 4624 2731 4677 materia:
2754 4622 3049 4677 adderetur.
3083 4620 3316 4677 Facilius
3350 4626 3528 4692 itaque
3560 4624 3608 4676 ei
3638 4632 3822 4675 annue-

2244 4709 2448 4760 remus,
2482 4696 2581 4748 nisi
2612 4696 2779 4750 verbo
2809 4704 3009 4748 natura:
3036 4707 3157 4748 mox
3192 4695 3443 4763 repetito,
3476 4694 3525 4746 ei
3557 4692 3824 4761 praamitte-

2248 4778 2395 4839 retur
2443 4767 2692 4839 ejusdem.
2771 4765 2896 4839 Haec
2948 4765 3211 4839 sententia
3259 4780 3287 4817 a
3342 4764 3668 4839 praecedenti
3732 4773 3820 4838 non

2245 4836 2428 4893 diﬂ‘ert
2465 4832 2574 4892 'nisi
2623 4837 2917 4892 vocabulis.
2954 4834 3156 4889 Deinde
3182 4835 3234 4889 in
3266 4832 3368 4891 ms.
3401 4832 3505 4889 Vat
3554 4834 3668 4889 bas.
3711 4832 3823 4885 revi-

2246 4909 2412 4962 ruisse
2453 4925 2666 4963 manum
2711 4908 2909 4962 aridam
2938 4922 2957 4960 :
2987 4904 3128 4975 quod
3182 4921 3215 4959 a
3257 4906 3516 4960 subnexis
3560 4905 3820 4961 dissonal.

2248 4979 2301 5034 in
2325 4980 2516 5049 quibus
2540 4990 2740 5037 caetera
2782 4979 2981 5034 Christi
3007 4985 3156 5048 gesta
3191 4977 3382 5048 plurali
3421 4992 3647 5034 numero
3674 4988 3821 5033 enun-

2248 5051 2469 5106 tiantur.

2323 5121 2387 5197 (i)
2427 5122 2516 5197 §i_c
2554 5136 2686 5197 mss.
2714 5121 2786 5177 At
2806 5119 2958 5186 editi,
2992 5119 3110 5174 cito.
3641 5190 3686 5197 __
3775 5184 3785 5197 ,

2320 5190 2389 5264 (i)
2428 5192 2679 5262 Plerique
2721 5207 2784 5246 ac
2814 5196 3063 5264 potiores
3094 5205 3224 5264 mss.
3281 5198 3591 5264 nostrarum.
3638 5190 3751 5247 Mox
3775 5190 3819 5239 in

2246 5261 2498 5319 omnibus
2527 5261 2748 5330 tacitus;
2775 5262 2862 5317 ubi
2890 5262 2942 5317 in
2971 5261 3184 5317 excusis
3214 5262 3413 5316 tacitas.

2327 5334 2402 5406 (lt)
2443 5335 2603 5400 Editi,
2637 5338 2699 5389 de
2728 5328 3032 5406 nonnullis.
3056 5332 3274 5406 Rectius
3319 5347 3449 5406 mss.
3499 5328 3822 5403 potiores,de

2252 5401 2439 5471 nullis;
2465 5407 2750 5472 reSpicitur
2791 5407 2934 5460 enim
2983 5404 3133 5469 illud,
3187 5401 3310 5459 Non
3355 5401 3512 5459 habes
3552 5418 3743 5473 necesse
3775 5406 3818 5451 ut

2251 5476 2437 5545 aliquis
2479 5487 2525 5530 te
2543 5479 2841 5546 interroget.
2876 5475 3065 5531 Postea
3096 5474 3217 5546 Vat.
3248 5476 3500 5546 bassms.
3535 5492 3549 5529 :
3583 5475 3706 5531 Cum
3728 5485 3820 5525 ont-

2250 5548 2388 5600 nium
2416 5547 2729 5600 occultorum
2742 5545 2987 5618 cognitor
3009 5557 3116 5613 est;
3139 5545 3294 5601 Mart.
3322 5565 3335 5599 :
3360 5545 3485 5600 Cum
3507 5548 3725 5600 omnium
3750 5555 3817 5593 υτ-

2249 5617 2388 5670 culta
2417 5619 2653 5672 conditor
2679 5626 2753 5671 est
2782 5635 2799 5671 :
2826 5617 3007 5672 minus
3027 5621 3269 5683 sincere;
3296 5633 3418 5672 cunt
3442 5619 3495 5670 in
3518 5632 3673 5672 sacro
3695 5623 3815 5670 texui

2249 5689 2301 5741 in
2334 5703 2493 5755 quem
2526 5690 2613 5757 hic
2641 5689 2944 5758 reapicitur,
2977 5688 3292 5757 simpliciter
3336 5697 3533 5755 exstet,
3563 5689 3684 5759 quia
3708 5690 3816 5740 nam

2245 5759 2438 5814 omnia.
