3960 6202
132 338 218 395 185

1296 314 1386 370 DE
1423 306 1798 368 TRlNlTATE
1835 302 2045 362 LIBER
2087 300 2171 357 Vl.

3296 286 3401 345 186

133 448 193 522 (tl)
205 446 462 505 veritatem
482 436 841 512 peridquoda
858 434 963 489 Deo
980 429 1110 489 exiit
1136 436 1553 498 recognoscant,
1569 436 1691 477 cum
1720 424 1773 485 Α
1866 418 1956 475 36.
2004 416 2192 471 Petrus
2212 413 2379 485 ﬁlium
2396 409 2495 467 Dei
2515 413 2781 481 confessus
2802 420 2975 461 verum
2996 402 3233 463 credidit.
3258 402 3405 459 Tum:

1310 520 1319 522 _
1605 513 1615 522 .
1866 516 1877 522 -
2352 508 2383 522 ι.
2442 505 2479 522 n
2660 502 2757 522 ΐγιξ
2793 501 3024 522 J2J:--.._'.
3173 497 3288 522 ΜΛ..
3324 508 3403 522 -..ι

133 546 317 600 dicunt:
340 536 497 592 Nunc
519 551 642 605 ergo
668 533 875 591 scimus,
893 525 1013 598 quia
1031 523 1163 579 nosti
1181 520 1375 586 omnia,
1406 528 1451 574 et
1474 534 1576 572 non
1596 513 1693 569 ha-

133 637 199 690 bes
220 646 424 696 necesse,
462 635 521 681 ut
563 624 755 695 aliquis
780 632 827 675 te
852 621 1123 689 interroget
1153 614 1251 670 :in
1298 611 1397 665 hoc
1441 607 1696 664 credimus

134 730 244 803 quod
268 745 298 781 a
338 724 445 778 Deo
472 723 624 778 existi
656 718 835 785 (Joan.
889 730 1003 779 xvi,
1028 712 1143 782 29).
1174 711 1277 765 Per
1312 707 1366 763 id
1389 705 1532 762 enim
1579 719 1697 759 cre-

136 827 262 890 dunt,
287 820 422 893 quod
445 835 476 872 a
500 819 612 872 Deo
640 815 789 881 exiit,
814 827 908 883 per
934 808 1075 880 quod
1104 822 1165 862 ea
1188 821 1309 876 quae
1335 802 1425 858 Dei
1450 808 1577 856 sunt
1599 814 1696 869 po-

137 926 380 985 testatque
400 912 508 981 agit
533 909 630 981 (b).
657 906 777 962 Non
803 905 947 960 enim
970 909 1215 956 naturam
1243 897 1337 952 Dei
1360 911 1390 950 a
1420 895 1578 949 Patre
1603 908 1697 947 ve-

138 1013 277 1077 nisse,
306 1006 394 1063 sed
424 1020 453 1057 a
503 1004 617 1058 Deo
656 1000 837 1056 exisse
879 999 1245 1051 consummat.
1301 988 1540 1056 Denique
1571 987 1695 1050 hoc,

138 1103 257 1177 quod
276 1116 407 1156 nunc
426 1098 655 1169 primum
681 1090 928 1155 audiunt,
948 1086 1022 1159 (c)
1044 1084 1395 1141 confirmatur
1414 1079 1479 1135 ad
1515 1078 1695 1132 fidem.

138 1199 247 1256 Nam
283 1209 395 1250 cum
432 1168 704 1246 Dominus
752 1194 1039 1250 utrumque
1082 1177 1351 1234 dixisset:
1384 1173 1495 1246 Ego
1532 1187 1563 1225 a
1589 1168 1700 1225 Deo

139 1290 265 1354 exiri,
287 1296 330 1342 et
365 1301 394 1337 a
441 1282 594 1337 Patre
640 1279 753 1335 veni
802 1277 860 1331 in
910 1273 1047 1329 hunc
1096 1270 1344 1325 mundum
1377 1263 1698 1339 (lbid.28);

139 1381 250 1438 nihil
276 1372 632 1432 admirationis
664 1373 717 1426 in
761 1384 828 1425 eo
852 1369 1176 1430 habuerunt,
1204 1361 1347 1431 quod
1392 1360 1702 1429 frequenter

139 1473 404 1534 audierant,
426 1479 470 1523 et
493 1485 525 1521 α
548 1465 707 1534 Patre
732 1462 846 1518 ueni
870 1461 924 1515 in
945 1459 1081 1513 hunc
1104 1455 1371 1510 mundum.
1397 1449 1701 1522 Responsio

139 1577 299 1622 autem
320 1578 514 1625 eorum,
544 1560 705 1614 fidem
725 1564 781 1612 et
804 1551 1212 1623 intelligentiam
1239 1547 1397 1618 hujus
1421 1544 1548 1600 dicti
1573 1560 1702 1598 con-

139 1669 305 1717 testata
332 1665 429 1722 est,
462 1654 572 1726 Ego
607 1666 641 1706 a
676 1649 789 1704 Deo
816 1648 968 1703 exivi.
998 1644 1131 1701 Nam
1161 1642 1227 1697 ad
1261 1641 1312 1695 id
1345 1649 1551 1695 tantum
1589 1652 1703 1693 res-

140 1766 336 1824 ponsum
364 1759 459 1815 est,
493 1762 616 1803 cum
643 1743 853 1807 dicunt,
902 1740 968 1794 In
989 1738 1086 1792 hoc
1110 1736 1365 1791 credimus
1396 1734 1640 1803 quoniam
1670 1747 1701 1783 a

1798 516 2019 586 primunt
2045 527 2158 566 eum
2179 508 2384 580 agnovit
2431 505 2618 561 Deum.
2657 502 2758 559 Ubi
2784 501 3044 556 didicerit.
3072 529 3144 540 —
3172 497 3292 555 Non
3320 508 3407 554 est

1797 606 2107 676 evangelica
2130 613 2185 659 et
2209 599 2502 673 apostolica
2533 598 2688 662 fides,
2722 595 2887 651 filium
2914 593 3016 649 Dei
3058 593 3277 648 nomine
3304 606 3406 662 po-

1799 700 1904 754 tius
1931 712 2086 767 quam
2117 709 2306 750 natura
2337 691 2653 749 credidisse.
2684 689 2742 744 Si
2774 687 2920 744 enim
2948 685 3253 757 adeptionis
3282 685 3406 740 hmo

1798 791 2128 862 nuncupatio
2153 797 2256 854 est,
2284 797 2338 843 et
2361 802 2467 842 non
2498 785 2700 840 idcirco
2731 782 2875 838 filius
2921 791 3027 847 est,
3061 781 3183 852 quia
3215 761 3410 835 exierit

1799 903 1830 941 a
1858 887 2000 951 Deo;
2033 898 2217 955 QUlDI'O
2243 881 2389 937 unde
2409 879 2598 935 beatus
2621 877 2807 934 Simon
2838 874 3109 931 Bar-Jona
3152 881 3235 928 est
3278 887 3410 927 con-

1800 977 1998 1044 fessus,
2022 975 2101 1030 Tu
2120 992 2173 1031 es
2195 973 2432 1029 Christus
2453 972 2593 1041 ﬁlius
2618 968 2717 1023 Dei
2736 969 2835 1047 uiui
2861 965 3075 1039 (Matth.
3114 980 3225 1031 xvt,
3276 964 3364 1035 16)
3389 964 3413 1018 ?

1801 1086 1941 1127 anne
1970 1086 2091 1125 cum
2120 1068 2373 1124 omnibus
2400 1073 2638 1136 pmestas
2669 1063 2739 1117 sit
2762 1078 2857 1132 per
2879 1068 3276 1116 sacramentum
3311 1074 3396 1115 re-

1800 1159 2167 1234 generationis
2189 1157 2266 1231 (g)
2294 1158 2348 1213 in
2379 1155 2517 1211 filios
2546 1154 2643 1211 Dei
2666 1153 2850 1210 nasci?
2870 1152 2926 1209 Si
2950 1150 3249 1208 secundum
3275 1150 3415 1207 hanc

1807 1256 2259 1323 nuncupationem
2287 1250 2427 1305 filius
2453 1249 2548 1303 Dei
2565 1246 2810 1303 Christus
2835 1253 2952 1307 est;
2982 1245 3267 1314 interrogo
3287 1239 3414 1313 quid

1803 1348 1930 1404 illud
1949 1348 2036 1411 sit,
2058 1344 2201 1416 quod
2218 1344 2377 1399 Petro
2399 1357 2505 1397 non
2528 1356 2653 1396 caro
2675 1354 2849 1410 neque
2873 1337 3088 1409 sanguis
3115 1335 3375 1391 revelavit
3393 1378 3408 1404 ,

1803 1440 1899 1498 sed
1914 1440 2071 1495 Pater
2083 1438 2173 1509 qui
2197 1438 2247 1491 in
2266 1435 2417 1491 C(Blis
2433 1443 2515 1489 est
2536 1432 2555 1505 (
2566 1432 2586 1485 Ι
2594 1432 2697 1486 bid.
2709 1430 2831 1502 i7)?
2861 1428 3143 1485 Generalis
3159 1425 3418 1496 professio

1804 1532 1929 1605 qttid
1946 1531 2105 1586 habet
2119 1528 2545 1598 meriti?autqua:
2560 1523 2899 1580 revelationis
2916 1533 2996 1578 eet
3009 1521 3175 1593 gloria
3193 1517 3422 1590 in(h)ptt-

1805 1627 1941 1683 hlica
1968 1623 2323 1680 conscientia?
2342 1621 2398 1677 Si
2425 1636 2491 1676 ex
2516 1617 2802 1687 adoptione
2832 1616 2971 1671 filius
2993 1625 3106 1681 est;
3143 1613 3283 1669 unde
3307 1614 3420 1671 haec

1807 1719 1860 1773 in
1876 1719 2036 1774 Petro
2054 1717 2209 1773 beata
2229 1713 2496 1771 confessio
2522 1720 2632 1777 est,
2649 1710 2752 1765 hoc
2768 1707 2975 1780 Filio(i)
2996 1705 3256 1763 deferenti
3275 1702 3422 1776 quod

142 1795 336 1824 rv."_'.-
366 1795 459 1815 vv',
497 1795 616 1803 '“--—
648 1795 783 1799 “V'Viv
841 1795 853 1807 1
1409 1795 1419 1803 ,

141 1846 231 1902 Deo
254 1845 389 1901 existi
413 1859 430 1908 ;
460 1856 636 1910 neque
657 1837 885 1903 addunt,
915 1835 983 1889 Et
1010 1849 1039 1886 a
1067 1831 1227 1886 Patre
1250 1828 1444 1885 venisti
1478 1828 1532 1881 in
1568 1826 1713 1881 hunc
1743 1811 1790 1871 B
1819 1822 1899 1867 est
1922 1823 2211 1866 commune
2228 1804 2569 1861 sanctorum?
2587 1802 2737 1858 Ultra
2756 1800 3045 1855 humanam
3059 1805 3236 1853 autem
3259 1795 3422 1850 intel-

1819 1904 1852 1910 “
1990 1903 2001 1910 '
2207 1898 2271 1910 ⁸·
2517 1906 2528 1910 -
2572 1896 2605 1910 ν
2783 1903 2847 1910 νμ
2916 1893 2970 1910 ιε.
3042 1890 3287 1910 .--ιεΑ,,,.
3315 1886 3388 1910 -..ε

140 1939 383 1998 mundum.
422 1935 581 2009 159
622 1933 685 1988 Et
717 1945 840 1986 cum
885 1929 1112 1982 alterum
1144 1925 1196 1978 in
1241 1920 1602 1993 professione,
1634 1917 1711 1971 al-

139 2044 285 2090 terum
311 2032 362 2086 in
391 2028 608 2086 silentio
650 2035 765 2089 est;
819 2017 1172 2093 professionis
1197 2029 1417 2069 causam
1447 2010 1583 2067 dicti
1610 2026 1711 2065 no-

137 2128 251 2182 vitas
277 2124 468 2196 exegit,
499 2118 793 2192 profitendi
825 2126 1005 2172 autem
1030 2109 1482 2167 contestationem
1515 2104 1712 2161 intelli-

138 2220 290 2292 gentia
317 2216 559 2272 veritatis
589 2213 799 2271 elicuit.
839 2208 1095 2266 Sciebant
1134 2202 1352 2274 quidem
1377 2217 1501 2256 eum
1532 2198 1713 2254 omnia

142 2327 184 2369 ut
209 2316 363 2370 Deum
387 2325 563 2381 posse,
593 2308 689 2364 sed
719 2305 958 2361 nondum
1000 2300 1267 2355 rationem
1301 2296 1384 2366 (ά)
1418 2292 1714 2348 nativitatis

141 2414 427 2477 acceperant
460 2421 473 2458 :
506 2413 563 2458 et
608 2399 699 2473 qui
740 2396 984 2453 sciebant
1025 2407 1055 2445 a
1084 2393 1192 2445 Deo
1242 2387 1488 2447 missum,
1538 2384 1717 2438 exisse

143 2509 294 2555 tamen
326 2514 354 2551 a
381 2497 489 2552 Deo
519 2491 852 2549 nesciebant.
889 2482 1309 2542 lncnarrabilem
1340 2479 1487 2532 illam
1510 2484 1567 2531 et
1592 2490 1712 2545 per—

142 2594 309 2650 fectam
337 2590 454 2646 Filii
484 2589 822 2644 nativitatem
854 2597 949 2652 per
979 2581 1238 2634 virtutem
1286 2570 1411 2628 dicti
1445 2571 1602 2626 istius
1630 2570 1714 2623 in-

146 2686 439 2757 telligentes,
468 2681 539 2754 (e)
567 2694 707 2735 nunc
724 2692 907 2733 secum
931 2674 1051 2730 sine
1074 2668 1377 2743 proverbiis
1400 2665 1719 2738 proﬁtentur

145 2780 377 2835 locutum.

203 2870 282 2927 55.
324 2869 494 2925 Exitio
519 2882 673 2939 quam
703 2874 822 2937 apte
865 2861 992 2917 Filii
1032 2858 1348 2915 nativitatem
1371 2853 1616 2910 enuntiet.
1648 2881 1721 2891 —

145 2964 245 3020 Non
286 2964 424 3020 enim
452 2978 549 3032 per
576 2955 1029 3015 consuetudinem
1081 2950 1300 3007 humani
1351 2956 1537 3016 partus
1578 2946 1721 3001 Deus

147 3073 201 3113 ex
223 3058 323 3113 Deo
344 3056 600 3120 nascitur,
633 3066 808 3122 neque
849 3065 944 3121 per
974 3049 1237 3104 elementa
1268 3041 1493 3113 originis
1523 3048 1721 3095 nostra:

148 3164 193 3207 ut
213 3154 367 3208 homo
399 3167 463 3205 ex
510 3147 732 3203 homine
760 3144 1092 3213 propellitur.
1130 3141 1338 3209 Integra
1374 3137 1460 3190 illa
1508 3144 1563 3189 et
1603 3149 1723 3203 per-

149 3247 260 3302 fecta
285 3255 336 3301 et
369 3241 793 3299 incontaminata
822 3237 1073 3292 nativitas
1098 3243 1201 3298 est,
1233 3231 1389 3301 cujus
1419 3244 1449 3283 a
1474 3228 1581 3283 Deo
1610 3227 1724 3283 exi-

148 3341 210 3394 tio
235 3338 409 3409 potius
450 3349 607 3406 quam
640 3342 828 3403 partus
876 3341 980 3384 est.
1013 3329 1107 3383 Est
1148 3327 1291 3381 enim
1336 3337 1475 3377 unus
1501 3336 1567 3377 ex
1596 3334 1720 3374 uno.

149 3431 247 3486 Non
264 3441 340 3487 est
370 3429 564 3499 portio,
597 3442 706 3481 non
734 3433 821 3478 est
848 3420 1103 3485 defectio,
1138 3433 1243 3473 non
1294 3427 1376 3472 est
1401 3413 1722 3478 deminutio,

151 3541 239 3582 non
284 3524 566 3586 derivatio,
611 3535 718 3575 non
768 3516 1066 3587 protensio,
1094 3529 1201 3568 non
1232 3509 1445 3582 passio;
1501 3505 1598 3581 sed
1646 3504 1729 3559 vi-

152 3623 304 3676 ventis
328 3631 535 3675 natura:
561 3631 627 3671 ex
654 3614 871 3669 vivente
902 3608 1152 3664 nativitas
1188 3615 1292 3661 est.
1325 3603 1471 3658 Deus
1517 3616 1581 3655 ex
1617 3598 1727 3652 Deo

151 3716 314 3769 exiens
339 3722 443 3777 est,
471 3725 579 3765 non
605 3713 854 3763 creatura
879 3704 930 3757 in
960 3702 1052 3757 Dei
1076 3713 1271 3754 nomen
1298 3695 1468 3751 electa
1493 3710 1508 3758 ;
1542 3707 1651 3747 non
1674 3700 1734 3744 ut

155 3815 278 3859 esset
303 3805 463 3868 ccepit
488 3817 556 3857 ex
580 3797 770 3863 nihiio,
803 3794 898 3850 sed
922 3793 1055 3849 exiit
1078 3806 1107 3844 a
1135 3796 1387 3844 manente
1414 3803 1428 3839 :
1454 3795 1508 3840 et
1532 3782 1734 3839 exiisse

161 3898 584 3969 significationem
631 3892 794 3947 habet
825 3885 1150 3949 nativitatis,
1184 3900 1289 3938 non
1321 3882 1483 3935 habet
1513 3877 1734 3931 inchoa-

158 3992 318 4047 tiouis.
352 3989 466 4044 Non
496 3987 643 4042 enim
675 3984 818 4039 idem
848 3990 933 4036 est
975 3975 1330 4034 substantiam
1379 3970 1448 4045 (ί)
1473 3970 1729 4040 cmpisse,

156 4096 196 4138 et
225 4086 378 4140 Deum
406 4082 616 4141 exiisse
654 4079 725 4133 de
758 4077 890 4133 Deo.
920 4073 989 4129 Et
1033 4069 1325 4127 nativitatis
1376 4066 1536 4134 hujus
1579 4076 1735 4118 cons.

158 4177 330 4232 eientia
357 4180 482 4233 licet
509 4189 619 4231 non
661 4169 905 4238 subjecta
953 4165 1133 4220 verbis
1164 4164 1254 4224 sit,
1286 4175 1408 4214 cum
1453 4158 1736 4213 inenarra-

159 4267 265 4323 bilis
288 4269 387 4333 sit;
441 4267 602 4322 habet
631 4272 810 4318 tamen
841 4258 898 4313 iu
926 4256 1170 4312 doctrina
1218 4250 1337 4307 Filii
1381 4247 1506 4304 fidei
1537 4244 1741 4301 securi-
1788 4290 1791 4291 ν

162 4368 323 4429 tatem,
352 4379 382 4417 a
411 4363 525 4418 Deo
554 4374 615 4414 se
646 4345 1270 4412 manifestantisexisse.

224 4546 292 4618 (π)
312 4548 366 4600 1η
395 4546 491 4618 his.
521 4546 682 4618 Mart.
715 4547 769 4594 et
789 4537 906 4591 bas.
943 4533 1087 4618 vat”
1110 4540 1311 4618 natura:
1336 4520 1741 4618 virttttem;
1771 4517 1822 4579 D

166 4595 789 4687 nu‘svapteiﬁo—c—qijippe
810 4595 1198 4687 concluditur,
1229 4598 1518 4687 ᾼιιοειοξορ
1543 4595 1745 4687 virtute

164 4668 828 4758 atqueoperihuS'Christi
872 4677 1133 4758 adductos
1175 4674 1363 4755 fuisse,
1398 4668 1744 4758 utulatentetn

167 4760 209 4812 in
227 4734 303 4813 ἷξιῖ
317 4734 1085 4814 na'tii'riewdiv'inteveritatem,
1112 4759 1273 4815 quam
1306 4734 1423 4814 ipse
1450 4739 1518 4794 iis
1548 4734 1742 4807 prtedi-

163 4830 320 4893 cubat,
346 4832 655 4885 crederent.

224 4923 292 4991 (b)
330 4922 385 4976 In
412 4937 523 4975 uno
548 4918 735 4991 codice
774 4913 899 4991 yat.
933 4907 1289 4991 et-t‘tonnttllis
1330 4904 1473 4991 aliis,
1503 4909 1752 4991 potestate

165 4971 265 5048 acia
281 4971 397 5065 quer
417 4971 730 5063 api—(,vpiena
758 4985 864 5065 ﬁde
890 4983 1226 5065 testiﬁcantur
1258 4995 1270 5031 :
1301 4971 1557 5031 mendosa
1590 4971 1746 5054 lectio

166 5040 795 5135 Li'iift'L-Fpiii’iiiﬁﬁuath
828 5055 959 5110 Bad.
1008 5040 1062 5108 et
1115 5051 1205 5105 Er.
1252 5065 1320 5105 ex
1371 5054 1525 5117 parte
1579 5040 1748 5097 secuti

169 5146 298 5280 sua).
335 5206 486 5278 Lips.
537 5212 591 5280 et
618 5202 768 5266 Pan,
799 5197 1197 5280 conﬁrmantur:
1224 5189 1446 5280 Rectius
1466 5185 1625 5280 B911...
1652 5184 1747 5237 Er.

169 5289 214 5331 et
232 5260 373 5334 ‘uissi
401 5260 802 5346 iconﬁrmatur,
851 5260 924 5346 ab
968 5264 1229 5346 apostolis
1278 5260 1531 5344 videlicet
1577 5261 1750 5327 ipsum

170 5346 350 5404 Christi
378 5335 753 5403 testiinonium
784 5340 924 5412 quod
954 5353 984 5392 a
1007 5335 1119 5392 Deo
1146 5335 1361 5391 exierit.

234 5441 307 5525 (ᾳ)
347 5442 474 5525 i’ar.
500 5455 621 5494 cum
649 5435 869 5505 antiquo
900 5445 1001 5485 ms.
1031 5427 1186 5484 Colh.
1215 5436 1269 5483 et
1292 5425 1476 5482 Germ.
1505 5421 1753 5475 rationem

175 5523 410 5568 πονηραί.

238 5602 303 5667 fe)
340 5601 570 5670 Quidam
626 5612 761 5670 mss.
815 5607 951 5670 quos
1005 5591 1182 5645 minus
1244 5590 1486 5670 sincerus
1547 5581 1759 5653 experti

179 5663 383 5739 sumus:
430 5688 556 5727 cum
608 5669 742 5725 Bad.
791 5663 847 5720 et
880 5664 1016 5739 iEr.,
1064 5665 1451 5739 nunc_printum
1500 5663 1759 5722 creperum

181 5730 441 5868 (alvatere,
496 5760 612 5798 cum
654 5740 804 5795 illum
845 5738 954 5791 sine
984 5731 1259 5803 proverbiis
1301 5730 1608 5799 profitentur
1651 5739 1759 5778 esse

201 5826 405 5871 octh

388 5840 405 5872 ί

1818 1903 2093 1975 ligentiam
2117 1915 2175 1956 se
2203 1898 2336 1954 fides
2378 1896 2675 1967 apostolica
2707 1893 2998 1965 protendit.
3032 1890 3291 1945 Audierat
3315 1886 3423 1941 titi-

1817 2012 1923 2068 que
1947 1997 2277 2065 frequenter,
2313 1991 2415 2060 Qui
2442 1991 2629 2060 recipit
2656 2004 2765 2050 vos.
2794 2003 2874 2041 me
2901 1985 3088 2052 recipit
3117 2000 3135 2038 :
3162 1990 3209 2037 et
3235 1981 3322 2053 qui
3344 1996 3426 2035 me

1817 2092 2019 2161 recipit,
2054 2088 2234 2159 recipit
2264 2102 2381 2141 eum
2418 2086 2505 2156 qui
2554 2101 2632 2139 me
2656 2083 2794 2137 misit
2819 2079 3035 2152 (Matth.
3068 2094 3124 2145 x,
3151 2077 3265 2148 40).
3296 2076 3425 2131 Mis-

1819 2198 1937 2240 Sum
1989 2182 2147 2254 160
2191 2195 2319 2251 ergo
2359 2177 2471 2249 jam
2504 2192 2612 2231 non
2661 2174 2942 2246 ignorabat
2970 2190 2983 2226 :
3012 2184 3066 2228 et
3092 2186 3251 2241 quem
3282 2169 3421 2224 mis.

1820 2291 1937 2331 sum
1966 2290 2071 2328 non
2097 2271 2396 2343 ignorabat,
2420 2268 2662 2324 audierat
2686 2266 3053 2338 profitentem,
3080 2262 3271 2317 Omnia
3293 2260 3421 2314 mihi

1820 2370 2010 2424 tradita
2035 2377 2153 2422 sunt
2175 2383 2205 2419 α
2232 2364 2415 2429 Patre,
2447 2373 2493 2419 et
2521 2378 2668 2417 nemo
2695 2360 2835 2414 nouit
2881 2357 3081 2412 Filium
3107 2355 3208 2410 nisi
3234 2353 3418 2418 Pater,

1822 2478 1980 2533 neque
2022 2460 2226 2514 Patrem
2274 2459 2385 2528 quis
2431 2456 2570 2510 novit
2617 2454 2717 2508 nisi
2745 2451 2915 2506 Filius
2946 2448 3160 2522 (Matth.
3194 2462 3271 2513 xt,
3300 2444 3419 2518 25).

1825 2555 1964 2624 Quid
1994 2553 2135 2610 istud
2157 2561 2242 2607 est
2267 2548 2409 2621 quod
2459 2563 2599 2603 nunc
2642 2546 2806 2601 Petro
2834 2543 2995 2599 Pater
3020 2540 3244 2603 revelat,
3276 2538 3420 2609 quod

1825 2649 1995 2704 beata:
2023 2641 2380 2702 confessionis
2424 2640 2650 2711 glori-tm
2695 2637 2898 2692 sumit?
2945 2633 3212 2705 Numquid
3260 2631 3429 2703 patris

1825 2757 2022 2798 nomen
2047 2750 2099 2796 et
2128 2738 2221 2794 filii
2254 2734 2566 2793 nesciebat?
2591 2732 2790 2803 Atquin
2814 2730 3127 2800 frequenter
3156 2727 3423 2782 audierat.

1826 2834 1933 2893 Sed
1972 2834 2208 2904 loquitur
2250 2828 2393 2901 quod
2425 2826 2662 2883 nonduin
2687 2839 2789 2879 vox
2832 2822 3062 2877 hutnana
3104 2818 3424 2890 protulerat,

1826 2928 1906 2985 Tu
1933 2946 1984 2983 es
2006 2925 2241 2984 Christus
2265 2925 2405 2996 ﬁlius
2436 2921 2534 2976 Dei
2559 2922 2675 2975 vivi.
2705 2919 2837 2975 Nam
2880 2918 3096 2973 tametsi
3120 2916 3170 2969 in
3199 2926 3431 2981 corpore

1830 3035 2057 3077 manens
2090 3019 2183 3074 Dei
2229 3032 2286 3073 se
2317 3017 2482 3071 filium
2509 3024 2653 3071 esset
2695 3013 3001 3081 professus;
3052 3019 3236 3065 tamen
3294 3022 3428 3077 apo-

1828 3114 2018 3171 stolica
2046 3112 2177 3167 fides
2204 3124 2344 3165 nunc
2380 3107 2609 3179 primum
2642 3116 2887 3160 naturam
2935 3104 2988 3158 in
3024 3117 3091 3158 eo
3136 3099 3434 3155 divinitatis

1756 3201 1800 3265 C
1833 3206 2070 3281 agnovit.
2103 3204 2290 3274 Neque
2335 3202 2479 3257 enim
2526 3200 2687 3256 Petro
2720 3206 2924 3253 tantum
2959 3196 3038 3271 fj)
3069 3211 3138 3253 ex
3176 3191 3429 3251 confesso

1832 3302 2038 3356 honore
2067 3299 2185 3353 laus
2222 3293 2429 3351 reddita
2476 3302 2580 3360 est,
2611 3291 2704 3347 sed
2736 3307 2800 3347 ex
2831 3289 3108 3360 agnitione
3148 3284 3388 3359 mysterii
3421 3301 3434 3335 :

1829 3393 1952 3466 quia
1983 3407 2088 3447 non
2121 3389 2389 3446 Christum
2420 3388 2593 3443 solum
2618 3427 2634 3454 ,
2684 3388 2778 3440 sed
2806 3383 3082 3439 Christum
3135 3381 3227 3436 Dei
3270 3382 3433 3436 liliutn

1831 3501 1953 3542 esse
1976 3483 2257 3540 confessus
2279 3490 2378 3538 est.
2409 3480 2543 3537 Nam
2576 3482 2758 3548 utique
2783 3477 2848 3531 ad
2891 3475 3288 3531 confessionem
3328 3471 3432 3524 ho-

1836 3580 1983 3635 noris
2010 3577 2299 3634 suli’ecerat
2328 3574 2564 3630 dixisse:
2595 3571 2677 3627 Tu
2721 3588 2774 3627 es
2825 3569 3080 3626 Christus.
3117 3567 3222 3624 Sed
3274 3565 3436 3620 inane

1835 3672 2029 3736 fuerat,
2062 3668 2336 3726 Christum
2365 3668 2432 3721 ab
2462 3682 2528 3722 eo
2553 3665 2860 3722 confessum
2895 3664 3083 3728 fuisse,
3115 3659 3216 3713 nisi
3250 3657 3344 3713 Dei
3367 3657 3432 3710 fi-

1836 3765 1964 3820 litnn
1994 3762 2365 3819 confiteretur.
2398 3759 2455 3814 In
2482 3774 2548 3815 eo
2588 3760 2730 3814 enim
2761 3754 2902 3825 quod
2932 3753 3027 3817 ait,
3065 3751 3141 3806 Tu
3168 3767 3241 3815 es,
3273 3750 3441 3804 virtu-

1837 3868 1943 3915 tem
1972 3868 2028 3914 et
2070 3856 2452 3928 proprietatem
2503 3852 2762 3907 naturalis
2793 3850 3034 3905 veritatis
3062 3846 3337 3917 explicuit.
3374 3842 3444 3897 Et

1840 3952 1998 4007 Pater
2035 3948 2290 4012 dicendo,
2324 3945 2428 4002 Hic
2484 3954 2558 3999 est
2584 3945 2725 4015 ﬁlius
2755 3958 2895 3996 meus
2939 3938 3153 4013 (Matth.
3185 3951 3315 4001 xvu,
3362 3935 3441 4003 5),

1841 4044 1999 4100 Petro
2046 4040 2307 4097 revelavit
2346 4047 2401 4093 ut
2443 4037 2670 4100 diceret,
2705 4032 2780 4087 Tu
2811 4049 2863 4087 es
2890 4032 3029 4101 ﬁlius
3071 4026 3356 4097 Dei:quia
3392 4026 3441 4079 itt

1841 4150 1907 4192 eo
1935 4134 2078 4206 quod
2104 4133 2321 4199 dicitur,
2361 4129 2459 4185 Hic
2486 4137 2578 4192 est,
2616 4123 2907 4181 revelantis
2934 4120 3192 4176 indicium
3233 4126 3350 4183 est;
3387 4117 3439 4172 in

1843 4246 1910 4287 eo
1936 4244 2067 4285 vero
2106 4227 2250 4299 quod
2279 4222 2663 4295 respondetur,
2693 4217 2771 4273 Tu
2800 4234 2872 4283 es,
2903 4214 3214 4271 confitentis
3244 4211 3447 4282 agnitio

1847 4338 1949 4381 est.
1980 4323 2152 4394 Super
2194 4322 2329 4374 hanc
2373 4317 2532 4387 igitur
2563 4311 2922 4371 confessionis
2952 4316 3162 4378 petram
3192 4302 3450 4360 Ecclesia:

1918 4510 1989 4584 (θ’)
2029 4508 2156 4584 Mss.
2205 4504 2327 4584 Vat.
2360 4502 2475 4584 bas.
2514 4497 2806 4584 ethiart“
2842 4492 3067 4584 ‘cmpisse
3111 4505 3179 4545 ea:
3222 4486 3455 4544 Deo:et

1851 4568 1997 4647 ηιόἱί,
2026 4583 2081 4636 in
2110 4577 2346 4633 doctrina
2377 4572 2476 4645 ﬁlii
2505 4569 2602 4647 Dei
2632 4568 2778 4647 ﬁdei,
2807 4574 2911 4647 etc:

1921 4630 1997 4728 ζῶ
2027 4630 2522 4708 ’Ᾰιίέὲιίίεηηίηεε
2577 4630 2690 4695 bas.
2724 4630 2845 4693 Vat.
2895 4635 3029 4692 Vide
3058 4633 3156 4689 lib.
3186 4647 3240 4697 ι,
3294 4646 3351 4685 n.
3384 4630 3454 4684 to

1852 4726 2021 4783 etii.

1924 4771 2021 4869 (ii).
2044 4792 2184 4869 Editi
2212 4796 2438 4869 excepto
2483 4785 2604 4869 Par.
2634 4794 2689 4866 et
2725 4778 2968 4869 itonntiiii
3004 4772 3327 4869 recentioris
3354 4771 3454 4869 aevi

1853 4844 2492 4937 mss:puhiicanseientia.
2528 4856 2720 4937 Vierius
2758 4852 2847 4937 alii
2895 4849 3038 4913 lihri,
3072 4844 3276 4927 publica
3331 4857 3451 4937 gon-

1852 4913 2084 5004 ﬁniuit,
2116 4913 2298 4995 idest,
2320 4913 2473 4996 cujus
2501 4924 2884 5004 t-tianihvulgus
2906 4921 3184 5004 conscium
3200 4923 3301 4968 est.
3337 4913 3446 5004 Sic,

2187 4985 2499 5065 Codetaitt.,
2551 5014 2603 5050 n.
2641 4996 2726 5056 10.
2776 4985 2929 5066 rogat
2974 4989 3207 5066 Hilarius
3255 4994 3312 5038 ιιι
3352 4985 3453 5066 sibi

1853 5055 2534 5137 iic’eai-dewfitledisserere
2555 5068 2647 5121 sub
2677 5055 2877 5133 publica
2898 5059 3210 5137 conscientia
3234 5066 3336 5137 :.et
3358 5055 3449 5137 li

1854 5125 2464 5207 Zaﬁiiaidifsiani‘.om.
2515 5155 2570 5192 η.
2600 5125 2927 5207 2,’νθιιιωιιι
2971 5128 3210 5207 haeretici
3267 5128 3319 5181 in
3365 5125 3455 5180 Bi-

1857 5200 2105 5276 terrensi
2120 5215 2349 5271 concilio
2374 5210 2560 5265 audire
2595 5210 2664 5263 ah
2692 5207 2807 5274 ipso
2838 5205 3063 5272 ingesta,
3093 5200 3326 5255 timentes
3352 5214 3452 5267 pu-

1857 5294 2002 5348 blica:
2027 5285 2366 5345 conscientia.

1932 5339 1997 5433 iii
2029 5339 2331 5433 usus
2689 5345 2959 5433 iusim
3011 5342 3265 5433 είεῖετειην
3312 5339 3455 5408 tu“

1863 5412 2097 5507 primum
2118 5425 2387 5507 arridebat
2420 5441 2433 5476 :
2462 5421 2556 5507 sed
2590 5418 2721 5474 nihil
2743 5425 2828 5500 est
2855 5431 2953 5507 cur.
2977 5416 3046 5467 ab
3077 5412 3305 5466 aliorum
3333 5425 3459 5465 con-

1860 5487 2024 5564 Eéiijéu
2052 5498 2409 5558 discedamus.
2460 5493 2640 5562 Longe
2686 5487 2865 5543 minus
2899 5488 3083 5611 placet
3118 5492 3302 5551 postea
3334 5497 3456 5535 cum

1862 5579 2051 5611 ηηιιη...
2092 5588 2190 5611 ηις.
2235 5569 2371 5611 mmd
2415 5575 2486 5611 est
2512 5566 2567 5611 in
2588 5574 2871 5611 commune.
2942 5570 3070 5611 orro
3096 5569 3282 5608 vocem
3316 5553 3456 5608 Filia

1861 5553 2192 5636 eodem—ins.
2235 5569 2371 5638 quod
2415 5575 2486 5620 est
2512 5553 2871 5638 incommutte.
2899 5553 3070 5638 Pot-rp
3096 5569 3282 5636 vocent
3316 5553 3460 5608 Filio

1864 5625 2272 5706 casu,
2298 5653 2360 5693 ac
2387 5638 2687 5706 proximum
2712 5629 2934 5706 verbum
2959 5625 3207 5706 defer-erili
3229 5625 3280 5678 in
3303 5634 3459 5680 sexto

1864 5695 2232 5788 iiite‘liigiintis,
2258 5695 2434 5788 quasi,
2468 5709 2521 5760 in
2554 5705 2705 5759 Petro
2734 5695 3040 5788 cumdefetl‘t
3072 5695 3231 5751 Filio.

1936 5765 2341 5860 (ji'iiiéiabthr
2369 5765 2548 5846 Marb,
2570 5792 2633 5832 ea:
2655 5765 2972 5844 confessione
2992 5769 3157 5825 honor
3178 5777 3226 5822 et
3246 5765 3376 5820 [ausi
