3960 6202
555 306 682 387 ’187
1792 322 2040 381 SANCTI
2080 322 2336 381 HILARII
2362 324 2668 385 EPISCOP]
3766 342 3849 398 533

573 438 860 496 aediﬁcatio
885 447 967 494 est
996 437 1148 510 (Vid.
1178 436 1266 492 lib.
1296 452 1356 505 ιι,
1386 453 1440 492 n.
1471 436 1563 506 23,
1589 445 1634 492 et
1660 454 1774 511 cap.
1807 436 1874 492 16
1896 438 1949 493 in
1977 436 2169 492 Matth.
2197 443 2249 503 Α
2275 438 2379 495 hoc
2403 441 2594 498 beatus
2623 450 2732 499 est.
2760 441 2890 501 Haec
2918 445 3182 503 revelatio
3207 446 3385 505 Patris
3416 457 3520 519 est,
3552 449 3649 507 hoc
3674 452 3849 511 Eccle-

571 548 628 587 n.
665 532 744 608 7).
777 531 879 588 Sed
910 545 1102 587 sensus
1144 530 1326 586 carnis
1371 539 1426 587 et
1464 530 1765 602 sanguinis,
1814 530 2176 587 confessionis
2277 536 2372 591 size
2402 535 2809 594 fundamentum
2834 548 2937 607 cst,
2971 540 3087 598 htec
3116 544 3384 600 securitas
3425 547 3737 604 aeternitatis
3759 561 3845 606 est.

574 626 736 697 hujus
762 625 1177 697 intelligentiam
1209 641 1316 681 non
1357 626 1584 682 revelat.
1616 625 1729 682 Hoc
1753 634 1836 682 est
1858 625 2053 681 divinas
2084 641 2173 681 re-
2278 625 2416 682 Hinc
2444 629 2592 700 regni
2628 631 2888 687 caelorum
2938 633 3101 689 habet
3126 634 3325 703 claves,
3359 636 3488 694 hinc
3520 650 3725 696 terrena
3750 644 3849 713 ejus

573 717 860 775 velationis
904 731 1343 786 sacramentum,
1394 716 1669 774 Christum
1706 719 1799 775 Dei
1851 718 2019 774 ﬁlium
2068 734 2174 774 non
2275 718 2498 791 judicia,
2532 723 2600 795 (ι’)
2638 723 2839 795 judicia
2871 727 3112 784 caelestia
3134 739 3279 785 sunt.
3322 730 3729 791 Sacramentum
3764 753 3841 795 oc-

572 814 746 870 solum
771 826 1109 891 nuncupare,
1141 811 1238 868 sed
1271 813 1517 868 credere.
1550 810 1657 867 Aut
1686 812 1943 882 numquid
1972 826 2180 867 nuncu-
2278 814 2480 869 cultum
2500 813 2594 883 (al.
2618 819 2968 893 occultatum)
2990 838 3019 877 a
3043 824 3252 879 saeculis
3272 823 3349 899 (g)
3376 841 3473 897 per
3495 829 3850 889 revelationcm

572 907 716 976 patio
746 905 924 975 potius
955 920 1116 976 quam
1145 914 1336 959 natura
1360 905 1520 961 Petro
1545 904 1780 960 revelata
1803 904 1925 960 est?
1953 904 2012 960 Si
2040 921 2177 960 nun-
2282 906 2490 975 didicit,
2525 908 2684 965 ﬁdem
2716 912 2928 970 locutus
2967 926 3071 982 est,
3125 925 3372 974 naturam
3405 925 3723 993 enuntiavit,
3771 926 3850 983 Dei

570 999 822 1069 cupatio;
866 998 977 1070 jam
1028 998 1164 1053 hanc
1208 1012 1237 1052 a
1270 998 1498 1053 Domino
1544 998 1857 1068 frequenter
1903 997 2172 1063 audierat,
2282 999 2449 1054 filium
2475 1001 2757 1058 confessus
2798 1016 2899 1060 est.
2935 1005 3048 1061 Hoc
3073 1008 3162 1078 qui
3191 1022 3496 1067 creaturam
3543 1016 3713 1086 potius
3742 1032 3853 1072 cnn-

574 1107 698 1147 esse
729 1108 789 1148 se
813 1092 908 1149 Dei
934 1092 1102 1147 filium
1127 1092 1443 1148 conﬁtente.
1471 1092 1527 1147 In
1556 1107 1660 1162 quo
1682 1107 1811 1163 ergo
1833 1091 2178 1146 revelationis
2282 1091 2441 1149 ﬁtens
2482 1104 2662 1167 negat,
2709 1097 2857 1167 prius
2884 1108 2967 1154 est
3006 1108 3065 1153 ut
3096 1110 3255 1172 neget
3300 1103 3447 1160 Petri
3496 1109 3848 1178 apostolattnn,

571 1193 656 1239 est
682 1184 894 1255 gloria?
927 1183 1003 1257 (α)
1051 1183 1265 1239 Naturae
1291 1184 1522 1251 scilicet,
1575 1201 1681 1239 non
1728 1184 2003 1251 nominis;
2053 1190 2189 1240 cum'
2281 1186 2465 1254 ﬁdem,
2516 1190 2938 1259 beatitudinem,
2988 1195 3394 1267 sacerdotium,
3444 1203 3851 1274 martyriumzet

572 1274 915 1348 frequentata
944 1278 1181 1332 nominis
1208 1276 1472 1347 professio
1498 1276 1608 1348 jam
1641 1277 1851 1333 fuisset.
1989 1366 1993 1368 Δ
2282 1292 2404 1352 post
2431 1283 2546 1339 haec
2584 1299 2643 1339 se
2673 1285 2908 1342 alienum
2937 1302 2967 1342 a
3008 1288 3227 1345 Christo
3271 1306 3392 1347 esse
3436 1293 3718 1367 intelligat,
3747 1297 3851 1368 quia

649 1369 739 1424 57.
784 1368 929 1425 Petri
953 1370 1083 1440 ﬁdes
1111 1372 1519 1425 commendatur.
1548 1399 1620 1411 -—
1645 1371 1772 1427 Haec
1798 1372 1951 1435 ﬁdes,
1986 1366 2177 1429 Eccle-
2284 1371 2479 1428 Petrus
2506 1389 2627 1428 cum
2659 1374 2825 1431 ﬁlium
2853 1378 3137 1434 confessus
3163 1382 3276 1437 haec
3298 1384 3516 1440 meruit.

569 1461 666 1517 site
705 1460 1108 1517 fundamentum
1154 1472 1279 1518 est:
1310 1478 1404 1534 per
1437 1462 1575 1518 hanc
1610 1462 1770 1519 ﬁdem
1816 1464 2056 1520 infirmes
2081 1464 2178 1538 (al.
2355 1466 2446 1523 38.
2484 1467 2854 1523 [hereticorum
2884 1473 3134 1526 sententia
3184 1473 3339 1531 Petro
3369 1478 3565 1548 ignota.
3616 1479 3730 1535 Non
3767 1482 3852 1536 alia

571 1552 822 1624 inﬁrtnre)
865 1553 1124 1609 adversus
1160 1569 1280 1610 eam
1323 1563 1449 1609 sunt
1498 1564 1668 1626 portae
1700 1554 2017 1611 inferorum.
2053 1555 2181 1612 llaec
2284 1560 2383 1613 nisi
2415 1559 2556 1616 Petri
2584 1563 2810 1633 ﬁdes.-—
2838 1566 2919 1619 An
2945 1580 3032 1633 ne,
3057 1581 3089 1622 ο
3123 1569 3306 1635 miser,
3340 1571 3583 1641 quisquis
3610 1572 3758 1629 hodie
3776 1590 3847 1641 es,

571 1647 705 1703 ﬁdes
728 1648 876 1716 regni
922 1648 1163 1703 caelestis
1211 1648 1598 1703 habet‘claves.
1632 1647 1758 1704 Haec
1805 1648 1937 1703 fides
1978 1666 2099 1720 qua:
2125 1651 2178 1706 in
2285 1652 2879 1721 hacrctice,boatiorem
2901 1658 3117 1713 Petrum
3143 1659 3378 1717 futurum
3405 1662 3570 1720 fuisse
3587 1666 3849 1729 existimas.

571 1740 733 1795 terris
761 1741 987 1796 solverit
1015 1749 1107 1795 aut
1133 1740 1401 1813 Iigaverit,
1432 1749 1486 1797 et
1516 1742 1678 1813 ligata
1719 1744 1773 1798 in
1795 1743 1948 1798 caelis
1974 1751 2102 1798 sunt
2129 1752 2184 1799 et
2284 1744 2331 1800 si
2362 1745 2617 1803 dixisset:
2651 1748 2730 1804 Tu
2761 1764 2820 1806 es
2858 1751 3105 1807 Christus
3137 1755 3370 1825 perfecta
3405 1757 3499 1813 Dei
3531 1769 3781 1823 creatura,
3809 1770 3853 1815 ct

571 1834 745 1889 soluta
798 1832 1011 1905 (Matth.
1044 1848 1155 1899 xw,
1194 1832 1260 1889 l8
1306 1843 1353 1888 et
1405 1833 1521 1903 19).
1578 1834 1701 1889 llaec
1761 1835 1893 1890 ﬁdes
1940 1846 2181 1907 paternae
2211 1848 2259 1911 Β
2286 1841 2694 1908 supereminens
2718 1841 2939 1899 facturis
2965 1847 3216 1901 omnibus
3257 1848 3482 1919 factura,
3514 1859 3569 1905 ct
3596 1852 3684 1922 qui
3709 1852 3854 1907 exni-

572 1925 922 1981 revelationis
947 1933 1028 1981 est
1061 1940 1277 1991 munus,
1309 1923 1585 1983 Christum
1618 1926 1694 1999 (b)
1723 1942 1828 1981 non
1871 1938 2176 1983 creaturam
2285 1930 2393 1985 hilo
2424 1947 2545 1987 esse
2571 1937 2803 2005 coepisti,
2827 1944 2882 1991 et
2911 1952 3009 2007 per
3035 1938 3331 1996 bonitatem
3358 1941 3474 2009 Dei,
3493 1944 3579 2012 qui
3601 1944 3763 1999 bonus
3784 1959 3854 1998 so-

569 2030 637 2073 ex
667 2015 834 2071 nihilo
853 2017 1090 2084 mentiri,
1112 2016 1205 2073 sed
1230 2017 1526 2073 secundum
1553 2019 1903 2089 proprietatis
1927 2029 2174 2074 naturam
2281 2022 2364 2079 lus
2394 2033 2497 2091 est,
2523 2040 2718 2081 nomen
2750 2027 2840 2081 ﬁlii
2873 2029 3162 2100 adoptione
3192 2034 3458 2100 meruisti,
3494 2033 3570 2107 (It)
3594 2045 3647 2090 et
3666 2036 3852 2107 quinnn

571 2112 666 2167 Dei
691 2111 857 2166 filium
889 2111 1154 2167 confiteri.
1184 2109 1231 2167 0
1253 2112 1466 2167 miserm
1495 2114 1739 2167 stultitia:
1768 2112 1919 2168 furor
1948 2112 2167 2184 impius,
2282 2132 2347 2173 ex
2383 2118 2494 2174 Deo
2534 2131 2690 2176 natus
2722 2124 2821 2179 es?
2853 2124 2919 2179 Et
2945 2140 3134 2195 quaero
3157 2141 3183 2178 a
3212 2135 3282 2192 te,
3317 2127 3443 2196 quid
3473 2128 3745 2184 auditurus
3767 2130 3853 2182 fue-

573 2221 680 2260 non
708 2204 1020 2275 intelligens
1048 2204 1222 2260 beata:
1263 2205 1560 2261 senectutis
1591 2205 1825 2275 ﬁdeique
1856 2215 2176 2278 martyrem,
2282 2215 2351 2269 rit
2386 2215 2540 2290 162
2565 2216 2679 2272 haec
2704 2217 2911 2287 dicens,
2936 2220 3025 2290 qui
3048 2218 3224 2275 audita
3248 2221 3501 2291 passione
3530 2224 3850 2293 respondens,

579 2295 652 2387 (υ)
678 2305 730 2352 et
758 2306 1051 2367 martyrem
1081 2296 1323 2361 Petrum,
1352 2312 1450 2368 pro
1476 2313 1582 2369 quo
1629 2297 1791 2353 Pater
1828 2308 2046 2369 rogatus
2073 2305 2177 2366 est,
2284 2304 2363 2378 (2)
2396 2306 2662 2379 Propitius
2688 2310 2750 2384 (i)
2795 2312 2908 2380 tibi,
2939 2312 3162 2369 Domine
3182 2359 3197 2381 ,
3251 2331 3352 2369 non
3381 2317 3477 2370 erit
3503 2316 3639 2371 istud
3670 2316 3849 2387 (Matth.

572 2384 732 2465 '16]
763 2407 831 2446 ne
859 2390 991 2446 ﬁdes
1021 2391 1138 2462 ejus
1185 2393 1238 2446 in
1269 2392 1571 2448 tentatione
1600 2390 1862 2449 deficeret
1894 2411 1906 2448 :
1940 2393 2029 2464 qui
2075 2394 2177 2448 ite-
2281 2413 2390 2466 va,
2413 2399 2530 2474 22),
2563 2402 2793 2458 audierit
2814 2404 2915 2460 sibi
2939 2405 3080 2460 dici:
3110 2404 3256 2461 Vade
3274 2416 3407 2461 retro
3433 2407 3506 2481 (j)
3535 2419 3645 2479 post
3676 2384 3766 2476 ine,
3787 2424 3852 2462 δα·
3930 2440 3931 2457 ι

573 2495 689 2541 rata
714 2500 742 2539 a
767 2499 826 2541 se
857 2485 1168 2542 dilectionis
1206 2486 1257 2541 in
1298 2487 1463 2542 Deum
1495 2487 1779 2558 postulatae
1819 2486 2177 2556 professione,
2284 2499 2455 2559 tanas,
2481 2493 2780 2550 scandalum
2807 2497 2935 2551 mihi
2955 2514 3008 2554 es
3037 2497 3200 2571 (Ibid.
3219 2497 3354 2572 25)?
3384 2499 3494 2556 Nec
3517 2500 3678 2556 Petro
3707 2511 3853 2556 tamen
3930 2514 3931 2523 ‘

577 2580 774 2635 tentari
816 2595 876 2635 se
902 2579 1079 2636 adhuc
1133 2591 1407 2652 tamquam
1451 2581 1761 2653 ambiguum
1812 2589 1868 2636 et
1912 2582 2177 2637 incertum
2285 2587 2519 2642 humana
2551 2588 2851 2660 ignorantia
2882 2591 3113 2663 profecit
3151 2593 3217 2648 ad
3241 2596 3493 2662 crimen;
3542 2610 3646 2649 non
3670 2595 3798 2649 enim
3817 2594 3853 2646 ei
3930 2642 3931 2645 η

579 2673 737 2730 tertia
767 2674 1188 2747 interrogatione
1209 2677 1520 2748 congemuit
1553 2674 1730 2745 (Joan.
1762 2690 1883 2741 χχι,
1918 2675 2015 2745 17)
2043 2690 2057 2741 ;
2084 2688 2183 2745 per
2286 2679 2444 2734 Pater
2468 2680 2643 2737 adhuc
2671 2698 2830 2738 omne
2863 2685 3132 2753 passionis
3159 2687 3476 2759 mysterium
3512 2688 3815 2744 revelaverat
3842 2704 3852 2739 :

575 2766 628 2823 id
661 2782 874 2839 quoque
900 2783 929 2823 a
961 2768 1189 2825 Domino
1219 2768 1298 2843 (1)
1348 2776 1473 2840 post
1503 2767 1716 2821 tertiam
1748 2766 1831 2837 (ά)
1863 2764 2184 2821 tentationis
2285 2774 2379 2826 sed
2408 2770 2540 2827 ﬁdes
2570 2773 2646 2847 (ὅ)
2675 2773 2751 2847 (lt)
2787 2791 2951 2846 parva
2986 2779 3309 2833 sententiam
3346 2778 3704 2835 damnationis
3727 2792 3855 2835 excc-

576 2863 948 2936 purgationem
980 2862 1378 2928 inﬁrmitatum,
1431 2860 1596 2915 Pasce
1621 2877 1735 2916 oves
1762 2876 1923 2926 meas,
1954 2868 2037 2916 ter
2063 2875 2181 2916 me-
2284 2865 2382 2935 pit.
2406 2864 2515 2919 Cur
2544 2866 2703 2936 igitur
2731 2883 2837 2923 non
2867 2869 3003 2924 hanc
3026 2870 3384 2927 confessionis
3407 2871 3565 2928 ﬁdem
3597 2873 3753 2929 Pater
3775 2871 3853 2927 Pe.

575 2957 710 3011 ritus
739 2955 925 3011 audire
954 2973 965 3009 :
996 2957 1089 3026 qui
1130 2957 1182 3011 in
1215 2963 1532 3010 cunctorum
1559 2954 1927 3024 apostolorum
1961 2954 2183 3011 silentio
2286 2965 2371 3013 tro
2393 2958 2667 3027 rcvelavit,
2699 2972 3001 3018 creaturam
3031 2963 3238 3019 scilicet
3262 2972 3317 3018 et
3334 2963 3722 3035 adoptionem?
3745 2962 3856 3019 Invi-

578 3047 672 3103 Dei
704 3047 871 3103 filium
904 3048 1235 3104 rcvelatione
1264 3047 1441 3103 Patris
1466 3047 1797 3118 intelligens,
1832 3049 1968 3104 ultra
1993 3049 2183 3105 huma-
2285 3050 2385 3119 dit,
2409 3051 2595 3120 credo,
2626 3053 2713 3110 hic
2752 3054 2912 3111 Petro
2941 3056 3104 3125 Deus,
3137 3057 3273 3111 utin
3308 3066 3549 3128 tempora
3588 3058 3854 3129 posteriora

574 3158 661 3198 nae
707 3141 1041 3198 inﬁrmitatis
1087 3140 1348 3208 modum,
1410 3142 1904 3213 supereminentem
1954 3142 2180 3219 gloriam
2286 3143 2667 3215 dissimulans,
2719 3147 2835 3204 hzec
2887 3164 3028 3204 nunc
3068 3134 3220 3205 vobis
3265 3150 3419 3205 novis
3451 3152 3855 3221 praedicatoribus

576 3235 753 3290 beata:
797 3233 925 3289 ﬁdei
972 3249 1085 3289 suae
1131 3234 1480 3291 confessione
1530 3236 1862 3306 promeruit!
1908 3236 1963 3292 ln
2020 3252 2179 3309 quam
2209 3243 2254 3306 C
2288 3248 2608 3295 reservaret.
2657 3240 2737 3295 Sit
2778 3256 2909 3296 sane
2936 3242 3069 3297 ﬁdes
3098 3242 3236 3309 alia,
3272 3242 3314 3297 si
3355 3244 3477 3299 alite
3526 3246 3705 3302 claves
3734 3243 3854 3311 regni

578 3341 723 3383 nunc
765 3325 1185 3396 interpretanda:
1215 3327 1367 3383 vocis
1398 3343 1520 3383 sua:
1539 3328 1857 3385 deducimur
1882 3334 2183 3387 neeessita-
2286 3330 2547 3386 caelorum
2574 3340 2716 3386 sunt.
2748 3334 2829 3387 Sit
2853 3333 2985 3389 fides
3007 3334 3130 3397 alia,
3159 3335 3201 3388 si
3235 3334 3474 3390 Ecclesia
3508 3336 3615 3391 alia
3634 3345 3718 3392 est
3742 3334 3857 3390 futu-

579 3418 728 3475 tem?
758 3419 849 3475 Ille
874 3418 1155 3475 confessus
1187 3431 1268 3476 est
1292 3418 1565 3477 Christum
1597 3420 1766 3475 ﬁlium
1798 3421 1893 3476 Dei
1921 3439 1935 3477 :
1966 3433 2023 3477 at
2053 3422 2182 3479 mihi
2286 3438 2367 3487 ra,
2396 3422 2680 3478 adversum
2712 3439 2871 3494 quam
2914 3432 3080 3493 portae
3111 3425 3308 3480 inferni
3348 3441 3458 3481 non
3491 3427 3853 3497 praevalebunt.
3930 3438 3931 3497 ξ

579 3519 634 3567 tu
660 3510 846 3578 hodie,
879 3512 1002 3567 novi
1042 3513 1377 3583 apostolatus
1409 3512 1640 3568 mendax
1685 3513 2067 3582 sacerdotium,
2098 3516 2181 3570 in-
2287 3513 2365 3569 Sit
2392 3514 2527 3585 ﬁdes
2557 3515 2659 3569 alia
2684 3557 2698 3582 ,
2749 3516 2792 3569 si
2827 3516 2933 3570 erit
2957 3516 3096 3569 alius
3120 3518 3478 3586 apostolatus,
3514 3519 3671 3589 ligata
3702 3528 3753 3572 et
3783 3531 3855 3570 so-

577 3606 722 3675 geris
755 3603 1022 3659 Christum
1066 3621 1131 3661 ex
1164 3605 1335 3660 nihilo
1370 3614 1697 3660 creaturam.
1748 3603 1918 3672 Quam
1971 3605 2074 3660 vim
2106 3607 2185 3662 af-
2289 3606 2394 3661 luta
2426 3622 2520 3677 per
2545 3623 2602 3662 se
2633 3607 2685 3661 in
2712 3616 2875 3672 terra,
2901 3606 3072 3678 ligans
3101 3609 3155 3663 in
3192 3610 3332 3665 cmlo
3360 3618 3523 3680 atque
3549 3610 3774 3666 solvens.
3796 3608 3859 3662 Sit
3930 3603 3931 3667 Ὺ

581 3693 692 3750 fers
735 3695 893 3751 dictis
925 3696 1002 3767 (e)
1032 3696 1327 3767 gloriosis?
1371 3696 1567 3752 Filium
1627 3696 1720 3751 Dei
1748 3696 2065 3763 confessus,
2113 3700 2183 3755 ob
2288 3698 2421 3756 ﬁdes
2447 3701 2572 3767 alia,
2615 3700 2661 3756 si
2699 3700 2947 3757 Christus
2978 3701 3117 3758 alius
3157 3702 3251 3758 Dei
3283 3702 3443 3770 ﬁlius,
3490 3711 3687 3774 praeter
3725 3715 3855 3775 quam

587 3937 606 3983 ι
658 3856 734 3927 (1)
777 3854 902 3911 Post
947 3855 1149 3911 tertiam
1182 3856 1475 3911 tentationis
1513 3859 1877 3929 purgotionunt
1904 3856 2183 3927 inﬁrmita-
2472 3858 2736 3985 papilius
2761 3858 2850 3917 tibi
2870 3857 3143 3915 Dominus.

608 3944 708 3983 em.
2523 3948 2661 3987 rava.

608 3944 708 3983 em.
2359 3944 2441 3987 (ὗ)
2472 3944 2661 3987 Praua.

657 4068 730 4146 (ᾳ)
771 4069 896 4146 Mss.
927 4068 1091 4126 Vind.
1119 4076 1175 4124 et
1199 4068 1329 4146 Silv.
1351 4069 1417 4146 in
1446 4077 1633 4124 natura
1662 4069 1892 4146 scilicet,
1905 4069 2047 4146 _qnia
2090 4086 2183 4146 no-
2285 4080 2464 4146 gatum
2496 4088 2617 4128 esse
2643 4089 2672 4128 a
2700 4075 2837 4129 trina
2865 4076 3172 4145 negatione,
3201 4090 3303 4146 qua
3336 4082 3540 4130 tentata
3572 4091 3633 4131 ac
3658 4074 3849 4144 probata

582 4138 737 4196 minis
781 4142 1099 4219 [requettlalg
1141 4142 1417 4219 professio,
1469 4151 1600 4219 etc"
1651 4142 1820 4219 male,
1858 4138 1951 4219 Sic
2002 4144 2181 4219 potius
2287 4138 2463 4219 fuerat
2495 4146 2684 4219 ipsius:
2702 4138 3007 4219 inﬁrmitas.
3033 4138 3186 4215 Quod
3214 4138 3518 4219 illustratur
3541 4150 3623 4215 liis
3653 4138 3851 4219 Ambro-
3930 4150 3931 4219 ξ

582 4210 901 4275 vertendum
933 4214 1037 4268 huc
1061 4210 1201 4271 foret.
1227 4210 1249 4266 ς’
1273 4213 1324 4267 in
1354 4228 1420 4288 eo
1449 4214 1657 4288 scilicet
1680 4210 1823 4284 quod
1855 4210 2073 4269 facta—ei
2108 4215 2183 4271 sit
2287 4216 2354 4288 sii
2378 4216 2469 4283 lib.
2496 4210 2529 4273 v
2555 4217 2622 4272 de
2645 4216 2777 4279 Fide
2809 4235 2861 4274 n.
2895 4218 2952 4285 2,
2983 4210 3195 4283 verbis:
3234 4218 3322 4272 Est
3350 4212 3555 4275 Petrus
3577 4220 3732 4288 ipsius
3766 4215 3852 4269 Da-

583 4288 845 4364 revelatio
871 4295 1098 4364 naturas,
1130 4299 1253 4364 non.
1270 4284 1529 4350 nominis,
1560 4293 1666 4340 etc.
1909 4355 1921 4364 ι
2029 4358 2040 4364 _
2063 4355 2076 4364 _
2172 4363 2175 4364 ν
2288 4287 2413 4341 ntini
2458 4288 2526 4340 ad
2567 4289 2876 4364 pascendum
2903 4284 3106 4364 grgge'm
3134 4292 3322 4364 electus
3343 4284 3707 4364 jttdicio_,:qni
3732 4288 3852 4364 tertio

658 4355 736 4425 (ὁ)
778 4356 831 4410 1η
881 4357 1028 4425 prius
1056 4355 1308 4426 vulgatis,
1353 4371 1455 4410 non
1481 4367 1769 4411 creaturam
1807 4355 1963 4413 novit.
2015 4355 2184 4412 Abest
2286 4370 2525 4427 meretur,
2558 4355 2742 4424 Pasce,
2784 4355 3207 4415 etc.'Pascendo
3234 4355 3360 4415 bene
3395 4360 3508 4414 cibo
3530 4355 3652 4429 ﬁdei
3675 4362 3850 4429 culpam

584 4430 724 4503 nouit
749 4443 795 4503 a_
809 4442 981 4503 mss.__
1088 4496 1101 4503 _
1737 4498 1749 4503 _
2288 4429 2464 4498 lapsus
2491 4432 2677 4503 prioris
2703 4432 2937 4486 abolevit.
2958 4430 3024 4485 Et
3053 4433 3165 4485 ideo
3195 4432 3339 4486 tertio
3366 4432 3668 4487 admonetur
3692 4442 3736 4484 at
3756 4445 3852 4497 pas-

659 4497 829 4577 (c)__I_n
873 4496 1194 4577 quibusdam
1246 4509 1378 4577 m_ss.
1426 4512 1535 4553 non
1578 4498 1847 4577 repetitur
1891 4506 2187 4577 et_m_artg-
2288 4496 2399 4566 cat,
2453 4496 2599 4577 tertio
2631 4512 2801 4571 utrum
2849 4503 3128 4565 Dominum
3172 4503 3353 4574 diligat
3406 4496 3852 4577 interrogaturmt

583 4568 718 4653 rem,
746 4569 1088 4624 librariorum
1140 4568 1346 4623 incuria
1372 4583 1387 4619 :
1416 4583 1520 4638 qua
1559 4583 1692 4625 voce
1722 4569 1809 4625 hic
1855 4570 1995 4631 testis
2023 4568 2185 4627 intel-
2288 4588 2437 4653 quem
2463 4574 2756 4653 tertioante
2778 4568 2987 4653 erucem
3014 4568 3305 4653 negaverat,
3337 4575 3484 4653 tertio,
3510 4568 3763 4653 fateretur:

588 4642 792 4717 ﬂgitur:
1108 4709 1141 4717 _
1212 4709 1225 4717 _
1304 4709 1323 4717 _
1486 4708 1516 4717 η
1837 4707 1868 4717 Α
2073 4710 2093 4717 _
2298 4640 2433 4717 '_(e)
2464 4642 2585 4711 Yat.
2619 4644 2733 4717 has.
2767 4660 2894 4717 tus.,
2930 4644 2985 4703 in
3013 4640 3181 4717 gléria
3205 4646 3339 4701 enim
3354 4640 3546 4713 ﬁliuni,
3573 4658 3698 4713 etc.,
3720 4643 3847 4701 Mart.

656 4712 737 4785 (ά)
770 4713 942 4788 ltaex
973 4725 1078 4788 ms.‘
1102 4709 1267 4788 corb.
1300 4708 1601 4788 faventibus
1646 4710 1785 4764 aliis.
1835 4707 2039 4788 Sensus
2070 4710 2185 4779 fere
2210 4779 2256 4788 _
2288 4707 2539 4788 gloriosus
2561 4716 2695 4770 enim
2719 4707 2905 4787 ﬁlium.

582 4779 727 4839 idem
748 4783 1035 4866 exhibetur
1059 4780 1354 4866 ituduobus
1380 4781 1570 4864 \fatic.,
1605 4793 1714 4847 post
1748 4784 1951 4837 tertiam
1990 4798 2181 4866 purga-
2210 4779 2265 4840 D
2288 4779 2310 4788 ’
2364 4786 2431 4911 (9
2456 4786 2513 4840 In
2535 4789 2685 4856 prius
2714 4779 2939 4857 vulgatis
2961 4785 3127 4842 semel
3163 4793 3369 4842 tantum
3389 4788 3635 4849 exstabat
3662 4784 3848 4856 iudicia,

585 4856 772 4910 tionem
802 4864 1097 4910 tentattonts
1124 4852 1439 4911 inﬁrmitatis
1461 4867 1481 4906 :
1509 4861 1564 4908 at
1594 4852 1909 4909 vocabulum
1941 4862 2178 4911 tentatta-
2281 4871 2388 4911 ouo
2449 4858 2748 4911 elegantius
2775 4876 2906 4911 mss.
2942 4866 3215 4911 repetunt.

585 4856 772 4929 tionem
802 4852 1481 4929 tentationisinfirmitatis;
1509 4861 1564 4908 at
1594 4852 1909 4929 vocabulum
1941 4852 2178 4929 latitatio:
2268 4852 2425 4929 quod
2449 4852 2748 4929 elegantius
2775 4852 2906 4914 mss.
2942 4866 3215 4928 repetunt.
3662 4852 3669 4856 ⁷
3930 4876 3931 4879 ‘

582 4927 662 4981 nis
692 4926 758 4982 ad
788 4927 1058 5002 duplicem
1108 4924 1251 5002 Petri
1291 4924 1643 5002 tentationem
1684 4924 1910 5002 relatum
1938 4965 1953 4989 ,
1998 4923 2083 5002 sic
2111 4924 2178 4985 ad
2356 4926 2434 5002 fg)
2457 4922 2512 5002 In
2531 4922 2648 5002 ius.
2685 4930 2803 4997 Vat.
2836 4931 2975 4999 has.,
3007 4922 3097 5002 per
3120 4930 3489 5002 reuelationem
3518 4930 3634 4985 Dei.

585 4946 662 4981 ωδ
692 4946 758 4982 au
788 4946 1058 4993 uupttcem
1108 4946 1251 4979 ι’θιη
1293 4946 1643 4983 ιθιιιειιιυηθηι
1684 4946 1910 4980 Γϐιῑιιιιηι
1938 4965 1953 4989 ,
2004 4946 2083 4979 δια
2111 4946 2178 4985 au
2356 4946 2366 4988 I
2459 4946 2512 4983 1η
2545 4946 2648 4984 "IS.
2691 4946 2803 4997 Val.
2836 4946 2975 4999 “35.,
3007 4946 3097 5002 per
3129 4946 3489 4986 revemnonem
3518 4946 3634 4985 υει.

585 5013 745 5053 unam
772 4998 1132 5073 restringitur.
1162 4995 1221 5073 In
1262 4994 1560 5073 vetustiore
1593 5011 1695 5073 ms.
1720 4995 1878 5073 Colb.
1911 5004 1967 5049 et
1991 4993 2177 5073 Germ.
2466 4999 2635 5073 Editi,
2658 5009 2704 5055 et
2728 5003 2850 5073 quia
2878 5018 2980 5073 non
3014 5016 3032 5055 :
3061 5001 3240 5067 minus
3265 5003 3611 5057 consentiunt
3638 4997 3852 5072 superio-

585 5078 698 5138 post
725 5071 926 5125 tertiam
944 5066 1238 5139 tentationis
1262 5067 1625 5139 purgationum
1643 5067 2019 5139 inﬁrmitatum.
2048 5068 2181 5129 lluic
2284 5066 2456 5133 rillus,
2485 5080 2531 5126 et
2554 5070 2640 5139 qui
2662 5066 2938 5137 ex'niltilo,
2971 5081 3075 5127 etc.

584 5135 1076 5215 cottsentiuutalius
1090 5138 1248 5215 Colb.
1269 5135 1473 5215 necnon
1501 5138 1671 5215 Drat.,
1689 5138 2032 5215 Yind.,_Silv.
2057 5154 2178 5215 cttm
2356 5141 2515 5215 (i)4lta
2542 5135 2709 5215 codex
2742 5145 2857 5199 Vat.
2887 5135 3004 5203 bas.
3024 5143 3456 5215 juxtaggraecqm,
3485 5146 3633 5207 ἵλεώς
3651 5166 3744 5207 σοι,
3771 5135 3849 5194 κύ-

586 5211 714 5267 edit.
734 5211 875 5292 _l_3ad.
910 5221 967 5292 et
990 5211 1235 5292 Dan-nisi
1255 5208 1410 5292 .quud
1442 5209 1661 5292 habent,
1695 5210 2062 5292 inﬁrmitatem.
2087 5210 2182 5267 His
2284 5208 2384 5292 pte,
2399 5208 2713 5292 faventibus
2741 5232 2870 5292 m_ss.
2905 5208 3145 5292 Merlin”
3164 5208 3385 5292 ﬁemig.
3426 5208 3728 5292 et_'_l_‘heod_.,
3754 5226 3850 5281 pt'O'

585 5282 796 5357 accedit
816 5284 1086 5357 antiquior
1119 5280 1325 5357 Remig.
1370 5282 1713 5357 postfertiam
1741 5280 2033 5357 uitiationis
2060 5298 2185 5357 pur-
2284 5280 2443 5357 'pitius
2487 5284 2579 5342 tibi
2607 5296 2734 5357 esto,
2760 5282 2998 5340 Domine.
3030 5280 3084 5340 ln
3131 5280 3249 5340 aliis
3278 5280 3454 5357 tamen
3489 5287 3639 5342 libris
3683 5280 3847 5357 fertur.

583 5355 825 5426 gationis
853 5350 1222 5426 inﬁrmitatem.
1279 5350 1350 5426 At
1394 5353 1445 5408 in
1475 5351 1723 5426 Carunt,
1773 5352 1934 5420 Tell.,
1970 5350 2178 5426 Theod.
2286 5350 2539 5426 prapitizts
2557 5357 2643 5410 tibi
2666 5350 2937 5423 Dominus,
2965 5358 3062 5410 nisi
3092 5357 3235 5424 quod
3265 5358 3316 5410 in
3339 5356 3501 5414 Carn.
3535 5367 3704 5413 exstet
3720 5354 3847 5412 Deus.

583 5433 638 5479 et
664 5424 1186 5497 alioﬂRemigqpost
1207 5423 1411 5497 tertiam,
1442 5424 1736 5497 Mutationis
1777 5425 2135 5497 purgationem
2161 5440 2181 5478 :
2286 5423 2391 5481 non
2416 5427 2686 5482 Dominus.
2722 5429 2792 5483 At
2813 5445 2932 5497 cap.
2966 5428 3054 5494 16,
3082 5423 3135 5482 in
3174 5429 3360 5482 Matth.
3396 5445 3547 5486 num.
3573 5432 3628 5497 9,
3655 5427 3849 5483 habetur

582 5510 681 5621 Ero
699 5496 892 5579 quibus
919 5493 1057 5579 apud
1081 5493 1371 5578 Bad.,Er..,
1402 5496 1454 5565 in
1488 5512 1588 5551 tus.
1620 5493 1800 5579 Mary,
1835 5493 1892 5551 in
1918 5510 2025 5552 uno
2054 5496 2182 5580 βίης-
2280 5498 2431 5569 juxta
2463 5499 2768 5569 Vulgatam,
2793 5493 2921 5554 absit
2948 5517 2978 5554 a
3004 5493 3068 5582 te,
3101 5497 3342 5555 Domine.

622 5581 712 5619 on.
753 5577 804 5620 et
838 5583 889 5620 tn
920 5568 1027 5621 alto
1053 5565 1207 5621 Colb.
1255 5566 1483 5621 lenitur.
1517 5575 1630 5621 post
1655 5576 1857 5621 tertiani
1891 5576 2182 5621 tentanonts
2358 5569 2376 5621 ί
2392 5570 2434 5621 ii
2463 5570 2520 5621 In
2566 5584 2668 5621 ms.
2722 5569 2878 5621 Mart.
2919 5571 3257 5621 desideratur
3284 5588 3342 5621 na

622 5560 730 5643 onf
753 5577 804 5643 et
838 5568 889 5620 in
920 5560 1027 5621 alio
1053 5560 1231 5643 Colb.,
1255 5560 1448 5643 legitur
1468 5607 1483 5630 ,
1504 5575 1630 5643 post
1655 5568 1857 5643 tertiani
1891 5567 2182 5643 tentationis
2280 5560 2297 5569 ⁷
2358 5569 2434 5643 (ἐ)
2463 5570 2520 5625 In
2546 5560 2668 5643 his.
2722 5569 2878 5631 Mart.
2919 5560 3257 5643 desideratur
3283 5582 3395 5640 post
3424 5588 3523 5643 me.
3552 5569 3753 5629 Videsis
3772 5560 3851 5615 atl-

585 5637 955 5710 inﬁrmitatent.
980 5646 1061 5693 ts:
1079 5637 1239 5710 variis
1261 5638 1367 5710 illis
1395 5637 1717 5693 lectionibus
1748 5638 2182 5708 seligatquisque
2287 5637 2467 5701 notata
2493 5641 2559 5697 ad
2594 5656 2744 5703 nutu.
2777 5644 2865 5706 ll),
2897 5657 3016 5710 cap.
3044 5641 3113 5703 16
3140 5637 3341 5697 comm.
3368 5643 3419 5697 in
3447 5642 3637 5701 Matth.

588 5725 711 5778 quae
757 5709 927 5785 m_agis
957 5709 1218 5767 arriserit.
1253 5708 1423 5785 Quam
1442 5718 1629 5785 autem
1681 5711 2034 5785 pr_a:tulimus,
2078 5710 2180 5785 hoc
2292 5784 2329 5785 Η
2361 5711 2436 5783 (Ις)
2465 5712 2613 5785 διεδ..
2642 5712 2830 5780 Carn.,
2852 5708 3058 5785 Remig.
3087 5728 3150 5768 ac
3179 5712 3339 5779 Te||.,
3372 5730 3531 5784 pravo
3562 5731 3581 5769 :
3611 5713 3846 5785 corrupte.
3930 5732 3931 5737 π

590 5787 770 5863 sonat,
801 5778 1019 5863 Petrum
1044 5787 1167 5848 post
1196 5779 1418 5863 {tertiani
1441 5780 1941 5863 inte_rt_-_ogationem,
1975 5796 2038 5836 ac
2064 5782 2177 5835 vel-
2291 5778 2378 5863 Ea
2394 5778 2592 5856 quippe
2618 5793 2755 5853 erat,
2806 5778 2865 5840 ut
2893 5778 3136 5863 proxime
3172 5778 3382 5841 dictum
3428 5791 3551 5854 est,
3596 5801 3628 5842 a
3655 5780 3850 5849 crimine

593 5851 674 5911 uti
702 5849 1077 5916 mutationem,
1104 5856 1207 5921 qua
1233 5850 1456 5925 probata
1483 5859 1565 5909 est
1587 5849 1735 5912 illius
1750 5850 2018 5921 charitas,
2048 5867 2182 5931 pur-
2287 5849 2482 5915 aliena.
