3960 6202
185 358 276 413 189

1348 353 1437 409 DE
1477 350 1853 431 TRlNl’l'A'l'E
1893 351 2092 408 LIBER
2134 353 2221 409 Vl.

3357 352 3456 408 lﬁﬁ

183 476 261 544 qui
298 481 396 539 est,
424 471 828 544 prmdicabitnr.
875 471 964 526 Sin
995 485 1121 527 vero
1150 470 1263 525 haic
1294 469 1425 526 ﬁdes
1450 471 1586 538 sola,
1616 484 1747 526 con-
1774 477 1822 537 Α
1853 476 1965 523 tum
1995 468 2160 523 ﬁlium
2192 466 2429 526 Joannes
2478 468 2632 537 dixit,
2661 484 2767 525 non
2794 475 3097 524 creaturam
3138 463 3449 536 perfectam.

182 568 305 623 fessa
322 563 590 621 Christum
622 567 713 620 Dei
743 565 934 632 ﬁlium,
958 563 1193 619 omnium
1218 561 1607 619 beatitudinum
1637 562 1754 633 glo-

179 660 299 714 riam
325 658 514 713 meruit
542 658 596 712 in
624 656 816 723 Petro;
851 669 1069 713 necesse
1115 665 1199 711 est
1242 664 1301 711 nt
1338 670 1402 713 ea
1424 698 1438 722 ,
1470 671 1590 726 qua:
1631 670 1753 710 eum

177 761 449 806 creaturam
467 750 645 820 potius
664 764 730 806 ex
746 750 910 806 nihilo
925 748 1473 819 conﬁtebitur,claves
1490 750 1636 820 regni
1652 765 1756 805 coe-

181 845 332 898 lorum
355 860 456 898 non
485 842 559 916 (a)
584 843 799 914 adepta,
820 855 872 899 et
887 852 1036 899 extra
1052 843 1208 898 fidem
1237 859 1297 897 ac
1318 845 1567 898 virtutem
1596 860 1753 912 apos-

179 936 369 990 tolicam
389 935 895 1007 constituta,(b)nec
918 935 1155 991 Ecclesia
1180 935 1251 989 sit
1273 935 1385 1001 illa,
1403 949 1500 990 nec
1528 933 1748 990 Christi.

235 1026 316 1081 39.
344 1023 566 1079 Joannes
589 1024 791 1080 Filium
812 1027 1128 1099 unigenitum
1160 1027 1425 1097 proﬁtens,
1459 1027 1752 1098 adaptivum

173 1120 371 1192 negarit.
397 1149 467 1159 —
494 1117 843 1175 Proferamus
870 1119 1050 1190 itaque
1076 1136 1264 1175 omnes
1286 1119 1600 1190 apostolicae
1627 1119 1751 1174 ﬁdei

174 1210 544 1282 professiones,
578 1210 632 1264 in
664 1210 862 1282 quibus
892 1211 986 1267 Dei
1036 1210 1205 1267 ﬁlium
1237 1211 1559 1268 c0nﬁtenles
1583 1253 1598 1277 ,
1642 1227 1748 1266 non

175 1304 457 1374 adoptionis
490 1305 545 1358 in
585 1318 652 1359 eo
679 1319 874 1361 nomen
905 1346 921 1373 ,
975 1305 1069 1360 sed
1123 1308 1329 1361 naturae
1361 1305 1749 1376 proprietatem

173 1396 507 1462 conﬁtentur;
537 1411 713 1467 neque
735 1395 1023 1453 creationis
1049 1397 1100 1452 in
1128 1412 1195 1454 eo
1222 1398 1628 1469 ignobilitatem,
1656 1398 1750 1453 sed

171 1490 444 1545 nativitatis
469 1489 696 1561 gloriam
750 1499 1141 1559 protestantur.
1193 1491 1470 1562 L0qnatur
1513 1491 1751 1547 Joannes

170 1582 241 1636 sic
261 1597 419 1653 usque
441 1581 506 1637 ad
532 1582 826 1639 adventum
852 1583 1062 1638 Domini
1094 1599 1337 1651 manens,
1366 1595 1420 1639 et
1441 1585 1541 1640 sub
1570 1598 1749 1639 sacra-

168 1685 335 1731 mento
375 1675 570 1731 divinae
616 1676 910 1732 voluntatis
950 1676 1168 1733 relictus
1223 1675 1295 1750 (c)
1328 1686 1383 1733 ct
1422 1678 1746 1749 deputatus,

170 1768 278 1823 dum
302 1784 403 1824 non
427 1784 601 1839 neque
628 1785 736 1826 non
777 1771 914 1826 mori
942 1770 1139 1826 dicitur
1166 1780 1221 1825 et
1253 1786 1492 1827 manere.
1539 1772 1749 1841 Loqua-

1858 562 1977 618 Non
2003 563 2267 637 ignoravit
2300 564 2414 619 inec
2446 564 2794 633 blasphemia:
2823 563 3060 627 nomina,
3096 559 3318 614 dicens:
3353 557 3454 626 Qui

1855 657 2002 712 estin
2032 659 2146 712 sinu
2172 655 2383 723 Patris;
2407 666 2460 711 ct
2486 674 2513 713 a
2538 658 2765 713 Domino
2792 671 2890 712 suo
2912 654 3171 710 audiens:
3212 652 3303 709 Sic
3324 654 3457 705 enim

1856 752 2037 808 dilexit
2078 751 2329 805 mundum
2360 749 2517 818 Deus,
2560 751 2628 823 (ί)
2656 754 2726 806 ita
2756 762 2809 805 ut
2847 748 3012 823 ﬁlium
3041 764 3190 803 suum
3218 746 3297 818 (i)
3336 745 3458 801 uni-

1854 845 2078 920 genitum
2106 845 2251 898 daret
2277 860 2297 899 :
2325 854 2381 898 ut
2408 846 2572 898 omnis
2600 845 2688 913 qui
2718 843 2875 899 credit
2912 843 2966 896 in
2994 859 3108 896 eum
3138 857 3236 895 non
3257 846 3453 909 pereat,

1855 936 1944 991 sed
1970 936 2150 992 habeat
2189 938 2344 991 vitam
2372 946 2615 991 teternum
2643 935 2821 1009 (Joan.
2854 952 2937 1003 ιιι,
2964 935 3093 1001 46).
3123 933 3264 987 Deus
3294 949 3451 993 mun-

1855 1030 1981 1086 dum
1998 1031 2248 1101 diligens,
2276 1030 2378 1085 hoc
2401 1030 2707 1085 dilectionis
2725 1045 2836 1085 sure
2860 1032 2912 1085 in
2935 1046 3056 1085 cum
3084 1027 3451 1084 testimonium

1856 1124 2099 1195 protulit,
2136 1132 2194 1179 ut
2223 1123 2553 1194 unigenitum
2584 1124 2751 1178 lilium
2776 1138 2930 1177 suum
2958 1122 3131 1177 daret.
3170 1118 3248 1195 (g)
3272 1120 3326 1175 Si
3366 1119 3452 1174 di-

1854 1218 2105 1275 leCIionis
2134 1219 2260 1276 hinc
2305 1220 2436 1279 ﬁdes
2465 1230 2578 1285 est,
2628 1225 2930 1274 creaturam
2958 1212 3221 1272 creaturis
3247 1213 3452 1287 ιιι-τεειί-

1856 1313 2008 1381 tisse,
2041 1322 2093 1367 ct
2123 1329 2219 1383 pro
2245 1314 2445 1368 mundo
2464 1312 2680 1367 dedisse
2706 1310 2848 1382 quod
2878 1309 3057 1365 mundi
3090 1319 3191 1372 est.
3222 1317 3276 1363 et
3296 1306 3362 1362 ad
3389 1322 3453 1362 ea

1854 1421 1972 1476 qua:
2000 1420 2065 1459 ex
2093 1405 2261 1459 nihilo
2286 1413 2411 1459 sunt
2436 1403 2723 1460 substituta
2750 1401 3090 1464 redimenda,
3120 1417 3241 1455 cum
3272 1399 3361 1470 qui
3384 1414 3450 1454 ex

1853 1497 2022 1553 nihilo
2044 1497 2280 1552 substitit
2306 1496 2598 1565 praibuisse
2626 1511 2639 1551 :
2670 1513 2775 1551 non
2806 1496 2931 1550 facit
2968 1496 3157 1565 magni
3183 1494 3358 1549 meriti
3385 1494 3449 1551 li-

1852 1589 1976 1645 dem
2007 1590 2128 1644 vilis
2158 1598 2211 1644 et
2238 1590 2537 1660 spernenda
2565 1590 2793 1660 jactura.
2837 1588 3077 1644 Pretiosa
3112 1599 3291 1641 autem
3328 1595 3454 1641 sunt

1852 1701 1972 1758 qua:
1997 1683 2375 1739 commendant
2401 1684 2741 1749 charitatem,
2792 1693 2845 1738 et
2876 1683 3105 1754 ingentia
3148 1680 3454 1751 ingentibus

1853 1781 2208 1832 aestimantur.
2239 1777 2379 1832 Dens
2404 1776 2631 1848 diligens
2656 1775 2937 1841 mundum,
2968 1775 3133 1829 ﬁlium
3165 1790 3268 1829 non
3287 1773 3457 1842 adop—

170 1874 244 1918 tur
259 1878 379 1936 ergo
401 1873 595 1932 sua,ut
616 1866 775 1927 solet.
801 1880 970 1920 voce:
1003 1863 1167 1919 Deum
1184 1865 1466 1920 nemovidit
1485 1882 1744 1943 umquam,
1779 1879 1825 1939 Β
1854 1871 2048 1939 tivum,
2079 1870 2173 1927 sed
2211 1885 2388 1936 suum,
2422 1870 2514 1925 εειιι
2546 1869 2876 1940 unigenitum
2910 1868 3077 1923 dedit,
3106 1864 3185 1940 (h)
3211 1867 3305 1921 ||ic
3334 1883 3457 1938 pro-

170 1957 307 2030 163
353 1958 449 2012 nisi
496 1958 788 2028 nnigenitus
836 1958 1013 2029 ﬁlius,
1064 1958 1151 2028 qui
1196 1968 1269 2012 est
1309 1958 1363 2011 in
1409 1958 1525 2012 sinu
1571 1955 1746 2011 Patris

166 2048 323 2123 (Joan.
350 2066 389 2115 ι,
424 2048 535 2122 18).
570 2049 787 2105 Naturae
817 2048 951 2105 ﬁdes
996 2064 1101 2106 non
1142 2049 1272 2104 satis
1301 2050 1570 2121 explicata
1600 2048 1749 2103 vide—

161 2143 300 2201 batur
328 2162 391 2201 cx
423 2147 645 2201 nomine
672 2145 755 2220 (l)
790 2144 873 2219 (ά)
910 2145 1021 2214 ﬁlii,
1054 2145 1153 2201 nisi
1182 2145 1522 2215 proprietatis
1544 2145 1750 2198 extrin-

162 2252 300 2294 secus
323 2238 495 2294 virtus
519 2254 615 2309 per
637 2238 969 2310 exceptionis
996 2238 1406 2310 significanliatn
1434 2237 1743 2292 adderetur.

159 2326 346 2386 Praeter
372 2331 548 2386 ﬁlium
575 2332 742 2397 enim,
783 2331 856 2401 (ε)
887 2339 942 2385 ει
979 2329 1309 2401 unigenitum
1333 2330 1743 2400 cognominans,

164 2423 511 2494 suspicionem
537 2423 752 2495 penitus
773 2423 1075 2495 adoptionis
1101 2423 1342 2478 exsecuit
1368 2439 1380 2475 :
1408 2436 1529 2477 cum
1553 2421 1749 2476 verita-

160 2526 253 2573 tem
284 2518 539 2583 nominis,
576 2516 839 2588 unigeniti
869 2527 1059 2573 natura
1094 2525 1395 2588 prmstaret.

222 2612 303 2668 40.
341 2611 653 2685 Unigenitus
703 2611 843 2683 ﬁlius
892 2609 1086 2667 Joanni
1125 2626 1227 2664 non
1254 2619 1327 2664 est
1366 2618 1597 2664 creatura
1628 2625 1744 2678 per-

158 2702 819 2776 fecta—Nondumquer
836 2703 963 2776 quid
996 2704 1083 2768 sit,
1117 2703 1204 2773 qui
1234 2710 1309 2756 est
1328 2702 1379 2755 in
1401 2702 1519 2755 sinu
1548 2698 1747 2765 Patris;

159 2798 307 2853 habet
355 2799 712 2869 interrogatio
752 2796 848 2852 ista
901 2810 1058 2852 suum
1088 2796 1332 2851 ordinem
1360 2811 1373 2848 :
1401 2807 1587 2864 quazro
1616 2793 1744 2865 quid

161 2891 401 2963 unigeniti
455 2891 780 2963 signiﬁcatio
822 2890 921 2946 sibi
969 2889 1221 2962 postulet.
1270 2890 1333 2944 Et
1374 2888 1648 2943 videamus
1677 2904 1743 2943 an

158 2982 251 3039 hoc
290 2986 398 3051 sit,
443 2984 595 3056 quod
629 2994 685 3039 tu
731 2999 852 3040 εεςε
884 2983 1192 3055 proﬁteris,
1225 2982 1275 3038 id
1308 2992 1407 3050 est,
1441 2991 1742 3039 creaturam

160 3077 243 3133 Dei
263 3078 600 3151 perfectam;
635 3088 693 3133 ut
722 3077 952 3148 perfecta
985 3077 1251 3147 pertineat
1282 3076 1348 3131 ad
1371 3075 1703 3147 unigenitum
1727 3117 1742 3144 ,

157 3184 383 3229 creatura
403 3190 543 3230 vero
570 3173 836 3229 referatur
859 3173 925 3227 ad
956 3171 1147 3228 ﬁlium.
1178 3170 1285 3227 Sed
1306 3169 1479 3227 Deum
1503 3162 1745 3249 unigeni-

216 3311 294 3385 (l)
324 3312 439 3371 Vox
474 3311 745 3384 ﬁliideest
769 3313 823 3373 in
854 3320 1042 3371 nostra
1067 3311 1275 3370 codice.

1857 1964 2057 2035 prietas
2086 1972 2191 2033 est,
2244 1964 2494 2019 nativitas
2546 1970 2665 2029 est,
2720 1962 2919 2017 veritas
2958 1970 3041 2017 est
3075 1977 3087 2014 :
3119 1975 3224 2014 non
3252 1959 3454 2013 creatio

1855 2065 1958 2123 εει,
1993 2072 2099 2112 ηοιι
2139 2056 2359 2127 adoptio
2397 2064 2510 2122 est,
2545 2070 2650 2111 non
2680 2054 2883 2110 falsitas
2914 2060 3015 2108 εει.
3051 2050 3185 2105 llinc
3215 2049 3458 2107 dilectio-

1856 2152 1936 2206 nis
1967 2161 2021 2207 et
2045 2151 2326 2207 cliaritatis
2367 2150 2501 2206 ﬁdes
2528 2158 2646 2217 est,
2688 2147 2872 2203 mundi
2912 2145 3069 2201 saluti
3108 2151 3162 2201 et
3202 2144 3363 2199 ﬁlium
3402 2152 3458 2201 et

1855 2260 2010 2300 suum
2034 2254 2088 2299 et
2114 2241 2446 2315 unigenitum
2478 2241 2813 2313 prmstitisse.

1932 2334 2090 2413 164
2112 2336 2204 2391 Η.
2256 2335 2413 2391 Fides
2459 2334 2651 2390 Christi
2682 2344 2737 2388 ut
2775 2332 2875 2387 Dei
2902 2332 2998 2405 ﬁlii
3027 2332 3095 2384 ad
3125 2330 3341 2385 salutent
3368 2346 3455 2382 nc-

1853 2422 2537 2483 cessaria.—Pr:eterniitto
2554 2441 2742 2482 omnes
2764 2426 2829 2481 de
2849 2424 2981 2479 Filio
3004 2425 3451 2495 nuncupationes.

1852 2518 1969 2576 Non
1995 2530 2081 2576 est
2102 2519 2359 2575 damnosa
2391 2518 2766 2595 dissimulatio,
2795 2517 2885 2581 ubi
2914 2516 2980 2571 de
3007 2517 3160 2587 copia
3189 2523 3274 2571 est
3305 2514 3455 2570 elec-

1854 2616 1951 2669 tio.
1980 2614 2077 2671 Rei
2106 2613 2383 2687 profectus
2411 2628 2627 2685 semper
2652 2628 2715 2669 ex
2739 2625 2899 2666 causa
2930 2620 3033 2675 est,
3063 2620 3117 2667 et
3134 2625 3294 2667 omne
3317 2622 3453 2683 Opus

1855 2705 2189 2762 manifestam
2220 2704 2378 2761 habet
2398 2704 2631 2777 suscepti
2659 2703 2856 2775 negotii
2878 2703 3279 2761 necessitatem.
3310 2700 3456 2756 Scri-

1850 2798 1984 2855 bens
2016 2798 2200 2870 utique
2232 2800 2293 2870 (i)
2346 2796 2657 2869 Evangelia,
2700 2794 2971 2851 scribendi
3021 2795 3204 2850 debuit
3254 2793 3452 2849 aﬁ‘crre

1849 2892 2111 2947 rationem
2139 2910 2152 2946 :
2185 2901 2239 2947 et
2268 2891 2543 2946 videamus
2571 2905 2732 2965 quam
2760 2888 3060 2944 ostenderit
3084 2887 3300 2944 dicens:
3326 2886 3456 2941 Ha'c

1846 2996 2013 3041 autem
2039 2986 2227 3059 scripta
2242 2994 2379 3050 sunt,
2408 2993 2462 3039 ut
2484 2978 2702 3039 credatis
2726 2984 2969 3054 quoniam
2990 2978 3024 3035 J
3031 2998 3142 3035 esus
3172 2988 3247 3035 est
3275 2976 3455 3034 Chris-

1846 3091 1928 3135 tus
1954 3081 2095 3151 ﬁlius
2125 3078 2223 3135 Dei
2252 3077 2432 3151 (Joan.
2460 3096 2550 3145 xx,
2586 3078 2703 3150 51).
2726 3075 3005 3133 Scribendi
3026 3075 3187 3147 igitur
3213 3075 3454 3147 Evange-

1847 3173 1905 3230 lii
1937 3190 2043 3230 non
2075 3174 2233 3230 aliam
2271 3173 2503 3246 praetulit
2534 3187 2789 3240 causam,
2834 3184 2996 3243 quam
3027 3177 3083 3224 ut
3114 3183 3302 3226 omnes
3330 3182 3452 3224 crc-

1930 3313 2010 3386 (s)
2046 3314 2286 3371 Unicum.

221 3449 288 3522 (a)
309 3450 431 3529 Vat.
476 3451 593 3529 has.
616 3449 807 3529 codex,
832 3450 897 3505 sit
917 3452 1137 3529 adepta,
1168 3460 1213 3529 et
1240 3458 1383 3504 extra
1409 3448 1563 3519 ﬁdem
1593 3457 1646 3529 et.
1670 3467 1750 3529 ve-
1778 3450 1823 3515 C
1858 3451 2003 3529 Elac.
2034 3469 2047 3507 :
2078 3451 2214 3529 Ergo
2239 3424 2568 3529 Iunigenitus‘
2587 3453 2757 3511 Filius
2805 3471 2907 3509 non
2938 3465 3012 3529 est
3055 3463 3322 3529 creatura,
3368 3458 3457 3529 qn"

158 3522 361 3577 ritatem.
385 3523 561 3591 Magis
581 3522 760 3592 placet
789 3536 910 3576 cum
940 3522 1059 3577 aliis
1082 3531 1126 3576 et
1158 3524 1413 3586 virtutem,
1448 3536 1567 3589 qttte
1594 3522 1752 3576 nimi-

159 3597 355 3719 rtundiul
379 3593 587 3663 ligandi
614 3602 671 3649 et
711 3593 954 3661 solvendi
1008 3602 1274 3663 potestate
1318 3592 1553 3649 maxime
1602 3607 1753 3653 cem-

159 3681 266 3719 men
305 3682 331 3719 a
360 3683 451 3719 ur.

158 3676 451 3720 mentiatur.

226 3734 296 3809 (ι)
328 3738 468 3809 Editi
500 3734 895 3809 exceptoiBad.
929 3752 1032 3809 nec
1079 3733 1288 3791 ecclesia
1330 3733 1393 3788 sit
1441 3734 1569 3809 ulla.
1614 3733 1749 3809 Tum

162 3804 305 3860 etiam
343 3808 479 3864 Βέιά,
511 3824 607 3861 nec
636 3805 891 3861 Christus.
926 3807 1061 3862 Tres
1089 3820 1219 3861 mss.
1252 3821 1340 3858 nec
1368 3804 1612 3860 ecclesia.
1648 3804 1754 3860 Ve-

160 3878 260 3949 rius
286 3880 372 3933 alii
406 3894 608 3949 magno
630 3893 921 3947 consensu,
941 3895 1032 3949 nec
1052 3877 1265 3949 ecclesia
1279 3878 1344 3931 sit
1367 3877 1476 3941 illa,
1509 3892 1630 3949 qua:
1649 3878 1753 3937 sci-

160 3947 270 4019 licet
297 3951 419 4019 talia
465 3946 791 4019 proﬁtetur,
838 3946 928 4005 nec
969 3948 1199 4016 Christi,
1253 3946 1357 4015 hoc
1402 3946 1655 4016 estfnec
1684 3949 1751 4009 ad

159 4018 417 4077 Chrismnt
448 4018 708 4079 Ecclesiae
736 4034 896 4090 caput
930 4022 1213 4090 pertineat.

221 4090 287 4161 (c)
315 4093 445 4147 Bad.
479 4104 534 4148 et
560 4093 672 4159 Er.,
695 4089 887 4165 relictis
907 4089 1195 4165 deputatus.
1223 4089 1375 4165 ‘Lips.
1410 4100 1462 4147 et
1484 4090 1750 4165 Par.,__re-

164 4159 297 4233 licius
346 4166 664 4233 deputatus,
705 4164 824 4219 sine
862 4174 908 4225 et
937 4159 1047 4218 {ac
1076 4163 1272 4219 deinde
1292 4159 1421 4233 cum
1472 4177 1575 4221 ms.
1628 4161 1749 4223 Vat.

163 4231 291 4299 has.,
316 4231 440 4289 dum
468 4252 575 4289 non
619 4233 749 4287 mori
776 4235 983 4289 dicitur.
1018 4235 1117 4291 Ubi
1164 4232 1306 4303 apttd
1364 4232 1492 4287 Bad.
1540 4242 1594 4289 et
1633 4233 1750 4301 Er.,

163 4305 272 4361 dum
301 4323 404 4363 non
424 4322 591 4377 neque
611 4306 760 4372 mori,
796 4316 850 4361 et
867 4305 918 4363 in
945 4304 1261 4377 quibusdam
1291 4320 1422 4377 mss.
1449 4304 1573 4358 dum
1593 4321 1752 4377 neque

162 4391 253 4433 non
278 4378 424 4445 meri.
458 4376 682 4436 Rectius
713 4376 1084 4447 castigatiOres
1112 4391 1243 4431 mss.
1274 4376 1483 4449 relictus
1511 4386 1557 4430 et
1585 4376 1750 4449 depu-

163 4454 308 4515 tatus,
334 4449 461 4503 dum
505 4465 609 4507 non
636 4465 797 4518 neque
826 4465 928 4505 non
958 4449 1087 4513 mori
1107 4449 1294 4502 dicitur
1318 4463 1336 4501 :
1359 4447 1461 4501 hoc
1488 4458 1592 4513 est,
1624 4447 1751 4503 dunt

163 4533 327 4590 neque
353 4518 557 4576 dicitur
584 4522 898 4585 moriturus,
930 4521 1051 4590 quia
1077 4518 1320 4575 Christus
1342 4532 1492 4590 suam
1507 4518 1589 4590 de
1611 4519 1753 4576 illius

161 4589 296 4645 exitu
325 4592 501 4649 noluit
527 4590 807 4647 declarare
833 4588 1194 4656 voluntatem;
1223 4601 1382 4660 atque
1411 4588 1482 4643 ita
1506 4588 1609 4644 hoc
1639 4606 1752 4646 ma-

160 4666 245 4715 net
268 4663 320 4719 in
342 4664 580 4727 occulto,
604 4677 701 4717 seu
724 4661 825 4717 sub
850 4670 1206 4721 sacramento.
1238 4660 1553 4719 Ambrosius
1574 4670 1749 4723 autem

160 4728 327 4816 ξετιιι.
386 4750 461 4816 x_x
519 4734 762 4816 i_n_psal.
808 4748 969 4816 cgvm
1000 4774 1015 4800 ,
1068 4734 1277 4804 aliquos
1340 4733 1416 4786 ait
1455 4731 1532 4816 de
1577 4741 1751 4789 morte

159 4800 213 4858 S.
240 4800 464 4865 Joannis
517 4800 817 4860 dubitasse.
847 4809 925 4859 An
957 4800 1412 4867 eorum'numero
1445 4815 1752 4859 accenseo—

162 4874 253 4928 dus
276 4876 344 4947 sit
373 4876 628 4947 Hilarius,
658 4890 724 4931 es
755 4875 857 4931 hoc
900 4877 1020 4935 loco
1057 4892 1163 4932 non
1209 4876 1337 4933 satis
1361 4881 1511 4947 certo
1536 4871 1749 4947 ἀειὶιιίεε

162 4942 341 5020 queat,
367 4961 490 5005 cum
520 4942 819 5020 adhaereat,
851 4958 1110 5020 quantum
1134 4957 1329 5018 potest,
1362 4942 1540 5001 verbis
1568 4942 1747 5004 Evan-

160 5018 274 5088 gelii
300 5017 461 5074 Joan.
494 5034 607 5083 xxi,
646 5016 683 5088 ᾖ
718 5018 789 5073 22
819 5016 987 5077 είὲὃ.

226 5086 445 5162 (ἄλγει
473 5090 571 5159 ﬁlii
594 5086 704 5162 non
731 5092 963 5146 occurrit
999 5089 1153 5157 nobis
1183 5090 1237 5146 in
1268 5105 1399 5149 mss.
1428 5090 1530 5149 nisi
1570 5090 1626 5151 in
1655 5106 1750 5147 co-

160 5155 273 5215 dice
297 5158 358 5215 S.
386 5155 596 5223 Martini
626 5161 828 5219 Turon.

160 5299 174 5312 ο
210 5228 297 5367 ἇς)
325 5232 486 5303 Apud
515 5231 637 5291 Par.
663 5228 1001 5295 desideratur
1015 5232 1270 5302 particula
1288 5241 1355 5298 et,
1379 5250 1500 5306 quas
1523 5234 1609 5289 hic
1627 5248 1751 5305 per-

160 5316 209 5353 m
250 5317 282 5358 e
328 5312 415 5359 est
441 5314 600 5367 atque
621 5304 795 5357 etiam.
814 5303 1014 5361 Deinde
1038 5306 1177 5367 apud
1205 5303 1360 5367 Bad.,
1382 5307 1473 5362 Er.
1499 5307 1625 5365 etin
1655 5305 1750 5361 tri-

160 5303 282 5374 inde
328 5312 415 5359 est
441 5314 600 5374 atque
621 5304 795 5357 etiam.
814 5303 1014 5361 Deinde
1038 5306 1177 5373 apud
1205 5303 1360 5370 Bad.,
1382 5303 1473 5362 Er.
1499 5315 1554 5365 et
1573 5303 1750 5361 in‘tri-

161 5368 254 5429 bus
281 5389 421 5445 mss.
448 5368 624 5445 vatic.
660 5384 779 5445 post
806 5368 1123 5445 unigenitum
1151 5368 1402 5443 adjicitur
1430 5377 1561 5431 nihil
1606 5393 1624 5432 :
1668 5377 1751 5432 in-

162 5442 495 5519 terpolatoris
524 5442 685 5519 vitio;
712 5442 988 5519 Hocetiim
1012 5448 1113 5502 sibi
1136 5442 1251 5503 vult
1282 5461 1443 5519 {cum
1466 5448 1562 5519 ﬁlii
1590 5461 1752 5503 voca-

165 5511 281 5573 bula
308 5515 561 5590 adjicitur
591 5515 837 5590 unigeniti
864 5531 1082 5585 nomen,
1122 5532 1229 5573 non
1276 5516 1344 5574 de
1372 5511 1749 5590 addptivorum

162 5598 335 5660 grege,
360 5586 458 5657 qui
481 5599 714 5660 nymero
742 5587 920 5660 plures
946 5600 1091 5651 sunt,
1129 5590 1225 5647 sed
1258 5586 1504 5660 proprius
1533 5604 1653 5649 esse
1678 5590 1752 5651 si-

227 5654 753 5731 il‘ieatur._Ut_enjrn
780 5658 851 5713 ait
876 5657 1212 5731 Augustinus
1240 5654 1376 5727 Coll.
1418 5677 1539 5716 cum
1587 5660 1751 5725 Maxi-
1792 5660 1795 5663 ’

168 5724 328 5801 φίιιο,
350 5744 409 5784 II.
437 5727 534 5804 με
561 5726 624 5783 Si
651 5724 791 5804 ﬁlius
806 5742 900 5804 est.
924 5724 1077 5801 uirus
1094 5724 1354 5804 ﬁlius'est,
1370 5734 1489 5804 quia
1517 5731 1753 5804 unigenig

170 5796 247 5851 tus
274 5807 369 5853 est.
435 5800 506 5854 lis
559 5796 756 5854 eodem
798 5796 1033 5860 Joannis-
1063 5796 1184 5861 loco
1233 5796 1519 5863 Faustinus
1564 5796 1752 5863 Hilarii

171 5871 335 5927 nostri
364 5869 607 5944 vestigiis
637 5871 888 5931 insistens
936 5876 1035 5938 tria
1062 5876 1334 5939 concludit
1362 5892 1412 5933 c.
1454 5875 1521 5943 2,
1558 5874 1649 5937 lib.
1684 5871 1755 5937 ad

1856 3522 2024 3577 Deum
2054 3522 2216 3587 vidit,
2261 3522 2409 3593 quem
2456 3527 2599 3579 nulla
2644 3536 2880 3579 creatura
2931 3528 3079 3595 uidet.
3117 3525 3184 3581 Et
3227 3522 3458 3596 nefarie

1852 3610 2012 3649 unum
2038 3611 2151 3650 eum
2181 3597 2245 3649 de
2268 3597 2519 3664 adaptivis
2545 3598 2667 3667 ﬁliis
2687 3599 2936 3662 crederet,
2958 3599 3239 3667 amputavit
3273 3614 3454 3653 sensus

1853 3666 1995 3741 impii
2019 3668 2355 3741 occasionem,
2384 3666 2635 3741 Cinneam
2656 3670 2787 3741 dixit
2815 3685 2913 3723 non
2940 3666 3106 3727 solum
3135 3670 3299 3741 ﬁliuni
3320 3710 3335 3734 ,
3365 3670 3452 3723 sed

1855 3738 2004 3790 etiam
2028 3738 2367 3807 unigenitum
2415 3737 2609 3793 Filium
2646 3755 2664 3794 :
2694 3739 2789 3795 hoc
2820 3756 2999 3794 nomen
3032 3737 3144 3795 non'
3181 3740 3327 3794 habet
3374 3757 3457 3793 so-

1855 3807 1978 3880 cios.
2015 3806 2153 3880 (lini
2173 3809 2334 3863 verba
2366 3808 2550 3864 llilarli
2580 3811 2725 3865 clare
2752 3826 3029 3880 expressa.
3061 3810 3257 3877 Addit,
3285 3810 3303 3878 )
3333 3808 3459 3865 Filii

1853 3878 2081 3950 adapttui
2106 3881 2160 3933 in
2197 3882 2311 3936 sinu
2343 3880 2564 3937 Abraltw
2588 3892 2707 3936 sunt
2730 3897 2751 3937 :
2779 3878 2868 3950 qui
2897 3892 3067 3938 autem
3094 3898 3242 3938 verus
3261 3894 3305 3937 et
3334 3884 3425 3936 uni
3436 3911 3455 3923 -

1853 3952 2055 4022 genitus
2082 3951 2221 4018 filius
2246 3962 2340 4018 est,
2367 3953 2420 4006 in
2449 3954 2564 4006 sinu
2596 3951 2778 4008 Patris
2808 3966 2900 4008 est.

1925 4041 2020 4118 (fi
2038 4043 2300 4099 Particula
2324 4045 2415 4118 ita,
2440 4045 2564 4100 licet
2581 4048 2914 4118 superfluere
2946 4046 3204 4107 videatur.
3238 4045 3455 4102 additur

1855 4116 2056 4171 ex‘tide
2084 4125 2322 4171 veterum
2353 4117 2635 4171 librorum.
2682 4117 2799 4171 Mox
2834 4117 2887 4171 in
2929 4132 3061 4173 mss.
3092 4118 3212 4173 Vat.
3256 4119 3370 4173 bas.
3405 4127 3460 4175 et

1856 4185 2075 4243 Murtin.
2107 4186 2251 4242 daret
2282 4204 2374 4258 pro
2395 4203 2454 4241 eo
2482 4197 2535 4241 ut
2564 4188 2750 4243 omnis.

1929 4280 2003 4354 (g)
2048 4280 2151 4354 llic
2191 4281 2355 4336 Filius
2403 4281 2651 4354 proprius
2721 4294 2842 4341 esse
2901 4280 3204 4354 ostenditur
3244 4279 3455 4341 dnohus

1855 4352 2206 4429 argumentis,
2232 4367 2460 4429 quorum
2493 4353 2723 4429 alterum
2756 4370 2859 4409 non
2884 4352 3015 4429 satis
3036 4367 3460 4429 aperteesprcs-

1855 4438 1977 4499 sum
2007 4432 2108 4479 est.
2133 4424 2452 4499 _l_Jtriimqt_tc
2504 4426 2802 4481 illustratur
2846 4425 3021 4499 verbis
3046 4424 3297 4499 Faustini
3338 4425 3457 4481 loco

1855 4490 2095 4567 laudato.
2124 4494 2186 4549 Si
2208 4508 2253 4549 et
2288 4490 2522 4549 Christus
2550 4509 2787 4551 creatura
2814 4507 2907 4562 est,
2930 4497 3053 4567 quid
3080 4497 3459 4552 contnlitmun-

1855 4567 1941 4631 do,
1963 4566 2104 4650 dans
2117 4580 2464 4650 procreatum
2489 4568 2803 4623 creaturam?
2820 4573 2833 4631 (
2848 4568 2924 4645 En
2944 4566 3204 4639 primum;
3228 4568 3457 4650 alterum

1853 4636 2033 4706 vero.)
2068 4636 2128 4693 Si
2156 4637 2389 4693 Christus
2410 4652 2643 4694 creatura
2671 4648 2764 4707 est,
2783 4636 2965 4695 servus
2989 4649 3062 4693 est
3091 4655 3109 4694 :
3136 4649 3182 4693 et
3203 4639 3456 4705 quomodo

1854 4707 2057 4792 redimit
2095 4708 2504 4792 libertatein,
2547 4727 2662 4767 cum
2707 4727 2882 4765 servus
2927 4711 3099 4792 nia-llus
3130 4709 3253 4779 jure
3293 4709 3455 4792 possit

1855 4780 2090 4850 conferre
2118 4780 2437 4836 libertatem?
2465 4780 2730 4837 Prmterea
2763 4797 2829 4837 ex
2861 4782 3056 4847 verbis,
3090 4790 3144 4834 ut
3173 4780 3336 4833 onmis
3364 4781 3451 4848 qui

1777 4842 1828 4902 D
1854 4842 2014 4907 credit
2036 4852 2089 4905 in
2120 4868 2258 4914 cum,
2295 4863 2427 4917 etc.,
2458 4855 2656 4922 colligit
2693 4867 2814 4906 enni
2849 4869 2952 4906 non
2981 4842 3100 4922 esse
3126 4842 3452 4916 creaturain,

1856 4940 1973 4978 cum
2003 4924 2209 4979 credere
2232 4925 2284 4978 in
2303 4920 2677 4978 creaturantsit
2707 4923 2978 4979 divinitatis
2997 4920 3231 4988 oﬂensio.

1930 4995 2012 5064 (h)
2044 4993 2099 5048 In
2143 4992 2346 5064 aliquot
2386 5010 2519 5048 mss.
2574 4995 2692 5048 hinc
2731 4994 3062 5064 prem-ictas;
3090 4993 3248 5048 male.
3296 4990 3455 5061 Pejus

1859 5065 1998 5136 apud
2032 5065 2161 5120 Bad.
2194 5063 2247 5120 et
2275 5067 2363 5120 Er.
2398 5066 2515 5119 hinc
2547 5066 2728 5136 pietas.
2753 5065 2960 5136 Quippe
2986 5063 3260 5136 adoptionj
3284 5078 3456 5136 oppo-

1860 5132 2004 5190 nitur
2035 5137 2354 5205 proprietas,
2385 5150 2505 5205 quaa
2546 5132 2629 5189 hic
2658 5146 2751 5197 est,
2794 5132 2983 5205 idest,
3028 5134 3077 5187 in
3122 5132 3203 5188 his
3230 5132 3455 5189 Joannis

1858 5204 2243 5276 verbisaperte
2274 5204 2597 5277 declaratur.
2631 5207 2704 5263 Ex
2734 5222 2845 5277 qua
2872 5204 3236 5277 declarations
3272 5206 3454 5277 sequi-

1860 5287 1945 5332 tur
1980 5292 2076 5331 nos
2099 5275 2170 5331 illi
2197 5277 2352 5332 ﬁdem
2376 5291 2438 5331 ac
2460 5275 2799 5332 dilectionem
2819 5276 3038 5332 debere.
3074 5275 3151 5330 Ex
3181 5293 3285 5347 quo
3310 5275 3456 5347 patet

1857 5364 1952 5404 cur
1976 5362 2117 5403 nunc
2146 5348 2250 5415 hic,
2279 5362 2343 5403 ac
2371 5358 2556 5418 postea
2585 5348 2703 5403 hinc
2730 5347 3035 5421 legendum.

1935 5439 1998 5510 (i)
2029 5438 2167 5493 Editi
2194 5480 2209 5506 ,
2257 5439 2602 5510 evangelista;
2643 5450 2700 5497 et
2727 5457 2851 5497 mox
2895 5440 3018 5494 Par.
3070 5447 3127 5499 ut
3168 5439 3448 5500 videamus.

1862 5512 2333 5583 Emendantttr‘ex
2382 5513 2617 5581 scriptis.
2665 5511 2808 5571 Idem
2839 5526 3051 5583 quoque
3079 5523 3454 5579 argumentum

1858 5597 2196 5655 prosequens
2223 5581 2542 5643 Faustinus:
2563 5586 2642 5650 Si,
2671 5581 2869 5654 inquit,
2888 5581 3001 5638 uere
3028 5583 3302 5655 adoptione
3326 5595 3456 5643 esset

1860 5657 2001 5728 ﬁlius
2033 5655 2225 5728 Dei,_et
2254 5671 2355 5711 non
2385 5662 2691 5728 natura.....
2724 5671 2977 5725 nusquam
3023 5656 3200 5728 magis
3229 5660 3323 5711 hoc
3366 5672 3457 5713 ινιτ-ι

1862 5724 2122 5812 ιιιαιιμειρι
2145 5724 2431 5812 ςᾷοειιιιεε)
2453 5744 2615 5812 quam
2645 5729 2697 5812 its
2728 5729 2908 5783 ultimo
2932 5724 3261 5812 scriptionis;
3288 5744 3350 5812 ne
3389 5730 3454 5811 ﬁ-

1858 5797 1949 5856 des
1974 5799 2026 5855 in
2053 5797 2291 5869 ambiguo
2325 5797 2597 5869 derelicta,
2630 5801 2784 5859 uitam
2816 5797 3044 5872 perderet
3076 5815 3166 5869 per
3201 5797 3457 5872 ambigui:

1860 5873 1976 5922 tntis
1994 5870 2265 5922 incertum.
2598 5871 2602 5877 ’
2752 5876 2755 5879 ’
3092 5880 3099 5886 “

1860 5880 1976 5937 tatis
1994 5880 2265 5935 incertum.
3092 5880 3099 5886 ‘
