3960 6202
458 260 561 323 191

1667 257 1913 316 SANCTI
1941 255 2196 316 HlLARIl
2234 254 2547 317 EPISCOPI

3658 261 3786 321 192

462 383 655 442 derent
680 381 865 440 Jesum
895 396 1016 439 esse
1038 379 1313 438 Christum
1344 378 1512 436 ﬁlium
1535 379 1651 437 Dei.
1679 379 1735 437 Si
1763 380 1961 435 sufﬁcit
1989 379 2055 434 ad
2085 379 2134 441 A
2164 379 2384 445 Filium,
2415 395 2575 452 neque
2608 378 2815 435 Patrem
2845 378 2992 435 habet
3020 395 3039 434 :
3066 379 3155 452 qui
3177 379 3447 449 conﬁtetur
3472 376 3699 449 Filium,
3729 389 3783 436 et

463 475 717 542 salutem,
747 473 1017 531 Chrismm
1048 471 1306 540 credere,
1339 486 1438 527 cur
1472 470 1670 542 adjecit
1712 470 1878 527 ﬁlium
1922 470 2060 527 Dei?

463 566 520 625 Si
551 582 681 623 vero
705 566 974 623 Christum
1005 563 1079 638 (a)
1106 565 1329 622 credere
1346 581 1407 621 ea
1426 565 1642 621 demum
1666 565 1800 622 ﬁdes
1820 574 1925 632 est,
1955 582 2062 623 non

465 658 737 716 Christum
767 655 1156 723 tantummodo,
1191 656 1284 712 sed
1315 656 1587 713 Christum
1619 655 1786 712 ﬁlium
1816 656 1914 712 Dei
1941 671 2064 713 cre-

466 751 698 817 didisse;
727 767 834 807 non
862 758 946 805 est
976 764 1170 805 nomen
1202 750 1298 805 lilii
1337 750 1388 805 in
1415 748 1632 806 Christo
1655 750 1932 821 unigenito
1953 749 2066 807 Deo

2165 468 2362 526 Filium
2384 481 2431 527 et
2460 470 2674 527 Patrem
2696 471 2843 527 habet
2872 471 2922 540 (1
2932 471 3036 527 bid.
3069 472 3183 543 25).
3212 471 3423 543 Negatis
3456 470 3644 527 Filium
3679 489 3787 529 ca-

2163 574 2247 620 ret
2272 564 2431 621 Patre
2461 563 2541 639 (i)
2571 583 2583 618 :
2616 565 2880 621 conﬁtens
2911 564 3105 620 Filium
3145 574 3307 635 atque
3335 564 3554 630 habens,
3595 564 3785 622 habet

2165 656 2403 712 Patrem.
2437 658 2635 725 Quaero
2682 657 2771 713 hic
2815 657 2942 728 quid
2986 658 3234 729 adoptiva
3267 660 3480 716 nomina
3525 661 3616 718 loci
3671 662 3787 718 ha-

2169 750 2350 807 beant.
2384 750 2651 821 Numquid
2680 766 2787 807 non
2834 760 3041 819 natura:
3081 765 3167 806 res
3197 750 3299 807 ista
3326 754 3506 809 omnis
3536 756 3657 811 est?
3708 757 3784 813 Et

466 859 531 900 ex
563 843 868 914 adoptionis
896 841 1289 899 consuetudine
1308 883 1324 909 ,
1361 843 1437 916 (b)
1484 842 1628 914 quod
1676 842 1953 913 preprium
1982 851 2067 898 est
2165 861 2325 917 quam
2351 856 2554 903 naturae
2573 848 2662 907 sit,
2690 845 2894 915 accipe.

465 934 535 992 ad
550 934 806 1001 salutem.
842 934 896 992 Si
926 950 1056 1006 ergo
1073 936 1220 990 salus
1248 934 1299 990 in
1323 934 1664 1011 confessione
1689 934 1922 990 nominis
1949 942 2064 1001 est;

470 1044 655 1100 quer
679 1044 777 1083 cur
808 1028 859 1083 in
883 1028 1103 1084 nomine
1129 1029 1328 1084 veritas
1358 1045 1464 1083 non
1495 1027 1585 1083 sit.
1618 1026 1774 1096 Quod
1815 1027 1863 1081 si
1892 1028 1942 1080 in
1972 1041 2069 1080 uo-

469 1122 617 1178 mine
664 1122 868 1178 veritas
896 1130 1014 1186 est;
1046 1137 1147 1192 qua
1178 1122 1499 1177 auctoritate
1525 1121 1729 1177 crcatio
1769 1134 1891 1176 esse
1921 1119 2069 1176 dice-

471 1224 582 1280 tur,
615 1230 735 1270 cum
771 1230 877 1269 non
909 1215 1202 1271 creationis
1245 1214 1519 1272 confessio
1544 1214 1773 1271 salutem
1823 1214 1894 1270 sit
1925 1229 2065 1286 prat-

475 1309 688 1375 stitura,
719 1308 813 1364 sed
838 1307 966 1363 filii?

543 1400 635 1457 42.
687 1398 858 1455 Filius
884 1418 948 1457 ea:
987 1400 1143 1457 Patre
1171 1412 1343 1458 nutus.
1387 1401 1587 1458 Filium
1614 1416 1852 1475 negantes
1872 1445 1887 1471 ,
1933 1405 2071 1458 anti-

472 1493 896 1552 christi—Hice
926 1495 1088 1568 igitur
1117 1496 1264 1551 salus
1290 1511 1415 1551 vera
1444 1506 1546 1563 est,
1583 1496 1686 1551 hoc
1716 1496 1971 1568 perfectis
2011 1497 2075 1552 ﬁ-

473 1585 565 1644 dei
589 1590 866 1655 meritum,
894 1588 1076 1644 Jesum
1108 1584 1384 1642 Christum
1414 1586 1582 1642 ﬁlium
1624 1587 1718 1643 Dei
1754 1588 2070 1644 credidisse.

473 1679 590 1736 Non
621 1693 703 1738 est
728 1681 871 1737 enim
901 1680 1119 1737 dilectio
1147 1681 1200 1735 in
1229 1680 1385 1735 nobis
1410 1679 1477 1735 ad
1506 1679 1677 1736 Deum
1711 1690 1940 1750 patrem,
1971 1681 2073 1736 nisi

2239 942 2330 996 45.
2373 939 2605 995 Joannes
2646 948 2695 999 et
2744 938 2969 993 haeretici
3002 938 3158 994 simul
3182 950 3649 1012 comparantur.—
3677 941 3785 998 Ait

2170 1034 2317 1089 enim
2348 1051 2360 1087 :
2397 1033 2533 1100 Quia
2552 1033 2741 1087 scimus
2765 1032 2902 1103 quod
2941 1032 3082 1102 ﬁlius
3109 1031 3207 1087 Dei
3231 1034 3385 1100 venit,
3414 1042 3459 1088 et
3491 1050 3788 1089 concama-

2172 1136 2253 1181 tus
2279 1138 2350 1181 est
2380 1137 2589 1198 propter
2618 1143 2733 1193 nos,
2760 1135 2810 1180 et
2833 1142 3021 1199 passus
3047 1136 3141 1192 est,
3182 1135 3226 1180 et
3246 1143 3520 1198 resurgens
3542 1128 3601 1182 de
3621 1145 3781 1182 mor-

2172 1221 2273 1274 tuis
2299 1221 2573 1290 assumpsit
2597 1236 2706 1285 nos,
2733 1228 2779 1275 et
2806 1219 2945 1273 dedit
2974 1219 3118 1273 nobis
3161 1220 3473 1274 intellectum
3498 1222 3782 1290 Optimum,

2174 1320 2233 1366 ut
2279 1313 2624 1383 intelligamus
2672 1328 2867 1377 verum,
2903 1310 2982 1384 (ἢ)
3011 1320 3059 1365 et
3087 1312 3247 1366 sintus
3276 1313 3331 1366 in
3358 1328 3478 1366 vero
3503 1312 3609 1383 ﬁlio
3657 1315 3785 1386 ejus

2175 1403 2245 1477 (Ῑ)
2288 1404 2415 1459 Jesu
2457 1404 2658 1460 Christo
2693 1422 2707 1458 :
2750 1404 2834 1459 hic
2878 1413 2947 1458 est
2977 1418 3123 1458 uerus
3153 1402 3253 1477 (g),
3287 1413 3333 1459 et
3358 1405 3462 1458 vita
3486 1414 3699 1470 wterna,
3733 1414 3787 1459 et

2173 1497 2478 1553 resurrectio
2509 1495 2589 1568 (It)
2619 1506 2791 1551 nostra
2834 1495 2891 1567 (Ι
2919 1494 3077 1550 Joan.
3139 1511 3196 1561 ν,
3228 1496 3301 1554 20
3322 1506 3378 1551 et
3404 1498 3469 1551 2|
3497 1496 3536 1568 ).
3565 1498 3608 1553 0
3631 1497 3782 1554 infe-

2178 1590 2248 1644 lix
2277 1590 2650 1660 intelligentia,
2682 1598 2735 1646 et
2771 1589 2861 1645 Dei
2900 1589 3092 1658 Spiritu
3123 1603 3336 1653 carens,
3372 1600 3427 1643 et
3452 1588 3518 1662 (i)
3545 1592 3597 1643 in
3627 1590 3784 1645 anti-

2177 1682 2365 1738 christi
2396 1682 2643 1752 spiritum
2674 1696 2738 1737 ac
2772 1696 2969 1737 nomen
2994 1682 3298 1751 proficiens,
3332 1690 3387 1736 et
3439 1680 3682 1736 nesciens
3710 1680 3786 1736 ad

476 1789 573 1845 per
604 1773 725 1829 Filii
755 1773 937 1829 fidem.
974 1772 1043 1828 Et
1078 1771 1362 1827 audiamus
1400 1787 1522 1827 eum
1560 1787 1656 1843 per
1683 1771 1966 1842 epistolam
2001 1774 2079 1826 lo-
2109 1773 2154 1833 B
2183 1780 2580 1830 sacramentum
2610 1774 2801 1829 salutis
2830 1782 3029 1829 nostra:
3070 1774 3161 1827 Dei
3189 1773 3357 1827 ﬁlium
3391 1775 3603 1830 venisse
3644 1776 3788 1845 (per

476 1877 731 1940 queutem
764 1884 777 1920 :
814 1864 1015 1927 Omnis,
1048 1866 1137 1936 qui
1162 1865 1330 1939 diligit
1364 1863 1595 1929 Patrem,
1628 1865 1798 1936 diligit
1831 1881 1948 1920 eum
1988 1866 2079 1936 qui

477 1974 541 2015 ea:
566 1977 623 2014 eo
651 1967 801 2014 natus
826 1968 898 2014 est
923 1957 969 2030 (Ι
994 1955 1153 2012 Joan.
1185 1972 1221 2013 ν
1243 1997 1260 2025 ,
1295 1955 1374 2030 1).
1405 1956 1541 2025 Quid
1573 1964 1677 2023 est,
1720 1971 1869 2029 rogo,
1920 1972 1985 2013 ex
2014 1972 2081 2014 eo

478 2054 667 2111 nasci?
690 2052 962 2125 Numquid
995 2053 1227 2123 idipsum
1249 2061 1350 2119 est,
1383 2053 1526 2124 quod
1560 2068 1653 2124 per
1674 2069 1797 2109 eum
1827 2052 1897 2127 (e)
1930 2069 2083 2111 crea.

481 2146 570 2203 ri?
598 2149 704 2202 Aut
746 2160 843 2201 cur
891 2144 1233 2217 Evangelista
1264 2143 1556 2213 mentitur,
1601 2153 1663 2200 ut
1691 2161 1761 2202 ex
1794 2160 1860 2201 eo
1895 2156 2080 2202 natum

485 2238 662 2309 dicat,
703 2252 863 2309 quem
904 2253 1000 2308 per
1024 2252 1147 2293 eum
1178 2247 1418 2294 creatum
1451 2241 1627 2310 potius
1655 2237 1946 2296 haereticus
1988 2240 2087 2296 do-

486 2332 643 2388 ceat?
684 2331 753 2386 Et
798 2330 1078 2386 audiamus
1113 2345 1304 2387 omnes
1335 2331 1413 2401 id)
1443 2331 1570 2402 quid
1614 2331 1693 2386 sic
1734 2330 1822 2387 hic
1870 2332 2080 2388 doctor.

486 2423 699 2481 Dictum
736 2440 966 2497 namque
990 2435 1113 2481 est:
1146 2424 1251 2480 Hic
1290 2435 1364 2480 est
1401 2426 1755 2492 antichristus,
1800 2427 1891 2498 qui
1939 2435 2088 2498 negat

491 2518 702 2573 Patrem
733 2527 780 2573 et
810 2516 1004 2573 Filium
1035 2518 1079 2590 (Ι
1104 2519 1260 2575 Joan.
1297 2535 1356 2587 ιι,
1381 2518 1499 2590 22).
1521 2520 1660 2587 Quid
1691 2521 1807 2592 agis
1833 2531 1887 2576 tu
1912 2536 2090 2577 asser-

491 2624 578 2669 tor
596 2622 879 2681 creaturm,
900 2624 954 2669 et
972 2614 1041 2670 de
1064 2630 1168 2671 non
1195 2613 1531 2672 exstantibus
1551 2613 1749 2671 Christi
1767 2631 1936 2672 novus
1955 2631 2086 2673 con-

494 2705 682 2762 ditor?
709 2705 764 2763 Si
814 2706 970 2779 165
1002 2706 1390 2778 professionem
1421 2716 1600 2773 tenes,
1645 2708 1950 2777 proﬁtentis
1992 2725 2091 2763 no-

497 2814 620 2857 men
637 2814 984 2870 recognosce.
1007 2798 1089 2854 Art
1114 2814 1235 2855 cum
1263 2807 1562 2854 creatorem
1586 2807 1642 2852 et
1666 2808 1965 2853 creaturam
1989 2799 2092 2853 Pa-

499 2901 633 2946 trem
657 2903 709 2947 et
737 2891 931 2947 Filium
960 2890 1299 2960 prmdicabis,
1332 2887 1405 2963 (e)
1433 2903 1528 2958 per
1553 2888 1894 2944 assimulatas
1923 2890 2097 2944 nomi-

505 3001 629 3040 num
660 3000 823 3041 voces
852 2981 1141 3038 excludere
1187 2997 1346 3052 posse
1378 2989 1430 3036 te
1457 2981 1634 3036 credis
1657 3023 1672 3048 ,
1712 2998 1780 3037 ne
1805 2996 1926 3038 esse
1953 2983 2095 3036 anti-

504 3077 742 3132 christus
765 3072 1118 3145 intelligaris?
1149 3073 1206 3127 Si
1235 3074 1285 3127 in
1316 3071 1420 3128 ﬁde
1452 3083 1537 3129 tua
1565 3088 1657 3143 per
1679 3083 1921 3128 naturam
1947 3085 2099 3146 pater

2184 1866 2286 1922 hoc
2314 1866 2530 1936 indigna
2555 1867 2772 1935 Optimae
2803 1865 2961 1935 hujus
2989 1863 3357 1936 intelligentia:
3383 1864 3602 1937 sensu),
3627 1879 3789 1921 crea-

2183 1967 2317 2015 tura:
2369 1958 2549 2029 potius
2593 1957 2912 2026 adeptivum
2955 1972 3153 2013 nomen
3199 1972 3362 2027 quam
3391 1973 3576 2013 verum
3612 1957 3789 2013 ﬁlium

2186 2049 2281 2104 Dei
2311 2049 2495 2105 Jesum
2543 2046 2820 2105 Christum
2849 2064 2972 2105 esse
3023 2048 3296 2115 confessa,
3338 2050 3654 2120 quibusnam
3681 2050 3790 2109 hoc

2183 2157 2505 2197 arcanorum
2538 2143 2917 2214 mysteriorum
2953 2142 3178 2198 secretis
3205 2143 3398 2199 edocta
3424 2144 3523 2200 es?
3552 2145 3639 2201 vel
3662 2146 3791 2215 quis

2190 2233 2349 2288 hodie
2380 2249 2550 2288 novus
2602 2233 2759 2303 hujus
2805 2234 3047 2289 scientia:
3087 2243 3191 2289 tuae
3216 2244 3408 2291 auctor
3438 2237 3563 2292 est?
3605 2237 3688 2294 An
3721 2252 3793 2293 ne

2191 2335 2406 2383 secreto
2451 2325 2541 2380 tibi
2587 2327 2687 2381 hoc
2726 2341 2822 2397 per
2868 2325 3284 2382 familiaritatem
3326 2330 3529 2385 amoris
3572 2345 3793 2385 recum-

2195 2418 2342 2474 benti
2373 2419 2427 2473 in
2473 2428 2659 2487 pectus
2704 2433 2861 2473 suum
2906 2417 3166 2475 Dominus
3187 2419 3427 2475 ostendit
3467 2419 3645 2495 (Joan.
3672 2438 3792 2490 xm,

2193 2512 2323 2583 25)?
2352 2514 2458 2567 Aut
2488 2512 2635 2567 solus
2659 2510 2725 2566 ad
2762 2526 2976 2567 crucem
3008 2527 3259 2582 sequens,
3290 2513 3432 2568 inter
3449 2523 3644 2571 caetera
3668 2530 3794 2570 sus-

2197 2604 2461 2675 cipienda:
2493 2603 2587 2660 tibi
2621 2603 2671 2659 in
2715 2613 2940 2658 matrem
2985 2602 3168 2660 Maria:
3194 2614 3485 2677 praecepta,
3518 2605 3635 2663 haec
3660 2623 3800 2679 quo-

2200 2714 2305 2769 que
2337 2700 2387 2753 in
2426 2699 2517 2754 illa
2555 2700 2807 2770 specialis
2836 2702 2889 2755 in
2921 2710 2971 2756 te
2999 2703 3200 2756 amoris
3225 2703 3624 2758 contestatione
3650 2702 3792 2757 didi-

2196 2791 2315 2846 cisti
2352 2789 2533 2861 (Joan.
2566 2809 2677 2858 XIX,
2706 2792 2798 2866 27)
2827 2794 2850 2847 ?
2893 2793 2986 2848 Vel
3017 2793 3084 2848 ad
3135 2794 3445 2864 sepulcrum
3474 2797 3624 2866 prior
3663 2810 3795 2866 quo-

2195 2900 2301 2957 que
2331 2885 2490 2940 Petro
2512 2900 2739 2942 currens
2764 2887 2991 2956 adeptus
3015 2900 3077 2943 es
3107 2887 3285 2957 (Joau.
3303 2888 3507 2961 xs,4)?
3532 2889 3631 2945 Vel
3658 2890 3797 2944 intra

2196 2977 2266 3052 (j)
2297 2993 2586 3034 consessus
2632 2980 2947 3048 angelorum
3003 2980 3161 3053 166
3187 2989 3242 3035 et
3271 2982 3605 3052 signatorum
3635 2982 3802 3038 libro-

2200 3087 2318 3127 rum
2362 3073 2675 3128 insolubiles
2723 3088 2912 3137 nexus,
2935 3082 2989 3130 et
3017 3076 3292 3145 signorum
3319 3077 3626 3132 cmleSIium
3667 3075 3802 3131 mul-

501 3180 604 3234 eSI,
636 3180 805 3238 etper
827 3177 1074 3222 naturam
1106 3166 1247 3221 ﬁlius
1271 3173 1375 3233 est;
1404 3166 1699 3221 maledicus
1716 3182 1816 3238 ego
1832 3183 1970 3233 sum,
2004 3182 2094 3238 op-
2127 3207 2173 3271 Ο
2207 3164 2453 3222 tiformes
2482 3176 2803 3238 potestates,
2830 3178 2880 3223 et
2914 3183 3173 3224 novarum
3200 3177 3360 3238 atque
3391 3170 3803 3240 incomprehen-

506 3261 779 3332 probrium
812 3260 865 3315 in
899 3269 951 3314 te
983 3258 1141 3314 alieni
1175 3258 1407 3314 nominis
1438 3259 1700 3314 referens.
1738 3260 1833 3316 Sin
1869 3275 1999 3317 vero
2029 3261 2102 3315 si-

506 3355 708 3411 mulata
739 3355 921 3409 omnia
960 3363 1104 3418 sunt,
1137 3365 1190 3409 et
1218 3354 1396 3423 potius
1425 3363 1729 3422 nuncupata
1768 3369 1928 3424 quam
1981 3370 2104 3422 pro—

507 3448 661 3520 pria;
693 3446 816 3503 ﬁdei
849 3454 952 3501 tum
973 3445 1042 3501 ab
1071 3445 1319 3516 apostolo
1364 3445 1512 3501 disce
1550 3459 1870 3516 cognomen,
1899 3456 1954 3503 et
1979 3444 2104 3502 audi

506 3558 626 3611 quae
646 3540 717 3597 sit
741 3540 931 3597 crediti
962 3539 1088 3596 Filii
1131 3539 1285 3596 ﬁdes.
1323 3538 1576 3611 Sequitur
1604 3537 1772 3606 enim,
1809 3537 1911 3606 Qui
1957 3549 2106 3610 negat

582 3656 663 3726 (1)
687 3654 838 3709 Caret
859 3655 1091 3712 Patrem.

2206 3260 2440 3317 sibilium
2489 3260 2797 3316 cantionum
2843 3260 3074 3333 hymnos
3122 3265 3518 3332 sempiternos,
3562 3275 3670 3317 tam
3716 3263 3800 3333 pia

2209 3353 2302 3409 tibi
2332 3354 2448 3409 haec
2478 3370 2571 3425 per
2596 3357 2804 3426 Agnum
2832 3355 3029 3411 ducem
3056 3356 3294 3412 revelata
3322 3357 3571 3413 doctrina
3601 3369 3709 3423 est,
3739 3372 3803 3413 ne

2208 3445 2371 3503 Pater
2401 3457 2551 3517 pater
2576 3446 2663 3514 sit,
2698 3462 2767 3503 ne
2804 3447 2971 3504 Filius
3004 3446 3149 3504 ﬁlius
3173 3449 3264 3514 sit.
3294 3464 3365 3505 ne
3396 3460 3585 3506 natura
3616 3460 3801 3506 natura

2211 3540 2303 3607 sit,
2329 3556 2397 3596 ne
2421 3541 2620 3597 veritas
2651 3540 2851 3597 veritas
2878 3543 2947 3597 sit
2986 3540 3171 3616 (Apoc.
3197 3541 3298 3614 v)?
3342 3543 3468 3600 Haec
3494 3544 3638 3599 enim
3669 3541 3802 3615 apud

582 3720 662 3800 (2)
692 3726 759 3781 Et
780 3727 939 3782 simus
967 3727 1020 3781 in
1039 3742 1157 3781 vero
1181 3727 1292 3796 ﬁlio
1319 3725 1449 3782 Jesu
1477 3724 1680 3782 Christo
1698 3744 1717 3783 :
1744 3726 1827 3781 hic
1856 3737 1930 3782 est
1955 3742 2100 3782 uerus
2130 3725 2310 3793 Deus;
2338 3739 2537 3797 graece,
2560 3721 2714 3787 οὗτὸς
2742 3725 2882 3781 ἐστιν
2910 3722 3185 3787 aetnaea;
3206 3720 3339 3787 θεός.

583 3837 662 3910 (a)
682 3837 900 3906 Septem
918 3853 1051 3894 mss.
1081 3839 1286 3894 credere
1310 3855 1413 3894 non
1433 3839 1647 3911 sufﬁcit.
1674 3839 1843 3897 Abest
1868 3856 1968 3895 non
1989 3841 2103 3908 suf-

514 3911 620 3979 ﬁcit
648 3926 676 3964 a
706 3910 1023 3979 potioribus.

587 3979 661 4052 (b)
691 3981 843 4049 Quod
871 3982 1145 4052 sequitur,
1176 3980 1259 4036 his
1287 3982 1472 4038 nititur
1499 3981 1724 4037 Joannis
1755 3982 1956 4049 verbis,
1983 3981 2103 4039 loco

514 4054 758 4123 proxime
788 4053 1004 4108 laudato
1031 4053 1425 4109 cohaerentibus
1447 4094 1462 4118 ,
1504 4062 1554 4107 et
1583 4064 1634 4107 ut
1656 4057 1922 4123 credentes
1949 4055 2105 4108 uitam

514 4122 738 4209 habeat-is
758 4126 1057 4208 inpromine
1085 4124 1405 4209 ejus.‘.Qttod
1437 4125 1610 4209 fauste
1631 4122 1930 4209 Faustinus
1949 4126 2103 4191 vidit,

513 4210 577 4249 ac
607 4197 771 4252 nitide
797 4197 875 4252 sic
899 4193 1147 4267 exposuit
1174 4213 1187 4249 :
1226 4193 1462 4251 Etiamne
1492 4196 1574 4250 hic
1600 4196 1827 4267 suspicio
1858 4205 1931 4267 est
1965 4213 2107 4251 crea-

515 4275 664 4332 turae,
697 4266 803 4333 ubi,
844 4269 929 4337 qui
956 4266 1229 4322 crediderit
1256 4268 1392 4336 quod
1436 4268 1576 4337 ﬁlius
1610 4266 1704 4321 Dei
1745 4276 1817 4323 est
1849 4266 2105 4333 Christus,

514 4348 758 4391 aeternam
782 4338 939 4391 vitam
969 4340 1212 4405 possidet,
1242 4347 1289 4392 et
1316 4355 1417 4392 non
1445 4339 1596 4392 aliter
1623 4355 1779 4408 quam
1815 4340 1870 4392 in
1909 4340 2112 4393 nomine

514 4411 626 4481 ejus
641 4409 778 4482 ?.....
828 4408 895 4463 In
923 4409 1126 4463 nomine
1151 4408 1294 4482 enim
1343 4418 1588 4482 creatura:
1623 4427 1688 4464 ne
1726 4410 1927 4482 quidem
1957 4412 2114 4466 uitans

518 4480 848 4548 temporalem
881 4488 1044 4548 potest
1072 4480 1187 4545 quis
1218 4481 1442 4549 assequi.

591 4549 661 4623 (ε)
693 4550 748 4605 Si
787 4550 1016 4620 idipsum
1048 4560 1153 4617 est,
1184 4552 1411 4623 mundus
1432 4567 1508 4623 ex
1540 4551 1655 4623 Deo
1684 4561 1842 4606 natus
1862 4553 1975 4622 pari
2000 4552 2121 4621 jure

516 4621 780 4677 dicendus
811 4634 913 4685 est,
950 4634 1124 4692 neque
1148 4621 1287 4676 mala
1309 4630 1391 4676 est
1421 4622 1661 4677 Faustini
1686 4621 2070 4692 consequentia
2100 4645 2112 4680 :

2205 3838 2373 3894 Deum
2399 3839 2586 3907 ﬁlium,
2612 3846 2718 3895 etc.
2749 3837 2885 3893 Hinc
2910 3848 2967 3895 et
2993 3839 3222 3894 Hilarius
3244 3851 3428 3895 noster
3455 3857 3581 3898 mox
3613 3843 3712 3909 ait,
3737 3844 3805 3898 si-

2205 3911 2402 3966 mulata
2446 3912 2639 3964 omnia.
2666 3910 2850 3981 Itaque
2876 3911 3120 3979 proximo
3146 3912 3310 3966 verbo
3338 3915 3668 3980 prwdicabis,
3705 3931 3802 3968 non

2207 3984 2356 4037 solus
2399 3982 2776 4037 vocabulorum
2806 3997 2994 4047 sonus,
3020 3981 3113 4037 sed
3149 3984 3383 4038 maxime
3408 3987 3577 4041 animi
3608 3987 3803 4043 intelli-

2209 4055 2387 4126 gentia
2418 4068 2481 4126 ac
2509 4053 2772 4126 sententia
2802 4052 3155 4123 signiﬁcatur.

2287 4125 2356 4197 (Γ)
2416 4123 2535 4180 Vox
2587 4125 2698 4195 ejus
2741 4124 2795 4178 in
2851 4126 3081 4196 vulgatis
3134 4127 3332 4181 omissa
3381 4127 3689 4186 restituitur
3744 4144 3802 4185 ex

2214 4211 2345 4251 MSS.

2286 4264 2364 4337 (g)
2404 4266 2737 4323 Auctoritate
2783 4269 3134 4323 vetustiorum
3165 4282 3297 4323 mss.
3322 4270 3655 4327 removimus
3680 4272 3795 4327 hinc

2215 4339 2537 4410 vocabulum
2595 4338 2732 4410 Deus
2756 4355 2775 4393 :
2805 4339 2948 4410 quod
2975 4339 3128 4395 abest
3160 4340 3359 4407 pariter
3389 4356 3415 4393 a
3447 4342 3637 4410 primis
3677 4344 3805 4398 Fau-

2219 4409 2346 4464 stini
2397 4409 2740 4476 editionibus,
2788 4409 2963 4481 neque
3007 4410 3062 4464 in
3111 4410 3399 4480 postremis
3441 4409 3688 4470 additum
3734 4423 3804 4469 est

2220 4481 2327 4553 nisi
2356 4481 2495 4535 intra
2527 4483 2912 4553 parentltesim,
2949 4482 3049 4538 hoc
3076 4491 3179 4547 est,
3210 4497 3276 4536 ex
3303 4485 3639 4553 conjectura.
3674 4485 3796 4542 Am-

2221 4551 2443 4623 biguum
2489 4551 2702 4623 quidem
2753 4561 2836 4608 est
2888 4568 3017 4608 num
3061 4553 3153 4608 ille
3193 4551 3506 4623 lrgcritihic
3543 4566 3620 4611 est
3671 4571 3805 4613 uerus

2228 4621 2404 4695 Deus:
2434 4621 2589 4695 Aquod
2641 4623 2870 4679 Basilius
2902 4624 2997 4678 lib.
3037 4640 3089 4679 tv
3118 4621 3305 4679 contra
3340 4626 3569 4681 Eunom.
3603 4644 3657 4695 p.
3692 4628 3802 4687 106.

519 4668 2117 4771 ἱέῖᾇρξᾮήἷιᾷἰάὲὶέίὲἶἦόίὲέξῖιᾶἷάεῑιᾶἆξξῖξξ,ᾜίῖιῖιῖᾇὲἦὲὗιὲ
2147 4668 2197 4728 D
2221 4668 3569 4771 ιςῇξῑιέιίῖιθέῑρῆῑῖέδᾱῑιιξέειὶίίηῑξιῖδίέιῑιῑςνξί
3588 4668 3806 4771 satis;

517 4762 611 4818 est'
626 4764 800 4823 Pater.
835 4766 941 4825 Sed
985 4766 1175 4820 clamat
1217 4762 1478 4831 Joannes,
1523 4762 1705 4820 Nolite
1731 4762 1944 4838 diligere
1968 4782 2119 4821 mun-

517 4837 659 4890 dum.

589 4908 672 4982 (ιζ)
700 4908 755 4963 In
784 4908 1017 4982 vulgatis
1040 4950 1056 4975 ,
1077 4980 1085 4982 Δ
1105 4908 1221 4979 quis
1251 4907 1337 4962 sit.
1377 4905 1728 4982 Concinniusg
1749 4907 1803 4962 in
1838 4908 2121 4982 ms_s.gquid

517 4979 608 5033 sit.
636 4979 895 5035 Erasmus
923 4980 1126 5035 Hilario
1149 4980 1574 5050 perperamvitio
1599 4980 1775 5044 vertit,
1800 4980 1939 5047 quod
1966 4979 2123 5034 Aria-

521 5066 646 5104 num
681 5051 1003 5121 nuncuparit
1031 5049 1433 5115 antichristum,
1457 5066 1581 5106 cum
1606 5050 1708 5105 hoc
1736 5067 1839 5105 tton
1866 5060 1971 5105 tam
2007 5052 2122 5121 ipse

519 5122 682 5188 dicat,
711 5120 875 5193 quam
906 5123 1088 5178 audiat
1137 5137 1164 5175 a
1211 5121 1420 5193 .lounue
1457 5122 1581 5177 dici.
1613 5120 1767 5177 Unde
1803 5123 2122 5179 Ambrosius

520 5193 612 5247 lib.
645 5208 683 5247 tt
702 5191 769 5248 de
787 5193 915 5248 Fide
942 5208 1060 5264 cap.
1088 5195 1153 5249 15
1172 5211 1185 5247 :
1204 5191 1431 5248 Joannes
1461 5194 1583 5247 dicit
1607 5195 1870 5264 haereticos
1896 5210 2000 5248 esse
2030 5211 2123 5248 an-

520 5265 798 5337 tichristos,
826 5263 1045 5337 .itjianos
1063 5267 1232 5334 utique
1250 5266 1523 5337 designans
1549 5281 1567 5330 ;
1595 5274 1647 5320 et
1665 5263 1952 5320 Faustinus
1978 5280 2123 5333 smpe

521 5336 799 5408 laudatus:
843 5336 1030 5408 {ferito
1057 5353 1178 5407 ergo
1205 5337 1539 5391 antichristus
1575 5337 1773 5391 vocaris
1798 5348 1814 5403 ,'
1842 5337 1928 5408 qui
1959 5353 2118 5407 negas

527 5405 733 5460 Patrem
761 5417 806 5461 et
835 5406 1029 5461 Filium
1058 5405 1149 5462 sub
1177 5408 1598 5475 interpretatione
1623 5408 1805 5475 impia.

595 5481 667 5550 (e)
706 5478 932 5550 Quidam
966 5493 1097 5533 mss.
1127 5495 1221 5550 per
1261 5479 1587 5537 adsimilatus
1619 5494 1637 5533 :
1683 5480 1843 5550 male.
1870 5478 1971 5533 Hic
2000 5492 2124 5550 per-

528 5547 810 5621 stringitur
824 5547 1143 5621 Arianorum
1170 5550 1491 5621 hypnCrisis,
1517 5550 1581 5604 de
1596 5565 1695 5617 qua
1718 5547 2016 5604 Faustinus
2024 5548 2128 5603 ini-

532 5615 822 5690 tioOperis
842 5620 964 5690 sui:
993 5618 1189 5674 Ariana
1207 5615 1451 5688 impietas
1480 5615 1680 5675 asserit
1717 5621 1921 5690 quidem
1967 5621 2132 5674 multa

531 5688 794 5742 nobiscum
832 5688 1016 5741 iisdem
1052 5689 1368 5755 nominibus,
1399 5693 1486 5744 sed
1515 5707 1619 5746 non
1652 5688 1833 5746 iisdem
1873 5692 2128 5746 sensibus.

534 5757 675 5812 Nam
706 5758 888 5815 iisdem
934 5758 1116 5827 quibus
1175 5776 1268 5814 nos
1317 5769 1562 5829 personat
1600 5761 1764 5817 Deum
1816 5764 2033 5831 patrem;
2083 5770 2132 5817 et

2223 4765 2519 4821 Alexandr.
2553 4765 2617 4819 ad
2649 4766 2849 4821 calcem
2884 4766 3017 4821 Dial.
3044 4782 3134 4821 vut
3164 4767 3365 4836 legunt.
3396 4765 3706 4824 Atverbum
3736 4786 3804 4823 ue-

2220 4853 2316 4910 rus
2334 4836 2398 4890 ad
2432 4837 2623 4910 Filium
2665 4837 2734 4891 ab
2765 4837 2966 4892 Hilario
3011 4838 3241 4910 relatum
3275 4838 3442 4910 fuisse
3471 4848 3807 4910 apparet;ut

2225 4917 2280 4963 et
2309 4907 2495 4976 legerit
2526 4909 2606 4961 hic
2630 4917 2703 4961 est
2719 4923 2889 4972 uerus,
2916 4916 2976 4979 et
3015 4908 3344 4963 subaudierit
3371 4907 3534 4979 filius.

2297 4981 2380 5050 (It)
2422 4978 2553 5034 Post
2602 4988 2797 5044 nostra,
2826 4978 3043 5034 additur
3069 4980 3120 5033 in
3148 4981 3260 5049 ipso
3290 4978 3430 5050 apud
3463 4982 3802 5038 Faustinum:

2225 5049 2366 5120 apud
2399 5065 2555 5120 quem
2590 5050 2730 5104 idem
2756 5051 2846 5104 ille
2892 5050 3045 5105 locus
3074 5051 3295 5105 totidem
3329 5049 3514 5107 verbis
3555 5054 3800 5119 refertur,

2225 5125 2470 5191 quamvis
2502 5121 2635 5186 hate,
2665 5130 2710 5175 et
2742 5126 3041 5177 resurrectio
3083 5133 3277 5187 nostra,
3315 5126 3453 5177 sicut
3497 5135 3553 5178 et
3582 5130 3807 5195 superio-

2227 5209 2307 5259 ra,
2336 5202 2381 5246 et
2414 5205 2752 5265 concarnatus
2779 5202 2853 5246 est
2871 5202 3077 5260 prapter
3104 5209 3217 5259 nos,
3245 5201 3293 5246 et
3316 5210 3500 5265 passus
3538 5206 3639 5263 est,
3670 5208 3717 5250 ct
3735 5212 3804 5251 re—

2225 5279 2438 5334 surgens
2459 5265 2521 5317 de
2540 5264 2752 5318 mortuis
2769 5265 3044 5335 assumpsit
3069 5279 3182 5329 nos,
3207 5264 3365 5318 modo
3394 5281 3502 5320 non
3526 5276 3740 5323 exstent
3763 5270 3805 5319 in

2226 5344 2551 5409 {acrotextu
2586 5347 2694 5389 tum
2737 5347 3068 5409 graccotum
3150 5335 3336 5402 latino,
3372 5337 3511 5393 sicut
3553 5354 3658 5394 nec
3685 5335 3805 5409 apud

2225 5403 2489 5477 Cyrillum
2524 5406 2643 5459 loco
2674 5403 2794 5461 mox
2818 5406 3062 5477 laudato.

2308 5475 2567 5548 (ilUnus
2596 5478 2768 5532 codex
2811 5476 2984 5531 Vatic.
3019 5493 3139 5532 cum
3172 5479 3385 5535 duobus
3413 5481 3559 5547 aliis,
3580 5491 3631 5536 et
3651 5482 3807 5537 exina—

2223 5546 2535 5620 nitiCItristi
2553 5548 2790 5620 spiritum
2816 5565 2881 5620 ac
2897 5562 3079 5620 nomen
3098 5554 3340 5620 profiteris
3364 5570 3380 5615 ;
3410 5546 3577 5620 depra
3589 5564 3725 5608 vate.

2523 5616 2628 5685 his,
2658 5626 2715 5674 et
2758 5634 2823 5699 ex
2855 5616 3220 5699 dictisniﬂﬂo,
3270 5622 3463 5699 liquet,
3486 5616 3611 5699 'noAn
3666 5624 3803 5677 alium

2235 5687 2448 5816 llilil'ar‘ioi
2465 5687 2727 5814 Jsoannem
2758 5690 3051 5761 Evangelii,
3076 5692 3238 5748 alium
3265 5687 3620 5765 Apocalypsis
3649 5705 3809 5750 aucto-

2263 5775 2347 5816 em
2399 5775 2428 5813 u
2452 5774 2479 5814 s
2511 5774 2559 5815 e.

2263 5775 2347 5816 em
2376 5774 2559 5815 ιυιεδθι
