3960 6202
136 244 220 307 193

1293 243 1383 301 DE
1422 243 1794 304 TRINITATE
1844 246 2051 305 LIBER
2091 251 2180 307 Vl.

3276 256 3383 314 194

136 376 178 419 te
202 361 358 417 omnia
378 358 723 416 tlcmutantur
749 359 802 415 in
822 358 970 415 falsa.
1007 358 1303 429 Apostolus
1326 374 1582 433 concessa
1611 360 1684 416 si-
1709 363 1764 424 Α
1790 364 1999 420 ritatem
2032 364 2266 420 nominis
2299 364 2455 434 hujus
2475 371 2673 436 quanta
2706 372 2889 435 posset
2925 363 3143 421 humani
3170 380 3382 422 sermo-

132 460 175 515 bi
215 459 390 527 Optima
418 456 770 527 intelligentia
823 454 899 528 (α)
926 470 1110 511 verum
1164 455 1255 512 Dei
1302 456 1469 512 ﬁlium
1503 457 1677 527 (dicit:

135 563 181 609 tu
196 550 409 607 afﬁrmas
461 548 817 615 creationem,
850 558 901 603 Ill
943 548 1202 618 prtedicas
1227 549 1596 619 adoptionem,
1620 560 1679 607 tu

131 659 268 716 negas
298 641 643 698 nativitatem.
678 641 888 696 Etcum
918 638 1008 696 hic
1031 655 1193 697 verus
1228 641 1321 697 Dei
1352 640 1497 697 ﬁlius
1522 644 1681 698 nobis

132 738 204 804 sit,
228 745 274 792 et
307 734 405 790 vita
433 742 654 800 aeterna,
688 743 743 788 et
782 732 1139 798 resurrectio;
1193 747 1294 788 nec
1331 733 1439 788 vita
1476 744 1681 789 aeterna

133 839 199 886 est
215 829 276 894 ei,
296 841 387 882 nec
410 825 755 889 resurrectio,
784 825 867 880 cui
896 824 990 880 ille
1017 839 1124 880 non
1149 840 1314 882 verus
1341 836 1444 881 est.
1474 826 1545 881 Et
1564 825 1681 883 haec

134 922 313 993 quidem
341 919 567 975 Joannes
595 917 891 987 discipulus
920 933 948 971 a
978 916 1209 973 Domino
1236 917 1483 974 dilectus.

189 1017 267 1073 Η.
304 1014 491 1070 Paulus
519 1011 783 1067 Christum
843 1012 1035 1082 passim
1081 1011 1326 1080 praedicat
1367 1027 1541 1065 uerum
1583 1010 1680 1066 Dei

132 1111 290 1179 ﬁlium.
313 1137 379 1148 —
421 1105 524 1162 Sed
571 1105 703 1160 nihil
748 1105 816 1159 ah
843 1103 926 1160 his
952 1104 1214 1160 dissimile
1238 1120 1304 1160 ex
1338 1114 1682 1173 persecutore

130 1202 368 1273 apostolus
392 1210 445 1256 et
474 1214 568 1255 vas
597 1198 881 1255 electionis
903 1198 1234 1269 praedicavit.
1269 1197 1369 1266 Qui
1400 1198 1543 1253 enim
1566 1212 1682 1254 ser—

131 1313 204 1350 mo
240 1294 342 1365 ejus
372 1309 473 1349 non
503 1292 608 1349 sub
636 1291 729 1346 ﬁlii
752 1290 1097 1347 confessione
1124 1289 1251 1346 est?
1298 1291 1429 1357 Quae
1453 1289 1680 1360 epistola

128 1405 216 1443 non
238 1388 300 1444 de
320 1397 650 1443 sacramento
674 1384 917 1441 veritatis
945 1385 1101 1440 istius
1129 1393 1305 1455 empta
1334 1384 1456 1440 est?
1485 1383 1543 1439 In
1573 1399 1681 1455 quo

128 1480 318 1535 nomine
331 1494 428 1534 nou
444 1477 789 1549 praprietatis
804 1476 1121 1548 signilicatio
1136 1486 1219 1531 est
1238 1477 1260 1529 ?
1280 1472 1512 1546 (l)Cum
1532 1476 1678 1531 enim

126 1574 321 1628 dicitur:
360 1570 690 1627 Reconciliati
729 1585 909 1623 sumus
959 1566 1070 1623 Deo
1094 1584 1183 1633 per
1224 1578 1440 1622 mortem
1469 1568 1567 1636 ﬁlii
1600 1568 1681 1622 sui

126 1664 275 1733 (Rom.
298 1680 344 1728 ν,
396 1661 517 1734 10);
548 1671 606 1719 et
630 1676 881 1717 rursum:
914 1658 1057 1716 Deus
1084 1660 1250 1730 ﬁlium
1277 1676 1427 1714 suum
1466 1660 1605 1714 misit
1625 1660 1681 1715 in

1785 460 1870 514 nis
1904 458 2301 530 signiﬁcatione
2344 458 2825 521 monstraret:ait,
2867 458 3007 526 Quid
3058 460 3126 514 ad
3151 460 3300 515 haec?
3322 459 3385 514 Si

1786 549 1928 604 Deus
1954 566 2048 622 pro
2076 551 2243 619 nobis,
2273 552 2387 622 quis
2409 560 2589 606 contra
2609 550 2740 605 nos?
2765 549 2868 617 Qui
2904 551 3015 620 ﬁlio
3042 552 3253 621 proprio
3277 567 3384 606 non

1784 643 2032 712 pepercit,
2081 642 2170 697 sed
2207 642 2422 698 tradidit
2470 659 2585 697 eum
2631 658 2724 714 pro
2759 642 2903 697 nobis
2947 640 3056 714 (Ib.
3081 642 3146 699 3i
3166 652 3230 699 ‘et
3255 642 3373 716 5'2).

1783 734 1918 790 Nunt
1950 734 2207 807 quidnam
2238 735 2400 791 etiam
2428 751 2571 791 nunc
2596 734 2902 807 adoptionis
2930 737 2983 791 in
3014 752 3082 792 eo
3110 737 3212 793 erit
3247 753 3387 792 nnn-

1783 827 2021 898 cupatio,
2053 827 2107 882 in
2146 842 2253 899 quo
2291 828 2637 898 proprietatis
2671 837 2756 883 est
2802 830 3037 884 nomen?
3090 829 3385 901 Apostolus

1784 917 1928 973 enim
1982 918 2176 974 volens
2212 919 2531 974 charitatem
2574 933 2700 991 erga
2730 933 2830 975 nos
2861 919 2952 974 Dei
2984 920 3291 986 ostendere,
3327 930 3385 977 ut

1784 1011 2186 1083 magnilicentia
2213 1013 2304 1068 Dei
2332 1012 2637 1069 dilectionis
2652 1028 2717 1069 ex
2744 1014 3161 1084 comparationis
3185 1030 3384 1085 genere

1785 1114 2122 1174 nosceretur,
2166 1120 2275 1161 non
2320 1107 2627 1177 pepercisse
2669 1106 2835 1164 Deum
2881 1108 3101 1178 pr0prio
3142 1108 3253 1164 ﬁlio
3280 1123 3381 1165 suo

1784 1197 1966 1255 docuit
1998 1217 2011 1253 :
2045 1215 2151 1254 non
2175 1199 2358 1271 utique
2390 1215 2489 1270 pro
2527 1200 2847 1268 adoptandis
2895 1200 3181 1272 adoptato,
3209 1218 3384 1273 neque

1785 1306 1884 1363 pro
1921 1290 2119 1349 creatis
2155 1301 2444 1358 creaturm,
2489 1292 2585 1348 scd
2615 1309 2711 1363 pro
2752 1292 2943 1349 alienis
2970 1308 3093 1361 suo,
3124 1309 3225 1364 pro
3253 1308 3387 1350 con-

1784 1382 2155 1454 nuncupandis
2172 1386 2411 1455 praprio.
2430 1384 2622 1453 Qutere
2646 1384 2898 1440 virtutem
2923 1385 3082 1451 dicti;
3107 1394 3165 1442 ut
3181 1384 3386 1457 magni-

1786 1477 2025 1533 tudinem
2064 1477 2343 1533 charitatis
2374 1478 2665 1548 intelligas.
2718 1477 2854 1546 Quid
2889 1479 2959 1532 sit
2979 1478 3256 1550 proprium
3284 1493 3383 1533 ex-

1784 1569 1993 1639 pende;
2029 1586 2095 1626 ne
2141 1570 2357 1640 ignores
2385 1571 2690 1626 veritatem.
2718 1569 2867 1627 Nunc
2910 1572 3051 1626 enim
3086 1571 3383 1641 Apostolus

1786 1662 2063 1733 proprium
2087 1664 2162 1718 ait
2188 1662 2379 1730 ﬁlium,
2410 1678 2530 1718 cum
2559 1662 2613 1717 in
2645 1663 2829 1717 multis
2854 1662 2937 1718 vel
2964 1679 3132 1726 suum.
3159 1663 3242 1719 vel
3272 1664 3386 1734 ejus
3472 1684 3489 1707 ι

124 1757 465 1813 similitudinem
489 1757 662 1810 carnis
683 1754 879 1824 peccati
903 1751 1082 1825 (Rom.
1103 1757 1216 1816 v‘m,
1238 1750 1331 1822 5);
1358 1762 1415 1835 et
1432 1767 1678 1807 rursum:
1713 1756 1758 1817 B
1788 1770 1933 1827 Stepe
1952 1756 2195 1813 dixisset:
2217 1756 2286 1812 Et
2304 1756 2550 1827 quamvis
2566 1756 2715 1811 multi
2738 1757 2976 1821 codices,
2994 1771 3094 1827 per
3115 1754 3186 1829 (e)
3210 1767 3387 1814 trans-

127 1853 295 1909 Fidelis
315 1853 469 1918 Deus,
502 1868 597 1922 per
624 1866 774 1922 queui
807 1849 975 1904 vocati
1012 1848 1132 1901 estis
1182 1847 1238 1901 in
1277 1846 1683 1901 communionem

124 1949 204 2018 ﬁlii
238 1947 339 2019 eius
381 1947 401 2015 (
420 1959 437 1999 ι
467 1943 595 2001 Cor.
639 1958 678 2001 ι.
712 1940 802 2012 9):
833 1939 972 2007 Quid
1002 1938 1090 1994 hic
1135 1937 1514 1994 haereticorum
1541 1936 1683 1994 furto

124 2040 206 2095 loci
228 2037 456 2093 relictum
479 2034 606 2091 est?
645 2033 817 2089 Filius
843 2045 975 2088 suus
1003 2040 1107 2099 est,
1141 2029 1283 2086 ﬁlius
1305 2030 1384 2103 (ὁ)
1410 2031 1528 2101 ejus
1555 2039 1670 2086 est:

120 2147 207 2186 non
255 2130 462 2199 adaptio
533 2127 653 2198 ejus
721 2134 805 2181 est
832 2166 847 2194 ,
928 2140 1036 2179 non
1107 2132 1355 2179 creatura
1400 2123 1518 2192 ejus
1575 2130 1679 2177 est.

118 2224 294 2281 Nomen
323 2233 570 2278 naturam
601 2219 859 2290 loquitur,
883 2216 1165 2274 veritatem
1185 2216 1486 2287 proprietas
1514 2231 1685 2271 enun-

122 2316 213 2384 tiat,
242 2315 389 2373 ﬁdem
417 2313 694 2370 confessio
718 2319 976 2367 testatur:
1006 2324 1114 2366 non
1142 2309 1383 2379 intelligo
1408 2306 1537 2379 quid
1558 2307 1682 2362 addi

120 2410 262 2479 possit
284 2407 346 2464 ad
368 2416 620 2463 naturam
648 2403 765 2459 ﬁlii.
800 2402 876 2475 (2)
907 2403 979 2475 (ο)
1019 2401 1150 2456 Nam
1178 2400 1323 2471 quod
1375 2399 1514 2455 ﬁlius
1567 2398 1685 2470 ejus

119 2512 202 2570 est,
242 2504 323 2574 qui
365 2517 486 2558 esse
535 2509 690 2572 pater
718 2497 987 2562 creditur;
1020 2511 1125 2550 non
1151 2494 1355 2549 incerta
1380 2503 1434 2549 et
1471 2493 1681 2548 inﬁrma

118 2595 208 2661 ille,
230 2595 311 2664 qui
347 2592 637 2649 electionis
662 2599 744 2646 est
776 2603 892 2654 vas,
921 2588 1130 2644 locutus
1153 2596 1265 2643 est:
1295 2601 1395 2641 nec
1432 2584 1686 2656 Magister

117 2689 319 2760 gentium
348 2697 400 2744 et
440 2684 741 2757 Apostolus
768 2682 969 2737 Christi
1000 2680 1263 2749 ambigua:
1288 2677 1549 2735 doctrinm
1572 2692 1684 2733 sua:

118 2798 321 2838 errorem
353 2778 599 2851 reliquit.
631 2776 744 2832 Scit
770 2775 859 2845 qui
896 2773 1003 2829 sint
1031 2769 1337 2843 adoptionis
1366 2769 1482 2838 ﬁlii,
1511 2779 1563 2825 et
1594 2768 1686 2838 qui

117 2872 201 2929 hoc
230 2888 341 2929 esse
388 2887 452 2927 ac
499 2867 808 2938 nuncupari
853 2882 947 2935 per
976 2865 1133 2919 ﬁdem
1177 2863 1352 2920 meriti
1394 2872 1539 2917 sunt.
1596 2861 1687 2917 Ait

117 2981 312 3036 namque
343 2984 356 3020 :
390 2964 660 3033 Quotquot
692 2960 825 3014 enim
854 2958 1040 3028 spiritu
1087 2954 1186 3010 Dei
1206 2964 1448 3027 aguntur,
1493 2955 1546 3007 hi
1587 2953 1685 3022 ﬁlii

116 3070 212 3114 sunt
241 3058 351 3115 Dei.
403 3059 531 3115 Non
562 3059 702 3114 enim
743 3053 1014 3124 accepistis
1041 3051 1281 3121 spiritum
1311 3048 1561 3103 servitutis
1590 3048 1683 3102 ite-

1787 1849 2015 1905 latorum
2048 1850 2351 1921 simplicem
2404 1847 2833 1921 intelligentiam,
2876 1848 2930 1903 in
2972 1849 3076 1904 hoc
3123 1848 3246 1905 loco
3285 1863 3385 1919 pro

1787 1937 1868 2014 (Ι)
1895 1942 2105 2011 proprio
2135 1941 2267 2012 ﬁlio,
2316 1957 2410 1997 suo
2441 1941 2552 2011 ﬁlio
2589 1940 2953 2010 conscriptum
3004 1939 3274 1995 habeant:
3302 1950 3385 1995 ta-

1785 2047 1909 2089 men
1963 2033 2233 2104 grzccitas,
2290 2049 2393 2105 qua
2442 2034 2621 2105 lingua
2665 2033 2958 2104 Apostolus
3008 2042 3094 2089 est
3140 2031 3386 2101 locutus,

1786 2126 2060 2195 proprium
2086 2141 2228 2181 nunc
2253 2125 2424 2197 magis
2449 2140 2609 2197 quam
2641 2141 2796 2181 suum
2825 2136 3120 2196 nuncupat.
3165 2126 3233 2181 Et
3256 2125 3383 2183 licet

1785 2216 2088 2272 communis
2133 2216 2504 2288 intelligentia;
2554 2233 2717 2274 sensu
2768 2232 2872 2273 non
2911 2218 3044 2273 satis
3068 2217 3214 2273 inter
3250 2233 3379 2286 pro-

1784 2310 1961 2382 prium
2008 2318 2063 2365 et
2107 2325 2262 2365 suum
2308 2310 2552 2377 dill'erat;
2596 2325 2781 2366 verum
2826 2310 3140 2381 Apostolus,
3175 2325 3295 2367 cum
3332 2311 3387 2366 in

1785 2400 1998 2457 caeteris
2021 2400 2143 2456 aliis
2167 2400 2326 2456 dictis
2351 2418 2501 2456 suum
2526 2402 2695 2472 ﬁlium
2711 2411 3210 2470 commemorasset,
3243 2401 3388 2473 quod

1785 2501 1872 2549 est
1908 2508 2106 2564 gmce,
2150 2494 2238 2549 τὸν
2265 2494 2453 2551 ἑαυτοῦ
2478 2495 2604 2559 υἱὸν,
2635 2504 2812 2551 tamen
2835 2494 2889 2550 in
2914 2497 3017 2551 hoc
3044 2495 3165 2551 loco
3186 2509 3384 2552 secun-

1787 2585 1914 2641 dum
1956 2585 2100 2656 quod
2144 2587 2237 2653 ait,
2268 2585 2324 2648 ὃς
2350 2608 2408 2661 γε
2454 2593 2546 2645 τοῦ
2586 2586 2717 2643 ἰδίου
2754 2588 2867 2643 υἱοῦ
2893 2590 2979 2643 οὐκ
3014 2590 3269 2663 ἐφείσατο,
3300 2588 3389 2661 qui

1786 2680 1998 2753 proprio
2017 2680 2129 2751 filio
2152 2696 2254 2735 non
2274 2681 2517 2753 pepercit,
2552 2688 2757 2736 naturae
2784 2682 3052 2737 viritatem
3080 2682 3391 2755 signiﬁcan-

1787 2778 1870 2826 ter
1897 2772 2195 2841 expressit:
2240 2782 2293 2827 ut
2318 2773 2406 2843 qui
2435 2773 2684 2842 superius
2712 2772 2851 2829 lilios
2874 2773 3056 2844 plures
3102 2790 3202 2845 per
3231 2775 3392 2845 spiri-

1788 2871 1900 2917 tum
1948 2862 2254 2934 adoptionis
2301 2863 2764 2932 demonstrasset,
2826 2879 2969 2922 nunc
3047 2865 3388 2938 unigenitum

1788 2955 1956 3012 Deum
1987 2956 2153 3011 ﬁlium
2182 2956 2527 3026 proprietatis
2558 2955 2636 3029 (g)
2667 2956 3001 3014 ostenderet.

1860 3046 1952 3102 46.
1995 3046 2375 3103 lrtexcusabilis
2401 3059 2474 3102 est
2494 3049 2582 3118 qui
2608 3046 2871 3104 Christum
2889 3049 3056 3119 ﬁlium
3084 3047 3183 3105 Dei
3211 3059 3383 3125 negat.

115 3153 294 3229 rum('5)
328 3153 404 3224 (ιι)
432 3154 489 3207 in
535 3151 772 3206 timorem
794 3189 811 3215 ,
840 3147 928 3201 sed
967 3144 1230 3215 accepistis
1253 3142 1487 3212 spiritum
1524 3141 1685 3212 adap-
1710 3151 1755 3214 ς
1790 3141 2156 3197 Antichristum
2205 3159 2298 3214 pro
2351 3140 2554 3198 Christo
2584 3154 2656 3198 est
2693 3154 3118 3213 suscepturus.—
3163 3143 3279 3199 Non
3308 3151 3394 3200 est

116 3247 257 3309 tionis,
285 3247 336 3301 in
361 3263 460 3316 quo
486 3246 799 3307 clamamus,
828 3239 968 3294 Abba
999 3247 1142 3309 pater
1166 3236 1343 3311 (Rom.
1374 3251 1488 3299 vut,
1542 3233 1609 3289 M
1632 3243 1687 3291 ct

118 3340 209 3410 l5).
239 3339 382 3413 167
416 3337 581 3394 Fidei
610 3344 809 3391 nostra:
851 3347 945 3402 per
974 3337 1370 3386 sacrumentmn
1402 3342 1690 3397 regenera-

116 3431 251 3487 tionis
274 3432 370 3488 boc
399 3445 607 3487 nomen
636 3436 746 3484 est:
771 3436 827 3481 et
851 3423 1116 3497 professio
1157 3432 1337 3478 nostra
1366 3421 1524 3477 nobis
1549 3436 1687 3492 pra:-

114 3533 201 3579 stat
239 3524 612 3594 adeptionem.
654 3519 824 3575 Filios
853 3517 998 3572 enim
1029 3513 1147 3583 Dei,
1197 3529 1360 3585 opera
1385 3513 1684 3569 secundum

117 3616 324 3686 spiritum
351 3616 445 3673 Dei
482 3623 642 3687 gesta
668 3616 1123 3678 connnncupant:
1157 3614 1213 3661 et
1236 3605 1500 3661 clamatur
1528 3620 1556 3659 a
1590 3618 1684 3659 no-

115 3709 181 3763 bis
204 3713 367 3781 potius
412 3710 566 3765 Abba
596 3714 757 3777 pater,
792 3718 952 3775 quam
982 3717 1049 3757 ex
1106 3710 1311 3756 natura:
1355 3707 1536 3755 manet
1563 3714 1686 3769 pro-

118 3804 340 3871 prietate;
378 3804 507 3876 quia
536 3808 699 3857 extra
739 3807 946 3855 naturae
993 3795 1379 3866 proprietatem
1422 3803 1508 3851 est
1539 3793 1686 3850 vocis

116 3895 340 3965 ollicium,
385 3909 440 3954 et
471 3894 590 3954 dici
618 3901 779 3964 atque
799 3906 922 3949 esse
951 3904 1057 3945 non
1088 3887 1231 3944 idem
1260 3897 1364 3943 est.

169 3992 248 4047 45.
288 3992 455 4048 Filius
485 3989 738 4062 proprius
758 3988 943 4041 diserte
964 3994 1208 4041 assertus.
1242 3983 1475 4056 Epistula
1493 3982 1561 4036 ad
1580 3980 1688 4036 Ro-

115 4103 432 4160 manosgrcece
457 4084 760 4154 scripta.—-
777 4081 849 4135 At
873 4095 1002 4135 vero
1033 4093 1152 4150 qua:
1178 4076 1247 4133 de
1273 4076 1382 4131 ﬁlio
1416 4076 1507 4131 Dei
1538 4076 1684 4144 Apo-

117 4182 214 4235 stoli
231 4181 357 4236 ﬁdos
379 4180 473 4248 sit,
499 4176 891 4246 intelligamus.
915 4171 1049 4228 Nam
1072 4186 1195 4227 cum
1211 4170 1381 4234 omni,
1399 4184 1559 4239 quem
1592 4169 1687 4221 ha-

115 4273 208 4328 buit
227 4276 286 4330 ad
320 4272 590 4330 Ecclesia:
621 4268 949 4332 doctrinam,
982 4279 1234 4321 sermone
1261 4278 1552 4333 numquam
1583 4262 1685 4316 Pa-

116 4371 226 4420 trem
250 4367 362 4422 sine
392 4365 519 4422 Filii
551 4358 897 4419 coniessione
917 4356 1267 4428 loqueretur;
1296 4364 1475 4411 tamen
1507 4360 1568 4410 ut
1593 4368 1686 4409 ve-

168 4477 186 4537 i
196 4480 235 4537 ll
272 4480 397 4535 Cum
422 4478 565 4533 enim
589 4474 735 4529 dicit.

174 4480 241 4621 ιιι
272 4480 397 4616 sm

320 4568 438 4606 nam
616 4587 629 4600 .

1792 3237 2060 3292 humanus
2090 3236 2175 3292 hic
2216 3251 2394 3306 error,
2445 3252 2618 3308 neque
2672 3238 2726 3292 in
2755 3239 3022 3310 .negando
3050 3238 3142 3294 Dei
3176 3237 3286 3295 ﬁlio
3311 3238 3394 3294 vi-

1793 3329 1923 3385 tium
1961 3330 2280 3401 ignorantire
2307 3339 2411 3395 est,
2442 3330 2529 3384 ubi
2565 3330 2801 3401 ignorari
2828 3347 2935 3386 non
2985 3331 3109 3387 licet
3130 3329 3271 3400 quod
3295 3344 3391 3386 ne-

1789 3430 1967 3494 gatur.
2012 3420 2271 3479 Creatura
2316 3436 2386 3477 ex
2431 3421 2598 3477 nihilo
2629 3421 2932 3479 subsistens
2966 3422 3059 3477 Dei
3089 3422 3230 3478 ﬁlius
3250 3420 3389 3477 dici-

1794 3525 1901 3572 tur.
1940 3516 2055 3573 lloc
2080 3516 2124 3571 si
2147 3530 2249 3572 nec
2270 3515 2428 3571 Pater
2467 3515 2679 3573 locutus
2702 3522 2805 3581 est,
2839 3530 2938 3571 nec
2968 3514 3139 3571 Filius
3162 3522 3392 3572 testatus

1797 3608 1957 3683 168
1984 3617 2088 3674 est,
2131 3623 2228 3664 nec
2268 3607 2561 3679 Apostolus
2608 3606 2941 3678 przediravit,
2983 3616 3163 3664 tamen
3184 3605 3387 3664 audere

1789 3701 1994 3771 eloqui,
2023 3700 2125 3755 hoc
2152 3708 2238 3755 est
2265 3697 2536 3754 Christum
2571 3714 2676 3756 non
2717 3699 2967 3770 ignorare
2993 3698 3391 3764 tantummodo,

1791 3792 1886 3851 sed
1934 3793 2134 3850 odisse.
2173 3791 2305 3848 Cum
2336 3792 2478 3848 enim
2526 3801 2677 3859 pater
2703 3791 2772 3847 de
2815 3790 2927 3846 ﬁlio
2957 3806 3056 3847 suo
3084 3790 3249 3855 dicat,
3284 3788 3389 3844 Hic

1793 3896 1867 3943 est
1906 3885 2119 3958 (Matth.
2149 3901 2229 3951 nr,
2267 3883 2389 3954 l7);
2412 3893 2467 3940 et
2496 3884 2662 3939 Filius
2687 3883 2754 3939 de
2789 3898 2851 3939 se
2882 3882 3045 3948 dicat,
3100 3882 3203 3949 Qui
3227 3891 3392 3937 tecum

1795 3978 2037 4051 loquitur,
2058 3977 2169 4046 ipse
2194 3985 2264 4031 est
2288 3973 2467 4049 (Ioan.
2496 3991 2569 4042 ιι,
2595 3975 2715 4046 57);
2743 3983 2798 4031 et
2823 3974 3012 4030 Petrus
3037 3974 3381 4042 conﬁteatur,

1796 4069 1874 4125 Tu
1903 4086 1954 4125 es
1974 4068 2188 4140 (Matth.
2221 4068 2477 4139 xvt,16);
2504 4076 2559 4122 et
2578 4066 2813 4122 Joannes
2842 4071 3088 4131 testetur,
3123 4063 3223 4118 Hic
3246 4079 3393 4120 uerus

1794 4174 1866 4219 est
1893 4164 1947 4236 (Ι
1975 4160 2136 4217 Joan.
2164 4177 2221 4226 v,
2253 4159 2379 4229 21);
2404 4170 2459 4216 et
2479 4159 2676 4215 Paulus
2699 4173 2806 4213 non
2836 4159 3062 4212 desistat
3095 4156 3394 4228 praedicare

1792 4258 1865 4312 de
1891 4256 2148 4327 proprio:
2180 4268 2290 4309 non
2326 4252 2570 4323 intelligo
2600 4251 2744 4307 aliud
2793 4266 2951 4322 quam
2993 4248 3224 4321 negandi
3272 4264 3395 4307 esse

1792 4348 1998 4417 odium,
2026 4346 2117 4403 ubi
2149 4342 2430 4417 imperitia:
2458 4358 2611 4401 error
2625 4360 2734 4401 non
2755 4352 3045 4401 excusatur
3070 4344 3124 4399 in
3140 4343 3391 4400 crimine.

1869 4463 1949 4540 ('5)
1994 4463 2063 4518 1η
2083 4463 2282 4517 timore.

170 4672 238 4743 (α)
262 4674 431 4728 Prave
458 4672 515 4725 ίη
548 4665 827 4725 nonnullis
850 4677 982 4743 "'95.-
1014 4662 1217 4743 Wium
1244 4659 1452 4743 Dei-Pi
1481 4658 1566 4742 'Iic
1590 4672 1688 4743 οΡ·
1716 4658 1771 4720 D
1798 4660 1850 4743 ει
1870 4646 2301 4743 Βῗῗὲτὶθὲἒὲἓῗξ
2315 4642 3296 4743 ΒΨῙΡῩΒΓῘΡΫᾸὟΫΞ.εῗιηῗέὲἔηῗῖἓέθων
3327 4654 3392 4696 ³⁸

116 4729 271 4799 Ιίιιίιιῖιι
300 4743 490 4800 llilarii
542 4742 893 4813 interpretem
931 4734 1246 4813 Faustinum
1286 4731 1472 4786 audire
1491 4729 1649 4813 juvat
1677 4744 1690 4782 :

115 4813 350 4880 Quomodo
378 4816 542 4878 enim,
577 4803 770 4878 inquit,
802 4825 905 4884 non
938 4822 1088 4884 uerus
1122 4803 1388 4884 Densum,
1416 4803 1503 4884 qui
1548 4816 1695 4884 uerus

112 4869 168 4938 ἷιι
193 4869 358 4956 ﬁlius?
384 4869 602 4958 quando
634 4869 941 4958 ᾐοη-’δοιιιηι
968 4878 1031 4958 de
1056 4877 1159 4931 veri
1199 4873 1529 4958 [iliinontiue
1554 4869 1694 4958 Deus

112 4946 239 5029 serus
260 4946 534 5029 probatur,
562 4953 653 5010 sed
678 4953 829 5029 etiam
851 4950 1063 5029 perhoc
1091 4947 1231 5017 quod
1249 4946 1351 4999 vita
1376 4953 1568 5029 {eterna
1594 4953 1692 4997 est.

120 5023 216 5082 Vita
242 5016 373 5085 enim
401 5016 605 5084 (eterna
635 5041 736 5079 non
774 5016 922 5076 habet
947 5016 1149 5074 initium
1187 5033 1348 5087 neque
1368 5016 1553 5085 ﬁnem:
1576 5030 1695 5087 ergo

111 5112 233 5155 serus
252 5100 389 5158 Deus
417 5109 494 5154 est
556 5094 792 5150 Christus
818 5109 921 5147 non
963 5089 1149 5145 habens
1184 5085 1390 5143 initium
1433 5101 1592 5159 neque
1626 5085 1695 5155 ﬁ-

112 5184 224 5228 Item.
252 5184 355 5228 etc.

169 5212 235 5313 ξϊ)
252 5212 435 5311 "eam,
462 5242 611 5313 ﬁlius
650 5239 761 5309 ejus
785 5236 882 5313 sit:
911 5241 1096 5313 contra
1121 5232 1281 5313 ﬁdem
1310 5245 1441 5286 mss.
1478 5228 1593 5313 tne
1611 5241 1696 5282 re-

114 5299 380 5383 §piciuntur
398 5299 722 5383 s'u'periorés
774 5304 1021 5383 Apostoli
1065 5303 1189 5369 loci,
1219 5316 1447 5373 quorum
1478 5301 1530 5354 in
1561 5299 1697 5355 duo-

113 5379 193 5439 bus
212 5397 290 5442 est
308 5379 552 5450 suus,'in
588 5390 865 5450 postremo
893 5380 1022 5448 ejus.

169 5440 425 5527 (cibum,
445 5440 747 5527 Er.,Lips.
779 5465 843 5504 ac
871 5440 981 5527 non
1000 5446 1157 5527 pauci
1177 5460 1331 5508 mss.,
1363 5458 1514 5527 quam
1534 5440 1692 5527 quod.

114 5519 277 5582 Mettus
308 5519 428 5584 Par.
463 5519 926 5594 (modo'correcta
948 5519 1115 5594 fuerit
1145 5519 1509 5594 interpunctio
1535 5519 1695 5567 vitio-

115 5599 194 5669 sa)
215 5615 329 5655 cum
352 5584 913 5669 antiquioribusmss.
939 5588 1080 5669 Nam
1108 5584 1695 5669 quod.'llni_t:”vult‘sanc-

119 5658 190 5723 lus
220 5671 436 5736 Doctor,
464 5658 606 5724 nihil
637 5665 703 5721 ad
724 5658 1130 5736 signiﬁcandam
1167 5660 1283 5736 veri
1313 5658 1409 5712 ﬁlii
1449 5662 1693 5736 naturam

118 5722 436 5816 addi’pos'se,’
454 5722 559 5799 tibi
599 5722 824 5794 habetur
855 5734 977 5805 ﬁliis
1004 5748 1111 5789 non
1156 5729 1318 5787 modo
1345 5741 1567 5793 nomen,
1600 5722 1697 5781 sed

1798 4714 2011 4777 domum
2037 4714 2285 4789 Apostoli
2315 4714 2600 4787 utrumque
2625 4715 2876 4789 testantis
2900 4714 3188 4771 confessio.

1895 4792 1949 4860 d)
1990 4790 2155 4857 Editi,
2185 4789 2239 4844 in
2267 4789 2449 4860 timore
2472 4803 2492 4843 :
2516 4788 2937 4860 repugnantibus
2960 4798 3097 4860 mss.
3123 4794 3389 4853 etgrteco.

1895 4792 1928 4846 d
1990 4791 2155 4857 Editi,
2185 4791 2239 4844 in
2267 4791 2449 4843 timore
2472 4803 2492 4843 :
2516 4791 2937 4860 repugnantibus
2960 4798 3091 4842 mss.
3123 4794 3319 4853 etgrtet

1870 4791 1949 4935 in;
1981 4861 2035 4935 ln
2065 4877 2164 4916 ms.
2201 4858 2442 4935 Μελινιὶιι.2
2465 4860 2761 4935 latinorum,
2794 4857 3319 4935 loco_tran_slatorum.

1869 4926 1949 5007 (γ
1993 4934 2111 5007 Par.
2141 4949 2234 5002 pro
2265 4926 2475 5001 proprio
2497 4946 2591 5007 suo
2620 4931 2765 5007 ﬁlio:
2794 4927 2932 4982 haud
2958 4930 3091 5007 satis
3114 4926 3389 5007 distincte.

1797 4995 2053 5082 Nonnulli
2079 4995 2210 5082 mss.
2242 4995 2589 5082 _p_ro;pro_prio
2620 4995 2934 5082 ﬁlio-suum.
2960 4999 3147 5082 ﬁlium.
3195 4995 3396 5052 Obser-

1798 5089 1887 5132 vat
1912 5076 2202 5132 Faustinus
2241 5068 2331 5128 hic
2359 5068 2583 5135 Paulum
2606 5068 2851 5125 alludere
2871 5070 2937 5124 ad
2961 5068 3065 5125 ista
3084 5068 3219 5123 Gen.
3247 5082 3413 5131 31th,,

1802 5148 1899 5204 ηε
1939 5145 2095 5200 Nunc
2122 5144 2356 5214 cognoui,
2378 5143 2500 5214 quia
2535 5143 2678 5214 times
2702 5140 2889 5214 Deum,
2925 5152 2972 5195 et
2995 5157 3096 5214 non
3121 5139 3396 5214 pepercisti

1799 5220 1983 5273 dilecto
2035 5209 2274 5284 ﬁliotuo,
2317 5221 2370 5267 et
2392 5209 2788 5284 'lsauciﬁguram
2818 5210 2980 5268 fuisse
3008 5209 3245 5284 ﬁliiDei:
3279 5209 3395 5278 plc-

1800 5292 2006 5346 niorem
2036 5283 2216 5342 autem
2245 5296 2407 5355 atque
2442 5283 2819 5356 perfectiorem
2850 5284 3074 5356 veritate
3104 5283 3218 5352 ipsa
3252 5284 3395 5335 tutn-

1799 5377 1914 5417 ram
1948 5359 2116 5414 fuisse
2136 5354 2380 5426 ﬁguram.
2423 5354 2467 5410 si
2511 5354 2660 5411 Isaac
2706 5370 2867 5408 verus
2905 5354 3043 5409 ﬁlius
3072 5368 3101 5407 a
3128 5362 3278 5426 patre
3300 5366 3399 5409 suo

1798 5432 2096 5497 Abraham,
2139 5422 2198 5483 ei
2237 5427 2378 5483 ﬁlius
2404 5441 2512 5482 non
2534 5440 2695 5481 verus
2745 5441 2776 5480 a
2825 5425 2936 5481 Deo
2989 5422 3142 5496 patre
3185 5422 3401 5479 oblatus

1797 5502 1980 5561 fuerit.

1875 5569 2215 5648 (g)i_Supple,
2248 5569 2508 5648 vocabulo.
2537 5566 2872 5648 Quamquam
2928 5565 3257 5648 Proprietatis
3292 5582 3401 5648 vos

1798 5638 2215 5713 ita'colloc'a'tur,
2265 5652 2323 5698 ut
2369 5641 2510 5714 ﬁlius
2554 5639 2880 5713 proprietatis
2927 5645 3234 5712 opponatur
3278 5638 3408 5709 ﬁliis

1799 5717 2119 5792 adoptionis.
