3930 6194
580 214 681 280 tas

1777 218 2025 279 SANCTI
2063 210 2324 275 lllLARIl
2360 218 2670 279 EPISCOPI
3772 224 3855 279 l96

579 342 839 414 Loquitur
882 340 997 398 haec
1022 340 1261 404 interim,
1290 339 1529 410 loquitur
1563 338 1718 405 plane
1752 354 1847 408 per
1896 338 2165 394 adventus
2196 335 2241 396 Α
2274 353 2499 410 nagoga,
2529 339 2615 395 cui
2645 338 3105 394 immortalitatem
3153 336 3283 394 ﬁdes
3312 336 3430 393 haec
3466 335 3710 393 confessa
3755 337 3853 391 red-

588 439 668 494 sui
689 439 978 509 prophetas
1002 450 1065 492 ac
1092 435 1325 506 przevios
1353 434 1467 504 ipse
1497 434 1610 502 ille,
1646 434 1736 503 qui
1782 443 1966 503 postea
1995 433 2098 489 erit
2121 434 2173 488 in

578 532 655 604 (η)
687 531 1004 588 antichristo
1050 529 1353 585 locuturus:
1400 528 1695 583 salutarem
1735 527 1856 585 ﬁdei
1879 527 2179 584 confessio-

583 639 703 679 nem
758 623 841 676 his
888 620 1233 676 tentamentis
1274 620 1427 674 novis
1457 619 1800 689 inquietans,
1848 628 1909 675 ut
1939 618 2174 689 primum

575 713 917 769 conscientiae
942 718 1165 777 nostra),
1193 711 1269 782 (1)
1295 710 1369 783 (b)
1400 710 1523 781 quia
1558 711 1628 766 ita
1654 710 1957 779 credimus,
1981 711 2178 766 intelli-

573 806 807 876 gentiam
855 802 951 858 ﬁlii
979 803 1239 858 naturalis
1279 804 1506 869 avellat;
1560 802 1761 860 deinde
1804 804 1980 873 ipsum
2023 802 2174 871 illud,

537 960 541 965 ἡ
576 896 719 965 quod
746 894 820 970 (c)
859 896 1169 967 adoptivum
1199 895 1323 955 erit.
1372 895 1641 965 reliquum
1670 911 1863 952 nomen
1906 895 2175 952 excludat.

576 989 706 1045 Nam
738 1005 861 1045 eum
902 989 1095 1059 quibus
1116 988 1260 1059 (seu,
1291 990 1344 1041 in
1373 1004 1593 1059 quorum
1633 985 1904 1060 sententia)
1927 998 2177 1044 creatura

575 1090 658 1135 est
684 1080 955 1146 Christus,
985 1093 1208 1135 necesse
1227 1086 1311 1134 est
1340 1088 1397 1133 ut
1425 1095 1547 1134 eum
1580 1078 1662 1134 his
1688 1078 2038 1137 antichristus
2062 1078 2178 1148 ipse

577 1182 648 1227 snt
676 1171 956 1236 Christus;
986 1170 1108 1241 quia
1138 1171 1228 1225 ﬁlii
1262 1168 1649 1241 proprietatem
1674 1178 1919 1226 creatura
1950 1183 2060 1224 non
2092 1171 2180 1223 ha-

579 1267 717 1330 beat,
746 1275 800 1320 et
824 1265 914 1319 Dei
948 1279 1006 1318 se
1036 1264 1127 1318 ille
1168 1264 1333 1317 tilium
1363 1263 1683 1319 mentiatur:
1713 1268 1770 1317 et
1796 1276 1890 1331 per
1918 1260 2019 1316 hoc
2040 1260 2119 1332 (ιι)
2144 1274 2177 1315 a

576 1358 770 1429 quibus
806 1354 894 1411 hic
936 1356 1031 1411 Dei
1073 1355 1214 1411 ﬁlius
1257 1355 1371 1425 jam
1417 1364 1663 1426 negatur,
1698 1354 1769 1411 ab
1816 1353 1898 1410 his
1927 1352 2009 1425 (2)
2050 1362 2179 1409 tunc

577 1450 821 1507 Christus
850 1448 942 1504 ille
969 1447 1244 1503 credatur.

643 1544 736 1599 47.
777 1541 860 1596 Ad
884 1541 1154 1601 sanitatem
1180 1535 1475 1595 merehdam
1503 1539 1631 1610 ﬁdes
1654 1538 1753 1610 lilii
1783 1538 1879 1594 Dei
1900 1539 2175 1609 praestrigi-

574 1646 755 1690 tur.-—-
782 1634 949 1703 Quas,
972 1647 1092 1699 oro,
1124 1646 1268 1703 spes,
1300 1631 1477 1688 inanis
1512 1631 1679 1700 furor,
1708 1631 1952 1701 expetis?
1979 1632 2045 1686 Et
2070 1646 2177 1702 qua

2282 432 2514 489 biberet.
2546 433 2610 488 Et
2634 447 2755 489 cum
2779 433 2870 489 ille
2895 433 3133 488 incertus
3156 431 3450 488 etiamnum
3486 430 3853 499 respondisset,

2284 527 2411 594 Quis
2437 535 2530 595 est,
2561 525 2802 591 Domine.
2830 536 2886 582 ut
2911 526 3116 582 credant
3137 525 3190 580 in
3215 542 3332 580 eum
3373 522 3547 597 (Ibid.
3578 523 3704 595 36)?
3732 524 3857 596 igno-

2281 620 2551 675 rationem
2582 619 2733 690 ejus,_
2752 634 2912 690 quem
2943 629 3065 686 post
3095 616 3378 672 oculorum
3411 613 3494 688 (4)
3518 616 3858 685 recuperatio-

2282 725 2403 765 nem
2459 687 2625 765 tantai
2671 687 2795 766 ﬁdei
2838 708 3197 779 intelligentia
3237 687 3646 771 munerabatur,
3692 707 3857 762 nolens

2280 818 2522 869 manere,
2552 804 2623 857 ita
2644 804 2753 858 ait:
2785 801 2855 857 Et
2890 802 3061 858 vidisti
3098 818 3231 867 eum,
3261 811 3308 856 et
3335 801 3424 872 qui
3451 810 3616 856 tecum
3640 800 3856 873 loquitur,

2277 896 2388 965 ipse
2414 905 2487 951 est
2528 894 2689 966 (Ibid.
2712 894 2825 967 57).
2866 893 3136 965 Numquid
3164 894 3233 951 ab
3283 893 3387 951 hoc
3429 896 3573 950 sicut
3608 909 3638 948 a
3675 896 3857 949 caeteris

2284 987 2568 1052 Dominus,
2600 987 2694 1058 qui
2733 989 2961 1045 orabant
2988 989 3269 1054 sanitates,
3307 986 3706 1043 confessionem
3758 985 3858 1041 ﬁdei

2278 1078 2345 1135 ad
2367 1080 2595 1136 salutem
2620 1078 2929 1136 merendam
2965 1078 3046 1153 (ὁ)
3077 1080 3345 1150 reposcit?
3375 1078 3494 1134 Non
3524 1079 3725 1149 utique.
3748 1078 3856 1134 Nam

2280 1172 2397 1228 ltaee
2438 1172 2551 1243 jam
2584 1174 2653 1229 ad
2682 1189 2887 1231 caecum
2924 1173 3191 1229 videntem
3234 1173 3448 1228 loeutus
3475 1181 3593 1238 est;
3614 1173 3706 1227 sed
3729 1173 3792 1229 ob
3816 1173 3857 1228 id

2280 1274 2508 1331 tantum,
2533 1273 2590 1321 ut
2612 1264 2965 1335 responderet
2985 1265 3113 1322 ille:
3139 1262 3306 1321 Credo
3329 1263 3547 1319 Domine
3577 1263 3735 1331 (Ibid.
3755 1264 3855 1332 38);

2278 1358 2402 1428 quia
2431 1358 2803 1428 responsionis
2825 1357 2958 1415 ﬁdes
2985 1372 3092 1413 non
3127 1358 3388 1414 caecitatis
3409 1358 3694 1413 sanitatem
3741 1366 3861 1413 esset

2282 1450 2538 1518 allatura,
2587 1451 2656 1522 (ί)
2700 1451 2797 1508 sed
2837 1452 2982 1508 vitae.
3026 1450 3097 1509 Et
3121 1450 3371 1507 virtutem
3408 1450 3540 1507 dicti
3578 1449 3733 1520 hujus
3754 1448 3858 1505 dili-

2276 1555 2467 1617 genter
2509 1556 2883 1603 retractemus.
2913 1547 3210 1618 lnterrogat
3237 1545 3515 1611 Dominus,
3550 1543 3625 1599 Tu
3652 1544 3801 1600 credis
3818 1545 3860 1597 ia

2279 1642 2448 1712 ﬁlium
2478 1640 2576 1698 Dei
2592 1643 2617 1697 2
2644 1643 2701 1701 Si
2727 1644 2915 1714 utique
2943 1643 3054 1698 sola
3096 1640 3297 1699 Christi
3334 1641 3737 1712 qualiscumque
3755 1656 3862 1696 con-

574 1727 766 1784 salutis
810 1734 914 1782 tua:
962 1723 1155 1779 ﬁducia
1196 1732 1500 1780 creaturam
1543 1739 1664 1780 esse
1691 1724 1965 1781 Christum
2000 1724 2178 1796 potius
2209 1728 2258 1790 B
2284 1735 2450 1791 fessio
2491 1735 2613 1792 ﬁdei
2645 1745 2792 1792 esse;
2831 1736 3261 1801 consummatio;
3308 1735 3512 1791 dictum
3556 1735 3760 1801 ίαίεεει,
3792 1734 3857 1789 Tu

571 1839 730 1893 quam
763 1822 930 1877 ﬁlium
956 1821 1273 1892 blaspheme
1291 1836 1388 1877 ore
1412 1822 1741 1878 contendis?
1767 1822 2096 1891 Oportuerat
2123 1829 2175 1875 te

573 1934 636 1972 ex
661 1914 957 1986 Evangeliis
968 1929 1127 1970 nosse
1147 1930 1208 1968 ac
1228 1924 1411 1969 tenere
1430 1913 1554 1969 ﬁdei
1576 1915 1733 1983 hujus
1752 1922 2172 1970 sacramentum.

574 2010 706 2065 Nam
737 2022 861 2064 cum
895 2009 1152 2063 Dominus
1183 2007 1353 2077 possit
1387 2008 1591 2071 omnia,
1618 2017 1796 2063 tamen
1843 2007 1895 2062 in
1927 2021 2174 2077 unoquo-

574 2114 680 2173 que
719 2117 928 2166 eorum,
971 2099 1062 2170 qui
1104 2099 1330 2154 orabant
1377 2100 1711 2170 operationis
1742 2114 1853 2155 suae
1898 2099 2170 2167 effectum,

576 2194 826 2248 meritum
857 2202 979 2249 esse
1007 2192 1177 2247 voluit
1198 2191 1575 2248 confessionis.
1609 2193 1793 2263 Neque
1821 2192 1964 2248 enim
1996 2193 2045 2248 ei
2071 2194 2176 2248 vir-

574 2300 764 2354 tutem,
792 2289 879 2359 qui
912 2289 1001 2344 Dei
1036 2288 1216 2345 Virtus
1243 2295 1351 2354 est,
1375 2286 1646 2343 confessio
1668 2289 1875 2343 orantis
1896 2285 2132 2342 addebat
2156 2304 2171 2343 :

572 2382 668 2437 sed
715 2382 839 2437 ﬁdei
884 2390 1002 2437 erat
1033 2380 1482 2451 praemium,-hoc
1525 2383 1742 2437 mereri.
1771 2380 2020 2452 Namque
2048 2396 2170 2436 eum

573 2476 835 2530 Martham
859 2484 1134 2546 rogantem
1158 2491 1253 2546 pro
1272 2474 1477 2529 Lazaro
1500 2474 1864 2545 interrogavit,
1880 2490 1948 2529 an
1972 2488 2067 2528 eos
2084 2473 2177 2543 qui

578 2570 631 2625 in
685 2584 744 2624 se
785 2569 1141 2625 credidissent
1181 2569 1318 2624 mori
1368 2584 1472 2623 non
1516 2569 1766 2624 crederet
1801 2569 1853 2621 in
1883 2578 2169 2636 aeternum,

579 2662 651 2733 (ιε)
682 2659 748 2715 ad
780 2659 864 2715 illa
897 2660 1246 2716 conscientiae
1276 2675 1389 2714 suae
1422 2659 1580 2716 ﬁdem
1606 2660 1819 2716 elocuta
1844 2670 1931 2714 est
1955 2659 2169 2727 dicens,

579 2752 784 2823 Utique,
812 2749 1051 2820 Domine,
1089 2768 1183 2823 ego
1232 2750 1429 2806 credidi
1465 2753 1587 2822 quia
1614 2763 1667 2805 tu
1693 2768 1745 2806 es
1769 2751 2003 2806 Christus
2029 2752 2172 2821 ﬁlius

577 2846 693 2913 Dei,
723 2846 810 2917 qui
839 2849 891 2901 in
910 2843 1045 2900 hunc
1070 2844 1321 2899 mundum
1342 2844 1518 2897 venisti
1563 2840 1741 2915 (Joan.
1771 2859 1850 2905 x1.
1882 2843 2011 2914 i7);
2041 2859 2172 2899 con-

573 2940 738 2997 fessio
761 2940 876 2995 hzec
911 2936 1187 2993 teter-nitas
1227 2945 1329 3001 est,
1364 2944 1418 2991 et
1440 2934 1573 2990 ﬁdes
1618 2935 1721 2991 ista
1764 2951 1871 2992 non
1917 2938 2166 2994 moritur.

570 3034 778 3090 Martha
800 3033 1099 3102 deprecans
1117 3028 1296 3085 fratris
1323 3030 1403 3084 sui
1427 3029 1610 3095 vitam,
1641 3031 1963 3103 interrogata
1989 3048 2053 3087 an
2094 3033 2168 3088 ita

568 3128 833 3190 crederet,
886 3127 957 3178 ita
985 3122 1233 3178 credidit.
1277 3123 1471 3191 Quam,
1510 3139 1665 3195 rogo,
1697 3124 1781 3180 vel
1816 3141 1844 3179 a
1874 3140 1984 3197 quo
2004 3127 2170 3181 vitam
2199 3117 2247 3182 C

572 3226 852 3288 exspectat
891 3216 996 3269 hoc
1025 3215 1318 3284 denegans,
1350 3231 1471 3270 cum
1502 3217 1617 3271 sola
1637 3218 1709 3271 sit
1740 3218 1848 3273 vita
1877 3218 1955 3274 sic
1982 3220 2172 3276 crede-

575 3309 673 3364 re?
698 3307 943 3379 Magnum
990 3317 1073 3365 est
1105 3311 1248 3365 enim
1281 3305 1403 3363 ﬁdei
1444 3306 1605 3378 hujus
1658 3319 2080 3378 sacramentum,
2115 3322 2174 3368 et

578 3401 813 3473 perfecta
836 3400 1196 3457 confessionis
1223 3401 1379 3456 istius
1405 3399 1681 3456 beatitudo
1705 3410 1810 3458 est.

640 3494 732 3552 48.
775 3496 855 3552 Ad
885 3497 1103 3551 salutent
1140 3495 1330 3550 animis
1368 3494 1547 3550 eadem
1569 3511 1603 3549 a
1652 3510 1786 3550 ewco
1812 3501 1928 3570 jam
1973 3499 2173 3556 vidente

570 3589 968 3659 postulatur.--
1005 3588 1159 3644 Caeco
1198 3604 1226 3641 n
1255 3587 1536 3643 nativitate
1584 3587 1845 3644 Dominus
1877 3589 2053 3647 visum
2085 3594 2171 3648 in-

565 3682 824 3744 dulserat,
852 3691 907 3735 et
931 3691 1137 3735 naturae
1174 3679 1431 3735 damnum
1470 3687 1676 3733 natura;
1705 3680 1964 3737 Dominus
2008 3685 2167 3757 ιω

563 3783 858 3832 exemerat.
873 3775 940 3830 Et
959 3774 1081 3844 quia
1106 3789 1281 3829 caecus
1310 3775 1395 3829 hic
1417 3773 1482 3828 ad
1507 3773 1731 3844 gloriam
1757 3775 1853 3831 Dei
1874 3782 2030 3832 natus
2055 3778 2175 3835 fue-

570 3879 676 3936 rat,
710 3880 767 3922 ut
794 3868 849 3923 in
872 3867 1075 3923 Christi
1102 3884 1266 3938 opere
1299 3866 1393 3923 Dei
1416 3883 1551 3939 opus
1574 3879 1756 3939 posset
1781 3871 2028 3944 intelligi,
2061 3888 2170 3929 non

567 3967 875 4031 exspectata
906 3962 976 4016 ab
1015 3975 1083 4016 eo
1121 3961 1220 4015 fuit
1264 3959 1399 4016 ﬁdes
1436 3963 1827 4019 confessionis:
1875 3966 1967 4021 sed
1998 3968 2168 4037 quiin

568 4055 800 4124 receptis
852 4053 1026 4110 oculis
1075 4062 1353 4112 auctorem
1386 4056 1517 4111 tanti
1561 4057 1660 4113 sibi
1691 4060 1932 4115 muneris
1955 4062 2167 4117 nescie-

572 4147 686 4212 bat,
718 4146 918 4203 meruit
955 4147 1057 4203 hoc
1076 4158 1265 4218 postea
1305 4157 1363 4204 ut
1392 4147 1552 4204 ﬁdem
1581 4148 1833 4206 disceret.
1867 4152 1980 4206 Non
2023 4155 2166 4210 enim

561 4242 819 4296 caecitatis
858 4241 1110 4311 depulsio
1155 4243 1277 4297 vitae
1331 4241 1693 4298 aeternitatem
1746 4244 2025 4301 alferebat.
2087 4247 2168 4304 οι)

564 4333 708 4403 quod
737 4333 994 4388 Dominus
1034 4334 1145 4402 jam
1183 4349 1395 4402 sanum,
1426 4343 1481 4389 et
1511 4336 1581 4390 de
1626 4351 1892 4407 synagoga
1934 4338 2166 4407 ejectum

564 4426 856 4497 interrogat
882 4427 1065 4482 dicens
1097 4426 1208 4480 :Tu
1247 4427 1409 4481 credis
1434 4428 1487 4481 in
1534 4428 1699 4497 [ilium
1728 4428 1827 4484 Dei
1872 4429 2052 4502 (Joan.
2082 4449 2159 4499 1x,

561 4519 693 4590 55)?
718 4518 799 4575 Ne
826 4518 1083 4574 damnum
1128 4518 1231 4574 sibi
1257 4527 1471 4589 putaret
1490 4534 1631 4586 esse,
1664 4520 1747 4592 (5)
1776 4536 1837 4577 se
1866 4536 2054 4580 carere
2076 4539 2161 4599 sy-

633 4660 709 4733 (l)
744 4660 857 4733 Qua
887 4661 957 4733 ita
979 4660 1252 4733 credimus.

632 4730 715 4804 (2)
758 4732 887 4788 Tum
919 4730 1153 4787 Christus
1174 4732 1261 4785 ille
1288 4730 1536 4804 credetur.

631 4802 815 4877 (5)¥Se
861 4820 1036 4859 carere
1066 4820 1404 4877 synagqgam.
1437 4802 1494 4857 ln
1524 4802 1625 4856 hoc
1648 4803 1911 4877 siquidem
1936 4806 2152 4877 codice,

556 4872 700 4933 caret
718 4875 932 4933 Patrem
956 4872 1121 4947 supra
1144 4872 1213 4931 η(
1230 4872 1326 4943 42,
1358 4891 1446 4930 nec
1462 4883 1629 4929 careat
1652 4872 1905 4944 virtutem,
1933 4876 2026 4934 lib.
2062 4872 2159 4951 vn,

650 5020 703 5087 α)
741 5016 911 5075 Vetus
931 5016 1101 5074 codex
1131 5010 1283 5071 Colb.
1309 5010 1632 5075 antichristo,
1664 5010 1867 5067 omisso
1892 5008 1968 5070 in.

627 5017 704 5167 ib)
746 5088 1030 5167 Bad.,_E_r.
1059 5086 1284 5167 etyps.
1331 5098 1454 5167 cum
1486 5082 1756 5167 nonnullis
1791 5096 1923 5141 mss.
1966 5119 1968 5135 ι

2276 1829 2454 1886 credis
2494 1830 2547 1885 in
2582 1830 2899 1885 Christum?
2940 1829 3048 1886 Sed
3101 1830 3225 1899 quia
3262 1826 3537 1885 hmreticis
3588 1843 3726 1898 pene
3750 1843 3849 1881 om.

2278 1925 2436 1979 nibus
2464 1924 2568 1979 hoc
2604 1939 2799 1980 nomen
2830 1926 2880 1979 in
2909 1940 3004 1980 ore
3042 1932 3188 1980 esset
3213 1923 3475 1990 futurum,
3518 1930 3577 1978 ut
3614 1920 3859 1981 Christum

2277 2017 2686 2085 conﬁterentur,
2723 2022 2779 2073 et
2800 2017 2967 2072 ﬁlium
2990 2026 3167 2073 tamen
3189 2015 3551 2087 negarent;id
3580 2015 3718 2086 quod
3730 2012 3864 2069 Chri-

2277 2121 2362 2167 sto
2403 2111 2679 2182 proprium
2716 2112 2886 2167 estad
2910 2111 3068 2167 ﬁdem
3101 2110 3363 2181 poscitur,
3397 2107 3451 2165 id
3479 2117 3582 2176 est,
3614 2118 3673 2164 ut
3698 2107 3865 2163 creda-

2276 2217 2366 2262 tur
2386 2207 2438 2261 in
2458 2207 2550 2262 Dei
2574 2206 2761 2261 ﬁlium.
2786 2204 3094 2262 Credidisse
3123 2214 3304 2260 autem
3337 2205 3391 2260 in
3424 2204 3519 2260 Dei
3561 2204 3726 2260 ﬁlium
3753 2200 3861 2271 quid

2277 2299 2508 2369 proﬁcit,
2538 2299 2585 2355 si
2614 2298 2870 2354 credatur
2911 2298 2967 2353 in
3008 2293 3345 2363 creaturam;
3373 2312 3496 2353 cum
3519 2312 3550 2350 a
3572 2295 3725 2350 nobis
3750 2293 3862 2348 ﬁdes

2276 2394 2332 2447 in
2355 2392 2589 2458 Christo,
2625 2406 2730 2447 non
2750 2400 3019 2447 creatura:
3050 2390 3168 2456 Dei,
3195 2389 3290 2444 sed
3313 2389 3405 2445 ﬁlii
3442 2385 3776 2459 postuletur?

2349 2530 2442 2586 d9.
2476 2529 2671 2589 Filium
2693 2527 2791 2584 Dei
2812 2530 3067 2586 dtrmones
3088 2546 3189 2585 non
3213 2528 3759 2585 nescierunt—Anne
3779 2523 3863 2578 Ιιυ-

2275 2623 2362 2694 jns
2389 2621 2625 2679 nominis
2659 2615 3047 2694 proprietatem
3083 2621 3362 2677 daemones
3410 2618 3764 2675 nescierunt?
3792 2616 3864 2670 Di-

2274 2730 2438 2784 gnum
2471 2716 2611 2771 enim
2658 2725 2745 2771 est
2788 2715 3071 2771 haereticos
3103 2730 3208 2771 non
3221 2714 3331 2786 jam
3354 2709 3669 2785 apostolicis
3684 2706 3864 2766 doctri-

2283 2805 2389 2871 nis,
2424 2805 2518 2862 sed
2549 2805 2851 2861 daemonum
2883 2805 2959 2877 (g)
2989 2820 3084 2861 ore
3142 2803 3414 2860 convinci.
3449 2800 3859 2859 Clamantenim,

2276 2908 2329 2952 et
2351 2912 2496 2967 saepe
2521 2897 2757 2953 clamant
2786 2915 2799 2952 :
2825 2898 2963 2966 Quid
2984 2896 3108 2952 mihi
3128 2909 3174 2952 et
3197 2897 3286 2953 tibi
3305 2894 3564 2963 est,Jesu,
3593 2895 3671 2966 ﬁli
3686 2886 3775 2948 Dei
3796 2891 3862 2946 ul-

2277 2992 2459 3045 tissimi
2482 2990 2657 3065 (Lua,
2687 3008 2804 3059 vm,
2836 2989 2974 3064 28)?
3003 2990 3190 3046 Invitis
3223 2988 3419 3045 veritas
3445 2986 3636 3044 elicuit
3658 2983 3857 3042 confes.

2278 3086 2520 3151 sionem,
2563 3095 2619 3142 et
2644 3095 2851 3141 natura:
2901 3094 3219 3156 potestatem
3274 3086 3502 3153 testatur
3550 3071 3704 3137 dolor
3752 3077 3865 3133 obc-

2277 3179 2479 3235 diendi.
2505 3178 2717 3236 Virtute
2765 3181 3073 3245 vincuntur,
3096 3194 3215 3234 cum
3261 3190 3510 3250 possessa
3540 3173 3633 3231 diu
3655 3178 3864 3243 corpora

2275 3271 2572 3327 deserunt:
2603 3272 2860 3328 honorem
2917 3269 3171 3338 reddunt,
3202 3270 3328 3325 dum
3363 3276 3611 3324 naturam
3641 3265 3720 3340 (h)
3751 3279 3864 3320 con-

2280 3373 2519 3421 ﬁtentur.
2554 3367 2642 3421 Dei
2694 3382 2754 3423 se
2817 3367 2954 3421 inter
2997 3364 3113 3420 haec
3143 3364 3310 3420 ﬁlium
3340 3363 3590 3418 Christus
3617 3371 3672 3419 et
3711 3373 3863 3431 opere

2277 3468 2505 3514 testatur
2543 3468 2598 3514 et
2620 3459 2855 3515 nomine.
2885 3455 3037 3516 Unde
3063 3457 3152 3514 tibi
3182 3458 3321 3514 inter
3342 3456 3475 3516 istas
3504 3454 3857 3512 conﬁtentium

2274 3549 2580 3605 daemonum
2611 3565 2789 3618 voces,
2822 3567 2854 3606 o
2884 3550 3156 3620 baeretice,
3192 3548 3253 3623 (i)
3303 3566 3503 3606 nomen
3532 3559 3788 3607 creatura:
3811 3554 3857 3603 et

2276 3642 2605 3716 indulgentia
2632 3642 2975 3716 adoptionis?

2345 3787 2435 3842 50.
2459 3786 2634 3843 Iudici
2654 3788 2824 3858 [ilium
2856 3785 2954 3842 Dei
2979 3786 3237 3843 Christum
3254 3786 3499 3850 scierunt.
3524 3787 3621 3842 etsi
3644 3784 3730 3857 qui
3744 3792 3860 3840 esset

2279 3878 2514 3936 Christus
2529 3881 2835 3935 nescierunt.
2855 3880 3035 3935 Ariani
3054 3880 3109 3934 in
3120 3879 3382 3935 Christum
3406 3879 3858 3936 contumeliosius:

2274 3985 2431 4042 quam
2456 3972 2726 4027 Judwi.—
2746 3972 2886 4041 Quid
2920 3971 2993 4027 sit
3026 3970 3299 4039 Christus,
3338 3972 3410 4029 ab
3438 3972 3525 4027 his
3558 3971 3749 4029 saltem
3777 3967 3861 4038 qui

2288 4067 2446 4140 17o
2472 4066 2725 4122 nesciunt
2751 4066 2932 4133 disce;
2961 4075 3021 4121 ut
3066 4066 3398 4137 impietatem
3443 4076 3593 4121 tuam
3644 4066 3755 4133 ipsa
3780 4062 3861 4117 illa

2277 4159 2639 4231 ignorantium
2663 4159 2969 4215 necessaria
2983 4157 3247 4229 professio
3262 4169 3473 4229 arguat.
3492 4157 3731 4227 Namque
3750 4168 3859 4211 cum

2273 4253 2446 4310 Judaei
2473 4253 2755 4309 Christum
2781 4267 3104 4323 corporeum
3136 4254 3431 4317 nescirent,
3458 4254 3668 4310 scirent
3694 4263 3859 4306 tamen

2270 4362 2396 4404 eum
2425 4349 2514 4419 qui
2561 4346 2809 4403 Christus
2836 4358 2981 4403 esset
3018 4362 3143 4403 esse
3182 4347 3351 4402 ﬁlium
3384 4347 3525 4413 Dei;
3569 4362 3688 4403 eum
3721 4342 3858 4399 falsis

2271 4442 2538 4497 adversus
2589 4455 2712 4496 eum
2748 4439 3121 4496 teSIibus'sine
3152 4440 3255 4495 ulla
3281 4440 3527 4496 veritatis
3575 4437 3857 4496 assertione

2269 4541 2572 4597 uterentur,
2600 4530 2857 4587 sacerdos
2881 4547 3003 4588 eum
3033 4534 3104 4586 ita
3136 4532 3429 4602 interrogat
3452 4548 3470 4585 ιι
3514 4530 3597 4587 Tu
3643 4548 3693 4586 es
3720 4526 3857 4585 Chri-

2186 4696 2241 4761 ι)
2267 4667 2854 4761 ιξς,ε¹ξ1τξξειὶῑὲξί;,δε.ο,
2888 4670 3157 4761 Ψεεςξ
3192 4668 3432 4761 suae:
3464 4666 3633 4724 ιειιίιιθ
3659 4677 3857 4739 om“

2271 4742 2494 4797 Plautus
2513 4741 2564 4793 in
2593 4739 2755 4794 Curc.
2788 4739 2854 4794 Id
2881 4739 3019 4808 quod
3043 4754 3181 4807 ante,
3212 4739 3383 4795 careo.

2370 4813 2423 4879 ι)
2451 4810 2908 4879 Reciperationem.

2370 4813 2423 4879 ι)
2451 4812 2709 4879 Reciperat

2341 4812 2422 4957 Σὺ)
2446 4881 2709 4954 Poposcit.

2264 5016 2546 5073 tinendum
2617 5030 2740 5073 eum
2798 5017 3188 5090 antiquioribus
3250 5016 3489 5073 credatur
3516 5057 3533 5087 ,
3582 5012 3853 5075 subaudito

746 5088 1030 5175 Bad.,_Elr.
1059 5086 1284 5175 et'lsips.
1331 5098 1454 5175 cum
1486 5082 1773 5175 nonnullis.
1791 5096 1923 5141 mss.
1966 5101 2067 5158 qua
2085 5087 2160 5169 ita
2264 5104 2473 5175 neges‘se‘
2488 5099 2581 5145 est.

558 5155 831 5220 credimus.
884 5160 1074 5217 Melius
1121 5155 1247 5214 Par.
1293 5166 1412 5229 post
1455 5155 1777 5229 vetusﬁores
1824 5155 2153 5229 mss.'quia.

2340 5158 2413 5242 (ς)
2453 5159 2529 5216 Ita
2551 5175 2618 5217 ex
2644 5174 2774 5217 mss.
2796 5160 2951 5216 Colb.
2980 5170 3035 5217 et
3068 5160 3253 5218 Germ.
3296 5159 3353 5216 In
3380 5159 3505 5218 aliis
3529 5175 3662 5218 vero
3688 5158 3850 5223 libris,

558 5236 822 5293 Redditur
848 5236 989 5287 enim
1024 5230 1159 5286 ratio
1186 5226 1557 5285 cur—diabolus
1588 5241 1694 5282 non
1752 5229 1933 5283 statim
1983 5226 2158 5284 tentet
2263 5238 2317 5285 at
2343 5226 2456 5286 illa.

560 5311 774 5378 eripere
804 5303 1018 5378 Christo
1064 5301 1157 5357 ﬁlii
1182 5300 1557 5378 nomen,_qnia
1592 5299 1843 5378 nimirum
1868 5300 1943 5355 ita
1980 5299 2147 5355 ﬁxum

556 5370 712 5434 est'in
745 5385 924 5432 nostra
950 5375 1055 5429 ﬁde
1080 5389 1201 5427 cum
1240 5387 1361 5427 esse
1391 5371 1583 5434 ﬁlium,
1614 5378 1672 5425 ut
1698 5370 1766 5424 ab
1799 5370 1898 5427 hac
1926 5381 2147 5427 senten-

560 5462 629 5504 tia
660 5450 842 5503 statim
869 5446 1050 5501 divelli
1077 5459 1175 5500 nos
1193 5457 1351 5513 posse
1377 5435 1646 5512 desperet'.

2335 5302 2416 5376 (Ι)
2437 5301 2587 5376 Lips.
2624 5310 2682 5358 et
2711 5303 2862 5376 Par.,
2891 5304 3181 5376 sedruitam.

2328 5371 2403 5446 (ᾖ)
2434 5371 2673 5446 lta'mss.
2732 5375 2817 5443 vel
2864 5390 2933 5430 ex
2982 5375 3324 5430 librariorum
3372 5375 3551 5446 lapsu,
3601 5390 3755 5431 more.
3785 5371 3851 5426 At

2256 5444 2409 5518 editi,
2453 5445 2695 5500 clamore.
2727 5445 2848 5501 Mox
2889 5450 2942 5501 in
2995 5459 3098 5501 ms.
3134 5446 3250 5501 Vat.
3280 5446 3402 5503 bas.
3431 5444 3586 5518 ‘quid
3625 5447 3764 5503 nobis
3805 5451 3847 5496 ει

635 5523 712 5591 (c)
754 5519 807 5591 ld
838 5518 1084 5591 esttipsa
1126 5511 1215 5571 illa
1263 5511 1567 5591 adoQtioiiis
1592 5511 1827 5591 conditio
1877 5513 2058 5581 faciat,
2094 5514 2153 5569 ut
2254 5517 2363 5591 tibi.

565 5583 872 5645 cuin'etiam
902 5583 1066 5642 lilium
1097 5602 1203 5641 non
1235 5600 1354 5641 esse
1372 5583 1529 5640 facile
1555 5583 1936 5639 coheedamus.

634 5662 714 5732 (α)
754 5658 1041 5732 Exemplar
1089 5656 1250 5732 Caro.
1276 5657 1396 5732 quia
1420 5653 1840 5732 hic._'l‘uin__ins.
1875 5652 1994 5732 Yat.
2034 5654 2149 5732 bas.

565 5725 705 5788 Deus
723 5730 884 5801 ﬁlius.
907 5725 1029 5786 Mox
1053 5727 1260 5797 aliquot
1278 5726 1392 5796 alii,
1415 5725 1648 5782 Christus
1668 5725 1755 5782 ille
1770 5725 2020 5783 creditur.
2048 5726 2154 5784 Be-

2331 5585 2410 5652 (h)
2434 5585 2493 5641 In
2525 5602 2629 5643 ms.
2653 5587 2775 5642 Vat.
2798 5588 2912 5644 bas.
2945 5597 3000 5644 et
3025 5588 3205 5654 Man,
3231 5599 3476 5643 naturam
3497 5588 3619 5645 Dei.

2331 5657 2393 5728 (i)
2422 5656 2583 5737 limiti,
2617 5660 3106 5737 pt'tesumis__nomen
3133 5670 3386 5717 creaturis
3402 5670 3455 5716 et
3482 5658 3844 5737 indulgentiam

2258 5729 2581 5800 adoptionis:
2611 5729 3009 5804 refragantibus
3037 5744 3169 5788 mss.
