3930 6194
105 224 187 298 isi
1238 230 1325 294 ot:
1365 221 1744 296 ruituram
1778 222 1982 294 LIBER
2025 220 2136 295 Vn.

3254 234 3357 296 198

99 367 192 410 stus
211 352 339 423 ﬁlius
376 349 451 422 (α)
476 350 745 407 Benedicti
763 348 974 424 (Mam,
1019 358 1137 418 xw,
1165 349 1259 423 61)
1281 351 1306 407 t
1329 350 1650 408 Sacramen-
1681 356 1726 416 Α
1754 350 1878 406 audi
1901 324 2045 407 enim
2065 350 2210 408 inter
2228 356 2403 408 saevas
2431 350 2611 408 cruels
2640 348 2916 407 custodias
2935 351 3091 426 172
3104 350 3360 410 nonnum

100 458 193 503 tum
219 446 529 511 nescientes,
560 453 805 499 naturam
830 453 1006 498 tamen
1036 457 1138 499 non
1173 444 1443 515 ignorant.
1472 444 1660 515 Neque

98 541 400 609 interrogant
428 552 496 591 an
521 534 771 593 Christus
810 536 906 593 Dei
947 535 1089 591 ﬁlius
1116 538 1206 604 sit,
1235 536 1329 593 sed
1378 552 1445 592 an
1474 538 1563 594 hic
1590 538 1664 593 sit

97 629 314 684 Christus
337 627 478 682 illius
509 626 624 683 Dei.
654 625 825 683 Error
854 628 907 682 in
933 627 1151 684 homine
1177 636 1278 696 est,
1312 642 1418 683 non
1466 629 1521 684 in
1565 627 1663 685 Dei

98 720 209 777 lilio.
246 718 370 776 Nam
402 735 508 775 non
538 719 681 790 quod
709 719 958 776 Christus
1009 720 1105 776 Dei
1137 720 1280 776 ﬁlius
1320 722 1391 777 sit
1439 721 1665 792 ambigi-

99 826 203 869 tur:
229 821 376 884 atque
425 812 498 867 ita
541 812 668 868 dum
718 815 1082 884 interrogatur
1114 828 1183 869 an
1233 812 1322 869 hic
1358 815 1450 879 sit,
1482 824 1662 870 tamen

101 905 221 975 quod
238 903 474 960 Christus
500 904 570 960 sit
600 905 694 960 Dei
726 905 870 960 ﬁlius
895 918 1000 960 non
1033 915 1278 977 negatur.
1311 906 1377 960 Et
1402 921 1507 975 qua
1540 912 1662 961 tan-

104 1001 226 1067 dem,
247 1015 390 1071 rngo,
414 1008 470 1054 tu
517 998 658 1055 istud
691 999 797 1056 ﬁde
842 999 1099 1072 denegas,
1124 999 1269 1070 quod
1302 1014 1372 1056 ne
1401 1000 1502 1070 ipsi
1543 999 1664 1071 qui-

100 1093 201 1147 dcm
230 1101 410 1164 negant
440 1092 528 1162 qui
555 1092 845 1149 nesciunt?
866 1092 1000 1149 Cum
1042 1091 1187 1149 enim
1219 1091 1462 1164 perfecta
1489 1093 1667 1149 sciene

98 1186 157 1241 tia
181 1187 259 1251 sit,
281 1184 542 1241 Christum
572 1185 665 1241 Dei
708 1186 879 1241 ﬁlium
907 1192 1035 1242 ante
1082 1185 1279 1242 saecula
1328 1194 1662 1251 manentem,

98 1278 237 1334 etiam
268 1293 326 1333 ex
358 1277 568 1349 virgine
614 1292 780 1334 nosse
810 1287 994 1334 natum
1020 1294 1036 1345 ;
1069 1278 1173 1351 ipsi
1200 1292 1439 1350 quoque,
1471 1278 1564 1351 qui
1594 1278 1664 1336 de

99 1370 240 1426 Maria
287 1380 462 1426 natum
511 1371 780 1437 nesciunt,
830 1371 929 1427 Dei
959 1378 1138 1427 tamen
1189 1372 1357 1426 ﬁlium
1389 1382 1511 1427 esse
1557 1384 1663 1427 non

98 1463 334 1519 nesciunt.
365 1464 427 1519 Et
454 1463 576 1520 vide
599 1464 651 1519 in
681 1463 823 1536 quod
857 1472 929 1532 te,
954 1464 1204 1537 negando
1230 1463 1401 1520 ﬁlium
1431 1464 1548 1533 Dei,
1572 1462 1668 1521 Ju-

97 1556 244 1613 daicte
285 1557 563 1628 impietatis
592 1558 930 1613 consortium
984 1558 1273 1613 miscuisti.
1306 1557 1480 1626 Quam
1522 1558 1664 1614 enim

98 1647 161 1703 illi
186 1646 527 1705 damnationis
575 1649 634 1704 in
667 1665 791 1707 eum
814 1665 1033 1707 causam
1065 1651 1350 1707 attulerint
1378 1658 1664 1717 testantur,

97 1741 307 1797 dicentes
335 1738 739 1797 :Etsecundum
770 1743 931 1813 legem
968 1743 1115 1798 debet
1155 1743 1309 1809 mori,
1341 1744 1581 1815 quoniam
1604 1743 1666 1814 ﬂ-
1696 1754 1742 1815 Β

99 1835 203 1887 tium
225 1833 311 1889 Dei
341 1848 392 1889 se
413 1836 535 1907 fecit
562 1832 775 1908 (leam,
796 1852 908 1903 xu,
941 1837 1019 1909 7).
1049 1836 1208 1895 Anne
1234 1852 1342 1894 non
1376 1838 1479 1895 hoc
1500 1841 1663 1896 etiam

98 1926 247 1997 impia;
267 1937 363 1981 tuze
396 1928 548 1983 vocis
565 1928 913 1999 opprobrium
936 1937 1043 1998 est,
1077 1930 1155 2002 (l)
1182 1932 1260 2003 (ὁ)
1283 1942 1379 1987 cur
1406 1942 1466 1987 se
1494 1932 1665 1988 ﬁlium

95 2021 234 2088 dicat,
274 2036 427 2091 quem
479 2029 545 2078 tu
584 2036 708 2079 esse
773 2038 989 2080 asseras
1027 2028 1375 2080 creaturam?
1408 2024 1523 2094 llle,
1573 2026 1669 2082 Dei

93 2113 360 2170 conﬁtendo
380 2130 439 2171 se
469 2115 805 2183 ﬁlium,reus
828 2116 1017 2172 mortis
1040 2117 1215 2173 abhis
1240 2118 1515 2188 iudicatur
1544 2135 1558 2171 :
1586 2125 1663 2187 tu,

96 2222 197 2262 eum
224 2208 311 2263 Dei
343 2208 515 2264 ﬁlium
545 2210 813 2281 negando,
843 2227 1028 2282 quaero
1075 2212 1201 2282 quid
1251 2211 1506 2284 iudices?
1538 2210 1671 2269 Pro-

97 2300 232 2355 fessio
245 2302 379 2357 enim
401 2302 527 2374 ejus
550 2302 622 2359 ita
647 2303 872 2372 Judaeis,
897 2312 957 2361 ut
983 2305 1080 2361 tibi
1099 2305 1368 2378 diSpIicet.
1392 2308 1670 2378 Interrogo

94 2408 146 2446 an
169 2393 379 2451 diversa:
404 2397 474 2451 ab
495 2397 581 2452 cis
607 2399 897 2454 sententia:
922 2412 1166 2467 maneas,
1190 2415 1219 2455 a
1247 2401 1442 2471 quibus
1460 2416 1566 2457 non
1589 2400 1670 2458 di-

97 2504 254 2544 versus
296 2491 368 2546 sis
394 2492 714 2548 voluntate?
759 2495 958 2551 Eadem
1001 2496 1144 2552 enim
1199 2498 1367 2552 ﬁlium
1422 2498 1514 2554 Dei
1544 2510 1668 2554 eum

95 2595 195 2636 esse
217 2582 479 2653 impietate
518 2594 574 2639 tu
601 2584 859 2657 denegas.
902 2586 985 2644 illi
1021 2596 1200 2644 tamen
1227 2605 1292 2645 eo
1318 2590 1545 2646 crimine
1569 2591 1674 2647 mi-

96 2686 219 2735 nore,
239 2677 372 2746 quod
386 2677 659 2733 nesciunt.
677 2676 932 2735 Nesciunt
951 2681 1092 2736 enim
1107 2680 1173 2737 de
1194 2680 1355 2737 Maria
1375 2680 1669 2751 Christum,

103 2766 178 2821 sed
201 2765 461 2826 Christum
488 2771 591 2827 Dei
617 2771 781 2828 ﬁlium
813 2787 935 2829 esse
958 2786 1064 2830 non
1089 2776 1384 2847 ambigunt.
1426 2777 1505 2832 Tu
1545 2780 1673 2848 quia

97 2854 332 2914 Christum
360 2876 466 2917 non
500 2871 662 2933 putes
708 2866 917 2920 nescire
947 2864 1014 2920 de
1060 2864 1245 2933 Maria,
1287 2866 1561 2924 Christum
1586 2876 1671 2925 ta-

98 2964 196 3005 men
225 2952 306 3007 Dei
331 2952 507 3010 ﬁlium
553 2969 675 3012 esse
716 2972 820 3012 non
850 2958 1139 3029 praedicas.
1188 2960 1322 3026 Illis,
1354 2962 1405 3016 in
1438 2977 1504 3017 eo
1530 2962 1674 3034 quod

100 3044 330 3110 nesciunt,
370 3054 560 3118 potest
583 3047 760 3104 adhuc
784 3049 836 3105 in
864 3058 980 3105 tuto
1003 3052 1151 3107 Salus
1180 3066 1303 3108 esse
1324 3054 1367 3107 si
1397 3054 1623 3110 credant
1656 3072 1672 3109 :

100 3132 175 3187 tibi
190 3135 295 3204 jam
317 3141 502 3195 omnia
539 3140 722 3197 clausa
751 3150 879 3197 sunt
908 3142 974 3198 ad
1005 3145 1257 3211 salutem,
1289 3145 1358 3215 (c)
1390 3148 1479 3217 qui
1513 3160 1676 3218 negas
1703 3148 1749 3212 ϐ

99 3230 214 3296 quod
235 3231 480 3301 ignorare
514 3235 629 3305 jam
665 3252 770 3291 non
805 3243 978 3307 potes.
999 3234 1116 3293 Non
1147 3239 1291 3295 enim
1324 3241 1539 3310 ignoras
1556 3257 1677 3299 esse

100 3322 236 3378 ﬁlium
272 3327 403 3393 Dei;
430 3344 617 3401 usque
662 3331 802 3388 adeo
828 3341 884 3387 ut
926 3332 1233 3404 adoptionis
1263 3348 1459 3391 nomen
1504 3337 1682 3394 indul-

100 3427 223 3483 geas,
244 3428 296 3474 nt
322 3430 638 3476 creaturam
666 3434 1138 3496 connuncupatam
1171 3426 1336 3481 lilium
1373 3430 1679 3487 mentiaris.

98 3507 315 3566 Naturam
344 3523 533 3571 autem
563 3525 822 3587 quantum
847 3518 900 3572 in
939 3525 993 3575 te
1023 3529 1105 3575 est
1132 3519 1409 3589 auferens,
1438 3522 1683 3582 auferres

102 3614 283 3672 quoque
307 3605 350 3661 sl
378 3607 473 3663 tibi
506 3607 708 3665 liceret
749 3616 803 3665 et
830 3625 1051 3666 nomen.
1085 3610 1187 3667 Sed
1218 3613 1342 3684 quia
1392 3613 1443 3670 id
1480 3622 1587 3670 non
1619 3615 1684 3672 li-

66 3770 76 3778 .
100 3704 188 3760 cet,
208 3707 441 3755 naturam
472 3700 560 3775 (ά)
585 3703 788 3758 nomini
814 3718 922 3760 non
944 3701 1244 3778 relinquis:
1270 3722 1340 3764 ne
1366 3710 1509 3780 quod
1542 3709 1685 3767 ﬁlius

102 3783 284 3855 dicitur,
316 3804 479 3849 verus
521 3792 616 3849 Dei
644 3794 785 3851 ﬁlius
815 3798 904 3854 sit.
1594 3828 1599 3829 ί

165 3883 674 3955 17151-01ινίειωη
688 3902 802 3943 vere
812 3888 977 3959 ﬁlium
993 3887 1090 3945 Dei
1104 3892 1413 3963 conﬁtentur
1424 3892 1681 3967 Apostoli.

105 3972 431 4034 ~ilabueras
455 3980 511 4034 in
532 3978 877 4037 confessione
893 3994 1101 4047 eorum,
1123 3985 1338 4055 quibus,
1357 3984 1686 4043 desaeviente

105 4076 244 4121 vento
269 4077 323 4124 et
360 4072 587 4127 turbato
641 4073 797 4137 mari,
824 4075 875 4129 in
904 4074 1055 4130 verbi
1080 4074 1233 4145 jussu
1277 4085 1397 4133 erat
1437 4079 1685 4134 restituta

108 4165 428 4232 tranquillitas
445 4208 460 4230 ,
492 4170 557 4222 ut
583 4175 637 4222 et
660 4176 714 4222 tu
737 4183 923 4223 verum
946 4167 1041 4223 Dei
1061 4168 1227 4224 ﬁliUm
1250 4169 1605 4239 conﬁtereris,
1631 4178 1689 4228 et

104 4266 263 4311 mm
286 4272 413 4316 voce
428 4262 697 4316 utereris:
733 4258 863 4316 Vere
884 4261 1025 4333 ﬁlius
1049 4262 1151 4318 Dei
1172 4271 1246 4317 est
1291 4261 1530 4333 (Matth.,
1572 4278 1681 4331 xw,

108 4344 201 4417 5'5).
217 4348 315 4405 Sed
336 4360 390 4408 te
411 4354 650 4408 saeviens
672 4354 893 4425 spiritus
922 4354 973 4408 in
1009 4354 1346 4426 naufragium
1374 4356 1497 4410 vita:
1520 4353 1683 4427 rapit,

107 4446 151 4490 et
174 4443 354 4498 mentis
384 4454 495 4499 tuae
544 4444 784 4501 motibus
840 4453 1110 4517 tamquam
1138 4446 1404 4502 {luctuoso
1435 4447 1568 4502 mari
1597 4447 1685 4502 in-

109 4533 337 4590 cumbens
356 4538 603 4606 procella
638 4537 966 4594 dominatur.

162 4623 241 4678 52.
264 4624 553 4697 Conﬁtetur
575 4639 623 4684 et
650 4629 739 4701 qui
770 4630 1099 4700 cruci/ixernt
1127 4627 1388 4686 Centurio.
1417 4660 1489 4673 -—-
1508 4629 1565 4687 Si
1589 4628 1684 4686 tibi

109 4707 204 4769 btet:
226 4720 591 4790 navigantium
621 4736 688 4777 ex
734 4737 801 4777 eo
830 4721 1038 4777 incerta
1080 4720 1215 4777 ﬁdes
1247 4720 1534 4790 videbitur,
1560 4722 1685 4795 quia

108 4807 477 4868 existimabitur
528 4828 649 4870 esse
695 4815 1125 4885 Apostolorum;
1174 4810 1303 4869 mihi
1353 4820 1533 4871 tamen
1583 4815 1684 4871 etsi

111 4901 265 4960 minus
288 4918 517 4977 praestat
540 4909 940 4977 admirationis,
970 4911 1092 4980 plus
1120 4919 1297 4965 tamen
1323 4907 1478 4964 aﬂ‘ert
1497 4919 1684 4965 aucto-

110 4995 274 5055 ritatis.
289 5000 677 5059 Verumtamen
698 5004 861 5060 etiam
889 5003 1133 5075 gentium
1156 5003 1210 5058 in
1232 5018 1297 5060 eo
1321 5000 1481 5058 ﬁdem
1508 5016 1684 5070 sume;

168 5156 238 5231 (1)
260 5158 365 5217 Cur
383 5179 439 5219 se
458 5162 631 5233 ﬁlium
658 5162 757 5220 Dei
782 5162 941 5218 dicat.

172 5318 238 5390 (α)
270 5320 325 5377 ln
349 5324 505 5393 prius
529 5323 781 5395 vulgatis,
809 5319 911 5378 Dei
962 5318 1438 5395 benedictl._Abest
1463 5324 1567 5376 vox
1597 5316 1698 5395 Dei

118 5402 286 5466 tuiss.
316 5391 370 5449 ei
393 5412 422 5446 a
455 5391 655 5466 gra-co'.
689 5394 999 5450 Judaaorum
1047 5408 1203 5451 error
1246 5392 1372 5448 hinc
1399 5396 1620 5448 notatur
1649 5391 1705 5447 in

120 5462 379 5536 lacunam:
409 5462 610 5536 in'jure
638 5466 831 5522 ﬁnisse.

181 5530 246 5605 (lt)
265 5534 336 5590 ita
361 5530 504 5593 mss:
531 5540 601 5594 At
618 5538 957 5605 excusimntt
980 5551 1035 5592 se
1062 5534 1230 5608 ﬁlium
1249 5533 1348 5591 Dei
1377 5534 1534 5600 dicat,
1557 5536 1705 5607 quem

123 5610 168 5654 ιι
186 5608 363 5664 meris
394 5615 710 5665 creaturam.

185 5672 249 5746 (ο)
277 5676 413 5750 Diali
443 5679 606 5750 hujus
631 5680 776 5737 ratio

129 5757 257 5801 num.
281 5748 335 5819 5,
362 5751 457 5809 ubi
496 5748 637 5811 inter
661 5751 766 5810 alia

874 5680 1034 5736 renda
1054 5688 1123 5736 cx
1151 5682 1308 5739 tract.
1339 5679 1476 5744 pssl.
1503 5684 1705 5744 oxitxv,

1762 442 1997 500 cohortis
2013 445 2308 501 edomitum
2332 446 2396 500 ad
2416 446 2574 501 ﬁdem
2597 445 2837 500 militem.
2856 445 3120 517 Loquitur
3131 461 3363 517 namque

1762 539 2065 607 conspectis
2116 548 2278 595 tanta:
2333 539 2549 593 virtutis
2601 538 3009 608 operationibus
3063 540 3357 595 centurio:

1772 628 1899 685 Vere
1921 629 2020 685 Dei
2040 632 2181 702 ﬁlius
2207 622 2315 686 erat
2340 633 2434 687 iste
2454 630 2699 705 (Manu,
2730 644 2900 697 xxvn,
2925 628 3040 702 54).
3072 630 3205 700 Hoc,
3240 639 3364 703 post

1764 727 2023 782 emissum
2046 730 2314 798 spiritum,
2357 728 2645 784 discissum
2688 726 2875 798 templi
2908 727 3106 793 velum,
3135 733 3191 782 et
3216 734 3363 783 mota

1766 825 1934 889 terra,
1960 829 2015 876 et
2040 822 2205 876 scissa
2255 830 2408 887 saxa,
2452 830 2506 876 ct
2534 820 2784 892 sepulcra
2841 818 3102 889 patentia,
3135 829 3191 874 et
3219 822 3364 875 m'or-

1769 913 1843 967 tni
1874 925 2219 985 resurgentes
2269 920 2558 979 testantur,
2582 921 2637 969 et
2677 914 2838 967 homo
2864 910 3080 983 gentilis
3125 911 3364 981 perﬁdiae

1765 1009 2056 1066 conﬁtetur
2075 1026 2089 1068 :
2109 1011 2327 1066 virtutis
2351 1014 2594 1064 naturam
2616 1007 2861 1079 agnoscit
2881 1008 2933 1062 in
2951 1007 3139 1077 gestis,
3159 1014 3366 1063 natura:

1767 1103 2052 1160 veritatem
2082 1102 2375 1174 proﬁtetur
2399 1103 2454 1157 in
2476 1100 2719 1157 nomine.
2740 1097 2914 1154 Tanta
2940 1099 3079 1154 ratio
3098 1098 3363 1164 veritatis,

1769 1198 1825 1251 et
1852 1203 1997 1251 tanta
2026 1194 2110 1251 vis
2135 1195 2257 1251 ﬁdei
2279 1204 2380 1261 est,
2403 1194 2654 1250 ntvincat
2679 1192 3011 1248 voluntatem
3029 1189 3144 1247 veri
3177 1202 3367 1247 neces-

1768 1287 1921 1355 sitas,
1945 1295 1999 1342 et
2020 1286 2293 1343 Christum
2324 1286 2608 1342 Dominum
2641 1284 2830 1356 gloria:
2874 1292 3093 1340 aeterna:
3124 1296 3250 1340 vere
3272 1280 3368 1339 Dei

1770 1380 1940 1437 ﬁlium
1966 1396 2108 1448 esse,
2133 1394 2233 1437 nec
2256 1381 2347 1452 qui
2368 1380 2716 1436 cruciﬁxerat
2743 1376 3056 1450 denegaret.

1707 4545 1763 4608 D

2070 1540 2254 1614 173-
2267 1538 2425 1613 174
2460 1538 2668 1596 LIBER
2692 1537 3051 1596 SEPTIMUS.

1772 1654 1839 1718 In
1867 1661 2081 1717 exordio
2119 1663 2395 1733 exponitur
2424 1660 2542 1715 libri
2567 1660 2734 1734 [rufus
2766 1658 3088 1730 prastantia,
3113 1656 3369 1715 Scribendi

1842 1766 2041 1821 causae,
2087 1748 2401 1808 Arianorum
2429 1753 2682 1825 vati-ilics,
2723 1754 2808 1825 qui
2856 1750 2958 1805 huc
2998 1764 3158 1823 usque
3185 1751 3367 1807 delusa

1840 1846 1907 1901 sit
1934 1864 1995 1901 ac
2015 1846 2222 1917 repulsa
2240 1889 2254 1914 ,
2277 1846 2585 1901 adversandi
2615 1845 2686 1900 eis
2718 1845 3013 1911 discrimen,
3047 1852 3110 1898 ne
3136 1843 3371 1899 videlicet

1842 1938 2030 1992 Arium
2059 1942 2336 2010 confutans
2361 1938 2613 2005 Sabellio,
2642 1954 2702 1993 ac
2747 1954 2925 1992 rursus
2953 1936 3241 1992 Sabellium
3271 1938 3370 1990 im-

1843 2032 2083 2103 pugnans
2118 2024 2345 2085 Pltotino
2378 2033 2550 2101 fauere
2577 2029 2848 2094 videatur;
2879 2037 2926 2082 et
2969 2028 3022 2083 in
3060 2038 3166 2082 rem
3190 2026 3375 2083 Eccle-

1844 2123 1937 2177 sia:
1960 2123 2218 2193 quomodo
2248 2137 2303 2176 se
2329 2120 2547 2176 inuicem
2582 2120 2759 2187 Arius,
2795 2116 3076 2186 Sabellius,
3099 2132 3160 2173 ac
3196 2114 3376 2174 Photi-

1846 2216 1945 2270 nus
1973 2216 2177 2269 uincant
2212 2226 2302 2269 aut
2334 2217 2623 2270 uincantur.
2665 2215 2862 2283 Quibus
2905 2214 3120 2270 breviter
3149 2214 3377 2284 explica-

1846 2309 1942 2373 tis,
1973 2324 2089 2363 eum
2108 2351 2122 2374 ,
2154 2311 2243 2375 qui
2266 2323 2381 2365 uere
2407 2325 2472 2364 ea:
2500 2315 2687 2362 natura
2710 2309 2851 2377 ﬁlius
2874 2302 2971 2362 Dei
2993 2318 3088 2372 est,
3113 2322 3223 2361 vere
3250 2316 3380 2377 quo-

1846 2410 1944 2470 que
1978 2417 2069 2471 per
2095 2411 2352 2469 naturam,
2386 2401 2530 2455 salva
2568 2401 2721 2454 unius
2752 2409 2798 2454 et
2830 2415 2932 2453 non
2973 2399 3252 2470 singularis
3280 2396 3381 2454 Dei

1847 2492 1972 2562 fide,
1999 2492 2169 2547 Deum
2194 2510 2303 2548 esse
2323 2493 2706 2563 comprobatur,
2731 2496 2922 2565 utpote
2947 2493 3031 2546 cui
3054 2491 3152 2548 Dei
3173 2502 3377 2561 nomen,

1846 2587 2088 2641 nativitas
2117 2602 2182 2641 ex
2207 2586 2337 2656 Deo,
2370 2586 2546 2641 diuina
2576 2602 2691 2639 cum
2720 2595 2937 2651 natura,
2969 2595 3075 2640 tum
3116 2596 3373 2656 potestas,

1847 2694 1909 2732 ac
1929 2678 2144 2748 denique
2166 2680 2287 2750 quia
2311 2679 2496 2749 seipse
2523 2675 2689 2732 Deum
2704 2664 3029 2748 proﬁteatur.
3061 2677 3382 2747 Quamquam
3434 2684 3437 2687 '

1848 2770 2036 2841 fatetur
2064 2769 2323 2837 Hilarius,
2365 2787 2478 2826 cum
2502 2780 2799 2843 argumento
2828 2778 2891 2824 ea:
2933 2772 3194 2824 nativitate
3226 2770 3383 2839 petito

1847 2861 1919 2915 ita
1941 2866 2174 2917 connexa
2196 2879 2301 2918 esse
2322 2873 2525 2927 cazlera,
2554 2871 2610 2916 ut
2637 2861 2849 2916 seorsim
2876 2861 3085 2915 tractari
3111 2871 3382 2932 nequeant.

1780 2954 1854 3008 Ac
1900 2954 2065 3024 primo
2105 2955 2310 3026 quidem
2340 2959 2523 3028 ponit,
2557 2958 2797 3008 naturam
2830 2953 2904 3007 rei
2944 2952 3153 3007 nomine
3181 2964 3386 3024 semper

1848 3047 2140 3119 signiﬁcari
2164 3090 2179 3115 ,
2221 3050 2322 3104 nisi
2371 3049 2568 3104 ratione
2611 3048 2932 3116 adiecturum
2975 3044 3308 3101 adventitium
3339 3051 3387 3101 et

1855 3161 1956 3199 non
1987 3146 2254 3218 proprium
2299 3162 2406 3201 esse
2434 3145 2687 3199 indicetur
2725 3160 2746 3199 :
2787 3144 2849 3198 de
2878 3139 3020 3198 Filio
3050 3151 3219 3197 autem
3238 3142 3312 3197 ita
3354 3158 3388 3197 a

1857 3235 2060 3294 Joanne
2089 3238 2228 3305 dici,
2260 3242 2318 3294 et
2353 3238 2494 3294 Deus
2533 3246 2648 3294 erat
2675 3232 2912 3293 Verbum
2939 3277 2953 3301 ,
2998 3238 3045 3291 et
3087 3252 3121 3290 a
3162 3233 3384 3305 Thema,

1859 3331 2118 3386 Dominus
2148 3346 2303 3387 meus
2339 3341 2393 3387 et
2422 3324 2564 3386 Deus
2592 3344 2745 3385 meus
2767 3372 2782 3393 ,
2814 3338 2866 3383 ut
2902 3329 2984 3384 ita:
3021 3328 3391 3401 appellationes

1861 3424 2011 3478 etiam
2040 3439 2103 3477 ea:
2136 3423 2429 3494 adjunctis,
2459 3437 2629 3476 veram
2658 3422 2709 3475 in
2735 3436 2791 3475 eo
2826 3418 2921 3474 Dei
2952 3428 3192 3474 naturam
3219 3420 3395 3485 expri-

1860 3524 2024 3569 mant.
2058 3512 2157 3569 Cui
2186 3530 2327 3579 vero,
2361 3520 2462 3569 non
2491 3530 2637 3568 secus
2674 3528 2734 3567 ac
2766 3508 2955 3579 Patri,
2985 3521 3182 3566 naturte
3208 3508 3395 3565 diuina:

1866 3608 2139 3679 proprium
2180 3624 2387 3673 nomen,
2420 3607 2570 3660 unius
2610 3613 2683 3660 est
2727 3620 2841 3659 cum
2881 3602 2994 3675 ipso
3032 3610 3235 3658 natura:
3275 3612 3293 3657 :
3335 3617 3397 3657 ac

1865 3702 2082 3773 proinde
2110 3703 2220 3774 ipse
2244 3716 2359 3755 cum
2388 3698 2547 3755 Patre
2580 3714 2685 3753 non
2713 3698 2817 3753 duo
2840 3697 2961 3764 Dii,
2995 3697 3085 3754 sed
3125 3714 3257 3753 unus
3295 3705 3393 3753 est.

1796 3869 1809 3883 θ
1864 3795 2065 3852 Leviter
2102 3797 2185 3850 hic
2216 3795 2423 3866 attingit
2454 3792 2637 3861 Verbi,
2666 3788 2952 3866 Sapientia:
2973 3809 3034 3847 ac
3063 3790 3280 3848 Virtutis
3312 3808 3401 3848 co-

1863 3892 2131 3963 gnomina,
2161 3908 2320 3960 eaque
2351 3886 2496 3944 Filio
2518 3899 2695 3959 aptata
2722 3905 2831 3944 esse
2854 3888 3102 3957 declarat,
3129 3897 3185 3942 ut
3213 3889 3267 3942 in
3290 3884 3401 3941 Pa-

1867 3994 1942 4039 tre
1960 3984 2149 4052 absque
2176 3983 2287 4038 ulla
2318 3984 2482 4049 ipsius
2511 3983 2760 4039 divisione
2787 3988 2876 4036 aut
2905 3980 3253 4037 demulatione
3281 3977 3402 4037 sub-

1864 4079 2043 4131 sistere
2069 4077 2389 4132 ostendatur.

1795 4169 2022 4244 Subjicit
2053 4169 2238 4224 deinde
2271 4187 2375 4224 non
2402 4169 2570 4223 minus
2594 4184 2687 4241 per
2707 4184 2761 4223 se
2786 4183 2894 4223 esse
2922 4175 3121 4235 notum,
3146 4178 3268 4223 nato
3290 4183 3401 4223 eam

1864 4263 2031 4317 inesse
2071 4273 2306 4315 naturam
2334 4276 2398 4314 ea:
2428 4276 2529 4331 qua
2554 4259 2782 4314 subsistit
2808 4275 2826 4313 :
2849 4275 2941 4313 nec
2971 4258 3194 4313 dubitari
3228 4274 3401 4333 posse,

1869 4357 1995 4429 quin
2020 4373 2085 4412 ea:
2115 4355 2223 4411 Deo
2251 4365 2402 4410 natus
2422 4356 2489 4411 sit
2516 4354 2772 4421 Christus,
2796 4370 2946 4425 quem
2971 4353 3032 4409 ob
3054 4342 3151 4409 hoc
3178 4355 3405 4409 maxime

1867 4436 2155 4518 interﬁcere
2182 4442 2413 4502 volebant
2450 4445 2628 4502 Judtci
2650 4489 2664 4514 ,
2697 4447 2821 4515 quia
2850 4447 3125 4517 proprium
3173 4447 3276 4502 sibi
3310 4462 3405 4517 pa-

1874 4549 2010 4596 trem
2038 4539 2252 4595 dicehat
2282 4540 2471 4607 Deum,
2504 4538 2771 4610 aequalem
2803 4554 2863 4595 se
2891 4537 3096 4594 faciens
3120 4532 3252 4593 Deo.
3286 4536 3405 4594 Naa

1873 4634 2044 4688 tivitas
2078 4620 2277 4702 autem,
2307 4633 2438 4688 sicut
2463 4644 2510 4689 et
2546 4632 2846 4705 wqualilas,
2874 4648 2965 4689 nec
2991 4632 3161 4686 solum
3191 4631 3402 4702 patitur,

1868 4740 1964 4780 nec
1987 4724 2264 4779 diversum.

1799 4818 1885 4874 Ea:
1907 4836 1963 4873 eo
1983 4819 2098 4887 ipso
2124 4832 2379 4883 sermone,
2403 4831 2550 4887 quem
2574 4823 2698 4870 tunc
2721 4813 2955 4870 Christus
2977 4814 3046 4868 ad
3062 4813 3275 4869 Judazos
3302 4812 3401 4869 Ita-

1874 4910 2006 4977 buit,
2019 4910 2159 4965 illius
2188 4925 2251 4964 ea:
2270 4908 2379 4963 Deo
2401 4908 2714 4964 natiuitatem
2730 4907 2883 4962 simul
2900 4914 2945 4962 et
2962 4915 3189 4978 paternae
3209 4918 3407 4964 natura

1871 5004 2118 5059 unitatem
2156 5002 2493 5058 demonstrari
2517 5000 2752 5072 pluribus
2779 5000 2963 5056 evincit
2995 5015 3015 5057 :
3051 5010 3253 5058 naturis
3280 5001 3404 5074 qui-

1811 5326 1907 5385 est,
1933 5314 2021 5388 qui
2051 5319 2314 5388 peccatum
2344 5311 2596 5388 cognouit,
2610 5322 2709 5388 nec
2736 5312 2994 5388 cognituri:
3022 5311 3333 5388 σοηῇιειανε
3361 5322 3417 5372 ει

1812 5380 1956 5452 nos;
1986 5380 2109 5458 quia
2152 5380 2649 5458 consudaveris
2684 5380 2948 5458 ρτοῐεεδίο-
2991 5394 3064 5458 εθτ
3112 5384 3416 5455 άεδίηεηδίῖ

1813 5476 1915 5516 nec
1946 5454 2157 5513 veniam
2192 5454 2457 5521 meretur,
2481 5456 2573 5524 qui
2606 5468 2641 5507 a
2672 5454 2893 5522 pedatu
2919 5454 3171 5511 desinere
3214 5454 3416 5516 renuit.

1812 5528 1952 5587 Vide
1977 5537 2236 5584 annotata
2262 5526 2331 5581 ad
2358 5541 2509 5581 num.
2543 5527 2597 5589 8,
2630 5533 2790 5581 tract.
2818 5540 2905 5593 ps.
2930 5534 3057 5582 cx’c.

1888 5602 1969 5675 (ά)
1995 5602 2085 5656 Sic
2112 5613 2249 5675 mss.
2279 5606 2338 5651 ut
2364 5595 2880 5675 superius__num.2_5
2902 5614 2916 5652 :
2936 5597 3001 5675 ξι
3024 5602 3304 5675 nonquia
3327 5618 3424 5658 no.

1817 5660 2124 5738 minibus,“
2147 5678 2388 5744 naturam
2408 5660 2669 5725 uocabulis
2693 5673 2799 5724 non
2822 5662 3073 5742 intelligo.
3095 5660 3247 5730 Editi
3267 5689 3422 5744 vero,

961 5751 1232 5811 habemur
1259 5767 1279 5809 :
1302 5740 1473 5809 Extra
1511 5740 1711 5805 veniant
1817 5754 2060 5802 naturam
2101 5740 2344 5799 nominis.
