3930 6194
541 246 644 307 199

1735 228 1981 290 SANCTI
2014 225 2270 284 HILARII
2311 221 2618 284 EPISCOPI

3713 210 3812 266 300

616 361 733 414 dem
755 354 1157 421 unitotem,dum
1186 358 1427 425 operatur
1451 346 1589 420 quod
1612 345 1788 409 Pater,
1815 345 1934 399 dum
1966 343 2139 398 omnia
2167 347 2216 408 Α
2244 341 2457 397 currerit
2493 337 2743 392 Hilarius.
2786 334 2936 389 Liber
2961 330 3193 403 superior
3237 345 3408 386 verum
3440 329 3621 399 ﬁlium,
3646 329 3720 382 hic
3739 346 3814 382 os-

621 451 894 519 eadetnque
918 447 1074 515 facit,
1109 445 1231 497 dum
1267 459 1371 496 una
1397 441 1659 511 utriusque
1687 439 1739 492 in
1771 438 1984 491 mortuis
2013 436 2137 488 vivi-

619 543 836 612 ﬁcandis
863 548 1082 613 potestas
1105 580 1120 604 ,
1156 553 1287 591 unus
1316 537 1500 600 honor,
1532 549 1638 586 una
1662 532 1873 604 injuria,
1902 529 2026 583 dum
2056 530 2144 582 de-

619 638 770 704 nique
812 648 955 686 omne
987 629 1250 702 judicium
1280 627 1461 693 habet;
1502 625 1815 679 nativitatem
1847 639 1993 688 vero,
2022 623 2142 675 dunt

622 727 788 796 ﬁlium
815 739 922 779 sese
951 723 1171 777 vocitare
1201 736 1304 774 non
1343 718 1557 780 desinit,
1609 721 1732 769 dum
1758 715 1830 768 ita
1867 714 1971 785 agit
2007 711 2144 783 quod

625 817 780 870 Pater
799 856 814 882 ,
847 824 899 868 ut
925 825 1093 868 tamen
1122 829 1224 866 non
1253 811 1320 866 ab
1345 826 1403 865 se
1428 851 1443 876 ,
1474 811 1547 862 ita
1575 809 1771 873 eadem,
1805 815 1859 860 ut
1881 815 2049 858 tamen
2074 802 2145 858 si-

619 908 840 974 militer,
868 909 940 961 ita
979 905 1230 974 iudicium
1255 919 1403 957 omne
1432 902 1610 964 habet,
1644 910 1698 952 ut
1729 909 1895 953 tamen
1925 915 1958 951 a
1989 894 2148 967 Patre

620 1002 688 1056 sit
713 1009 1002 1070 occeptum.
1041 996 1192 1062 Quod
1221 995 1424 1063 quidem
1450 994 1784 1064 conﬁrmatur
1819 1001 1924 1045 tum
1954 1005 2018 1043 ea:
2044 986 2144 1041 Ju-

621 1096 851 1149 dteorutn
886 1091 1244 1162 intelligentia,
1270 1089 1356 1156 qui
1387 1087 1645 1141 Christum
1673 1087 1752 1140 his
1783 1085 1930 1138 dictis
1957 1100 2009 1138 se
2038 1097 2150 1136 vere

625 1186 724 1242 Dei
762 1186 930 1255 ﬁlium
971 1199 1179 1253 vereque
1207 1180 1374 1235 Deum
1423 1179 1706 1250 prtedicare
1747 1179 2145 1239 intellexerunt,

625 1287 734 1332 tum
761 1293 822 1330 ea:
851 1276 1012 1342 ipsius
1039 1273 1230 1328 Christi
1257 1271 1515 1342 responsis
1541 1311 1554 1334 ,
1583 1269 1767 1340 quibus
1791 1285 1891 1342 non
1929 1284 1982 1322 se
2019 1265 2153 1320 male

623 1371 937 1425 intellectum
982 1368 1156 1422 retulit
1183 1405 1198 1431 ,
1241 1366 1329 1420 sed
1364 1365 1536 1434 inique
1573 1377 1675 1415 non
1715 1361 1994 1426 creditum,
2037 1374 2154 1412 cum

621 1464 873 1518 dictorum
893 1462 1049 1531 ﬁdem
1071 1475 1231 1529 opera
1256 1459 1504 1529 facerent.

549 1553 820 1610 Postremo
847 1571 910 1609 ea:
929 1555 1012 1620 iis,
1039 1569 1152 1624 qua:
1164 1552 1395 1608 Cltristus
1421 1567 1453 1602 a
1480 1548 1725 1621 Philippo
1747 1556 1801 1602 ut
1823 1547 2036 1601 Patrem
2058 1543 2155 1599 sibi

631 1649 921 1705 ostenderet
948 1658 1159 1718 rogatus
1188 1645 1464 1716 peroravit,
1496 1643 1606 1712 ipse
1631 1658 1683 1696 se
1707 1651 1753 1695 et
1783 1656 1846 1694 ea:
1871 1637 2030 1692 Patre
2065 1653 2158 1690 na-

628 1753 757 1809 tum,
783 1752 830 1796 et
857 1742 1010 1795 unius
1040 1738 1364 1812 ejusdemque
1389 1752 1503 1792 cum
1531 1751 1587 1790 eo
1619 1746 1819 1788 natura:
1846 1732 2032 1788 diserte
2057 1731 2154 1784 do-

624 1849 738 1888 cere
757 1833 1159 1887 demonstratur.

628 2010 678 2065 1.
719 2009 822 2063 Hic
873 2009 998 2062 liber
1036 2006 1381 2080 superioribus
1436 2015 1662 2074 praestat.
1713 2004 1980 2060 Scribendi
2027 2019 2152 2056 oau-

553 2119 643 2158 ste.
702 2101 1077 2157 [hereticorum
1132 2101 1405 2154 subtilitas.
1438 2097 1807 2168 —Septimus
1858 2097 1943 2150 hic
2000 2096 2155 2150 nobis

552 2197 840 2252 adversum
868 2209 1020 2249 novae
1050 2194 1318 2248 lnereseos
1345 2206 1598 2246 vesanam
1635 2189 1992 2244 temeritatem
2021 2187 2157 2242 liber

553 2291 806 2348 scribitur
835 2307 848 2343 :
882 2287 1096 2344 caneris
1127 2285 1341 2355 quidem
1369 2284 1734 2340 anterioribus
1772 2299 1996 2338 mtmero
2028 2297 2156 2351 pos-

554 2383 754 2448 terior,
779 2381 875 2438 sed
903 2381 970 2436 ad
1002 2382 1252 2452 perfecte
1279 2379 1399 2434 ﬁdei
1421 2390 1818 2434 sacramentum
1851 2376 2158 2447 intelligen-

552 2475 680 2531 dum
712 2484 803 2528 aut
832 2475 1040 2544 primus
1061 2515 1076 2538 ,
1108 2481 1199 2524 aut
1227 2469 1515 2524 maximus.
1552 2468 1607 2524 In
1647 2485 1756 2540 quo
1788 2485 1894 2523 non
1939 2469 2156 2540 ignora-

553 2583 675 2624 mus
702 2584 859 2639 qnam
883 2566 1104 2622 difficile
1124 2575 1287 2636 atque
1318 2565 1544 2619 arduum
1577 2564 1678 2618 iter
1704 2563 1964 2620 doctrinae
1987 2577 2156 2618 evan-

559 2661 748 2732 gelicae
778 2658 1122 2716 scandamus.
1154 2658 1201 2712 A
1227 2673 1335 2728 quo
1363 2657 1612 2727 quamvis
1640 2651 1717 2727 (α)
1747 2654 1976 2710 consciae
2005 2652 2155 2708 inﬁr-

550 2753 752 2809 mitatis
793 2759 990 2807 nostrae
1022 2749 1376 2821 trepidatione
1416 2764 1759 2812 revocemur;
1811 2759 1988 2802 tamen
2031 2744 2158 2800 ﬁdei

554 2855 689 2902 testu
745 2844 991 2910 incitati,
1063 2852 1119 2898 et
1177 2842 1554 2896 haereticorum
1611 2839 1791 2894 furore
1854 2838 2154 2906 commoti,

546 2922 603 2995 et
643 2937 886 3010 periculo
930 2935 1291 3007 ignorantium
1327 2933 1664 3003 perturbati,
1707 2946 1828 3001 qua:
1873 2929 2018 2999 loqui
2048 2944 2153 2983 non

548 3034 835 3099 audemus,
880 3030 1043 3086 silere
1100 3043 1207 3083 non
1257 3042 1541 3097 possumus
1580 3044 1592 3079 :
1642 3026 1924 3094 utriusque
1965 3021 2157 3078 discri-

550 3125 711 3180 minis
762 3121 836 3194 (b)
877 3133 1025 3177 metu
1067 3119 1306 3183 subditi,
1351 3135 1419 3174 ne
1459 3117 1729 3174 destitutae
1774 3115 2020 3172 veritatis
2064 3129 2153 3169 rea

551 3219 604 3271 in
653 3215 810 3271 nobis
857 3214 927 3268 sit
967 3223 1060 3266 aut
1106 3211 1440 3266 taciturnitas
1471 3252 1488 3278 ,
1536 3219 1631 3266 aut
1683 3209 2013 3279 praedicatio.
2067 3206 2152 3260 In-

549 3307 896 3364 credibilibus
921 3305 1121 3362 etenim
1159 3320 1220 3360 se
1241 3303 1481 3373 corrupti
1514 3302 1710 3373 ingenii
1750 3303 1957 3357 artibus
1994 3300 2152 3373 175

550 3403 806 3459 haeretica
845 3401 1115 3456 subtilitas
1159 3399 1524 3470 circumegit:
1573 3398 1801 3466 primum
1833 3409 1891 3451 ut
1935 3396 2004 3468 (c)
2051 3396 2149 3450 fin-

546 3507 697 3568 geret
727 3495 1070 3566 religionem,
1113 3493 1306 3547 deinde
1340 3504 1397 3546 ut
1425 3491 1664 3547 Omnium
1695 3489 2021 3559 simplicium
2047 3504 2149 3542 au-

455 3593 466 3602 ’
545 3591 686 3645 rium
715 3588 1062 3643 securitatem
1089 3585 1270 3640 verbis
1301 3584 1544 3650 falleret,
1577 3591 1688 3636 tum
1720 3593 1981 3651 praetcrea
2010 3590 2068 3635 ut
2091 3595 2152 3636 se

548 3679 850 3750 prudentiae
873 3677 1056 3732 sicculi
1085 3685 1384 3746 coaptaret,
1413 3685 1688 3744 postremo
1715 3681 1771 3726 ut
1801 3673 2044 3727 veritatis
2071 3673 2153 3727 in-

546 3771 894 3842 telligentiam
924 3784 1020 3839 per
1045 3769 1279 3837 Speciem
1311 3765 1390 3838 (d)
1416 3765 1574 3821 editae
1606 3765 1830 3820 rationis
1860 3773 2147 3819 averteret.

545 3864 678 3921 Nam
715 3870 1011 3934 protestata
1039 3863 1115 3934 (in
1147 3861 1365 3932 epistola
1389 3859 1478 3914 lib.
1521 3875 1573 3914 tv
1599 3869 1648 3913 et
1670 3875 1721 3914 v1
1772 3859 1958 3929 relata)
1980 3861 2148 3914 Deum

547 3972 710 4014 unum
743 3997 756 4020 ,
800 3955 1022 4009 mentita
1059 3954 1315 4024 pietatem
1369 3961 1486 4017 est;
1539 3953 1775 4022 professa
1826 3967 2013 4008 rursus
2056 3951 2151 4008 Dei

547 4047 744 4115 ﬁlium,
778 4045 1056 4102 audientes
1080 4044 1270 4100 fefellit
1293 4043 1346 4099 in
1376 4044 1628 4110 nomine;
1653 4045 1838 4100 dicens
1865 4045 2024 4100 etiam
2044 4061 2149 4100 non

549 4138 717 4195 fuisse
749 4147 874 4194 ante
902 4154 1063 4209 quam
1096 4137 1331 4192 nasoitur
1353 4178 1368 4202 ,
1399 4136 1587 4192 mundi
1620 4136 1903 4207 sapientia:
1935 4138 2152 4192 satisfe-

548 4233 651 4298 cit;
698 4232 1140 4289 indemutabilem
1184 4245 1401 4302 quoque
1445 4241 1500 4287 et
1548 4232 1927 4301 incorporeum
1980 4231 2149 4287 Deum

546 4327 830 4391 conﬁtens,
864 4326 1197 4380 nativitatem
1230 4325 1414 4380 Deiex
1451 4324 1559 4380 Deo
1601 4341 1697 4395 per
1735 4324 2154 4380 demonstratio-

546 4434 670 4475 nem
719 4417 960 4473 SUdellB
1010 4417 1236 4472 rationis
1280 4417 1512 4473 exclusit
1557 4435 1569 4470 :
1617 4418 1814 4473 nostris
1862 4417 2150 4472 adversum

545 4528 644 4569 nos
675 4528 769 4568 usa
800 4510 1059 4568 doctrinis
1082 4553 1097 4577 ,
1149 4521 1202 4566 et
1241 4510 1498 4567 Ecclesiae
1530 4511 1630 4567 ﬁde
1674 4523 1862 4568 contra
1891 4513 2148 4568 Ecclesiae

544 4605 706 4663 ﬁdem
755 4619 1040 4676 pugnans,
1073 4604 1392 4675 gravissimo
1440 4604 1728 4660 adversum
1771 4620 1869 4660 nos
1915 4605 2002 4660 vel
2062 4621 2146 4660 rc-

545 4698 857 4770 sponsionis
880 4698 966 4754 vel
995 4696 1196 4752 silentii
1236 4697 1477 4767 periculo
1503 4705 1815 4767 comparato
1841 4739 1856 4763 ,
1888 4697 2016 4752 dum
2049 4712 2146 4768 per

543 4808 604 4850 ea
633 4809 752 4864 qua:
779 4808 884 4847 non
914 4801 1199 4864 negantur,
1229 4805 1291 4845 ca
1318 4789 1575 4861 praedicat
1600 4806 1719 4861 qure
1747 4802 2033 4861 negantur.

617 4885 673 4939 2.
709 4884 848 4950 Quid
888 4884 1103 4956 epistola
1141 4899 1234 4938 sua
1263 4883 1505 4937 tentarint
1537 4883 1784 4954 ingerere.
1814 4881 1914 4948 Qui
1944 4884 2016 4936 eis
2065 4900 2150 4938 oc-

615 5023 974 5097 (a)_Nonnnlli
1007 5038 1142 5080 mss.
1175 5025 1505 5080 conscientite
1533 5025 1833 5093 inﬁrmitate
1870 5033 2074 5097 nostrte
2100 5032 2149 5078 et

547 5095 903 5168 trepidatione.
937 5096 1303 5168 Praeferehant
1339 5113 1551 5168 quoque
1581 5097 1707 5152 editi
1741 5139 1754 5158 .
1801 5096 2144 5150 conscientite.

548 5165 741 5248 Verius
754 5167 1123 5250 castigatiorens
1149 5183 1280 5250 mss.
1305 5165 1544 5250 conscia,
1569 5170 1760 5250 supple
1775 5169 1903 5250 sibi,
1915 5183 2037 5231 ceu,
2060 5183 2146 5250 cu-

544 5239 1192 5310 jusconsciisumus.Qua
1207 5240 1456 5308 loquendi
1487 5242 1758 5297 rationein
1792 5240 1928 5310 psal.
1959 5240 2143 5303 vaitt,

548 5323 702 5391 num.
729 5309 821 5373 i5,
853 5318 1050 5391 cista},
1084 5311 1300 5388 conscire
1313 5313 1367 5365 in
1381 5329 1434 5366 se
1465 5313 1642 5366 salutis
1665 5309 1872 5380 ﬁducia.
1902 5313 2011 5367 Nec
2033 5310 2146 5364 dis-

549 5379 710 5449 plicet
731 5396 852 5435 cum
883 5378 1045 5436 Corb.
1075 5398 1104 5435 a
1134 5382 1305 5451 prima
1329 5398 1510 5451 manu,
1545 5378 1756 5439 conscii.

619 5471 694 5540 (b)
727 5471 888 5538 Editi,
915 5473 1072 5527 metui
1097 5473 1285 5528 subditi
1315 5491 1333 5528 :
1361 5477 1749 5532 reluctantibus
1777 5491 1908 5533 mss.
1940 5473 2147 5532 Deinde

546 5553 684 5595 unus
713 5557 744 5597 e
766 5541 888 5598 Vat.
921 5559 983 5598 ne
1009 5545 1072 5598 de
1097 5545 1420 5601 destitutione
1440 5548 1690 5604 ueritatis.

617 5631 693 5705 (c)
725 5633 846 5690 Vat.
876 5635 994 5690 bas.
1024 5652 1127 5692 ms.
1158 5637 1428 5710 ingereret.

619 5725 699 5797 (ά)
728 5726 1015 5798 Exemplar
1040 5730 1252 5787 Martia.
1284 5735 1539 5792 meditatae
1563 5736 1800 5792 rationis.

2179 1781 2230 1842 B

2244 435 2400 490 tendit
2430 431 2592 485 Deum
2615 444 2884 484 verunt.——
2901 425 2968 480 Et
2998 423 3212 495 quidem
3237 422 3450 476 caeteris
3472 419 3814 490 superioribus

2246 526 2400 581 libris
2430 523 2735 578 admonitos
2758 535 2784 571 a
2816 517 2970 573 nobis
2999 518 3236 585 legentes
3264 512 3627 574 meminimus,
3663 521 3712 564 ut
3743 519 3815 564 to-

2247 619 2350 672 tius
2373 605 2724 685 blasphemiae
2749 609 2822 684 (e)
2848 609 3140 666 editionem
3169 615 3581 677 pertractantes,
3599 604 3816 656 animad-

2245 717 2518 764 verterent
2541 722 2645 761 non
2664 703 2811 759 aliud
2833 701 3089 764 laborari,
3109 715 3267 771 quam
3292 707 3350 752 ut
3376 697 3632 753 Dominus
3657 708 3819 750 noster

2245 802 2406 858 Jesus
2432 800 2676 856 Christus
2704 811 2876 866 neque
2907 795 2999 850 Dei
3035 793 3174 847 ﬁlius
3204 807 3378 862 neque
3411 791 3553 845 Deus
3579 803 3692 843 esse
3714 803 3820 842 crc-

2247 895 2425 960 datur,
2458 893 2582 947 dum
2615 892 2662 945 ei
2685 886 2958 945 conceSsis
2985 895 3190 940 tantum
3219 900 3286 940 ex
3306 882 3538 954 quadam
3560 880 3824 952 adoptione

2251 986 2578 1052 nominibus,
2602 995 2652 1039 et
2683 985 2778 1038 Dei
2811 992 2998 1037 natura
3028 992 3253 1049 negatur
3281 987 3334 1032 et
3366 977 3459 1031 ﬁlii
3493 994 3504 1029 :
3537 991 3654 1030 cum
3680 986 3725 1030 et
3753 975 3823 1028 in-

2251 1080 2594 1138 demutabilis
2619 1088 2781 1149 atque
2810 1077 3160 1145 incorporeus
3181 1072 3346 1137 Deus,
3373 1068 3533 1125 sicmi
3558 1081 3610 1125 et
3637 1077 3728 1131 est,
3759 1070 3827 1122 id-

2251 1175 2397 1230 circo
2421 1173 2740 1239 afﬁrmatur,
2773 1186 2843 1226 ne
2872 1170 3042 1225 Filius
3071 1177 3228 1222 natus
3252 1182 3321 1222 ex
3357 1166 3470 1220 Deo
3497 1167 3600 1228 sit;
3629 1173 3680 1218 et
3701 1164 3826 1218 Deus

2255 1275 2409 1338 pater
2443 1266 2512 1320 ob
2543 1265 2593 1319 id
2628 1275 2830 1318 tantum
2863 1263 2914 1316 in
2956 1261 3298 1315 confessiOne
3323 1258 3470 1312 Deus
3499 1273 3634 1312 unus
3660 1257 3739 1318 sit,
3770 1273 3828 1309 ne

2255 1363 2308 1417 in
2341 1361 2446 1416 ﬁde
2474 1368 2658 1414 nostra
2692 1358 2834 1412 Deus
2857 1355 3103 1410 Christus
3133 1356 3204 1408 sit
3231 1371 3244 1406 :
3274 1353 3399 1423 quia
3429 1367 3528 1406 nec
3558 1351 3828 1406 nativitatis

2258 1452 2669 1524 intelligentiam
2696 1460 2882 1505 natura
2907 1447 3265 1518 incorporalis
3289 1445 3560 1510 admittat,
3587 1452 3641 1497 et
3659 1443 3742 1496 Dei
3770 1458 3829 1496 cx

2260 1548 2370 1602 Deo
2410 1547 2566 1602 fidem
2599 1561 2735 1600 unus
2780 1553 2989 1598 tantum
3033 1542 3187 1597 nobis
3227 1541 3369 1595 Deus
3414 1541 3466 1592 in
3514 1537 3830 1592 confessione

2260 1640 2539 1696 dissolvat.
2570 1638 2677 1695 Sed
2701 1636 3069 1707 superioribus
3085 1635 3195 1706 jam
3225 1633 3421 1689 libellis
3449 1632 3686 1687 fallacem
3707 1633 3831 1686 hanc

2260 1748 2449 1789 eorum
2478 1743 2638 1802 atque
2670 1731 2910 1784 inutilem
2941 1727 3376 1798 praedicationem
3399 1741 3466 1780 ex
3493 1725 3609 1794 lege
3636 1740 3696 1779 ac
3721 1740 3830 1792 pro-

2257 1826 2434 1898 phetis
2455 1826 2736 1890 docentes,
2761 1839 2879 1878 eam
2909 1821 3277 1891 responsionis
3304 1819 3536 1876 formam
3561 1817 3827 1885 tenuimus,

2257 1937 2377 1992 quae
2414 1922 2464 1975 in
2492 1921 2605 1975 Deo
2644 1935 2709 1974 ex
2739 1919 2851 1974 Deo
2894 1917 3188 1988 prtedicato
3212 1956 3228 1981 ,
3271 1924 3326 1970 et
3353 1929 3461 1968 uno
3495 1913 3605 1968 Deo
3633 1928 3691 1966 ac
3721 1927 3834 1967 vero

2257 2013 2504 2083 professo
2525 2053 2540 2078 ,
2575 2027 2748 2082 neque
2793 2011 2843 2063 in
2871 2009 3030 2064 unius
3058 2007 3172 2062 veri
3212 2006 3307 2062 Dei
3337 2009 3541 2060 unione
3563 2005 3798 2061 deficeret
3819 2045 3831 2066 ,

2259 2121 2432 2176 neque
2463 2105 2529 2159 ad
2578 2103 2738 2158 ﬁdem
2781 2102 2878 2156 Dei
2908 2101 3130 2155 alterius
3175 2097 3494 2161 excederet;
3531 2097 3653 2151 dum
3681 2112 3835 2166 neque

2257 2198 2534 2255 solitarius
2556 2196 2710 2251 nobis
2741 2196 2884 2249 Deus
2907 2194 2960 2247 in
2984 2192 3344 2255 confessione,
3375 2205 3553 2261 neque
3576 2189 3676 2243 duo
3702 2198 3831 2242 sunt.

2259 2292 2328 2347 Et
2370 2293 2508 2346 inter
2546 2291 2698 2354 hinc,
2747 2305 2910 2343 ttnum
2951 2303 3126 2358 neque
3174 2285 3420 2356 negando
3467 2301 3641 2355 neque
3680 2281 3834 2338 confi-

2259 2383 2462 2452 tendo,
2511 2383 2632 2439 ﬁdei
2680 2381 2756 2454 (f)
2807 2391 3123 2436 conservata
3171 2377 3434 2449 perfectio
3465 2387 3588 2441 est,
3633 2376 3753 2430 dum
3791 2383 3835 2429 et

2258 2477 2400 2548 quod
2450 2492 2611 2530 unum
2645 2485 2770 2529 sunt
2812 2473 3045 2530 refertur
3072 2472 3137 2526 ad
3177 2483 3467 2540 utrumque
3493 2512 3507 2534 ,
3547 2478 3602 2524 et
3631 2479 3835 2537 nterqnc

2259 2587 2366 2625 non
2401 2585 2537 2623 unus
2577 2577 2680 2624 est.
2714 2567 2825 2622 Hoc
2849 2568 3013 2637 igitur
3045 2565 3294 2636 perfecta:
3335 2563 3458 2618 ﬁdei
3488 2561 3834 2617 indissolubile

2260 2671 2654 2720 sacramentum
2687 2658 3014 2730 evangelicis
3047 2668 3209 2728 atque
3239 2654 3558 2727 apostolicis
3597 2653 3835 2708 doctrinis

2259 2756 2557 2811 absolutnri
2579 2797 2593 2821 ,
2625 2770 2730 2809 non
2773 2753 2917 2809 aliud
2950 2753 3181 2824 primum
3214 2751 3500 2806 debuimus
3527 2790 3540 2812 ,
3574 2764 3729 2820 quam
3757 2747 3834 2800 Dei

2263 2848 2428 2902 ﬁlium
2455 2863 2592 2902 verte
2611 2847 2903 2902 nativitatis
2919 2847 3300 2900 subsistentem
3324 2842 3482 2915 176
3499 2843 3575 2915 (g)
3610 2853 3832 2895 naturam

2260 2941 2550 3010 cognitioni
2582 2940 2914 2995 audientium
2941 2940 3218 3002 intimare;
3239 2953 3412 3007 neque
3438 2937 3650 2990 aliunde
3669 2944 3755 2989 aut
3781 2948 3834 2988 ex

2261 3033 2472 3100 nihilo,
2523 3033 2617 3089 sed
2647 3049 2710 3088 cx
2762 3032 2873 3088 Deo
2904 3048 3025 3088 esse
3072 3032 3237 3084 ﬁlium
3288 3029 3652 3084 manifestare.
3702 3024 3834 3096 Quod

2182 3165 2228 3228 Ο
2260 3129 2384 3199 quia
2426 3126 2718 3182 secundum
2751 3141 2811 3180 ea
2831 3166 2845 3192 ,
2875 3141 2996 3196 qua:
3040 3124 3310 3178 anteriore
3353 3122 3492 3176 libro
3514 3121 3659 3176 edita
3689 3129 3832 3183 sunt,

2261 3221 2458 3291 ambigi
2491 3236 2594 3274 non
2623 3229 2817 3288 potest,
2847 3219 2975 3288 quin
2999 3226 3247 3272 cessante
3278 3214 3586 3285 adoptionis
3616 3213 3833 3275 nomine,

2258 3330 2416 3369 verus
2460 3315 2601 3368 ﬁlius
2641 3330 2706 3369 ex
2739 3313 2962 3368 veritate
2994 3311 3291 3366 nativitatis
3332 3311 3442 3363 sit:
3477 3307 3556 3381 (Ιι)
3609 3325 3672 3365 ea
3717 3321 3835 3363 nunc

2259 3423 2474 3476 quoque
2501 3422 2569 3461 cx
2599 3405 2908 3476 Evangeliis
2939 3403 3265 3473 proferimus
3289 3444 3302 3468 ,
3344 3411 3404 3456 ut
3436 3401 3559 3472 quia
3593 3402 3732 3456 ﬁlius
3761 3413 3838 3452 ve-

2256 3513 2349 3552 rus
2378 3507 2484 3562 est,
2512 3511 2674 3552 verus
2705 3510 2919 3566 quoque
2948 3494 3092 3550 Deus
3127 3510 3252 3549 esse
3277 3501 3533 3548 noscatur
3564 3511 3577 3546 :
3611 3495 3729 3564 quia
3760 3506 3836 3545 nc-

2256 3605 2362 3659 que
2396 3604 2556 3644 verus
2583 3587 2727 3643 ﬁlius
2769 3589 2874 3642 erit
2896 3628 2912 3654 ,
2947 3587 3045 3640 nisi
3079 3601 3237 3641 verus
3269 3594 3324 3640 et
3353 3585 3494 3640 Deus
3529 3597 3643 3649 cSt;
3687 3597 3836 3654 neque

2257 3695 2418 3736 verus
2446 3679 2612 3745 Dens,
2641 3679 2740 3733 nisi
2769 3695 2932 3735 verus
2960 3691 3013 3733 et
3044 3677 3189 3732 ﬁlius
3213 3689 3315 3733 est.

2327 3775 2379 3828 5.
2419 3771 2676 3826 Ha’resim
2719 3789 2873 3826 unam
2921 3776 3194 3843 confutatis
3223 3773 3307 3826 via:
3342 3772 3476 3842 fugit
3515 3771 3837 3842 suspicionem

2255 3867 2485 3920 alterius.
2525 3865 2803 3933 Sabellius,
2836 3865 3014 3929 Arius,
3049 3865 3274 3929 Ilebion,
3310 3865 3588 3919 Photinus.
3620 3895 3693 3906 —-
3714 3862 3836 3919 Nihil

2257 3957 2507 4012 humana:
2574 3966 2779 4012 naturae
2825 3958 3040 4029 gravius
3102 3967 3187 4013 est
3233 3957 3454 4027 periculi
3526 3956 3836 4014 conscientia

2256 4049 2404 4118 (nam
2450 4064 2513 4103 ea
2544 4064 2668 4119 qua:
2697 4059 2791 4104 aut
2833 4049 3077 4118 ignorata
3120 4060 3214 4104 aut
3243 4051 3528 4119 repentina
3557 4059 3714 4116 sunt,
3760 4052 3836 4100 lia-

2255 4138 2384 4194 bent
2442 4138 2656 4210 quidem
2694 4141 3055 4196 miserabilem
3086 4145 3428 4197 securitatem
3449 4185 3463 4208 ,
3497 4142 3592 4198 sed
3633 4158 3736 4199 non
3767 4142 3836 4193 lia-

2257 4231 2386 4287 bent
2423 4242 2624 4288 metum
2677 4233 2835 4288 futuri
2867 4233 2887 4307 )
2923 4253 2936 4290 :
2968 4234 3090 4306 quia
3121 4250 3225 4290 non
3257 4235 3443 4306 ignaro
3469 4235 3830 4295 accidentimn,

2254 4324 2498 4380 anxietas
2538 4324 2650 4394 ipsa
2693 4341 2848 4396 paena
2881 4327 3118 4397 patiendi
3167 4336 3273 4383 est.
3306 4327 3422 4384 Non
3453 4344 3554 4398 ego
3599 4343 3732 4382 nunc
3758 4339 3835 4380 na-

2255 4429 2377 4471 vem
2409 4430 2439 4470 c
2466 4425 2627 4486 portu
2656 4419 2808 4474 solvo
2833 4419 3094 4490 naufragii
3125 4419 3362 4490 ignarus,
3400 4435 3577 4491 neque
3606 4422 3706 4476 itcr
3728 4419 3834 4473 ineo

2259 4511 2482 4568 infestos
2511 4511 2573 4584 (i)
2597 4513 2812 4569 nescius
2842 4513 3142 4569 latronibus
3164 4514 3332 4570 saltus
3349 4556 3364 4582 ,
3399 4529 3500 4571 nec
3525 4514 3710 4587 Libya:
3735 4526 3834 4564 arc-

2255 4621 2351 4662 nas
2392 4609 2630 4662 incertus
2659 4606 2979 4678 scorpiones
3009 4607 3207 4678 ubique
3236 4618 3290 4663 et
3330 4607 3548 4677 aSpides
3587 4618 3640 4662 et
3673 4603 3834 4661 basilic

2249 4713 2372 4754 scos
2400 4697 2590 4754 adesse
2613 4708 2957 4754 transcurro:
2985 4698 3116 4753 nihil
3145 4699 3494 4754 sollicitudini
3527 4715 3684 4762 mete,
3717 4692 3830 4749 nihil

2254 4793 2598 4849 conscientiae
2631 4800 2808 4848 vacat.
2842 4792 2952 4849 Sub
2979 4793 3196 4863 Specula
3226 4794 3369 4847 enim
3401 4793 3642 4847 omnium
3677 4794 3829 4844 hatre-

2258 4885 2488 4940 ticorum
2529 4884 2596 4940 ad
2640 4884 2954 4940 occasiones
2986 4884 3319 4956 singulorum
3367 4885 3653 4940 verborum
3695 4883 3743 4936 in
3783 4893 3832 4930 os

2324 5024 2396 5095 (ε)
2424 5023 2480 5078 In
2503 5023 2692 5080 codice
2717 5023 2834 5077 Vat.
2860 5023 2972 5078 bas.
3001 5023 3249 5092 adjicitur
3271 5023 3376 5088 hic,
3402 5040 3578 5095 eorum
3605 5040 3623 5079 :
3653 5033 3703 5079 et
3726 5034 3830 5077 mox

2253 5093 2383 5165 poSt'
2404 5095 2544 5149 Deus
2567 5111 2676 5148 esse
2703 5096 2963 5158 credatur,
2993 5095 3278 5163 subjicitur
3301 5111 3364 5150 ea:
3408 5093 3536 5150 Deo.

2324 5167 2376 5237 (Ῑ
2393 5166 2410 5237 )
2446 5167 2732 5236 Exemplar
2778 5167 2891 5220 bas.
2934 5165 3051 5221 Vat.
3087 5181 3209 5220 cum
3254 5165 3407 5220 Mart.
3438 5175 3788 5237 consummata
3817 5176 3831 5213 :

2251 5234 2428 5291 minus
2445 5237 2522 5319 _ad
2549 5234 2681 5292 rem.
2714 5238 2813 5319 ita,
2848 5253 2967 5309 pag.
2998 5240 3100 5292 1‘27
3123 5237 3251 5292 edit.
3277 5237 3480 5319 Veron.
3508 5241 3559 5294 in
3595 5239 3726 5292 notis
3745 5234 3829 5315 ob-

2248 5309 2582 5364 servavimus
2625 5305 2862 5364 verbum'
2886 5305 3230 5374 consummet,
3287 5310 3406 5364 loco
3450 5319 3735 5372 conseruet,
3786 5305 3828 5358 in

2249 5395 2353 5461 ms:
2383 5380 2830 5461 ‘Cﬂrnssecundis
2850 5383 2994 5436 curis
3019 5382 3384 5461 substitutum.

2323 5451 2400 5574 (i)
2429 5451 2597 5514 Editi,
2630 5451 2980 5507 subsistentem
3030 5461 3255 5508 natura:
3284 5453 3670 5507 reluctantibus
3716 5462 3824 5502 mss.

2325 5521 2341 5574 l
2394 5528 2408 5574 l
2437 5522 2631 5574 Excnsi
2661 5539 2773 5574 eam
2805 5539 2822 5574 :
2857 5523 3186 5574 castigantur
3220 5540 3287 5574 ex
3327 5538 3458 5574 mss.
3493 5524 3614 5574 Mox
3665 5524 3824 5574 Mart.

2325 5521 2408 5593 (ᾗ)
2437 5522 2631 5579 Excusi
2661 5539 2773 5576 eam
2805 5539 2822 5576 :
2857 5523 3186 5593 castigantur
3220 5540 3287 5580 ex
3327 5538 3458 5576 mss.
3493 5524 3614 5578 Mox
3665 5524 3824 5593 Mart.

2251 5590 2596 5662 proferamus,
2636 5609 2742 5647 non
2773 5590 3103 5665 proferimus.
3135 5595 3327 5648 Postea
3357 5609 3425 5648 ex
3451 5594 3606 5650 Colb.
3638 5590 3828 5665 reponi-

2251 5678 2394 5746 mus‘,
2421 5672 2477 5746 _ut
2505 5665 2625 5746 quia
2652 5663 2813 5746 ﬁlius,
2845 5663 2934 5721 ubi
2966 5675 3120 5746 antea
3154 5665 3431 5738 legebatur
3459 5675 3515 5719 ut
3554 5667 3643 5736 qui
3682 5663 3822 5733 ﬁlius.

2323 5733 2391 5808 (i)
2419 5735 2478 5791 In
2502 5734 2629 5794 solis
2651 5735 2831 5805 editis,
2855 5738 3104 5794 nesciens.
