3930 6194
113 282 189 336 201
1273 271 1363 327 DE
1405 271 1776 327 TRINITATI‘J
1817 273 2020 328 LIBER
2061 272 2170 330 Vll.

3266 280 3371 336 202

113 407 262 447 meum
308 390 656 460 pendentium
700 388 923 454 loquor,
968 395 1021 440 et
1060 399 1222 440 onmc
1252 387 1521 441 sermonis
1568 385 1669 440 mei
1700 399 1752 458 Α
1845 387 2157 443 4.γρνὶιιιιί.ς
2183 388 2275 443 vis.
2306 388 2533 444 Ecclesia
2554 390 2775 445 siuusuo
2799 397 2966 446 tenere
2984 409 3157 449 euntes
3188 412 3379 466 perop-

113 482 192 536 iter
214 493 296 537 aut
317 483 579 553 angustiis
608 486 953 550 prmruptum,
983 488 1076 531 aut
1100 474 1271 531 foveis
1294 478 1545 542 incisum,
1572 487 1668 529 aut

114 572 288 644 laqueis
325 586 650 643 prmtensum
681 579 781 625 est.
824 568 940 623 iam
980 566 1121 638 quod
1152 566 1380 621 ardumn
1423 582 1487 621 ac
1525 566 1668 622 difﬁ-

112 666 193 721 cile
214 666 297 731 sit,
328 665 504 720 minus
526 676 831 734 conqueror
856 677 870 713 :
902 676 1008 715 non
1037 659 1173 715 meis
1211 659 1378 724 enim,
1410 658 1508 715 sed
1543 674 1669 729 apo-

112 759 285 815 stolicis
324 758 528 815 scendo
566 756 840 829 gradibus.
897 754 1026 810 Mihi
1086 769 1213 809 vero
1262 762 1357 809 aut
1406 754 1668 825 angustiis

115 854 176 927 (ιι)
209 853 479 919 decedere,
513 862 608 908 aut
633 854 685 908 in
712 851 925 907 defossa
954 849 1213 913 incidere,
1245 859 1337 903 aut
1362 848 1530 920 plagis
1552 849 1669 904 illa-

114 948 301 1017 queari,
332 959 545 1016 semper
588 945 641 1000 in
688 941 926 1013 periculo
951 984 967 1008 ,
1007 956 1228 1012 semper
1273 942 1326 995 in
1369 948 1514 996 metu
1559 948 1661 997 est.

112 1038 439 1094 Pnedicaturo
475 1037 623 1094 enim
661 1035 955 1092 secundum
997 1033 1170 1104 legem
1199 1042 1255 1089 et
1285 1035 1576 1104 prophetas
1615 1042 1670 1088 et

113 1132 363 1202 Apostolus
392 1146 554 1185 uirum
598 1130 787 1195 Deum,
813 1128 1124 1186 adest‘mihi
1151 1128 1419 1184 Sabellius
1443 1170 1458 1194 ,
1494 1137 1667 1206 totum

111 1240 182 1281 tne
196 1225 284 1279 sub
302 1225 439 1279 verbi
459 1223 620 1294 hujus
642 1221 978 1294 professione
1007 1230 1278 1293 tamquam
1297 1221 1666 1276 desideratum

113 1318 260 1371 cibum
296 1331 470 1371 morsu
508 1315 808 1370 suavissimo
835 1324 1209 1369 transvorans.
1251 1312 1547 1383 Negautem
1578 1326 1667 1367 me

113 1426 295 1466 rursum
321 1419 500 1466 contra
526 1407 819 1465 Sabellimu
854 1422 1016 1461 unum
1052 1407 1218 1462 Deum
1244 1447 1260 1474 ,
1307 1413 1363 1461 et
1397 1394 1661 1461 confiten-

119 1512 208 1559 tem
232 1517 403 1557 verum
422 1502 589 1557 Deum
605 1500 696 1554 Dei
724 1500 912 1566 lilium,
938 1507 1217 1569 exspectat
1247 1513 1383 1553 nova
1411 1498 1636 1553 litcresis
1654 1538 1667 1563 ,

110 1605 208 1650 uta
238 1609 318 1651 me
341 1594 470 1650 duos
493 1593 627 1649 deos
660 1601 848 1664 arguat
889 1590 1190 1664 praedicari.
1234 1590 1425 1645 Natum
1457 1604 1671 1660 quoque

113 1687 188 1743 Dei
208 1687 360 1742 filium
386 1702 450 1742 ex
478 1685 645 1741 Maria
668 1685 901 1750 dieturo,
926 1683 1134 1739 Hebion
1157 1682 1233 1753 (b)
1264 1682 1406 1753 quod
1435 1691 1515 1737 est
1534 1682 1673 1737 Pho-

1771 492 1861 534 tat.
1883 479 1968 534 Ex
1986 481 2112 553 ipsis
2126 480 2403 535 Itwresibus
2417 480 2881 551 cognoscitur-.Una
2899 493 2992 538 est.
3015 484 3089 537 De
3102 486 3377 540 lia'resibus

1768 591 1821 629 se
1836 575 2047 628 invicem
2064 575 2375 630 vincentibus
2391 585 2424 629 ti
2439 576 2704 647 iumplrum
2717 576 2957 649 ayit.Sed
2971 587 3178 645 can-,ut
3193 595 3376 650 spero,

1770 668 2010 723 Heelesia
2037 668 2301 724 doctrinae
2321 684 2433 724 sua:
2461 668 2655 735 lucem,
2689 671 2849 725 etiam
2875 672 3248 742 imprudentia:
3273 689 3377 728 sa:—

1770 759 1877 815 culi
1908 759 2161 829 iuveltet,
2191 768 2249 816 ut
2276 761 2399 816 licet
2429 760 2553 816 fidei
2604 773 3002 818 sacramentum
3050 779 3155 819 non
3206 764 3380 819 susci-

1772 852 1903 923 piat,
1954 861 2131 908 tamcn
2181 853 2466 908 adversum
2523 852 2809 909 btercticos
2866 854 3149 911 veritatem
3195 870 3376 910 sacra-

1774 948 1942 1003 menti
1968 965 1996 1005 a
2029 948 2185 1005 nobis
2216 949 2483 1018 intelligat
2532 948 2832 1019 praidicari.
2861 950 3048 1021 Magna
3100 951 3245 1006 enim
3294 951 3378 1004 vis

1773 1050 1857 1097 cst
1880 1041 2146 1104 veritatis,
2179 1055 2300 1112 quae
2326 1056 2448 1095 cum
2477 1056 2571 1110 per
2596 1056 2657 1095 se
2686 1039 2764 1114 (Ir)
2792 1042 3015 1113 intelligi
3047 1043 3243 1112 possit,
3278 1060 3375 1114 per

1773 1148 1835 1188 ea
1865 1145 2043 1188 tamen
2070 1134 2182 1201 ipsa
2204 1148 2324 1203 qua:
2353 1134 2401 1188 ei
2445 1131 2802 1187 adversantur
2834 1133 3012 1188 elucet
3044 1152 3055 1185 :
3092 1144 3149 1187 ut
3193 1134 3244 1188 in
3276 1152 3374 1188 na-

1776 1236 1893 1281 tura
1929 1242 2022 1280 sua
2056 1225 2350 1281 immobilis
2385 1240 2645 1294 manens,
2678 1226 2984 1280 firmitatem
3015 1239 3219 1281 natum
3264 1242 3375 1284 sum

1774 1318 2017 1391 quotidie
2038 1318 2166 1374 dum
2195 1328 2492 1374 attematur
2519 1320 2780 1389 acquirat.
2814 1319 2927 1374 lluc
2947 1321 3092 1375 enim
3122 1321 3378 1377 Ecclesia:

1777 1413 2053 1483 pr0prium
2085 1420 2200 1478 est,
2234 1423 2289 1466 ut
2314 1422 2440 1466 tunc
2472 1412 2687 1477 vincat,
2713 1428 2832 1468 cum
2868 1412 3103 1480 laeditur,
3136 1422 3262 1468 tunc
3291 1414 3375 1468 in-

1779 1506 2048 1578 telligatur
2069 1523 2189 1562 cum
2213 1508 2475 1577 arguitur,
2503 1516 2629 1562 tunc
2656 1507 2895 1563 obtineat
2921 1522 3042 1563 cum
3085 1508 3374 1565 deseritur.

1776 1598 1979 1654 Omnes
2007 1599 2223 1669 quidem
2259 1598 2349 1653 illa
2378 1612 2562 1655 secum
2610 1608 2771 1669 atque
2816 1600 2954 1655 inzra
3003 1616 3063 1656 se
3112 1600 3175 1671 (ί)
3219 1602 3381 1656 vellet

1779 1707 2024 1757 manere,
2044 1707 2141 1747 nec
2174 1707 2240 1747 ex
2272 1692 2731 1763 tranquillissimis
2761 1693 2967 1747 sinibus
2994 1693 3109 1748 suis
3129 1694 3266 1749 alios
3287 1703 3380 1748 aut

113 1782 231 1837 tinus
256 1781 489 1847 assistit,
519 1780 897 1836 auctoritatem
945 1777 1209 1834 mendacii
1240 1778 1322 1832 sui
1364 1792 1429 1833 ex
1465 1776 1667 1848 profes-
1706 1792 1751 1853 Β
1779 1784 2035 1854 abjicere,
2064 1795 2157 1841 aut
2182 1785 2431 1856 perdere,
2454 1785 2579 1839 dum
2611 1784 2813 1856 indigni
2845 1785 2982 1840 liunt
3005 1794 3163 1840 latitat:
3195 1786 3382 1843 matris

112 1876 251 1931 sionis
268 1876 487 1931 veritate
506 1883 840 1943 sumpturus.
869 1873 944 1929 De
970 1873 1184 1928 czetcris
1201 1882 1373 1939 taceo,
1393 1871 1474 1944 (i)
1492 1871 1581 1942 qui
1604 1872 1673 1926 ab

112 1969 326 2025 omnibus
354 1983 475 2024 esse
515 1975 669 2023 extra
719 1966 1020 2022 Ecclesium
1061 1980 1169 2021 non
1198 1967 1532 2037 ignorantur.
1564 1964 1675 2020 lloc

113 2076 219 2117 vero
239 2063 542 2117 damnatum
587 2072 640 2117 et
685 2060 955 2131 abjectum
1002 2061 1126 2115 licet
1192 2063 1528 2130 frequenter,
1581 2059 1674 2114 sed

113 2155 173 2227 (ε)
188 2157 434 2210 internum
454 2155 617 2210 hodie
630 2153 806 2209 adhuc
833 2154 1030 2209 malum
1053 2162 1156 2208 est.
1185 2151 1352 2221 lmpie
1382 2152 1581 2207 multos
1608 2151 1674 2207 ad

110 2249 241 2304 unius
286 2247 376 2304 Dei
422 2248 814 2319 professionem
875 2247 1082 2304 Galatia
1135 2247 1215 2319 (ά)
1262 2248 1503 2302 nutrivit.
1538 2247 1676 2302 Male

115 2341 243 2415 177
279 2342 331 2397 in
368 2350 539 2397 totum
567 2357 706 2413 pene
748 2341 935 2396 orbem
985 2355 1122 2412 quos
1168 2351 1325 2410 negat
1352 2341 1494 2396 duos
1542 2340 1676 2397 deos

110 2434 404 2489 Alexandria
424 2434 495 2507 (e)
530 2434 772 2504 protulit.
800 2433 1065 2489 Pestifere
1093 2442 1277 2488 natum
1308 2433 1493 2488 Jesum
1513 2431 1674 2488 Chri-

109 2534 227 2581 stum
248 2543 313 2581 ex
336 2526 496 2582 Maria
527 2527 802 2581 Pannonia
837 2523 910 2599 (Γ)
941 2526 1200 2582 defendit.
1235 2526 1302 2581 Et
1333 2525 1572 2582 Ecclesia
1604 2526 1678 2580 in-

111 2629 180 2676 ter
202 2620 307 2677 htec
336 2621 668 2692 periclitatur
703 2619 985 2677 veritatem
1019 2635 1125 2676 nou
1169 2629 1354 2676 tenere
1399 2635 1494 2690 per
1523 2634 1673 2684 vera,

112 2710 216 2767 dum
244 2728 307 2768 ea
329 2715 378 2770 ei
403 2713 469 2768 ad
500 2712 953 2784 irreligiositatem
985 2713 1302 2783 ingeruntur
1325 2755 1342 2781 ,
1366 2712 1560 2782 quibus
1592 2730 1680 2768 re-

112 2806 220 2880 ligio
252 2819 302 2865 et
340 2809 694 2866 confirmatur
720 2853 733 2876 ,
776 2821 831 2866 et
875 2809 1109 2880 deperit.
1153 2810 1271 2866 Non
1314 2811 1457 2866 enim
1509 2827 1672 2867 unum

113 2898 254 2957 Dcutn
299 2902 383 2971 pie
433 2915 720 2973 possumus
770 2901 1099 2973 pra'dicarc,
1139 2903 1185 2958 si
1235 2904 1408 2959 solum
1450 2904 1676 2975 (supple,

114 2992 461 3062 praedicamus)
495 3011 509 3047 :
542 2992 663 3061 quia
696 3007 803 3048 non
849 2994 954 3049 erit
981 2993 1122 3049 Deus
1164 2993 1306 3049 filius
1350 2996 1404 3049 in
1445 2995 1674 3051 Solitarii

115 3083 221 3141 ﬁde.
247 3089 314 3143 At
342 3103 469 3143 vero
503 3087 598 3144 Dei
628 3086 830 3154 filium,
858 3086 999 3143 sicut
1033 3096 1138 3154 est,
1164 3087 1334 3145 Deum
1383 3089 1680 3157 praedicau-

1778 1878 2123 1935 habitacula:
2155 1878 2250 1935 sed
2287 1879 2691 1935 discedentibus
2738 1896 2802 1933 rx
2857 1895 2919 1934 ea
2973 1878 3265 1946 haereticis,
3296 1879 3382 1935 vel

1776 1970 2021 2042 abiectis,
2051 1982 2309 2042 quantum
2341 1970 2859 2027 amittitoccasionis
2888 1970 3177 2041 largiendm
3211 1986 3277 2025 ex
3320 1985 3383 2026 se

1776 2064 1988 2131 salutis,
2014 2074 2220 2119 tantum
2251 2063 2322 2136 (j)
2344 2058 2659 2134 adsequitur
2679 2063 2747 2119 ad
2780 2064 2937 2119 tidem
2976 2063 3294 2134 expetenda:
3316 2062 3385 2119 de

1777 2172 1837 2212 se
1858 2157 2224 2213 beatitudinis.
2280 2156 2548 2227 Cognosci
2589 2158 2733 2213 enim
2783 2157 2884 2213 hoc
2913 2172 2978 2213 ex
3012 2156 3142 2226 ipsis
3173 2157 3389 2212 lucreti-

1777 2265 1965 2306 corutn
2006 2250 2202 2305 studiis
2233 2252 2696 2320 promptissimum
2730 2261 2832 2307 cst.
2862 2250 3102 2321 Namque
3132 2267 3254 2305 cum
3286 2251 3388 2308 Ec-

1777 2345 1943 2401 clesia
1971 2360 2001 2399 a
2035 2344 2261 2400 Domino
2288 2344 2555 2407 instituta,
2576 2355 2630 2399 et
2653 2345 2721 2399 ab
2745 2345 3016 2414 Apostolis
3043 2346 3383 2409 conﬁrmata,

1778 2455 1883 2494 una
1916 2440 2155 2495 omnium
2182 2439 2286 2505 sit,
2317 2453 2384 2494 ex
2419 2454 2523 2508 qua
2565 2454 2625 2494 se
2667 2436 3005 2493 diversarum
3048 2439 3384 2509 impietatum

1779 2533 1965 2589 furens
1989 2532 2147 2606 178
2166 2547 2321 2588 error
2335 2530 2646 2592 absciderit;
2677 2546 2773 2587 nec
2793 2530 2974 2602 negari
2996 2532 3187 2600 possit,
3210 2547 3275 2588 ex
3311 2532 3389 2588 vi-

1782 2625 1857 2681 tio
1904 2623 1978 2696 (It)
2034 2624 2189 2679 mala:
2251 2621 2616 2693 intelligentia.-
2650 2664 2665 2687 ,
2717 2621 2838 2677 fidei
2883 2623 3157 2679 exstitisse
3221 2623 3387 2679 dissi-

1780 2715 1928 2771 dium
1952 2757 1967 2781 ,
2006 2715 2134 2771 dum
2162 2714 2318 2785 ,quod
2368 2714 2600 2784 legitur,
2633 2712 2817 2768 sensui
2868 2713 3045 2783 petius
3083 2723 3387 2784 coaptatur,

1780 2826 1940 2882 quam
1974 2809 2189 2866 lectioni
2240 2824 2430 2864 sensus
2459 2807 2800 2877 obtemperat
2832 2826 2844 2860 :
2890 2816 3068 2862 tamen
3107 2807 3232 2862 dum
3285 2808 3388 2864 sibi

1781 2910 1965 2974 partes
1994 2903 2218 2973 singulae
2245 2900 2624 2968 adversantur,
2660 2917 2765 2955 non
2797 2899 2968 2954 solum
3000 2900 3141 2964 suis,
3165 2902 3260 2957 sed
3293 2902 3391 2957 ad-

1782 2993 2111 3050 versantium
2162 3002 2246 3047 cst
2297 2991 2640 3062 intelligenda
2672 2991 2966 3056 doctrinis;
3025 3000 3079 3045 ut
3118 2990 3245 3046 dum
3293 2993 3390 3047 ad—

1783 3102 1997 3141 versum
2031 3101 2191 3140 uuam
2234 3100 2352 3140 eam
2383 3100 2574 3141 omnes
2603 3095 2729 3138 stmt
2751 3084 3151 3152 ,impiissimum
3205 3094 3384 3141 tamen

115 3187 180 3233 tes
202 3222 218 3248 ,
243 3181 611 3251 periclitamur
633 3180 711 3252 (in
753 3180 1032 3237 hominum
1070 3179 1493 3255 existimatione)
1523 3182 1680 3238 fidem
1710 3183 1754 3245 C
1785 3195 2026 3236 errorem
2054 3180 2296 3234 omnium
2328 3194 2420 3249 per
2448 3178 2499 3233 id
2520 3176 2661 3247 quod
2693 3178 2806 3232 sola
2833 3185 2919 3233 est
2944 3188 3106 3248 atque
3133 3194 3235 3232 una
3261 3194 3392 3236 con-

114 3268 191 3325 Dei
249 3275 403 3327 unius
448 3289 555 3328 non
614 3282 798 3328 tenere
844 3291 858 3327 :
909 3282 964 3327 et
1027 3273 1266 3343 ejusdem
1319 3274 1542 3346 periculi
1597 3290 1684 3330 res

115 3375 181 3420 est
200 3365 273 3435 (2)
300 3366 383 3441 (gi
413 3382 584 3423 unum
614 3382 830 3437 negare,
862 3366 1015 3436 cujus
1053 3375 1138 3422 est
1161 3372 1217 3421 et
1236 3367 1535 3422 solitarium
1557 3382 1687 3423 cnn-

116 3458 251 3515 ﬁteri.
280 3461 346 3517 Et
365 3460 482 3517 bene
501 3460 719 3531 quidem
745 3461 927 3515 mundi
956 3459 1117 3514 stulta
1140 3474 1244 3514 non
1272 3459 1529 3526 sentiunt,
1555 3459 1681 3514 dmn

116 3550 185 3607 liis
207 3568 374 3626 neque
401 3554 457 3610 in
487 3569 595 3609 non
627 3553 746 3610 solo
767 3552 1057 3625 significari
1087 3567 1226 3608 unus
1251 3550 1482 3621 videtur,
1513 3569 1687 3624 neque

118 3642 161 3699 in
182 3661 279 3702 uno
301 3662 411 3705 non
439 3646 588 3704 solus
621 3644 866 3717 intelligi.

198 3782 246 3839 il
268 3785 389 3839 auia
414 3784 482 3839 ab
506 3782 766 3839 omnibus.

198 3782 219 3836 Ι
338 3785 389 3839 ia
414 3784 482 3839 ab
506 3782 766 3839 omnibus.

177 3781 246 3926 iSi
268 3800 340 3910 Ζξ
370 3856 511 3912 iiber
540 3864 749 3918 noster,
775 3860 836 3908 ut
870 3860 991 3926 erat
1031 3850 1083 3906 in
1121 3850 1391 3926 prioribus
1437 3848 1691 3926 editioni-

120 3920 240 3991 busi
265 3943 425 3982 unum
454 3942 557 3981 non
580 3941 789 3997 negare,
820 3933 877 3979 ut
902 3923 956 3978 in
981 3920 1254 3994 postrema
1280 3921 1541 3989 habetur,
1573 3920 1689 3976 nul-

198 4056 246 4128 α)
265 4057 519 4125 Bad.,Er.
533 4067 589 4114 et
607 4056 825 4127 quidam
847 4070 979 4112 mss.
997 4054 1248 4126 angustiis
1266 4053 1519 4120 decidere,
1544 4052 1689 4128 Lips.

122 4124 292 4185 etPar.
319 4131 373 4185 in
397 4124 651 4201 angustiis
672 4128 903 4183 decidere
925 4143 943 4182 :
967 4124 1299 4197 castigantur
1319 4140 1383 4181 ex
1412 4140 1543 4180 mss.
1572 4124 1688 4179 Vat.

123 4195 243 4258 ἣδε..
268 4199 453 4258 Carm.
486 4201 671 4258 Μαι-ι..
702 4198 865 4254 Cori).
898 4208 1005 4254 etc.

153 4213 243 4265 δε..
268 4212 453 4266 unm,
486 4212 671 4265 ωτι,
702 4212 865 4254 ωτι).
898 4212 1005 4254 etc.

181 4269 252 4342 (b)
268 4271 478 4342 Lipsius
495 4282 636 4342 post.
659 4270 749 4342 Er.
772 4271 973 4342 quiest.
986 4268 1334 4342 Recentiures
1351 4282 1480 4323 mss.
1506 4267 1600 4342 qui
1619 4276 1685 4320 et.

126 4336 515 4401 mutatus-tiores-
536 4356 661 4399 cum
678 4336 811 4397 Bad'.
841 4341 976 4408 quod
993 4350 1090 4407 est,
1114 4340 1265 4412 quasi
1296 4341 1394 4394 hoc
1421 4347 1512 4412 est.
1546 4336 1688 4412 Pho-

127 4413 271 4468 tinum
311 4426 488 4469 autem
525 4414 649 4469 ideo
690 4412 984 4468 ilebionem
1012 4408 1199 4476 vocat,
1228 4426 1334 4465 non
1382 4408 1542 4464 modo
1568 4409 1690 4480 quia

126 4482 349 4540 haeresim
380 4486 526 4541 illius
551 4484 835 4540 suscitavit
859 4524 875 4544 .
906 4482 1000 4538 sed
1029 4493 1082 4538 et
1111 4485 1232 4552 quia
1259 4482 1353 4537 lib.
1396 4496 1433 4545 ι,
1467 4482 1519 4535 iu
1541 4495 1695 4549 argu-

126 4566 286 4611 mento
311 4557 472 4631 hujus
518 4556 665 4631 libri.
687 4555 757 4610 de
781 4553 1023 4631 lleb_ioue
1060 4551 1322 4631 agendum
1359 4553 1459 4608 sibi
1499 4565 1694 4631 prepno

126 4637 308 4682 sperat.
338 4628 488 4684 Unde
516 4639 574 4682 et
605 4628 795 4696 librum
824 4624 1056 4696 primum
1088 4635 1215 4678 ante
1254 4629 1395 4679 hunc
1419 4624 1689 4696 composi-

341 4676 573 4755 ῙίΙ-ιῦἶίιῖἶ
1260 4676 1494 4765 ignotam
1524 4676 1691 4748 fuisse
1716 4676 1773 4737 Ῐ)

128 4769 263 4841 nobis
282 4769 449 4826 videri
474 4770 587 4841 jam
622 4773 1059 4841 prmmonuimus.
1094 4767 1219 4821 Post
1242 4764 1409 4841 pauca
1444 4764 1500 4820 in
1519 4764 1696 4834 vulga-

127 4838 185 4893 tis
203 4857 264 4895 σε
290 4836 883 4912 ρτοίειέιωιεύεήιαιὶε,
914 4840 1002 4893 ubi
1028 4852 1094 4894 ex
1126 4836 1255 4893 mss.
1283 4836 1587 4893 restitutum
1611 4842 1695 4890 est

126 4926 180 4964 ex
194 4912 527 4986 professionis
546 4913 772 4986 ueritate.

207 4978 255 5056 ξ)
282 4978 441 5039 Solus
468 4983 653 5056 codex,
673 4981 791 5056 Vat.
818 4981 933 5056 bas.
963 4978 1375 5056 internumﬂiud
1400 4979 1589 5056 adhuc.

207 5050 263 5127 ἆ)
289 5055 543 5111 Marcello
574 5055 825 5108 videlicet
850 5054 1077 5127 ancyrte
1115 5053 1168 5127 in
1203 5050 1413 5127 Galatia
1438 5050 1693 5127 epicopo

130 5118 440 5195 praeceptore
460 5141 526 5181 ac
552 5127 827 5194 magistro.
844 5118 1043 5195 Neque
1068 5123 1212 5177 enim
1232 5120 1299 5195 ad
1315 5118 1485 5195 aliud
1504 5118 1693 5195 referri

131 5192 312 5267 queunt
338 5196 455 5254 hmo
484 5192 797 5267 Hieronymi
822 5194 902 5267 de
924 5193 1122 5263 Script.
1145 5193 1281 5267 eccl.
1313 5192 1385 5267 in_
1402 5193 1691 5267 Marcello;

132 5266 224 5322 Sed
243 5278 291 5323 et
325 5267 564 5324 Hilarius
592 5262 808 5338 septimo
836 5264 1110 5338 adversum;
1128 5264 1347 5338 Arianae
1368 5262 1497 5318 libro
1531 5263 1697 5338 itemi-

134 5338 328 5414 Iieeju
342 5343 495 5414 quasi
515 5332 748 5414 heretici
775 5337 1040 5414 menuuit‘:
1061 5336 1149 5414 ubi
1175 5335 1529 5414 Hieronymus
1557 5332 1694 5387 Mar-

133 5408 307 5467 oelltim
338 5408 412 5467 ita
452 5409 620 5467 dubio
649 5410 835 5479 procul
873 5408 1156 5470 intellexit,
1187 5413 1246 5460 ut
1264 5409 1426 5461 etiam
1455 5420 1699 5459 nomina-

136 5488 232 5551 tuin
250 5483 546 5551 scripserit,
580 5480 839 5535 memoria
855 5479 1083 5551 forsitan
1114 5481 1184 5532 ita
1210 5489 1554 5551 suggerente.

196 5550 266 5623 (e)
289 5544 446 5620 Ar'in,
468 5544 546 5608 uti
572 5565 766 5606 omnes
784 5549 984 5623 vident,
1010 5560 1232 5623 auctore
1251 5566 1263 5601 :
1282 5544 1700 5623 ‘qui‘tlnos‘deus

135 5617 183 5674 ia
202 5616 383 5681 urbem
404 5616 635 5686 invexit,
660 5637 782 5677 cum
802 5619 1010 5674 Patrem
1035 5620 1204 5676 Deum
1222 5635 1283 5673 ac
1306 5616 1497 5674 Filium
1528 5616 1696 5671 Demn

136 5692 303 5751 dicens
324 5705 384 5751 et
432 5697 654 5759 colens,
685 5701 971 5761 utrumque
1017 5691 1245 5746 diversae
1272 5690 1588 5761 substantiae
1608 5702 1702 5761 as-

138 5766 321 5823 seruit:
334 5757 816 5837 iactitabattamen
834 5757 900 5817 se
918 5778 1081 5819 unum
1106 5761 1329 5821 omnino
1346 5760 1514 5827 Deum
1539 5757 1698 5825 velle,

558 5862 840 5923 Ρηιιοι.
915 5857 997 5919 X.

1788 3273 1943 3329 futet.
1998 3271 2247 3328 lla-retici
2293 3271 2455 3344 igitur
2499 3286 2689 3327 omnes
2735 3282 2922 3327 contra
2953 3270 3249 3326 Ecclesium
3303 3290 3396 3328 ve-

1789 3368 1944 3423 niunt
1974 3386 1986 3421 :
2020 3366 2113 3422 sed
2137 3366 2262 3421 dum
2294 3364 2535 3421 hzrretici
2567 3380 2756 3420 omnes
2786 3379 2845 3420 se
2876 3363 3106 3421 invicem
3144 3365 3390 3433 vincunt,

1791 3460 1923 3516 nihil
1948 3467 2126 3514 tamen
2157 3457 2260 3515 sibi
2291 3467 2529 3513 Vincunt.
2556 3457 2791 3513 Victoria
2825 3458 2967 3513 enim
3018 3474 3202 3515 eorum
3226 3502 3241 3525 ,
3289 3459 3391 3514 Ec-

1789 3553 1969 3611 clesia:
1999 3551 2303 3623 triumphus
2329 3566 2392 3606 ex
2409 3549 2658 3605 omnibus
2684 3559 2790 3617 est,
2817 3549 2893 3623 (ὅ)
2924 3549 3051 3605 dum
3082 3568 3147 3607 eo
3169 3551 3392 3606 haeresis

1790 3654 1976 3701 contra
2001 3643 2224 3699 alteram
2260 3651 2480 3715 pugnat,
2507 3645 2648 3714 quod
2679 3645 2732 3700 in
2763 3644 2955 3702 Incresi
3004 3648 3171 3704 altera
3208 3647 3394 3705 Eccle-

1792 3778 1896 3835 lius
1920 3779 2144 3849 periculi
2167 3793 2254 3834 res
2281 3789 2449 3835 esset.

1868 3854 1947 3924 (3)
1976 3849 2117 3905 Dum
2141 3852 2196 3905 in
2222 3866 2301 3905 eo.

1798 4048 1935 4105 duos
1961 4062 2181 4119 negare.
2215 4045 2371 4119 Unde
2421 4046 2753 4116 Augustinus
2807 4060 2993 4106 contra
3039 4049 3386 4111 Maximinum

1796 4120 2013 4176 Arianae
2040 4127 2203 4175 secta:
2230 4118 2491 4174 fautorem
2521 4119 2613 4173 lib.
2657 4135 2700 4183 ι,
2732 4135 2781 4174 c.
2814 4121 2840 4176 1
2876 4139 2889 4174 :
2925 4121 3024 4177 Ubi
3049 4126 3170 4178 aisti
3190 4144 3223 4180 a
3248 4128 3389 4184 vobis

1797 4208 1958 4247 unum
1990 4190 2151 4263 Deum
2185 4190 2286 4244 coli
2306 4206 2325 4243 :
2366 4205 2674 4257 consequens
2694 4201 2768 4244 est
2788 4232 2803 4253 ,
2826 4192 3063 4263 inquam,
3093 4206 3152 4248 ut
3180 4209 3269 4252 aut
3285 4216 3391 4255 non

1793 4263 1972 4318 colatis
1998 4261 2301 4325 Christum,
2329 4272 2419 4315 aut
2468 4276 2570 4314 non
2604 4276 2761 4315 unum
2811 4261 2981 4318 Deum
3028 4266 3242 4335 calatis,
3299 4271 3389 4325 ard

1795 4335 1943 4389 duos.

1867 4404 1937 4481 (ί)
1982 4404 2114 4460 Puta
2161 4418 2256 4472 per
2297 4399 2591 4481 Photinum
2646 4403 2999 4481 Sirmiensem
3026 4409 3336 4481 episcopum
3370 4452 3387 4474 ,

1796 4473 1951 4545 cuius
1979 4490 2133 4530 error
2161 4488 2264 4529 non
2294 4474 2347 4545 iu
2373 4489 2438 4545 eo
2456 4473 2544 4527 hic
2565 4479 2816 4544 ponitur,
2848 4479 2990 4545 quod
3019 4473 3289 4537 Christum
3319 4473 3383 4538 ex

1798 4544 1964 4621 Maria
1993 4557 2176 4601 natum
2208 4544 2616 4621 defendat,_»sed
2658 4546 2800 4616 quod
2831 4544 3207 4621 temporariam
3239 4553 3383 4608 illam

1800 4618 2134 4674 nativitatem
2161 4621 2331 4673 solam
2360 4617 2637 4684 praedicet.

1870 4688 1948 4763 (g)
1981 4687 2122 4744 Etliti
2150 4697 2377 4763 excepto
2403 4687 2526 4742 Par.
2551 4704 2710 4742 unum
2743 4687 2909 4744 Deum
2955 4708 3161 4763 negare.
3196 4693 3387 4749 Verius

1798 4761 1921 4833 Par.
1952 4776 2074 4815 cum
2108 4762 2406 4829 potioribus
2435 4774 2565 4813 Itlss.
2596 4776 2752 4833 unum
2777 4761 3116 4833 nonnegare:
3156 4766 3256 4819 ltoc
3277 4778 3382 4828 est.

1796 4831 1890 4901 qui
1916 4848 2080 4886 unum
2112 4832 2331 4903 Arianis
2378 4831 2927 4903 prmtlicantibnsnnu
2964 4831 3129 4903 negat
3158 4875 3172 4896 ,
3202 4838 3382 4891 statim

1793 4918 1916 5029 ῗιιιιι
1945 4903 2134 4959 iisdem
2169 4901 2383 4957 videtur
2427 4902 2635 4969 facere,
2676 4910 2731 4956 et
2770 4900 2908 4958 Filio
2932 4900 3263 4960 divinitatem
3290 4921 3388 4963 au-

1817 4991 1958 5029 erre.

1817 4991 1958 5030 erre.

1870 5044 1952 5118 (Ιι)
1984 5045 2102 5118 EB,
2142 5043 2290 5114 Lips.
2318 5051 2375 5099 et
2393 5042 2539 5118 _Par.
2580 5043 2925 5118 iutelliginou
2954 5046 3147 5111 possit:
3173 5048 3310 5104 male
3335 5059 3391 5106 et

1796 5113 2176 5188 praeterﬁdem
2207 5113 2357 5188 A'tnss.
2390 5113 2563 5188 Porro
2590 5115 2730 5188 quod
2776 5116 2861 5168 hic
2887 5114 2955 5170 tle
2990 5119 3212 5172 veritate
3237 5160 3250 5180 .
3283 5119 3386 5177 hoc

1802 5183 1925 5242 mox
1954 5185 2154 5241 clarius
2172 5184 2253 5257 Ade
2284 5183 2521 5257 Ecclesia
2564 5184 2893 5257 aliirmatur,
2927 5198 2980 5241 ut
3016 5204 3133 5257 quae
3176 5206 3277 5243 non
3304 5210 3388 5246 so-

1802 5259 1909 5313 lum
1929 5257 2032 5310 suis
2050 5297 2065 5321 ,
2091 5255 2181 5309 sed
2208 5255 2591 5326 adversantium
2615 5265 2690 5309 est
2723 5255 3055 5326 intelligendo
3083 5261 3348 5317 doctrinis.

1875 5328 1938 5403 (ι)
1956 5326 2076 5381 Vat.
2107 5326 2217 5403 bis.
2251 5324 2476 5403 rum-uult
2501 5342 2721 5380 munere.
2746 5325 2866 5381 Mox
2892 5324 2996 5383 soli
3019 5329 3171 5396 editi,
3193 5332 3393 5403 aliquos

1802 5395 2055 5471 obiicere:
2079 5395 2473 5471 refragantibus
2508 5411 2638 5451 mss.

1878 5469 1946 5540 ti)
1973 5468 2321 5540 Martinianus
2349 5468 2519 5540 codex
2542 5510 2554 5526 .
2585 5468 2929 5537 consequitur.
2958 5470 3081 5525 Par.
3105 5487 3227 5527 cum
3259 5493 3390 5534 mss.

1806 5538 1958 5598 Culb.
1983 5554 2031 5594 et
2051 5538 2235 5618 Germ.
2258 5554 2320 5592 ea:
2339 5538 2586 5609 sequitur.
2613 5540 2816 5595 Deinde
2836 5541 2998 5595 (lorli.
3023 5546 3393 5618 expendendw,

1807 5628 1913 5668 non
1938 5609 2252 5683 expetenda.

1882 5682 1958 5756 (k)
1992 5679 2048 5736 fu
2076 5696 2214 5759 "iss.
2237 5679 2491 5759 bas.__\[at.
2521 5693 2575 5736 et
2603 5681 2777 5759 Mart;
2788 5684 2920 5737 male
2933 5684 3219 5759 intellecta:
3243 5690 3399 5759 ﬁdei:

1809 5750 2083 5825 corrupte.
2117 5750 2331 5809 Vidcsis
2351 5751 2446 5809 lib.
2480 5769 2541 5821 ιι,
2572 5768 2722 5811 num.
2746 5753 2819 5821 ὃς
2851 5761 2908 5809 et
2933 5755 3028 5813 lib.
3063 5773 3103 5825 ι,
3152 5775 3208 5814 ιι.
3243 5750 3331 5818 18.

2852 5851 2893 5912 7
