3930 6194
490 253 596 310 207

1681 244 1929 302 SANCTI
1970 241 2222 300 lllLAllll
2262 242 2572 300 EPISCOPI

3674 240 3763 298 208

491 369 570 441 (α)
608 367 911 423 Pharaoni?
931 367 1036 422 Aut
1057 363 1310 434 numquid
1341 363 1392 419 ei
1428 370 1672 418 naturam
1702 363 1797 417 Dei
1824 360 2096 429 intulit,et
2125 366 2168 423 Α
2201 360 2483 431 progenies
2514 360 2750 430 perfecta
2781 377 2795 411 :
2824 357 2943 429 quia
2975 358 3226 413 nativitas
3272 372 3379 412 non
3422 354 3584 411 habet
3616 354 3765 411 detri-

489 479 601 519 non
619 462 795 532 petius
813 461 864 515 iu
886 475 1006 515 eum
1027 458 1115 528 qui
1145 465 1408 512 metueret
1433 466 1720 523 terrorem,
1738 470 1861 509 eum
1885 455 2077 510 draco-

492 569 592 610 nes
622 558 857 624 magieos
884 551 1045 606 draco
1075 549 1244 622 Moysi
1268 564 1392 603 mox
1413 548 1560 620 virga
1583 562 1806 602 manens
1833 547 2075 611 devorat,

494 662 617 704 cum
641 643 977 717 cynomyiam
1001 657 1160 715 quam
1178 642 1488 697 immiserat
1512 639 1696 712 abigit,
1718 655 1838 695 cum
1864 639 2083 710 grandi-

492 755 618 797 nem
636 745 901 811 potestate
922 752 1024 807 qua
1054 745 1373 791 evocaverat
1388 735 1604 801 avertit,
1627 749 1747 789 cum
1764 735 1999 788 Iocustas
2021 746 2082 787 ea

492 832 690 885 virtute
742 843 842 898 qua
900 828 1180 883 invexerat
1208 826 1425 897 repulit,
1449 840 1572 881 eum
1604 825 1657 879 in
1682 823 2087 895 operationibus

493 922 611 993 ejus
632 921 772 992 magi
797 920 1122 977 conﬁtentur
1151 920 1374 991 digitum
1408 918 1501 974 Dei
1527 916 2072 991 esse(Ea:od.vu,12;

490 1031 608 1085 vni,
644 1017 736 1082 ὄις
765 1030 840 1082 lx,
864 1016 936 1072 33
954 1031 970 1082 ;
988 1031 1044 1080 χ,
1070 1013 1168 1080 19;
1197 1029 1313 1079 vm,
1332 1010 1458 1085 l9)?
1479 1012 1569 1068 Sic
1588 1011 1798 1083 Moyses
1822 1009 2088 1066 Pharaoni

492 1108 629 1165 deus
655 1108 814 1163 datus
841 1114 957 1168 est.
988 1106 1114 1163 dum
1153 1108 1392 1172 timetur,
1426 1104 1504 1179 (ὁ)
1538 1105 1666 1160 dum
1707 1115 1891 1160 oratur
1915 1146 1930 1171 ,
1961 1104 2089 1160 dum

492 1200 670 1271 punit,
700 1198 829 1254 dum
882 1199 1148 1253 medetur.
1181 1196 1250 1251 Et
1289 1196 1434 1251 aliud
1463 1206 1548 1252 est
1592 1196 1754 1252 deum
1778 1196 1915 1259 dari,
1949 1195 2093 1251 aliud

491 1302 579 1350 est
609 1294 778 1348 Deum
808 1306 945 1347 esse.
980 1289 1058 1363 (1)
1092 1292 1165 1362 (c)
1196 1292 1252 1346 In
1283 1290 1619 1346 Pharaonem
1659 1290 1803 1346 enim
1832 1290 1965 1346 deus
2001 1291 2098 1342 da-

493 1393 582 1440 tus
603 1394 687 1440 est
717 1402 732 1439 :
765 1393 1019 1438 caeterum
1060 1398 1165 1437 non
1190 1382 1240 1436 ei
1270 1389 1356 1437 est
1391 1392 1445 1437 et
1475 1389 1664 1437 natura
1691 1392 1744 1437 el
1772 1396 1968 1438 nomen
1993 1423 2009 1448 ,
2039 1389 2098 1436 ut

493 1479 637 1533 Deus
658 1476 749 1532 sit.
779 1476 997 1532 Memini
1031 1490 1247 1546 quoque
1278 1483 1334 1531 et
1374 1475 1596 1530 alterius
1641 1474 2059 1544 nuncupationis
2079 1514 2095 1542 ,

493 1570 584 1625 ubi
616 1568 835 1637 dicitur,
866 1567 979 1642 Ego
1007 1569 1138 1635 dixi,
1172 1568 1246 1622 dii
1276 1569 1397 1623 estis
1419 1567 1601 1640 (Psat.
1628 1584 1811 1635 um,
1841 1567 1913 1640 6)
1940 1609 1955 1634 ,
2001 1569 2097 1623 sed

491 1661 548 1717 in
569 1675 637 1717 eo
665 1661 856 1716 indulti
879 1661 1113 1716 nominis
1142 1661 1465 1732 significatio
1490 1671 1593 1716 est.
1622 1662 1688 1714 Et
1717 1662 1804 1715 ubi
1838 1660 2095 1724 refertur,

2184 466 2428 509 mentum
2457 453 2780 525 generandi,
2806 468 2929 506 cum
2962 451 3263 522 profectum
3292 459 3472 506 teneat
3510 451 3765 511 nascendi,

2182 547 2249 603 Et
2272 546 2474 602 idcirco
2497 561 2681 602 earum
2703 561 2881 601 rerum
2917 544 3195 615 unigenito
3229 545 3340 598 Deo
3365 543 3545 612 aptata
3574 556 3752 611 cogno-

2185 641 2328 696 mina
2359 650 2503 706 sunt,
2533 655 2653 710 quin
2680 654 2801 695 cum
2828 654 2952 695 eum
2984 638 3371 694 subsistentem
3399 651 3472 691 ex
3504 636 3762 691 nativitate

2186 742 2591 799 consummant,
2619 743 2802 789 tamen
2829 730 2906 805 (h)
2928 732 3071 787 Patri
3096 729 3261 787 insint
3287 745 3354 786 ex
3389 728 3770 785 indemutabilis

2186 828 2390 883 virtute
2415 835 2643 881 naturze.
2674 826 2996 896 Unigenitus
3036 824 3183 880 enim
3233 823 3380 878 Deus
3419 820 3641 877 verbum
3679 830 3766 889 est,

2190 918 2285 975 sed
2312 916 2654 973 innascibilis
2681 917 2841 973 Pater
2863 931 3156 987 numquam
3189 915 3415 970 omnino
3461 915 3581 971 sine
3610 912 3768 969 Verbo

2194 1020 2277 1068 est
2309 1029 2322 1066 :
2352 1027 2462 1067 non
2489 1010 2633 1082 quod
2662 1012 2892 1081 prolatio
2923 1010 3071 1065 vocis
3103 1016 3293 1063 natura
3322 1006 3402 1080 (Ξ)
3430 1006 3496 1080 (i)
3524 1008 3594 1061 sit
3626 1006 3766 1072 Filii;

2194 1103 2292 1161 sed
2322 1120 2387 1159 ex
2417 1103 2528 1159 Deo
2555 1104 2696 1158 Deus
2724 1119 2845 1158 cum
2888 1101 3184 1158 nativitatis
3210 1102 3443 1156 veritate
3459 1098 3765 1166 subsistens,

2193 1204 2307 1250 uta
2329 1195 2491 1251 Patre
2521 1196 2776 1264 proprius
2803 1202 2859 1250 et
2893 1210 2989 1264 per
3027 1204 3236 1249 natura:
3264 1191 3675 1249 indiﬂ'erentiam
3703 1193 3770 1247 in-

2197 1289 2525 1355 separabilis
2543 1288 2836 1344 doceretur
2855 1331 2870 1356 ,
2900 1288 3235 1359 signitieatns
3266 1289 3320 1343 in
3347 1287 3515 1343 verbo
3543 1295 3641 1343 est.
3672 1287 3770 1344 Sie-

2195 1389 2257 1437 ut
2292 1381 2539 1438 Christus
2566 1380 2828 1452 sapientia
2870 1389 2925 1437 et
2960 1381 3129 1436 virtus
3160 1380 3252 1436 Dei
3295 1388 3415 1447 est,
3450 1395 3554 1435 non
3585 1380 3696 1445 ille,
3724 1388 3771 1436 ut

2197 1474 2427 1545 intelligi
2454 1475 2628 1542 solet,
2661 1474 2887 1530 internae
2936 1473 3220 1544 potestatis
3248 1483 3341 1529 aut
3377 1487 3572 1530 sensus
3606 1473 3770 1529 emes:

2199 1577 2379 1623 motus
2409 1586 2420 1621 :
2446 1568 2541 1624 sed
2566 1577 2756 1623 natura
2783 1577 2971 1623 tenens
2998 1583 3098 1640 per
3118 1567 3455 1623 nativitatem
3482 1567 3771 1623 substantia:

2202 1661 2506 1725 veritatem,
2541 1658 2627 1715 bis
2652 1659 2984 1715 internarum
3019 1674 3200 1715 rerum
3238 1658 3541 1730 signiﬁcata
3570 1657 3774 1714 nomini-

494 1772 585 1827 ego
610 1755 743 1821 dixi,
766 1755 1036 1826 loquentis
1082 1756 1261 1824 potius
1290 1765 1374 1810 est
1417 1769 1615 1820 sermo,
1665 1769 1823 1823 quam
1869 1753 1945 1808 rei
1997 1769 2096 1808 no-
2127 1773 2177 1835 Β
2203 1754 2305 1810 bus
2332 1763 2436 1809 est.
2467 1752 2584 1809 Non
2614 1756 2761 1808 enim
2782 1752 2835 1808 id
2867 1794 2881 1818 ,
2913 1754 3058 1823 quod
3088 1751 3363 1808 nascendo
3390 1752 3668 1817 subsistit,
3695 1765 3776 1821 po-

492 1864 618 1904 meu
644 1865 660 1903 :
693 1848 815 1919 quia
847 1848 926 1904 rei
954 1863 1150 1903 nomen
1180 1847 1586 1918 intelligentiam
1614 1848 1690 1903 rei
1717 1846 1895 1913 ail'ert,
1927 1857 2091 1902 cane-

486 1959 611 2001 rum
638 1944 884 1999 voluntas
905 1942 1287 2014 appellationis
1308 1957 1374 1998 ex
1397 1941 1506 1997 alio
1530 1952 1633 1997 cst.
1655 1942 1722 1996 Et
1751 1941 1841 1995 ubi
1870 1955 1931 1996 se
1957 1956 2095 1995 nun-

491 2034 799 2107 cupationis
824 2041 1015 2089 auctor
1036 2031 1304 2100 ostendit,
1334 2032 1407 2087 ibi
1439 2047 1535 2102 per
1567 2014 1875 2087 sermonem
1908 2042 2096 2096 aucto-

489 2128 571 2185 ris
620 2139 704 2185 est
756 2128 1127 2199 nuncupatio,
1182 2141 1289 2183 non
1342 2125 1590 2181 naturale
1645 2142 1841 2181 nomen
1899 2125 1951 2180 in
2005 2140 2098 2196 ge-

493 2235 650 2276 nere.

569 2314 655 2368 li.
692 2312 860 2368 Filius
900 2329 995 2369 cur
1042 2314 1269 2380 verbum,
1302 2314 1556 2383 sapientia
1583 2323 1630 2368 et
1656 2315 1812 2369 virtus
1836 2318 2097 2387 sagnomi-

492 2418 663 2465 netur.
702 2408 870 2463 Filius
901 2418 994 2473 est,
1017 2419 1073 2464 ut
1097 2410 1305 2476 dicitur,
1330 2408 1489 2464 Deus.
1515 2440 1586 2451 --
1610 2411 1677 2463 At
1700 2424 1829 2465 vero
1856 2410 1942 2464 hic
1961 2409 2096 2466 Ver~

494 2502 623 2559 bum
671 2502 813 2557 Deus
853 2510 976 2558 est:
1006 2502 1083 2574 (ά)
1132 2517 1221 2558 res
1266 2501 1451 2557 existit
1478 2504 1529 2556 in
1560 2501 1771 2569 Verbo,
1800 2502 1963 2558 Verbi
2010 2513 2098 2557 res

493 2596 809 2650 enuntiatur
838 2595 892 2649 in
925 2595 1159 2650 nomine.
1188 2593 1347 2651 Verbi
1382 2595 1525 2649 enim
1569 2594 1862 2665 appellatio
1905 2595 1956 2648 in
1999 2594 2098 2649 Dei

493 2686 608 2742 ﬁlio
632 2687 701 2743 de
730 2697 1071 2743 sacramento
1099 2687 1396 2742 nativitatis
1421 2696 1529 2753 est,
1557 2687 1715 2741 sicuti
1745 2686 2024 2756 sapientite
2045 2694 2101 2741 et

492 2779 712 2834 virtutis
733 2790 810 2834 est
837 2793 1032 2833 nomen
1060 2796 1073 2832 :
1099 2794 1218 2848 qua:
1242 2792 1363 2833 cum
1392 2775 1463 2850 (e)
1486 2777 1540 2831 in
1569 2777 1736 2832 Deum
1777 2778 1942 2830 tilium
1976 2792 2097 2831 cum

493 2870 790 2926 substantia
812 2886 953 2926 verae
978 2869 1270 2924 nativitatis
1298 2868 1627 2935 exstiterint,
1663 2867 1730 2940 (Γ)
1753 2867 1867 2922 Deo
1894 2875 2097 2937 tamen,

491 2972 655 3019 utsua
682 2962 920 3034 propria,
945 2961 1189 3032 quamvis
1211 2976 1274 3016 ex
1303 2974 1369 3014 eo
1395 2961 1445 3014 in
1464 2958 1632 3015 Deum
1655 2962 1762 3015 sint
1780 2962 1936 3034 183
1953 2973 2097 3031 nata,

491 3055 829 3111 nondesunt.
864 3052 981 3107 Non
1003 3052 1326 3117 enim,sicut
1355 3051 1881 3124 frequenterdictutu
1898 3071 1927 3109 a
1946 3056 2100 3112 nobis

2202 1855 2310 1903 test
2335 1847 2385 1901 id
2407 1848 2584 1918 ipsum
2609 1845 2780 1902 videri
2813 1861 2958 1911 esse,
2993 1845 3138 1916 quod
3169 1844 3465 1916 unicuique
3490 1844 3559 1919 (j)
3584 1858 3779 1913 semper

2199 1939 2469 1994 internum
2515 1947 2618 1995 est.
2648 1938 2754 1995 Sed
2806 1955 2870 1993 ex
2926 1947 3134 1994 τηετιιο
3172 1939 3283 1994 Deo
3315 1947 3469 2007 patre
3498 1938 3780 2007 unigenitas

2210 2032 2357 2087 ﬁlius
2388 2033 2440 2086 in
2482 2032 2866 2087 subsistentem
2897 2031 3067 2086 Deum
3119 2042 3297 2096 natus,
3337 2039 3398 2085 ut
3448 2046 3554 2086 non
3598 2030 3783 2085 alienus

2199 2140 2322 2181 esse
2344 2142 2376 2181 a
2406 2134 2600 2181 natura
2624 2135 2863 2196 paternae
2888 2123 3187 2181 divinitatis
3212 2136 3397 2195 posset
3427 2126 3670 2198 intelligi,
3699 2140 3783 2196 per

2200 2217 2319 2273 htec
2361 2218 2750 2288 praprietatum
2792 2218 3010 2272 nomina
3056 2216 3359 2273 subsistens
3402 2227 3651 2274 o~tensus
3688 2227 3780 2284 est,

2200 2312 2395 2383 quibus
2428 2311 2505 2385 (It)
2533 2327 2597 2367 ex
2649 2328 2757 2380 quo
2794 2312 3109 2367 substiterat
3150 2327 3254 2366 non
3285 2313 3524 2368 carebat.
3546 2312 3683 2369 Deus
3702 2312 3785 2382 igi-

2203 2415 2287 2462 tur
2312 2409 2401 2475 qui
2432 2419 2535 2474 est,
2570 2423 2674 2462 non
2707 2415 2790 2463 est
2833 2407 2980 2464 aliud
3005 2422 3165 2478 quam
3197 2408 3360 2463 Deus.
3386 2407 3522 2463 Nam
3550 2423 3667 2463 cum
3695 2422 3780 2462 au-

2201 2498 2315 2562 dio,
2344 2498 2408 2553 Et
2444 2499 2582 2554 Deus
2619 2510 2727 2554 erat
2764 2498 3023 2563 Verbum;
3053 2516 3157 2554 non
3202 2499 3407 2555 dictum
3432 2500 3605 2556 solum
3643 2498 3784 2555 audio

2202 2592 2437 2648 Verbum
2472 2591 2535 2664 (Ι)
2569 2593 2733 2648 Deum
2762 2636 2777 2659 ,
2812 2594 2905 2648 sed
2935 2592 3368 2648 demonstratum
3411 2593 3652 2662 intelligo
3677 2604 3785 2648 esse

2201 2684 2345 2754 quod
2377 2683 2516 2739 Deus
2544 2694 2627 2738 est
2656 2703 2669 2739 :
2699 2681 2794 2756 (m)
2826 2685 2947 2753 quia
2976 2684 3116 2739 sicut
3144 2683 3396 2753 superius
3425 2684 3479 2738 in
3511 2682 3784 2754 Moysedeo

2203 2786 2257 2832 et
2285 2778 2338 2831 in
2366 2779 2765 2848 cognominatis
2790 2777 2892 2832 diis
2916 2790 3011 2845 per
3031 2776 3451 2848 appellationem
3484 2790 3676 2832 nomen
3703 2773 3787 2829 ad-

2198 2869 2402 2941 jectum
2436 2870 2506 2924 sit
2529 2886 2544 2932 ;
2571 2869 2658 2925 hic
2681 2878 2862 2925 autem
2895 2868 2976 2941 (η)
3006 2884 3096 2925 res
3142 2868 3442 2940 signiﬁcata
3489 2867 3785 2924 substantia

2204 2974 2286 3021 est
2309 3006 2323 3031 ,
2353 2980 2476 3019 cum
2501 2964 2717 3031 dicitur,
2744 2963 2885 3018 Deus
2924 2972 3053 3018 erat.
3084 2963 3217 3019 Esse
3237 2964 3384 3020 enim
3419 2978 3527 3018 non
3558 2971 3639 3019 est
3658 2960 3787 3017 acci-

2205 3058 2340 3114 dens
2398 3073 2636 3124 namen,
2684 3058 2780 3112 sed
2831 3055 3137 3111 subsistens
3185 3054 3424 3122 veritas,
3478 3062 3534 3111 et
3580 3065 3786 3109 manens

494 3158 599 3209 est,
632 3145 710 3219 (g)
739 3144 1019 3200 divisionis
1046 3144 1100 3197 in
1132 3142 1291 3207 Filio,
1323 3145 1415 3198 sed
1450 3146 1743 3200 nativitatis
1786 3162 2099 3205 sacramen-
2128 3163 2174 3227 ρ
2207 3166 2389 3213 causa,
2417 3160 2471 3205 et
2501 3149 2763 3205 naturalis
2792 3149 3008 3219 generis
3039 3148 3361 3218 proprietas.

492 3247 605 3293 tum
633 3236 1011 3307 praedicamus.
1040 3233 1149 3290 Nec
1176 3235 1446 3306 separatio
1488 3234 1587 3290 fuit
1617 3236 1933 3308 imperfecta
1951 3282 1965 3307 ,
1998 3242 2094 3297 sed

566 3351 647 3427 (1)
677 3350 744 3409 In
768 3352 1024 3410 Faraone.

564 3469 639 3542 (ιι)
666 3469 720 3524 lu
752 3468 1004 3540 vulgatis,
1038 3479 1094 3524 ut
1122 3480 1176 3525 et
1208 3468 1375 3542 Paulo
1404 3477 1547 3536 ante,
1583 3466 1747 3523 Deum
1776 3468 2086 3528 Pharaonis.

494 3539 595 3595 tne
622 3539 729 3594 non
778 3539 1037 3608 repetitur
1065 3557 1164 3594 vox
1198 3540 1361 3593 Deum
1392 3546 1441 3593 in
1475 3555 1605 3594 mss.
1637 3556 1863 3607 qUornm
1893 3544 1944 3596 in
1994 3559 2089 3599 ve-

491 3610 813 3683 tustioribus
850 3611 1077 3665 habetur
1119 3611 1329 3664 Pharao
1352 3652 1365 3673 ,
1405 3612 1506 3664 hoc
1537 3611 1753 3664 nomine
1778 3612 1930 3683 juxta
1956 3629 2091 3683 grte-

493 3697 618 3737 cum
669 3682 794 3757 est.»
849 3686 1073 3757 ψαραέι.
1108 3697 1202 3749 per
1230 3682 1408 3757 varios
1436 3695 1594 3757 casus
1622 3697 1726 3735 non
1758 3682 1999 3739 inﬂexo:
2037 3687 2088 3741 in

499 3753 715 3823 caeteris
741 3751 944 3823 autem,
974 3751 1261 3818 Pharaoni,
1291 3753 1485 3823 quibus
1512 3751 1646 3806 intra
1673 3757 2016 3811 consentiunt
2036 3767 2091 3812 et

498 3822 652 3885 editi,
684 3822 895 3893 favente
915 3820 1206 3893 Ambrosio
1236 3820 1392 3891 epist.
1414 3837 1561 3893 nunc
1582 3838 1772 3889 xxvtu,
1806 3843 1859 3879 ιι.
1901 3825 1934 3881 8
1955 3868 1970 3893 ,
2000 3829 2090 3883 ubi

496 3894 648 3964 legit,
670 3889 885 3946 Faciam
907 3902 953 3948 te
975 3893 1026 3947 in
1046 3890 1214 3947 Deum
1232 3889 1339 3967 regi
1356 3892 1647 3947 Pharaoni:
1669 3896 1759 4018 (Bri
1780 3895 1913 3950 alias
1932 3889 2093 3953 etiam

496 3964 554 4018 in
600 3963 816 4018 casibus
861 3964 1092 4018 obliouis
1138 3966 1454 4018 olerumoue
1497 3964 1647 4018 ponit
1724 3965 1905 4018 Ituran.
1938 3968 2093 4018 nitod

496 3963 575 4038 in;
600 3963 822 4038 casibus
861 3964 1092 4034 obliquis
1138 3963 1463 4038 plerumque
1497 3964 1647 4038 ponit
1679 3963 1905 4022 Pharao.
1938 3968 2094 4038 Quod

493 4033 726 4090 Hilarius
772 4034 859 4107 bic
912 4033 1238 4091 ex’nom’ine
1283 4033 1379 4107 Dei
1422 4036 1741 4107 simpliciter
1765 4046 1819 4093 et
1845 4033 2095 4097 absolute

492 4107 621 4178 dato
646 4105 865 4161 cottticit
893 4119 1287 4178 argumentum,
1323 4106 1438 4163 fuse
1467 4105 1813 4178 persequitur
1835 4108 2093 4177 Irenaeus,

494 4176 595 4234 lib.
626 4191 706 4238 tu.
739 4191 880 4251 cap._
905 4177 1130 4251 67,7inler
1157 4178 1261 4232 alia
1284 4176 1489 4240 dicens.
1525 4176 1704 4249 Neque
1732 4180 1888 4251 igitur
1911 4178 2094 4236 Denti-

494 4264 593 4303 nus
615 4291 631 4315 ,
661 4264 821 4323 neqn_e
843 4248 1072 4323 Spiritus
1098 4260 1306 4323 sanctus
1329 4291 1356 4323 ,γ
1376 4265 1535 4319 neque
1565 4248 1797 4323 apostoli
1826 4268 1941 4306 eum
1958 4293 1971 4311 .
2001 4253 2095 4323 qui

496 4335 601 4374 non
623 4329 753 4372 esset
771 4317 934 4380 Deus,
956 4319 1214 4386 definitire
1239 4331 1285 4373 et
1307 4317 1537 4375 absolute
1560 4317 1719 4375 Deum
1746 4317 2091 4379 nominassent

483 4389 790 4461 aliquando,
835 4389 933 4442 nisi
979 4400 1111 4461 esset
1153 4406 1299 4444 verus
1355 4392 1510 4445 Deus.
1575 4392 1638 4446 Et
1694 4403 1814 4461 post
1874 4410 2087 4461 pauca:

496 4457 625 4515 Cum
646 4470 812 4532 autem
841 4474 925 4512 eos
949 4460 1035 4529 qui
1059 4477 1163 4532 non
1186 4470 1304 4513 sunt
1328 4462 1402 4515 dii
1428 4463 1680 4529 nominat,
1696 4457 1805 4517 non
1825 4457 1884 4518 in
1907 4476 2089 4532 totum,

489 4530 919 4602 quemadmodum
947 4531 1167 4597 praedixi
1187 4572 1202 4591 .
1240 4532 1514 4598 Scriptura
1542 4536 1760 4588 ostendit
1796 4537 1915 4590 illos
1942 4530 2085 4602 deos,

2277 3243 2366 3299 1‘2.
2401 3241 2625 3297 Thomas
2651 3256 2767 3297 eum
2786 3242 3060 3310 conﬁtetur
3098 3239 3300 3311 Deum,
3331 3239 3503 3297 illam
3527 3239 3626 3299 Dei
3648 3238 3787 3295 unius

2289 3355 2370 3429 (2)
2397 3354 2475 3412 Sit
2502 3357 2659 3426 ﬁlius.

2196 3481 2361 3527 turam
2380 3472 2596 3527 divisam
2614 3489 2722 3527 esse
2734 3473 3008 3528 asserimus
3025 3473 3077 3528 in
3102 3473 3214 3544 filio
3240 3490 3258 3528 :
3280 3473 3604 3543 glossemata
3618 3473 3784 3544 saria.

2197 3544 2295 3598 lllc
2322 3543 2627 3599 excluditur
2649 3559 2709 3598 ea
2743 3544 3033 3608 sentt-nlla,
3060 3542 3214 3611 cujus
3238 3542 3494 3599 invidiam
3526 3547 3575 3600 iu
3604 3542 3788 3599 Catbo-

2196 3615 2331 3670 liens
2373 3614 2644 3683 conjicere
2671 3616 2964 3669 moliamur
2990 3615 3201 3680 Ariani,
3233 3632 3415 3683 supra,
3441 3617 3537 3673 lib.
3571 3631 3639 3680 tv,
3662 3616 3785 3681 n.4,

2199 3697 2326 3757 puta
2353 3687 2490 3751 quod
2525 3702 2589 3741 ea:
2615 3686 2865 3740 divisione
2886 3697 3114 3757 paterna:
3143 3688 3446 3742 substantia:
3470 3704 3581 3743 esse
3624 3684 3788 3742 Filius

2197 3756 2513 3813 existimetur
2539 3798 2554 3820 ,
2605 3770 2709 3811 etc.
2744 3758 2941 3812 Eadem
2967 3756 3177 3811 ratione
3218 3758 3568 3817 Athaua~ias.
3592 3759 3682 3815 0r.
3733 3757 3783 3821 2,

2199 3840 2346 3884 cont.
2363 3833 2482 3894 Ar.,
2503 3845 2554 3895 p.
2570 3828 2696 3899 35d,
2714 3827 2861 3883 verbi
2883 3838 2938 3883 ct
2957 3829 3237 3899 sapientia:
3253 3832 3572 3899 cognomina
3593 3830 3722 3885 Filio
3739 3829 3787 3882 in

2201 3902 2373 3953 sacris
2400 3899 2594 3954 litteris
2616 3898 2738 3952 ideo
2760 3907 2937 3968 aptata
2968 3898 3149 3959 docet,
3179 3899 3302 3965 quia
3332 3898 3544 3966 verum,
3574 3912 3782 3956 natura-

2200 3969 2306 4042 lem
2337 3978 2499 4039 atque
2523 3981 2852 4042 comternum
2893 3970 3101 4040 absque
3126 3971 3235 4027 ulla
3264 3973 3518 4042 passione
3550 3983 3645 4028 alit
3671 3987 3783 4041 par-

2200 4041 2391 4165 hitiontc
2441 4050 2680 4110 paterna:
2720 4040 3038 4097 substantia:
3085 4040 3278 4099 fetum'
3306 4045 3589 4116 aptissime
3624 4040 3782 4116 signi-

2240 4125 2338 4165 can
2373 4152 2384 4164 .

2240 4120 2384 4166 cant.

2272 4180 2351 4254 (h)
2394 4182 2485 4239 Sic
2513 4197 2617 4238 ms.
2662 4187 2748 4239 At.
2779 4184 2914 4240 edit.
2951 4182 3100 4240 Patri
3127 4201 3228 4241 non
3254 4186 3425 4241 desint
3457 4202 3477 4242 :
3532 4197 3587 4244 et
3629 4202 3780 4254 mox,

2201 4251 2342 4308 Deus
2361 4264 2410 4308 et
2430 4255 2637 4309 verbum
2656 4267 2749 4312 est.
3214 4288 3217 4293 λ

2228 4395 2238 4407 ⁸
2267 4324 2697 4407 (ἱλοοιυιιηιιιδε.
2739 4330 2805 4383 sit
2842 4328 2982 4407 ﬁlius
3016 4344 3034 4384 :
3067 4329 3229 4385 male.
3260 4329 3390 4407 Yult
3418 4331 3616 4407 quippe
3646 4330 3784 4387 Hila-

2196 4397 2307 4449 rius
2336 4397 2386 4450 iu
2432 4397 2733 4470 pgilatione
2760 4402 2930 4465 vocis,
2971 4411 3240 4470 quatenus
3273 4401 3392 4457 haec
3411 4397 3663 4459 accidens
3685 4411 3781 4465 est,

2197 4475 2445 4521 naturam
2476 4465 2596 4522 Filii
2622 4486 2728 4524 non
2756 4485 2880 4524 esse
2900 4465 3081 4527 sitam.

2268 4537 2336 4610 (j)
2374 4538 2489 4593 Duo
2512 4555 2642 4593 mss.
2665 4543 3031 4615 sempiternum
3057 4554 3148 4607 est,
3172 4544 3324 4599 Mart.
3354 4561 3558 4615 semper
3575 4547 3628 4600 in
3648 4552 3786 4600 teter-

491 4604 581 4656 sed
608 4617 726 4683 cum
752 4601 925 4683 aliqua
950 4602 1297 4683 additamenta
1316 4613 1364 4659 et
1394 4603 1788 4674 signiﬁcatione,
1817 4623 1906 4677 per
1934 4601 2088 4679 quam
2112 4601 2165 4662 D
2192 4601 2328 4683 nunt
2341 4623 2417 4665 est
2449 4626 2467 4664 :
2492 4601 2786 4682 corrupte:
2807 4613 3025 4681 Semner
3052 4601 3329 4677 internum,
3366 4616 3416 4672 id
3446 4601 3552 4683 est,
3582 4629 3784 4683 semper

494 4672 834 4726 ostenduntur
859 4688 960 4726 non
984 4688 1091 4726 esse
1111 4674 1204 4729 dii.

569 4742 650 4812 (ὁ)
686 4742 833 4798 Unus
863 4760 892 4797 e
936 4759 1067 4798 mss.
1097 4744 1248 4798 Colb.
1291 4744 1414 4798 dum
1440 4746 1720 4800 honoratur
1757 4763 1776 4800 :
1809 4750 2085 4805 mendose.

572 4813 793 4888 (ayss.
822 4815 874 4867 in
904 4812 1377 4888 PharaoneNertit
1398 4817 1652 4879 lrena-us,
1674 4819 1763 4873 lib.
1785 4834 1860 4881 ut,
1889 4835 2006 4888 cap.
2032 4822 2085 4887 6,

495 4882 995 4941 ant‘ePharaonem.
1043 4886 1311 4956 Explieari
1345 4896 1520 4956 potest
1557 4889 1683 4941 illud
1711 4931 1724 4951 ,
1758 4890 1811 4943 in
1855 4882 2086 4946 Pharao;

495 4972 611 5029 nem
631 4995 646 5022 ,
675 4972 738 5010 cx
768 4958 1155 5025 superioribus.
1190 4956 1459 5029 Numquid
1485 4960 1532 5013 ei
1561 4967 1797 5014 naturam
1828 4960 1922 5015 Dei
1952 4965 2090 5017 intu-

495 5027 576 5093 lit,
607 5037 653 5079 et
684 5043 784 5080 non
811 5030 983 5096 potius
1011 5029 1065 5083 in
1089 5046 1226 5089 eum,
1257 5027 1363 5084 etc.

568 5099 646 5177 td)
675 5098 835 5177 blant.
861 5115 965 5154 ms.
996 5110 1041 5153 et
1074 5117 1172 5154 res.
1206 5100 1303 5156 Hic
1335 5104 1743 5177 resuopponitur
1773 5105 2035 5162 accidenti
2063 5149 2081 5177 ,

493 5168 637 5238 quod
665 5168 995 5237 signiﬁcatur
1027 5188 1120 5241 per
1151 5188 1346 5227 nomen
1371 5168 1663 5243 adjectum.

494 5338 513 5384 ι
565 5256 637 5331 (e)
665 5258 785 5384 llam,
821 5259 950 5331 Lips
994 5273 1046 5316 et
1072 5262 1192 5317 Par.
1241 5265 1294 5317 in
1320 5261 1418 5317 Dei
1441 5265 1608 5333 [ilium
1638 5283 1657 5321 :
1694 5271 1961 5340 castigant
1990 5287 2084 5328 ve-

517 5345 638 5384 eres
689 5347 808 5384 tm.

517 5345 638 5384 eros
665 5345 808 5384 Illll‘l.

570 5422 640 5510 (1)
658 5422 772 5510 line
792 5432 892 5510 est.
929 5424 1094 5508 Patri,
1128 5428 1212 5481 cui
1266 5429 1488 5510 verbum
1538 5432 1709 5487 virtus
1739 5436 2083 5510 asapientia

496 5506 603 5577 non
637 5494 1101 5577 tlesunt,lq.uantvis
1125 5514 1271 5577 exeo
1301 5499 1510 5571 (minus
1538 5511 1662 5572 apte
1688 5508 1825 5576 apud
1861 5494 2003 5577 Lips.
2033 5517 2087 5563 et

493 5561 617 5616 Par.
648 5579 713 5616 ea:
742 5561 947 5633 Deo)'in
978 5564 1143 5621 Deum
1172 5571 1273 5623 sint
1301 5561 1442 5625 nata.

570 5651 646 5725 (g)
700 5652 755 5727 1η
779 5667 880 5707 ms.
908 5653 1070 5711 Corb.
1102 5669 1283 5713 natura
1311 5661 1594 5727 divisionis,
1619 5665 1671 5721 in
1698 5682 1806 5723 uno
1833 5669 2005 5725 Vatie.
2029 5679 2085 5726 et

495 5722 650 5783 Mart.
682 5723 746 5778 de
770 5734 952 5779 natura
980 5727 1263 5798 divisionis,
1294 5733 1456 5801 apud.
1490 5722 1621 5791 Bad.
1654 5746 1709 5793 et
1734 5722 1830 5795 Er.
1854 5722 2078 5796 υέιῖιιὶξ

2195 4679 2481 4755 iulia-rens,
2506 4679 2971 4751 quod-numquam
2995 4687 3048 4740 in
3082 4691 3352 4755 proraiam
3380 4679 3781 4745 subsistentism

2192 4752 2429 4829 evadat:
2465 4755 2639 4829 qualis
2670 4756 2720 4809 in
2752 4756 2904 4829 nobis
2930 4752 3208 4829 estAvi‘rtus
3235 4772 3324 4812 aut
3358 4761 3647 4829 sapientia.

2266 4821 2595 4898 (k)_Sup’ple,
2621 4827 2686 4885 is.
2715 4826 2965 4898 nimirum
3009 4827 3172 4886 Pater
3196 4871 3211 4895 ,
3241 4831 3331 4898 qui
3364 4821 3579 4887 virtutis
3598 4846 3663 4887 ac
3701 4844 3781 4886 sa-

2192 4894 2408 4969 pientiae
2441 4897 2859 4963 proprietatibus
2892 4915 3182 4969 numquam
3200 4894 3403 4957 caruit.

2197 5035 2219 5089 ί
2268 4964 2349 5088 (1))
2370 4966 2445 5021 Ex
2475 4981 2604 5022 mss.
2635 4969 2972 5026 restitnimus
3003 4964 3088 5027 hic
3117 4971 3307 5040 Deum,
3336 4987 3401 5028 ac
3429 4974 3674 5044 proxime
3705 4970 3784 5027 iii-

2220 5051 2272 5089 Γὶἱ
2355 5053 2464 5089 θιις.

2220 5051 2272 5089 Γὶὶ
2304 5051 2464 5091 Dens.

2266 5107 2359 5177 (ml
2388 5109 2500 5172 lCr.,
2526 5108 2672 5184 Lips.
2700 5120 2755 5165 et
2780 5112 2900 5167 Par.
2923 5113 3045 5184 quia
3068 5130 3170 5169 non
3200 5116 3332 5171 sicut
3362 5132 3382 5171 :
3406 5116 3558 5173 nullo
3591 5115 3783 5174 suifra-

2203 5190 2364 5249 gante
2398 5191 2577 5235 \‘t‘lt'l'e
2600 5180 2757 5235 libro.

2267 5248 2347 5329 (tt)
2384 5249 2530 5329 Unus
2559 5268 2758 5329 eapse.
2788 5251 2940 5329 Colb.
2964 5273 3044 5312 res
3064 5259 3355 5329 signiﬁcata
3375 5260 3662 5316 substantia
3688 5266 3779 5329 est.

2194 5318 2357 5393 garb.
2389 5323 2462 5374 rei
2480 5324 2773 5393 signiﬁcata
2798 5326 3081 5382 substantia
3109 5318 3183 5385 Est
3202 5318 3383 5386 'Vind.
3410 5346 3619 5388 necmm
3652 5328 3778 5384 edit.

2195 5389 2324 5470 Bad.
2349 5402 2405 5445 et
2433 5389 2634 5470 [flrfres
2664 5397 2953 5470 signiﬁcata
2974 5416 3006 5453 a
3038 5400 3326 5456 substantia
3350 5412 3443 5457 est.
3476 5404 3782 5457 lletinemus

2193 5462 3011 5541 aliorumlibrorum'lo-elitmetu
3037 5515 3048 5529 ,
3074 5487 3196 5541 quae
3244 5476 3323 5527 sic
3361 5472 3648 5532 cottltlIOde
3683 5486 3782 5541 ρο-

2195 5486 2420 5515 ἱΙΙΙυῐῚιΙΙΙ
2442 5486 2698 5517 Itnrnrum
2729 5486 3011 5523 Ircuoneut
3037 5515 3048 5529 ,
3074 5487 3196 5541 quae
3244 5488 3323 5527 suc
3361 5486 3648 5532 commode
3722 5488 3782 5521 θ’

2195 5541 2299 5612 test
2320 5532 2570 5612 intelligi,
2599 5553 2678 5590 res
2698 5539 2996 5612 substantiis
3012 5542 3303 5610 signiﬁcata
3329 5557 3442 5611 est;
3471 5554 3528 5596 ut
3558 5544 3647 5598 bit:
3674 5486 3784 5596 igere

2193 5602 2245 5678 id
2278 5603 2452 5678 ipsum
2480 5602 2551 5658 sit
2579 5610 2722 5678 quod
2752 5610 2904 5665 initio
2928 5602 3081 5667 num:
3107 5602 3360 5678 il,Verbi
3389 5602 3470 5670 res
3490 5613 3786 5668 enuntiatur

2192 5672 2504 5814 mitigatam,
2539 5672 2622 5739 vel
2650 5678 2949 5738 substantia:
2972 5692 3083 5750 est,
3118 5672 3304 5751 id'est,
3332 5684 3402 5740 ad
3429 5684 3782 5741 substantiam

2279 5760 2288 5772 δ
2337 5761 2400 5801 ne
2434 5784 2447 5800 .

2279 5760 2447 5801 ‘llllel.
