3930 6194
207 344 300 404 203

208 570 307 609 men
333 563 526 608 recusat
555 551 810 610 Christus.
839 585 911 595 —
938 554 1004 609 Et
1026 552 1302 609 videamus
1328 568 1394 608 an
1427 552 1567 608 hanc
1594 552 1772 608 Evan-

206 646 393 718 gelistte
429 646 889 716 praedicationem,
938 646 1169 715 apostoli
1223 646 1448 701 Thomas
1500 644 1771 701 confessio

205 748 561 809 censequatur,
592 755 715 795 cum
781 742 876 807 ait,
927 739 1177 794 Dominus
1215 757 1357 795 meus
1385 749 1430 795 et
1459 738 1601 795 Deus
1626 756 1772 794 meus

205 831 376 904 (toan.
403 848 473 888 xx
497 873 512 898 ,
540 831 665 903 28).
698 833 841 888 Dens
890 833 1049 902 igitur
1092 848 1219 889 suus
1262 844 1366 901 cst,
1396 850 1557 905 quem
1602 835 1769 889 Deum

205 925 482 979 confitetur.
508 923 571 978 Et
592 936 742 979 certe
761 924 965 981 dictum
991 941 1098 980 non
1126 926 1409 995 ignorabat
1436 941 1467 981 a
1503 929 1728 983 Domino
1754 946 1766 982 :

203 1017 345 1082 Audi,
365 1015 549 1084 istast,
593 1017 848 1075 Dominus
881 1019 1017 1074 Deus
1046 1029 1164 1074 tuus
1206 1037 1339 1074 unus
1374 1033 1448 1076 cst
1481 1021 1660 1095 (Deut.
1691 1039 1766 1087 vt,
1803 1087 1810 1094 _

202 1109 253 1182 4)
282 1129 294 1163 :
323 1121 371 1165 ct
393 1112 660 1181 quomodo
683 1114 977 1182 apostolica
1003 1112 1138 1170 fides
1159 1115 1770 1185 principalisimmemor

203 1203 420 1259 estfacta
440 1204 695 1271 mandati,
725 1216 781 1260 ιιι
806 1204 967 1279 184
1001 1206 1168 1261 Deum
1188 1206 1459 1263 Christum
1483 1212 1769 1264 comitere-

204 1305 297 1360 tur,
329 1313 442 1351 cum
473 1299 525 1351 in
572 1297 732 1354 unius
757 1300 854 1355 Dei
882 1309 1029 1356 esset
1071 1302 1413 1357 confessione
1448 1301 1772 1358 vivendum?

202 1388 295 1446 Sed
324 1390 605 1459 Apostolus
636 1391 804 1447 totius
831 1392 1162 1448 sacramenti
1204 1393 1362 1449 ﬁdem
1396 1410 1490 1463 per
1520 1396 1768 1451 virtutem

202 1482 583 1549 resurrectionis
607 1484 913 1555 intelligens
932 1528 947 1548 .
978 1500 1103 1543 cum
1146 1487 1454 1558 frequenter
1480 1489 1722 1545 audisset
1754 1507 1769 1544 :

202 1574 305 1648 Ego
346 1587 388 1631 et
433 1577 593 1633 Pater
644 1596 805 1635 unum
852 1598 1064 1649 sumus;
1088 1592 1186 1639 et:
1222 1583 1409 1640 Omnia
1452 1601 1567 1655 quae
1598 1584 1774 1640 Patris

196 1678 319 1735 sunt,
349 1686 452 1724 mea
480 1680 648 1739 sunt;
680 1684 736 1730 et
766 1693 780 1728 :
814 1672 928 1746 Ego
966 1679 1021 1729 in
1069 1675 1261 1743 Putre,
1313 1688 1360 1731 et
1390 1677 1549 1733 Pater
1595 1679 1648 1732 in
1694 1696 1773 1735 me

200 1760 360 1832 (Joan.
390 1780 444 1830 x,
473 1766 579 1830 50;
615 1783 725 1832 xw,
756 1769 859 1831 15;
889 1785 996 1832 xtv,
1034 1769 1127 1842 ιι)
1162 1772 1304 1841 :jam
1333 1773 1447 1828 sine
1479 1773 1599 1829 ﬁdei
1629 1774 1773 1844 peri-

1387 342 1473 399 DE
1515 342 1889 401 TRINITATE
1933 343 2135 400 LIBER
2178 344 2290 403 VII.

207 463 314 532 ﬁde.
344 460 559 517 Thomas
593 460 757 517 Deum
795 471 979 517 natura
1017 461 1307 531 proﬁtetur.
1342 458 1524 531 Neque
1556 460 1651 516 hoc
1678 477 1772 516 no-
1802 464 1858 524 Α

3368 353 3474 412 210

1959 462 2043 518 15.
2069 460 2226 517 Pater
2253 472 2299 518 et
2326 463 2467 534 ﬁlius
2493 480 2626 520 unus
2655 474 2854 522 tantum
2884 477 2957 523 est
2984 465 3142 525 Deus.
3172 499 3245 511 ——
3271 468 3476 528 Nomen
3526 535 3531 541 _

1876 556 2038 627 igitur
2062 567 2291 624 naturae,
2318 556 2441 613 fidei
2465 566 2663 615 nostra:
2689 576 2795 616 non
2823 560 3024 617 deserit
3057 562 3472 633 professionem.

1874 646 2080 703 Nomen
2128 650 2293 715 enim,
2340 650 2485 720 quod
2536 666 2650 706 rem
2702 667 3133 724 unamquamque
3182 654 3474 726 signiﬁcat,

1875 756 1988 795 rem
2019 758 2231 814 quoque
2258 743 2502 814 ejusdem
2548 747 2765 815 generis
2814 747 3051 802 ostendit
3080 766 3093 802 :
3127 758 3180 803 et
3208 748 3320 820 jam
3365 765 3474 807 non

1876 849 1963 889 res
1991 833 2111 889 dua:
2152 845 2298 903 sunt,
2331 836 2427 891 scd
2474 851 2561 892 res
2604 838 2818 908 generis
2874 838 3117 907 ejusdem
3169 849 3274 895 est.
3304 841 3477 900 Filius

1874 942 2107 995 namque
2138 928 2233 983 Dei
2257 929 2399 982 Deus
2425 936 2538 994 est;
2565 928 2667 984 hoc
2689 930 2830 983 enim
2861 932 3019 1005 185
3041 931 3374 1002 significatur
3402 949 3471 990 ex

1875 1020 2114 1075 nomine.
2152 1021 2265 1075 Non
2309 1022 2447 1075 duos
2493 1020 2626 1075 deos
2657 1033 3015 1078 connumerat
3046 1039 3238 1080 nomen
3268 1041 3472 1094 unum;

1873 1112 1996 1181 quia
2021 1112 2176 1167 unius
2209 1121 2370 1184 atque
2398 1112 2758 1169 indifferentis
2784 1124 2988 1170 naturre
3017 1114 3098 1189 (ά)
3130 1133 3293 1172 unum
3332 1120 3473 1176 Deus

1874 1219 2068 1259 nomen
2114 1213 2215 1260 est.
2243 1203 2378 1261 Cum
2417 1207 2561 1261 enim
2601 1214 2657 1261 et
2694 1207 2856 1262 Pater
2898 1208 3037 1264 Deus
3079 1220 3194 1276 est,
3221 1221 3273 1264 et
3307 1212 3474 1268 Filius

1874 1298 2016 1353 Deus
2042 1307 2146 1363 est,
2179 1309 2233 1353 et
2262 1300 2538 1369 proprium
2569 1307 2778 1355 natura:
2798 1300 2996 1355 ditium
3028 1317 3223 1359 nomen
3249 1304 3301 1358 in
3328 1314 3478 1359 utro-

1872 1405 1980 1459 que
2010 1391 2114 1456 sit;
2148 1402 2380 1462 uterque
2408 1407 2573 1446 unum
2603 1401 2731 1446 sunt
2759 1409 2773 1445 :
2797 1391 2920 1462 quia
2950 1407 3071 1447 cum
3100 1394 3359 1449 subsistat
3378 1394 3471 1450 Fi-

1874 1480 1978 1535 lius
2005 1496 2069 1536 cx
2093 1481 2369 1537 nativitate
2395 1482 2465 1555 (e)
2485 1492 2715 1549 naturte,
2742 1482 2821 1554 (ι)
2844 1485 3103 1539 unitatem
3133 1494 3310 1543 tamen
3343 1501 3477 1541 con-

1873 1584 2055 1630 servat
2098 1576 2151 1632 in
2200 1577 2414 1633 nomine
2445 1597 2459 1632 :
2492 1592 2592 1633 nec
2619 1577 2686 1631 ad
2717 1577 3111 1647 professionem
3144 1578 3307 1634 duum
3339 1579 3474 1636 deo.

1873 1682 1989 1721 rum
2032 1670 2281 1724 nativitas
2305 1668 2425 1724 Filii
2447 1669 2784 1725 credentium
2819 1670 2977 1725 fidem
3005 1671 3171 1743 cogit.
3226 1688 3349 1744 qua:
3371 1672 3476 1727 Pa-

1874 1767 2011 1815 trem
2038 1768 2094 1815 el
2112 1761 2333 1830 Filium,
2368 1772 2422 1816 ut
2458 1763 2617 1816 ttnins
2647 1772 2873 1831 natum,
2903 1764 2973 1817 ita
3007 1765 3165 1820 unius
3192 1766 3476 1836 profitetur

195 1854 301 1908 colo
344 1865 543 1912 natura:
596 1875 794 1915 nomen
844 1863 1127 1916 confessus
1172 1872 1255 1918 est
1294 1881 1308 1918 :
1357 1866 1483 1934 quia
1514 1864 1582 1919 ab
1612 1868 1765 1920 unius

1876 1861 1930 1907 et
1960 1854 2214 1909 nominis.
2243 1855 2337 1909 Est
2369 1856 2546 1931 itaque
2577 1856 2670 1910 Dei
2703 1854 2816 1911 filio
2844 1855 2913 1928 (ί)
2945 1872 3142 1913 nomen
3178 1873 3243 1913 ex
3277 1860 3476 1914 nativi-

193 1945 273 2001 Dei
310 1949 470 2017 patris
502 1949 843 2021 professione
887 1954 1077 2031 religio
1121 1970 1227 2010 non
1276 1956 1551 2012 excideret
1599 1956 1766 2014 Deum

190 2039 411 2096 confessa
438 2041 537 2097 Dei
567 2041 764 2111 lilium,
784 2058 906 2099 cmn
932 2045 982 2100 in
1009 2046 1117 2101 litin
1142 2046 1234 2102 Dei
1266 2064 1370 2101 non
1404 2048 1504 2103 nisi
1532 2060 1768 2119 paternae

190 2144 373 2191 natum
400 2137 601 2193 veritas
628 2136 975 2207 crederetur;
1012 2154 1112 2196 nec
1151 2141 1253 2197 sub
1282 2142 1505 2197 alterius
1539 2143 1629 2199 Dei
1662 2144 1764 2200 im—

190 2225 264 2295 pia
310 2227 665 2286 confessione.
709 2230 844 2309 fides
892 2242 1100 2289 naturae
1148 2235 1546 2305 periclitaretur
1585 2236 1764 2306 unius,

187 2319 294 2388 quia
320 2314 421 2376 non
451 2321 677 2378 alterius
701 2322 794 2379 Dei
838 2331 1083 2379 naturam
1128 2325 1361 2395 perfecta
1395 2327 1488 2382 Dei
1518 2328 1768 2384 nativitas

186 2410 455 2468 attulisset.
512 2412 811 2470 Veritatem
874 2416 1036 2487 igitur
1085 2419 1383 2489 evangelici
1439 2423 1765 2479 sacramenti

186 2501 398 2560 Thomas
427 2506 740 2577 intelligens
764 2547 782 2574 ,
814 2507 1100 2563 Dominum
1128 2524 1282 2565 suum
1316 2525 1368 2567 et
1397 2512 1565 2567 Deum
1608 2531 1764 2571 suum

186 2609 295 2652 esse
314 2596 598 2653 confessus
627 2609 732 2656 est.
760 2598 877 2655 Non
919 2600 1008 2655 bic
1036 2600 1258 2658 honoris
1283 2613 1363 2658 est
1411 2620 1641 2672 nomen,
1669 2607 1763 2663 sed

185 2699 371 2747 natura:
391 2690 670 2748 confessio
694 2703 778 2750 est
809 2715 824 2749 :
855 2695 1015 2751 rebus
1038 2698 1181 2751 enim
1209 2697 1340 2769 ipsis
1368 2709 1530 2771 atque
1557 2701 1765 2755 virtuti-

185 2783 269 2839 bus
290 2786 452 2841 Deum
476 2787 731 2843 credidit.
754 2788 816 2843 Et
847 2789 1105 2847 Dominus
1131 2792 1479 2861 professionis
1502 2795 1659 2865 hujus
1681 2810 1768 2852 re-

185 2876 415 2949 ligionem
448 2895 557 2936 non
592 2883 817 2938 honoris
836 2898 957 2939 esse
982 2883 1198 2952 docuit,
1233 2887 1326 2942 sed
1360 2885 1484 2943 ﬁdei
1504 2931 1518 2953 ,
1542 2889 1764 2956 dicens,

188 2968 306 3035 Quia
329 2973 503 3028 vidisti
529 2972 628 3045 (tt),
662 2975 928 3030 credidisti
958 2991 977 3030 :
1007 2976 1139 3032 beati
1168 2979 1254 3048 qui
1276 2995 1381 3033 non
1421 2980 1658 3035 uiderunt
1676 3024 1690 3049 ,
1720 2992 1766 3037 et

182 3063 484 3119 crediderunt
512 3064 694 3139 (Joan.
726 3083 825 3133 xx,
848 3066 965 3139 ‘29).
994 3068 1194 3124 Videtis
1218 3072 1360 3125 enim
1387 3071 1622 3129 Thomas
1643 3089 1761 3131 cre-

184 3155 321 3213 didit.
343 3160 450 3216 Sed
479 3159 613 3231 qttid
644 3160 877 3216 credidit
898 3163 1143 3233 qnmris?
1170 3164 1236 3219 Et
1263 3165 1387 3234 quid
1419 3167 1563 3222 aliud
1590 3169 1765 3223 credi-

181 3247 251 3305 dit
287 3267 439 3322 quam
498 3252 777 3323 professus
819 3266 903 3310 est
959 3273 971 3310 :

179 3345 432 3419 meum?
464 3346 852 3403 Resurrexisse
882 3348 1026 3402 enim
1059 3364 1154 3418 per
1180 3365 1239 3405 se
1260 3366 1324 3405 ex
1348 3352 1575 3407 mortuis
1606 3353 1657 3409 in
1687 3354 1762 3409 vi-

182 3440 407 3499 tam.nisi
433 3441 532 3497 Dei
560 3450 748 3497 natura
782 3458 889 3497 non
920 3444 1126 3513 potuit:
1150 3455 1202 3499 et
1233 3445 1454 3500 creditae
1483 3446 1760 3517 religionis

181 3535 298 3593 ﬁdes
325 3538 428 3595 hoc
443 3548 534 3596 est
561 3539 823 3610 professa.
850 3540 994 3612 quod
1022 3541 1162 3595 Deus
1196 3552 1299 3599 est.
1327 3544 1481 3599 Anne
1511 3559 1641 3615 ergo
1665 3560 1762 3599 no-

181 3646 290 3687 men
316 3633 408 3690 Dei
440 3650 552 3690 non
586 3646 792 3690 natura!
817 3651 906 3691 res
937 3636 1356 3704 existintahitur,
1383 3652 1504 3693 cum
1552 3638 1762 3708 profes-

180 3722 251 3777 sio
280 3727 512 3783 nominis
541 3726 704 3782 ﬁdem
752 3736 959 3782 naturae
1005 3729 1227 3783 credita:
1271 3729 1340 3784 sit
1376 3732 1597 3785 secuta?
1623 3730 1759 3787 Nam

182 3817 343 3888 utique
368 3820 662 3899 religiosus
687 3820 828 3875 tilius
854 3861 866 3881 .
902 3829 954 3874 et
986 3822 1075 3890 qui
1109 3836 1215 3876 non
1245 3822 1577 3878 voluntatem
1603 3839 1758 3880 suam

179 3912 258 3968 sed
283 3914 396 3985 ejus
424 3916 521 3985 qui
553 3930 617 3973 se
643 3918 868 3970 miserat
899 3915 1128 3979 faceret,
1162 3924 1216 3971 et
1242 3916 1329 3987 qui
1361 3932 1465 3971 non
1497 3917 1758 3975 honorem

180 4018 318 4061 suum
347 4008 442 4064 sed
464 4008 587 4079 ejus
610 4023 641 4064 ιι
668 4022 778 4079 quo
802 4017 1025 4063 venerat
1053 4016 1340 4077 qumreret,
1372 4007 1632 4065 honorem
1663 4012 1761 4065 lut-

175 4098 326 4168 jusin
368 4117 427 4158 se
456 4103 695 4157 nominis
746 4113 1088 4167 recusasset;
1122 4117 1192 4157 ne
1236 4102 1377 4173 quod
1428 4103 1542 4174 ipse
1594 4121 1756 4162 unum

180 4187 326 4247 Deum
358 4195 754 4264 prmdicaverat
783 4236 798 4258 ,
827 4195 1146 4250 solveretur.
1180 4196 1285 4252 Sed
1310 4212 1435 4252 vere
1462 4209 1515 4253 et
1537 4208 1759 4269 aposto-

180 4281 281 4338 lica:
310 4285 427 4343 fidei
457 4288 773 4359 mysterium
803 4286 1149 4354 cenflrmans,
1173 4297 1227 4343 et
1254 4298 1457 4344 natura:
1488 4289 1544 4345 in
1573 4306 1632 4346 se
1663 4307 1758 4362 pa.

181 4382 331 4432 terna:
381 4395 581 4434 nomen
638 4393 961 4450 agnoscens,
1011 4381 1197 4433 beatos
1244 4394 1366 4435 esse
1408 4381 1621 4448 docuit,
1669 4385 1761 4455 qui

180 4480 285 4522 cum
305 4469 372 4542 (τ)
398 4486 458 4526 se
487 4481 857 4541 resurgentem
875 4486 906 4525 e
932 4473 1158 4526 mortuis
1173 4487 1278 4526 non
1297 4472 1574 4543 vidissent,
1591 4475 1761 4533 Deum

183 4566 343 4618 tamen
372 4579 470 4634 per
497 4564 914 4621 resurrectionis
938 4563 1344 4637 intelligentiam
1381 4566 1760 4625 credidissent.

242 4698 317 4773 (1)
347 4700 606 4759 Unitatem
637 4711 805 4758 tamen
832 4710 1049 4757 natum.

1026 3254 1278 3311 Dominus
1317 3274 1459 3312 meus
1506 3268 1557 3314 et
1623 3258 1762 3315 Deus
1790 3249 1835 3312 C

1876 1955 2003 2001 tate.
2057 1947 2153 2001 llic
2182 1947 2324 2002 enim
2358 1948 2514 2003 nobis
2560 1948 2827 2003 secundus
2857 1949 2922 2003 ad
2955 1949 3475 2006 demonstrationem

1869 2037 2071 2107 gradus
2112 2049 2230 2105 est,
2289 2049 2345 2093 ut
2391 2040 2533 2095 Deus
2586 2039 2657 2093 sit
2701 2039 3111 2096 ex‘nativitate.
3136 2040 3475 2113 Quamquam

1871 2132 2000 2186 tnihi
2031 2130 2207 2187 adhuc
2235 2131 2302 2187 de
2328 2131 2659 2202 proprietate
2701 2133 2938 2188 nominis
2982 2134 3219 2204 supersit
3246 2145 3467 2203 aposto-

1870 2239 1970 2294 lica
1999 2238 2294 2292 auctoritas
2325 2254 2337 2289 :
2363 2236 2457 2291 sed
2489 2238 2705 2291 interim
2736 2234 3105 2309 evangelicum
3126 2237 3303 2308 placet
3331 2246 3474 2294 trac-

1870 2341 1985 2387 tare
2013 2345 2340 2386 sermonem.

1944 2423 2030 2478 H.
2084 2421 2255 2477 Filius
2290 2430 2344 2475 ttt
2387 2431 2537 2476 natus
2584 2437 2649 2477 ea;
2685 2419 2833 2486 Deo,
2865 2418 2965 2476 Dei
3009 2430 3249 2475 naturam
3295 2421 3468 2476 habet.

1871 2516 2036 2572 Nasci
2066 2526 2113 2572 et
2134 2526 2353 2586 emptum
2371 2533 2478 2571 esse
2500 2532 2600 2569 non
2624 2516 2778 2570 idem.
2810 2545 2882 2556 -—
2907 2515 2977 2570 Et
3006 2515 3234 2585 primum
3263 2529 3468 2586 qucrro,

1867 2628 2029 2684 quam
2078 2611 2330 2667 uativitas
2377 2609 2477 2665 ﬁlii
2521 2619 2724 2665 natura:
2768 2611 3063 2666 novitatem
3111 2611 3347 2680 potuerit
3392 2611 3477 2665 in-

1868 2704 2044 2768 ferre,
2076 2720 2143 2759 ne
2168 2704 2308 2758 Deus
2329 2703 2432 2758 sil."
2459 2702 2832 2774 Intelligentiae
2864 2702 3005 2758 istud
3051 2703 3299 2759 humanae
3342 2718 3471 2758 sen-

1868 2815 1961 2855 sus
1991 2798 2263 2866 excludit,
2295 2807 2350 2852 ut
2378 2797 2578 2869 aliquid
2628 2812 2658 2851 a
2692 2806 2881 2852 natura
2912 2798 3138 2868 originis
3189 2812 3302 2852 suae
3350 2811 3474 2851 nas-

1867 2893 2042 2949 cendo
2072 2893 2341 2947 diversum
2374 2893 2443 2947 sit
2481 2909 2494 2945 ε
2547 2890 2650 2947 nisi
2699 2890 2839 2947 forte
2865 2891 3010 2961 quod
3050 2906 3117 2946 ex
3158 2901 3470 2947 naturarum

1868 2986 2182 3044 diversitate
2210 2995 2553 3054 conceptum,
2588 2999 2783 3040 novum
2834 2984 3034 3056 aliquid
3066 2982 3146 3058 (g)
3192 2985 3244 3039 in
3295 2998 3355 3040 se
3387 2987 3469 3051 (et

1869 3080 1939 3134 ita
1969 3079 2038 3133 sit
2064 3078 2280 3149 generis
2308 3078 2608 3147 utriusque,
2632 3075 2775 3147 quod
2817 3087 3064 3132 neutrum
3093 3075 3186 3148 sit)
3210 3076 3392 3131 veniat
3414 3076 3468 3131 in

1868 3174 2027 3228 vitam
2050 3190 2064 3240 ;
2092 3172 2235 3243 quod
2266 3173 2318 3225 in
2345 3170 2630 3241 pecoribus
2653 3184 2715 3225 ac
2739 3169 2925 3225 bestiis
2947 3170 3204 3225 usitatum
3231 3178 3334 3224 est.
3357 3168 3468 3224 Sed

1868 3282 1930 3323 ea
1974 3267 2087 3331 ipsa
2140 3266 2348 3320 novitas
2405 3279 2511 3319 non
2563 3265 2739 3329 inest,
2795 3264 2899 3318 nisi
2932 3278 2996 3319 ex
3050 3263 3299 3318 connatis
3348 3278 3473 3334 pro-

1869 3358 2190 3431 prietatibus
2260 3358 2362 3414 sub
2429 3357 2739 3413 diversitate
2816 3366 3049 3411 naturae:
3123 3365 3176 3410 et
3243 3355 3475 3411 diversi-

1869 3463 2030 3510 tatem
2094 3454 2174 3525 (It)
2243 3466 2430 3507 eorum
2497 3451 2747 3506 nativitas
2790 3467 2897 3506 non
2921 3450 3141 3516 intulit,
3196 3449 3290 3504 sed
3314 3464 3445 3505 accc

1869 3546 1984 3618 pit,
2046 3545 2171 3599 dum
2226 3543 2277 3599 id
2334 3553 2514 3613 tenet,
2548 3542 2691 3614 quod
2742 3557 2808 3598 ex
2856 3554 3084 3612 utroque
3147 3540 3248 3596 sibi
3300 3557 3468 3596 unum

1868 3648 1970 3695 est.
2005 3639 2068 3694 Et
2105 3654 2227 3694 cum
2259 3638 2373 3694 [uec
2403 3638 2456 3692 in
2505 3636 2587 3692 his
2616 3634 2992 3705 corporalibus
3035 3634 3213 3689 causis
3254 3642 3309 3689 et
3357 3648 3474 3704 pas-

1868 3730 2113 3787 sionibus
2140 3731 2212 3786 ita
2262 3730 2402 3794 sint;
2435 3729 2555 3800 quis
2601 3743 2733 3799 rogo
2762 3725 2915 3783 furor
2960 3735 3040 3782 est
3067 3768 3083 3792 ,
3134 3726 3470 3783 nativitatem

1862 3823 2123 3893 unigeniti
2154 3823 2246 3879 Dei
2274 3821 2342 3878 ad
2370 3823 2695 3893 degenerem
2718 3837 2783 3876 ex
2820 3822 2931 3876 Deo
2956 3820 3160 3875 referre
3188 3827 3468 3875 naturam:

1861 3931 1984 3972 cum
2009 3916 2259 3971 nativitas
2300 3916 2526 3970 nonnisi
2551 3930 2616 3970 ex
2650 3913 2979 3984 proprietate
3020 3922 3227 3967 natum
3274 3911 3379 3980 sit;
3414 3919 3471 3967 et

1857 4009 1969 4080 jam
2002 4010 2254 4066 nativitas
2276 4026 2382 4065 non
2406 4010 2530 4075 erit,
2562 4008 2606 4063 si
2637 4007 2941 4078 proprietas
2984 4015 3190 4060 naturte
3237 4005 3289 4059 in
3321 4005 3467 4060 nati-

1864 4104 2029 4159 vitate
2053 4119 2160 4160 non
2194 4103 2398 4159 fuerit?
2430 4103 2564 4158 lline
2590 4102 2678 4157 ille
2708 4101 2883 4156 omnis
2904 4112 3067 4155 testas
3093 4108 3147 4155 et
3176 4099 3327 4155 furor
3349 4107 3458 4167 est,

1863 4206 1920 4253 ut
1944 4197 1996 4252 in
2029 4196 2139 4253 filio
2171 4197 2260 4253 Dei
2287 4211 2392 4251 non
2423 4195 2672 4250 nativitas
2715 4194 2783 4247 sit
2810 4235 2824 4255 ,
2859 4191 2954 4247 sed
2978 4190 3223 4255 creatio;
3259 4202 3315 4245 ut
3354 4206 3462 4247 non

1864 4299 2069 4346 natura;
2094 4306 2207 4347 suae
2233 4290 2495 4360 originem
2518 4287 2822 4343 subsistens
2863 4294 3079 4351 teneat,
3102 4284 3196 4341 sed
3230 4285 3464 4341 alienam

1863 4401 1894 4441 a
1928 4386 2038 4442 Deo
2073 4385 2140 4441 de
2191 4400 2298 4439 non
2351 4382 2685 4438 exstantibus
2730 4389 2941 4436 sumat:
2991 4380 3115 4450 quia
3169 4377 3464 4435 secundum

1865 4478 2007 4549 quod
2039 4479 2142 4533 ait:
2175 4476 2238 4551 (i)
2288 4477 2438 4546 Quod
2478 4476 2541 4532 de
2585 4492 2740 4531 carne
2780 4474 3045 4540 nascitur,
3092 4488 3213 4528 caro
3260 4482 3373 4538 est;
3418 4482 3468 4527 et

1866 4569 2002 4641 quod
2028 4569 2092 4625 de
2115 4569 2356 4640 spiritus,
2410 4568 2596 4640 spiritu
2624 4576 2698 4624 est
2726 4565 2906 4639 (Joan.
2938 4580 3020 4633 ut,
3051 4563 3141 4634 6),
3170 4563 3295 4635 quia
3322 4562 3466 4618 Deus

241 4841 311 4914 (a)
336 4843 438 4900 Hic
464 4844 826 4917 expunximtts
847 4860 946 4910 me,
975 4843 1298 4900 auctoritate
1318 4850 1562 4899 veterum
1594 4840 1761 4897 libro-
1787 4840 1841 4903 D
1866 4841 2200 4916 intelligenda
2220 4843 2458 4917 nativitas
2478 4857 2503 4917 :7
2525 4839 2690 4917 et_lib.
2715 4854 3001 4906 vtu,num.
3024 4806 3135 4917 18ης,
3152 4853 3244 4892 nec
3269 4851 3360 4907 per
3381 4853 3467 4892 sa-

182 4927 308 4968 rum.

244 4984 316 5058 (b)
345 4986 631 5060 Antiquior
679 4986 850 5043 codex
898 4984 1052 5043 Colh.
1087 5002 1211 5043 cum
1238 4986 1423 5042 Germ.
1453 4983 1594 5041 Deus
1622 5000 1765 5041 mens

181 5069 228 5109 ει
248 5068 319 5116 ιιι.

184 5127 313 5253 rb(t3)
346 5130 671 5186 farticulam
730 5132 786 5185 in
839 5130 927 5185 hic
985 5129 1407 5201 prmtermittunt
1426 5128 1767 5185 vetustiores

202 5217 213 5250 ι
251 5217 312 5253 η.

202 5217 312 5257 ιυη.

246 5272 325 5340 (ά)
344 5272 404 5327 ιιι
425 5287 557 5329 mss.
584 5272 744 5328 Mart.
772 5280 828 5327 et
851 5270 1008 5329 Corb.
1050 5288 1209 5328 unum
1241 5270 1336 5327 Dei
1358 5287 1577 5327 nomen:
1602 5270 1763 5327 male.

189 5339 273 5396 llic
300 5339 437 5399 Deus
460 5343 847 5404 materialiter.
879 5354 937 5398 ut
964 5345 1147 5407 aiunt,
1179 5344 1429 5399 sumitur.

248 5413 319 5486 (ρ)
340 5414 669 5470 Vocabulum
712 5425 915 5469 natum
941 5416 992 5468 in
1027 5416 1173 5481 prius
1197 5413 1427 5486 vulgatis
1447 5415 1756 5482 interpunc-

191 5482 320 5540 liotté
355 5485 611 5541 dividitur
638 5486 708 5539 ab
736 5486 1076 5541 antecedenti
1119 5500 1247 5541 voce
1265 5482 1761 5555 ,‘conjungilurquc

189 5566 299 5611 cum
339 5558 711 5627 euhoequeuti.
764 5556 1254 5625 Inlerpunctiouem
1290 5567 1571 5611 mutamus
1598 5598 1611 5618 ,
1648 5566 1758 5610 tum

190 5627 298 5697 qni:
325 5629 463 5683 alias
490 5628 750 5683 remotior
789 5638 933 5683 esset
960 5628 1214 5697 particula
1258 5637 1424 5681 tamen
1447 5669 1461 5693 ,
1495 5638 1604 5681 tum
1636 5627 1759 5696 quia

190 5696 431 5771 frequens
455 5708 536 5754 est
560 5700 700 5771 apud
731 5696 985 5771 ﬂilarium
1009 5700 1246 5753 nutritas
1275 5709 1471 5754 natura:
1489 5739 1504 5763 ι
1536 5713 1632 5771 ΡΠ)
1660 5712 1757 5771 ητι-

193 5766 387 5826 ὶὶνὶιλιο
416 5766 678 5833 naturali,
730 5779 787 5824 ut
815 5770 997 5825 videre
1024 5781 1105 5824 est
1150 5772 1200 5825 in
1251 5770 1335 5824 his
1368 5787 1513 5823 num.
1556 5767 1628 5821 29.
1654 5785 1667 5820 :
1696 5769 1760 5821 At

195 5846 297 5893 Ma
317 5850 371 5894 at
395 5841 451 5895 in
482 5850 661 5895 natura
706 5840 821 5895 licet
868 5837 964 5894 Dei
984 5884 997 5911 ,
1035 5850 1232 5896 natum
1258 5851 1426 5895 tamen
1456 5855 1520 5894 (tt
1566 5837 1670 5893 Deo
1698 5840 1763 5891 sit

1870 4908 2189 4969 crumentum
2224 4913 2617 4984 dispensationis
2642 4929 2803 4966 unum
2831 4921 2981 4977 sunt,
3022 4908 3112 4965 sed
3139 4926 3228 4976 per
3266 4917 3463 4984 natura:

1871 4986 2201 5040 nativitatem.
2240 4980 2429 5040 ln'ms.
2482 4986 2634 5038 Mart.
2659 4998 2762 5037 vox
2792 4990 2991 5036 natura:
3012 4995 3222 5035 rursum
3250 4980 3458 5050 repeti-

1872 5066 1957 5111 tur
1987 5066 2106 5123 post
2135 5057 2383 5111 unitatem
2413 5067 2599 5109 tamen.

1942 5126 2014 5199 (f)
2040 5128 2094 5199 In
2117 5127 2509 5199 recentioribus
2538 5127 2811 5199 dumtaxat
2841 5136 3184 5199 massaerum
3202 5138 3417 5199 nomen.

1944 5193 2019 5269 (ῥ’)
2049 5197 2302 5269 Erasmus
2323 5212 2425 5269 pro
2445 5198 2498 5251 in
2525 5212 2608 5269 se,
2625 5193 3037 5269 malebatittsit.
3069 5193 3281 5261 Lipsius
3301 5194 3460 5249 dein-

1944 5216 1962 5269 ι
2006 5216 2019 5264 )
2049 5216 2302 5252 ιπιιεηιιιδ
2323 5216 2425 5266 pro
2445 5216 2498 5251 tn
2525 5216 2608 5259 se,
2635 5216 2869 5250 malem“
2897 5216 3037 5248 ms".
3070 5216 3281 5261 humus
3301 5216 3458 5249 aetn-

1868 5267 1938 5324 de
1966 5216 2097 5339 iegit
2127 5310 2140 5329 .
2174 5277 2221 5322 et
2242 5268 2380 5337 quod
2406 5268 2511 5339 ita.
2534 5265 2717 5339 addito
2746 5266 2905 5339 quod.
2938 5263 2998 5320 In
3033 5272 3326 5339 vetustiore
3352 5280 3458 5322 ms.

1871 5335 2078 5409 Remig.
2109 5335 2376 5394 omittitur
2396 5337 2595 5407 aliquid
2618 5338 2672 5391 in
2698 5353 2768 5391 se.
2808 5335 2865 5390 In
2913 5336 3163 5409 ms._Vat.
3194 5336 3309 5409 bas.
3365 5351 3460 5392 ex-

1868 5420 1994 5475 stat,
2020 5407 2219 5481 aliquid
2242 5419 2426 5479 prtrter
2445 5412 2545 5464 ista
2568 5410 2634 5464 sit
2654 5408 2871 5480 generis,
2896 5416 3001 5462 etc.
3031 5407 3137 5463 Pro
3160 5416 3209 5464 et
3229 5408 3321 5474 ita,
3348 5422 3461 5463 ma-

1865 5484 1949 5553 gis
1981 5483 2215 5553 placeret
2236 5523 2248 5547 ,
2282 5491 2336 5534 ut
2362 5482 2453 5553 ita.

1940 5553 2020 5622 (It)
2048 5552 2106 5607 ῐιι
2140 5568 2240 5606 ms.
2296 5554 2413 5605 has.
2434 5551 2554 5607 Vat.
2598 5566 2773 5606 eorum
2808 5564 3042 5605 morum:
3071 5548 3418 5622 interpolatin
3443 5591 3459 5615 ,

1867 5621 2022 5693 cujus
2051 5624 2169 5677 loco
2212 5623 2517 5690 intelligere
2543 5631 2627 5677 est
2672 5638 2849 5678 eorum
2891 5636 3166 5691 pecorum,
3198 5636 3227 5676 a
3263 5621 3463 5692 quibus

1865 5697 1986 5751 scil.
2016 5702 2193 5750 exstat
2222 5693 2489 5749 nativitas.

1867 5766 2209 5892 D(2chSolus
2256 5769 2423 5821 codex
2470 5765 2589 5819 Vat.
2641 5764 2756 5821 bas.
2791 5774 2911 5820 cum
2956 5764 3112 5822 Mart.
3149 5762 3236 5820 hic
3278 5761 3465 5827 addit,

1919 5855 1968 5892 0t
2005 5855 2018 5892 Ι
2060 5852 2138 5891 218.

1919 5839 2138 5892 ominus.
