3930 6194
423 344 522 402 ΞΗ

1647 340 1892 399 SANCTI
1936 341 2188 396 llllAlill
2229 339 2532 396 EPISCON

3632 350 3746 404 ΞΗ

429 465 656 533 Spir-nus
682 470 797 528 est.
849 475 954 517 non
983 458 1289 530 ambiguum
1341 459 1412 514 sit
1461 459 1702 515 nascenti
1749 458 2022 514 diversum
2050 458 2099 518 Α
2131 465 2330 510 nostrae
2355 455 2553 526 judicia
2585 470 2705 511 cum
2732 453 2952 511 humani
2983 471 3173 513 sensus
3196 461 3450 531 opinione
3483 477 3750 519 commu-

430 565 593 626 atque
623 553 854 608 alienum
881 550 1080 621 aliquid
1106 550 1177 607 ab
1201 566 1267 605 eo
1297 567 1362 608 ex
1391 567 1498 624 quo
1524 550 1604 626 (a)
1631 562 1790 609 natus
1819 553 1889 606 sit
1917 567 2023 608 non

433 648 630 704 inesse.
663 643 917 699 Nativitas
949 642 1108 711 igitur
1161 642 1253 697 Dei
1287 645 1450 698 Deum
1481 644 1689 715 perficit
1723 687 1738 710 ,
1771 656 1826 698 ut
1882 644 2024 698 Dens

433 755 538 796 non
568 747 775 806 cceptus
800 735 1132 806 intelligatur
1161 737 1320 809 186
1346 750 1466 791 esse
1493 779 1507 801 ,
1538 735 1630 791 sed
1680 744 1838 791 natus
1863 753 1875 790 :
1898 735 2022 805 quia

429 840 664 902 captum
691 845 816 890 esse
835 872 849 896 ,
877 839 1048 897 potest
1081 844 1187 885 non
1217 830 1266 884 id
1298 832 1469 898 ipsum
1498 844 1619 884 esse
1641 828 1782 896 quod
1829 829 1975 882 nasci
2009 869 2024 894 ,

425 926 552 983 dum
575 941 736 980 omne
761 936 998 993 emplum
1030 932 1124 979 aut
1151 939 1215 978 ex
1242 923 1413 978 nihilo
1444 925 1496 976 in
1537 920 1735 991 aliquid
1763 919 1983 974 exsistit
2009 959 2024 985 ,

430 1030 521 1075 aut
542 1035 609 1073 ex
635 1018 741 1073 alio
769 1018 822 1072 in
848 1016 991 1072 aliud
1027 1015 1233 1086 prolicit
1257 1024 1312 1070 et
1337 1014 1563 1080 desinit;
1589 1021 1648 1068 ut
1673 1029 1737 1068 ex
1763 1022 1904 1068 terra
1935 1026 2030 1066 au-

431 1127 574 1174 rum,
606 1122 662 1164 ut
693 1126 757 1164 ex
803 1107 992 1164 solidis
1021 1105 1221 1177 liquida
1243 1147 1258 1171 ,
1291 1117 1345 1160 ut
1380 1121 1445 1161 ex
1481 1105 1684 1173 frigidis
1731 1103 1989 1159 ferventia
2011 1143 2025 1167 ,

430 1215 489 1262 ut
515 1220 582 1261 ex
610 1204 747 1259 albis
774 1204 1020 1271 punicea.
1053 1209 1110 1256 ut
1136 1215 1200 1256 ex
1227 1198 1382 1269 aquis
1408 1197 1720 1259 animantia,
1748 1206 1805 1250 ut
1824 1211 1890 1250 ex
1913 1195 2030 1249 ina-

431 1299 594 1355 nimis
616 1299 874 1353 viventia:
909 1296 1001 1351 Dei
1029 1306 1205 1351 autem
1238 1296 1379 1351 filius
1401 1311 1575 1366 neque
1596 1312 1661 1350 ex
1692 1295 1860 1349 nihilo
1891 1294 2031 1349 Deus

433 1391 602 1459 creuit
625 1404 765 1454 esse,
800 1387 893 1443 sed
949 1397 1106 1441 natus
1133 1398 1249 1451 est;
1301 1403 1474 1458 neque
1521 1386 1664 1442 aliud
1703 1385 1902 1456 aliquid
1936 1385 2031 1440 fuit

435 1493 560 1539 ante
585 1496 746 1553 quam
774 1481 917 1535 Deus
939 1487 1022 1535 est
1051 1477 1338 1552 (aLesset).
1360 1481 1536 1546 Atque
1561 1479 1632 1534 ita
1660 1479 1748 1550 qui
1781 1479 1833 1532 in
1865 1477 2030 1532 Deum

434 1585 592 1631 natus
619 1585 723 1638 est,
761 1588 858 1630 nec
899 1573 1061 1643 cmpit
1091 1572 1233 1642 quod
1266 1573 1405 1628 Deus
1443 1582 1526 1626 est
1560 1570 1637 1643 (Ι)
1669 1570 1746 1642 (b)
1781 1585 1880 1625 nec
1907 1584 2033 1640 pro-

430 1668 581 1724 fecit.
613 1667 786 1722 Tenet
836 1665 1020 1735 itaque
1077 1663 1327 1718 nativitas
1380 1677 1498 1717 eam
1529 1677 1597 1717 ex
1641 1677 1744 1732 qua
1797 1660 2034 1716 substitit

435 1771 706 1822 naturam,
735 1767 789 1812 et
818 1756 958 1811 ﬁlius
984 1755 1078 1810 Dei
1108 1769 1215 1810 non
1246 1752 1390 1809 aliud
1415 1768 1578 1825 quam
1609 1752 1750 1824 quod
1782 1753 1922 1808 Deus
1949 1759 2035 1808 est

437 1849 706 1907 Subsistil.

512 1943 599 1997 l5.
634 1937 809 1996 Natus
828 1953 1026 1994 verum
1054 1937 1162 1994 Deo
1200 1946 1309 2005 est,
1337 1937 1421 1992 cui
1449 1935 1588 1992 Deus
1609 1943 1682 1992 est
1708 1944 1853 2007 pater
1872 1944 1918 1990 et
1951 1936 2034 1990 cui

438 2053 554 2092 cum
581 2035 688 2091 Deo
713 2034 1002 2105 atqualitus.
1053 2030 1354 2102 quualitas
1398 2046 1488 2085 nec
1527 2030 1623 2085 soli
1668 2030 1905 2100 competit
1947 2045 2037 2084 nec

443 2130 672 2186 diversis.
705 2158 777 2170 -—
805 2128 888 2196 (‘2)
923 2132 1030 2183 Aut
1067 2128 1295 2199 quisque
1341 2126 1464 2182 hinc
1508 2123 1761 2196 ambigit,
1809 2124 1980 2180 discat
2006 2139 2036 2179 a

443 2222 646 2280 Judaeis
690 2222 1096 2292 intelligentiam
1144 2231 1384 2285 naturae,
1410 2218 1495 2275 vel
1529 2218 1706 2290 potius
1748 2225 2041 2288 cognoscat

445 2317 514 2371 ab
539 2317 832 2387 Evangelia
875 2316 1156 2371 veritatem
1203 2313 1526 2380 nativitatis,
1565 2313 1616 2368 in
1645 2327 1753 2376 quo
1780 2311 2040 2381 scriptum

446 2421 550 2478 est,
583 2410 803 2481 Propter
843 2409 938 2464 hoc
964 2409 1130 2479 magis
1174 2407 1466 2473 quazrebaut
1505 2421 1617 2459 eum
1647 2402 1819 2459 λιιάωὶ
1843 2401 2040 2471 interﬁ-

446 2521 591 2572 cere,
619 2505 860 2572 quoniam
905 2519 1006 2556 non
1049 2503 1222 2556 solum
1266 2499 1492 2555 solvebat
1533 2497 1793 2555 sabbatum
1820 2537 1835 2561 .
1863 2495 1952 2552 sed
1997 2504 2045 2550 et

447 2595 584 2668 quod
607 2596 869 2667 praprium
901 2593 996 2651 sibi
1025 2603 1230 2664 patrem
1263 2592 1458 2648 dicebat
1484 2587 1654 2645 Deum
1674 2632 1688 2656 ,
1715 2589 1963 2654 (aqualem
1993 2602 2046 2641 se

450 2687 644 2758 faciens
679 2685 787 2745 Deo
812 2685 990 2758 (Joau.
1026 2701 1078 2749 ν,
1111 2682 1226 2756 l8).
1272 2684 1385 2740 Non
1417 2697 1595 2750 nunc,
1630 2689 1687 2737 ut
1739 2684 1792 2738 in
1834 2679 2048 2736 cteteris

449 2778 628 2846 solet,
671 2777 979 2835 Judaeorum
1023 2790 1203 2832 sermo
1231 2774 1299 2830 ab
1334 2773 1418 2829 bis
1460 2773 1634 2829 dictus
1663 2773 1921 2828 refertur:
1955 2787 2048 2828 cx-

454 2872 646 2943 positio
674 2870 848 2941 potius
879 2868 996 2929 haec
1027 2867 1384 2940 Evangelisue
1414 2873 1518 2926 est.
1548 2880 1763 2920 causam
1792 2864 2048 2920 demons-

451 2966 641 3020 trantis
667 2980 766 3020 cur
805 2963 1091 3020 Dominum
1133 2961 1440 3018 interlicere
1469 2959 1640 3018 Judaei
1669 2957 1886 3014 vellent.
1921 2957 2053 3016 Ces-

451 3069 530 3112 sat
561 3059 656 3131 (al.
680 3057 880 3128 cesset)
921 3071 1050 3126 ergo
1080 3070 1176 3125 per
1212 3053 1542 3124 impietatem
1569 3052 2052 3123 blasphemantium

454 3151 659 3206 vitiosa:
699 3149 1067 3219 intelligentizn
1118 3149 1436 3212 excusatio;
1485 3163 1606 3202 cum
1661 3162 1755 3217 per
1813 3145 2053 3216 Apostoli

2129 547 2215 603 nia
2245 548 2372 610 sint,
2407 556 2464 601 ut
2491 557 2544 603 et
2569 547 3052 604 nativitas'naturze
3097 549 3292 608 habeat
3317 555 3702 624 mqualitatem
3729 600 3744 624 ,

2129 649 2185 694 et
2212 640 2302 692 ubi
2333 641 2613 708 inqualitas
2642 651 2751 706 est,
2779 656 2955 710 neque
2995 644 3150 716 187
3189 646 3426 702 alienum
3453 649 3671 720 aliquid
3717 666 3750 705 ι
3819 668 3823 672 '

2129 747 2189 787 se
2217 733 2387 802 possit
2406 747 2526 788 esse
2546 776 2561 800 ,
2587 748 2685 788 nec
2729 734 2933 800 solum;
2967 744 3141 792 tamen
3169 752 3236 794 ex
3276 739 3409 809 ipsis
3439 739 3610 797 dictis
3640 741 3749 796 do-

2132 826 2345 880 minicis
2375 825 2530 896 hujus
2553 841 2766 898 quoque
2786 829 3049 883 sermonis
3071 832 3238 886 nostri
3260 831 3393 886 ﬁdes
3410 831 3750 889 aflirmanda

2130 927 2234 976 est.
2263 932 2332 972 ne
2359 919 2634 973 temeritas
2663 919 3091 987 contradicendi,
3113 921 3216 978 sub
3237 922 3486 980 libertate
3503 925 3750 982 diversae

2132 1009 2215 1082 (5)
2250 1013 2301 1067 in
2324 1012 2632 1067 nominibus
2659 1013 3057 1085 intelligentia),
3088 1015 3168 1088 (ά)
3207 1017 3401 1074 audeat
3433 1019 3750 1088 professio-

2091 1106 2093 1109 ’
2133 1103 2292 1158 nibus
2338 1103 2501 1159 divini
2551 1105 2618 1159 de
2650 1119 2711 1159 se
2755 1104 3048 1160 testimonii
3093 1109 3382 1164 contraire.
3433 1110 3751 1180 RespOndit

2133 1199 2278 1254 enim
2312 1197 2604 1253 Dominus:
2655 1197 2776 1253 Non
2804 1208 2972 1269 potest
3011 1200 3181 1257 Filius
3208 1204 3271 1256 ab
3300 1219 3354 1257 se
3385 1208 3564 1275 facere
3588 1207 3748 1275 quid-

2135 1305 2286 1360 quam
2304 1332 2320 1355 ,
2347 1291 2448 1345 nisi
2473 1289 2610 1358 quod
2634 1291 2816 1346 uiderit
2839 1293 3050 1347 Patrem
3070 1295 3342 1366 facientem
3357 1313 3378 1352 :
3401 1313 3753 1370 quacumque

2135 1382 2377 1438 enimille
2401 1383 2561 1454 facit,
2608 1386 2784 1438 eadem
2821 1394 2870 1438 et
2895 1383 3062 1440 Filius
3103 1387 3230 1458 facit
3267 1388 3522 1444 similiter.
3585 1389 3752 1444 Pater

2137 1476 2272 1529 enim
2301 1475 2472 1546 diligit
2501 1473 2690 1530 Filium
2709 1517 2724 1541 ,
2769 1484 2814 1530 et
2845 1478 3017 1532 omnia
3043 1478 3360 1534 demonstrat
3399 1483 3444 1535 ei
3467 1497 3597 1552 quas
3637 1484 3754 1552 ipse

2139 1567 2296 1637 facit:
2323 1574 2372 1621 et
2414 1569 2614 1639 majora
2643 1566 2826 1622 borum
2871 1584 3028 1636 opera
3071 1570 3430 1625 demonstrabit
3453 1573 3537 1639 ei,
3573 1582 3640 1628 ut
3668 1591 3755 1628 eos

2137 1657 2483 1712 admiremini.
2513 1656 2662 1712 Sicut
2688 1658 2824 1712 enim
2849 1656 3005 1713 Pater
3027 1660 3248 1716 suscitat
3285 1672 3520 1719 mortuos
3548 1676 3601 1719 et
3625 1667 3757 1720 vivi-

2137 1749 2280 1819 ficnt,
2309 1752 2382 1804 sic
2406 1759 2449 1803 et
2477 1747 2525 1803 Ε
2528 1749 2648 1803 ilius
2672 1765 2797 1820 quos
2825 1749 2933 1805 uult
2972 1751 3214 1821 viviﬁcat.
3249 1752 3363 1809 Nec
3406 1757 3549 1810 enim
3591 1756 3758 1814 Pater

2063 1845 2111 1906 B
2129 1841 2334 1912 judicat
2363 1857 2686 1912 quemquam,
2715 1843 2805 1897 sed
2845 1859 2994 1898 omne
3011 1846 3274 1916 judicium
3309 1848 3448 1903 dedit
3480 1848 3634 1906 Filio
3657 1896 3673 1916 ,
3700 1862 3758 1908 ut

2139 1949 2313 1990 attines
2360 1936 2700 2004 honori/irent
2746 1934 2944 1992 Filium
2971 1937 3102 1992 sicut
3124 1938 3468 2010 honoriﬁcam
3509 1942 3757 2000 Patrem.

2144 2029 2216 2101 (e)
2249 2025 2351 2093 Diti
2379 2044 2481 2084 non
2525 2028 2838 2095 honorificat
2883 2027 3112 2095 Filium,
3158 2047 3264 2086 non
3291 2034 3616 2104 honorificus
3648 2034 3760 2091 Pa-

2142 2131 2287 2184 trem,
2310 2121 2399 2191 qui
2425 2121 2564 2174 misit
2583 2121 2730 2176 illum
2749 2120 2798 2194 (Ι
2808 2121 2915 2178 bid.
2944 2122 3034 2190 l9,
3064 2131 3115 2179 et
3140 2123 3324 2198 seqq.).
3352 2127 3762 2199 PropositiOnis

2144 2212 2360 2284 quidem
2389 2211 2524 2267 ordo
2559 2213 2611 2267 id
2641 2214 2916 2284 exigebat,
2952 2226 3008 2268 ut
3049 2216 3260 2287 singula
3289 2233 3526 2290 quaque
3552 2237 3764 2292 genera

2143 2306 2479 2376 singularum
2509 2321 2974 2378 quarumcumque
3021 2322 3306 2365 causarum
3349 2321 3767 2381 pertractaren-

2147 2407 2262 2463 tur;
2314 2397 2517 2468 ntquia
2559 2396 2728 2454 Deum
2774 2413 2896 2455 esse
2943 2399 3226 2456 Dominum
3270 2413 3520 2458 nostrum
3569 2401 3766 2461 Jesum

2148 2491 2423 2548 Christum
2457 2492 2547 2547 Dei
2575 2493 2768 2556 filium.
2804 2493 3046 2560 nomine,
3079 2495 3380 2560 nativitate,
3407 2507 3639 2565 natura,
3669 2514 3769 2570 po-

2153 2595 2382 2654 testate,
2422 2585 2760 2658 professione
2801 2587 2872 2660 (Ι)
2901 2589 3316 2658 didicissemus,
3357 2591 3773 2651 demonstratio

2153 2696 2336 2742 nostra
2361 2685 2561 2755 gradus
2597 2683 2843 2754 singulos
2870 2685 3243 2764 dispositionis
3291 2688 3598 2757 proposita
3651 2704 3777 2760 per-

2155 2785 2430 2834 curreret:
2455 2775 2550 2831 sed
2581 2777 2875 2832 nativitatis
2919 2777 2971 2831 id
2996 2786 3183 2833 natura
3213 2793 3320 2833 non
3371 2781 3617 2849 patitur,
3652 2797 3776 2852 quae

2154 2870 2207 2931 in
2240 2885 2298 2928 se
2325 2879 2379 2925 et
2409 2885 2638 2936 nomen,
2661 2881 2714 2926 et
2752 2881 3002 2926 naturam
3023 2913 3038 2937 ,
3065 2881 3121 2927 et
3160 2881 3480 2940 potestatem
3507 2915 3523 2939 ,
3553 2886 3620 2929 et
3651 2890 3776 2945 pro-

2156 2961 2448 3020 fessiouem
2475 2962 2588 3016 sola
2620 2963 3016 3033 complectitur.
3056 2962 3186 3020 Sine
3209 2964 3294 3020 bis
3318 2965 3464 3020 enim
3506 2967 3778 3022 nativitas

2159 3069 2266 3111 non
2293 3055 2392 3110 erit
2417 3070 2432 3120 ;
2462 3055 2582 3124 quia
2613 3054 2665 3110 in
2706 3069 2766 3109 se
2793 3053 2909 3110 haec
2936 3055 3117 3110 omnia
3160 3057 3430 3110 nascendo
3455 3058 3775 3115 contineat.

2162 3146 2313 3204 Hanc
2341 3147 2502 3216 igitur
2529 3156 2856 3213 tractantes,
2901 3148 3186 3203 incidimus
3231 3149 3286 3204 in
3315 3165 3434 3205 eam
3467 3154 3775 3208 necessita-

453 3241 830 3298 auctoritatem
850 3281 864 3305 ,
894 3240 995 3296 sub
1022 3238 1418 3310 significatione
1449 3237 1770 3301 nativitatis,
1804 3239 2051 3310 pr0prie-
2083 3232 2128 3297 C
2162 3249 2268 3296 tem
2289 3280 2304 3305 ,
2333 3247 2393 3298 ut
2420 3238 2667 3308 superius
2693 3251 3117 3295 cotttmcmorata
3138 3241 3206 3296 ad
3231 3242 3480 3304 ordinem
3502 3252 3782 3301 tractatus

455 3342 538 3389 tas
570 3333 832 3389 naturalis
856 3342 1071 3389 ostensa
1095 3333 1195 3388 sit:
1231 3330 1437 3388 Patrem
1463 3347 1608 3383 suum
1633 3329 1832 3386 dicebat
1861 3329 2049 3396 Deum,

451 3430 696 3500 aqualem
720 3445 772 3480 se
801 3428 994 3498 faciens
1019 3425 1146 3481 Deo.
1179 3425 1335 3482 Anne
1380 3425 1640 3482 naturalis
1671 3424 1919 3481 nativitus
1949 3440 2053 3478 non

453 3531 559 3588 est,
602 3522 689 3576 ubi
718 3537 810 3588 per
840 3535 1037 3578 nomen
1073 3520 1238 3586 patris
1289 3516 1512 3588 proprii.
1544 3523 1748 3570 natura:
1777 3515 2055 3584 aequalitas

454 3610 902 3671 demonstratur?
928 3609 1045 3670 Non
1073 3611 1217 3670 enim
1251 3607 1542 3676 ambigitur
1567 3648 1583 3674 ,
1613 3607 1739 3671 quin
1777 3605 2056 3670 inqualitas

454 3703 588 3760 nihil
617 3701 847 3760 differat.
877 3701 1008 3768 Quis
1037 3717 1197 3771 porro
1239 3699 1540 3762 dubitabit,
1576 3696 1705 3768 quin
1739 3694 2055 3756 indifferen-

459 3805 565 3852 tem
596 3802 841 3852 naturam
889 3791 1138 3850 nativitas
1169 3789 1575 3860 consequatur?
1603 3788 1735 3843 lline
1774 3789 1920 3843 enim
1971 3798 2056 3847 est

455 3886 572 3942 sola
602 3885 689 3940 illa
717 3900 838 3960 qua:
867 3898 994 3940 vere
1014 3897 1136 3946 esse
1165 3884 1336 3954 possit
1362 3881 1669 3952 aequalitas:
1701 3881 1823 3955 quia
1851 3890 2056 3938 naturai

458 3979 823 4048 aequalitatem
847 3977 960 4036 sola
989 3977 1158 4050 possit
1179 3982 1438 4052 prrestare
1460 3975 1731 4032 nativitas.
1751 3974 2056 4046 IEqualitas

454 4090 587 4134 vero
614 4090 904 4148 numquam
947 4074 1022 4132 ibi
1059 4087 1181 4132 esse
1202 4072 1482 4134 credetur,
1525 4071 1616 4131 ubi
1654 4072 1780 4128 unio
1810 4080 1923 4127 est:
1959 4086 2057 4130 nec

457 4167 531 4242 (ε)
566 4177 741 4226 tamen
772 4169 880 4224 illic
910 4166 1231 4239 reperietur,
1266 4165 1355 4220 ubi
1400 4161 1604 4220 diﬂ‘ert.
1636 4163 1711 4222 lta
1746 4160 2057 4224 similitudi-

456 4261 543 4321 nis
573 4260 852 4332 requalitas
893 4272 993 4314 nec
1023 4256 1373 4316 solitudinem
1409 4255 1602 4322 liabet,
1629 4270 1728 4311 nec
1771 4253 2058 4316 diversita-

456 4359 603 4414 tem;
651 4355 774 4426 quia
803 4351 981 4410 omnis
1023 4350 1305 4421 mqualitas
1353 4364 1453 4407 nec
1499 4349 1712 4406 diversa
1741 4388 1757 4417 ,
1798 4363 1898 4408 nec
1937 4348 2054 4404 sola

456 4448 549 4512 sit.

531 4541 622 4603 16.
647 4538 775 4598 Filii
804 4537 1042 4596 nativitas
1077 4547 1126 4593 et
1157 4552 1272 4592 cum
1315 4535 1474 4592 Patre
1493 4537 1761 4608 inqualitas
1807 4553 1869 4599 ea;
1893 4537 2054 4610 ipsius

2157 3330 2357 3400 proprii
2387 3328 2605 3386 differre
2633 3345 2738 3388 non
2772 3330 2951 3387 liceat.

2232 3424 2322 3482 17.
2348 3422 2586 3480 Christus
2615 3441 2645 3482 a
2670 3423 2874 3484 ludatis
2894 3438 3166 3484 accusatus
3194 3436 3242 3482 et
3271 3437 3513 3484 naturam
3542 3439 3600 3486 es
3644 3433 3783 3486 nuti—

2158 3518 2365 3574 oitatem
2409 3533 2556 3572 suam
2608 3519 2839 3588 exponit.
2888 3518 3078 3576 Christi
3126 3522 3288 3578 uirtus
3340 3524 3404 3578 de
3449 3528 3781 3595 cognitione.

2163 3607 2300 3676 Quid
2329 3608 2436 3664 IHL’C
2466 3611 2707 3680 cognitio.
2740 3641 2813 3652 —
2836 3610 3195 3690 Respondens
3231 3614 3376 3674 enim
3409 3614 3691 3673 Domitius
3717 3618 3784 3674 ad

2157 3701 2396 3764 .ludzcos,
2427 3702 2570 3772 quod
2603 3717 2726 3756 eum
2752 3703 3058 3760 interficere
3087 3705 3158 3764 ob
3189 3707 3290 3762 hoc
3321 3707 3494 3780 magis
3525 3710 3782 3777 vellent,

2157 3795 2283 3866 quia
2316 3804 2520 3864 patrem
2552 3811 2708 3854 suum
2733 3795 2920 3852 dicens
2943 3796 3144 3865 Deum,
3168 3799 3432 3868 aequalem
3459 3815 3521 3856 se
3551 3801 3676 3858 Deo
3709 3805 3786 3858 fe-

2159 3891 2362 3961 cisset,
2391 3904 2554 3946 omne
2581 3898 2979 3948 sacrau'tentum
3016 3892 3136 3952 fidei
3168 3903 3399 3960 nostrae,
3422 3881 3552 3952 dum
3587 3896 3785 3968 impiis

2160 3996 2349 4038 eorum
2379 3983 2614 4038 motibus
2643 3983 2966 4040 contradicit
2989 4025 3005 4051 ,
3039 3987 3309 4056 exposuit.
3350 3987 3573 4046 Dixerat
3628 3991 3780 4048 enim

2157 4075 2450 4144 superius,
2487 4090 2645 4144 cum,
2699 4077 2991 4148 paralytico
3048 4089 3278 4144 curato,
3325 4079 3510 4137 violati
3555 4083 3781 4142 sabbati

2160 4182 2287 4224 reus
2317 4169 2480 4225 etiam
2510 4169 2700 4224 mortis
2725 4170 2928 4239 judicio
2943 4172 3398 4241 constitueretur,
3436 4172 3604 4230 Pater
3632 4195 3781 4232 sui-us

2159 4276 2319 4331 usque
2345 4261 2512 4318 adhuc
2535 4271 2806 4332 operatur,
2843 4273 2891 4316 et
2914 4279 3004 4332 ego
3033 4279 3218 4332 operor
3246 4263 3427 4336 (Joan.
3459 4280 3512 4331 ν,
3553 4267 3678 4340 l7).
3712 4269 3781 4324 Et

2160 4351 2285 4408 hinc
2309 4352 2487 4408 omnis
2516 4352 2916 4410 accendebatur
2947 4353 3174 4418 invidia,
3215 4355 3354 4424 quod
3375 4370 3436 4412 se
3467 4356 3582 4412 Deo
3627 4375 3781 4416 exm-

2159 4452 2378 4522 quasset
2426 4443 2634 4514 paterni
2663 4445 2900 4504 nominis
2943 4447 3314 4516 usurpatione.
3347 4445 3552 4506 Valens
3585 4449 3780 4522 itaque

2161 4545 2216 4596 et
2241 4535 2576 4594 nativitatem
2608 4551 2760 4592 suam
2798 4537 3154 4607 conﬁrmare,
3186 4547 3241 4602 et
3270 4548 3476 4598 naturas
3505 4543 3775 4602 virtutem

458 4637 628 4692 dictis.
665 4634 960 4689 Divinitatis
991 4630 1184 4686 Christi
1211 4630 1413 4685 diversa
1437 4640 1738 4700 argumenta
1762 4630 1916 4684 simul
1939 4647 2054 4700 per-
2081 4617 2136 4678 Ῑ)
2160 4631 2424 4703 proﬁteri,
2453 4632 2558 4686 ait:
2587 4630 2708 4685 Non
2726 4641 2890 4702 potest
2913 4631 3190 4704 quidquam
3211 4635 3379 4704 facere
3401 4635 3466 4690 ab
3487 4653 3545 4692 se
3569 4635 3621 4690 F
3620 4639 3774 4706 ilius,

457 4736 764 4784 tractantur.
793 4756 864 4767 ——
900 4725 1233 4795 Quamquam
1280 4724 1440 4794 igitur
1482 4721 1641 4793 hujus
1687 4723 2053 4794 intelligentia:

528 4866 611 5014 ξιξ
646 4863 757 4920 Nec
779 4863 996 4950 prpfecit
1020 4861 1159 4934 quod
1180 4860 1322 4916 Deus
1348 4869 1444 4917 est.

453 4950 455 4964 ’
549 4939 604 5014 2,
639 4937 741 4991 Aut
769 4951 1055 5006 qutsquam.

588 4937 606 5014 )
639 4937 741 4991 Aut
769 4937 1055 5006 quisquam.

526 5052 604 5126 (a)
634 5052 1023 5126 Editirhnatum
1044 5050 1141 5126 sit.
1188 5047 1407 5126 Rectius
1457 5061 1589 5103 mss.
1639 5055 1790 5105 natus
1812 5047 1876 5102 sit
1879 5063 1916 5126 ,ί
1942 5047 2043 5102 hoc

457 5119 602 5183 enim
632 5125 699 5179 de
736 5121 873 5179 Filio
914 5121 1257 5186 praedicatur.
1287 5119 1491 5175 Eodem
1527 5129 1842 5188 nrguuwntu
1878 5119 2036 5174 Faus-

460 5201 605 5252 tinus
629 5210 748 5263 cap.
781 5195 836 5255 ἓ.
871 5192 1160 5259 Quomodo.
1185 5192 1391 5263 inquit,
1428 5207 1530 5263 non
1568 5186 1714 5263 uerus
1752 5186 1913 5263 Deus
1936 5199 2041 5263 est,

455 5269 547 5338 qui
575 5260 721 5321 verus
747 5277 816 5338 est
849 5264 1029 5338 filius?
1055 5273 1109 5318 ut
1136 5260 1466 5338 Augustinus
1489 5260 1684 5338 Gollut.
1703 5277 1840 5338 cum
1868 5261 2042 5338 Multi-

457 5331 629 5398 mino.
662 5352 715 5392 ιι.
753 5336 818 5391 14
845 5352 859 5388 :
896 5334 1016 5390 Non
1038 5344 1110 5390 est
1136 5349 1279 5391 uerus
1304 5333 1472 5404 ﬁlius.
1504 5333 1549 5388 si
1576 5331 1713 5401 quod
1742 5341 1812 5404 est
1857 5331 2042 5404 Pater,

457 5418 661 5464 nonest
711 5405 918 5462 Filius:
949 5404 1092 5472 quod
1137 5408 1370 5460 titaxime
1416 5405 1466 5460 in
1515 5405 1677 5458 rebus
1718 5403 2047 5468 spiritalibus

458 5495 644 5533 verum
667 5492 788 5531 esse
811 5485 955 5530 recte
978 5473 1064 5528 hic
1095 5486 1243 5529 n0tat
1276 5473 1528 5528 Hilarius.
1561 5472 1834 5532 Interdum
1865 5483 2042 5528 tamen

459 5549 646 5604 Ariani
691 5549 966 5601 Christum
997 5560 1183 5601 verum
1218 5545 1308 5600 Dei
1346 5545 1513 5598 lilium
1557 5545 1880 5600 confitentes
1905 5585 1920 5607 ,
1956 5560 2047 5596 ve-

461 5633 581 5673 rum
627 5617 796 5672 Deum
851 5615 1145 5683 negabant,
1199 5616 1272 5670 uti
1322 5621 1537 5671 constat
1587 5630 1654 5671 ex
1710 5616 1800 5670 tib.
1854 5628 2045 5672 contra

467 5687 820 5749 Auxentium,
853 5701 908 5739 ιι.
956 5685 987 5738 7
1015 5695 1068 5738 et
1093 5687 1179 5748 l5,
1211 5700 1420 5740 necnon
1467 5700 1534 5744 ex
1574 5685 1666 5742 lib.
1714 5703 1730 5742 ι
1761 5684 2044 5756 Augustini

463 5769 649 5813 contra
683 5757 1026 5810 Maximinum
1054 5771 1106 5810 c.
1138 5757 1193 5812 6.

536 5827 612 5900 (b)
639 5828 729 5883 Sic
751 5825 988 5897 patiores
1016 5841 1145 5883 mss.
1173 5826 1242 5880 At
1263 5825 1420 5893 Bad.,
1447 5824 1602 5880 Er.et
1620 5827 1770 5898 Lips.
1795 5842 1888 5884 nec
1909 5824 2048 5902 quod

2157 4725 2255 4779 nisi
2275 4725 2413 4796 quod
2441 4724 2622 4780 viderit
2647 4722 2856 4779 Patrem
2907 4725 3174 4796 facientem
3202 4724 3389 4798 (Ibid.,
3440 4727 3556 4801 l9).
3594 4729 3774 4786 Exor-

2230 4863 2310 4938 (5)
2340 4861 2406 4918 In
2429 4862 2740 4920 hominibus.

2145 5044 2288 5100 Deus
2309 5053 2383 5097 est
2411 5042 2649 5111 proﬁcit:
2684 5040 2826 5112 quod
2860 5050 2915 5096 et
2948 5040 3000 5096 in
3037 5049 3314 5112 postrema
3343 5041 3476 5098 edit.
3512 5042 3642 5101 Par.
3682 5061 3772 5103 re-

2146 5117 2384 5187 positum
2415 5122 2520 5170 est.

2220 5185 2292 5258 (ε)
2327 5187 2674 5258 Deestrtamen
2697 5184 2878 5258 in_ms.
2914 5183 3184 5258 bas._Vgat.
3216 5184 3334 5239 Mox
3363 5200 3486 5258 cum
3518 5201 3654 5244 mss.
3687 5189 3771 5244 le-

2148 5254 2323 5328 gimus
2354 5257 2437 5328 ubi
2462 5254 2635 5328 differt
2666 5297 2696 5328 ,_
2709 5254 2762 5316 id
2801 5265 2915 5318 est,
2965 5254 3054 5316 ubi
3083 5256 3444 5328 discrepantia
3483 5268 3575 5314 est
3599 5301 3612 5324 ,
3652 5277 3766 5316 non

2149 5324 2272 5385 cum
2303 5327 2465 5381 editis
2488 5327 2572 5384 ubi
2593 5324 2826 5393 differat.

2226 5399 2306 5469 (d)
2338 5399 2393 5456 lu
2423 5397 2741 5469 quibusdam
2765 5411 2896 5469 tttss.
2921 5396 3160 5469 gaudeat.

2221 5466 2295 5539 (ei
2324 5466 2484 5536 Editi,
2521 5468 2621 5534 Qui
2663 5484 2765 5522 non
2795 5467 3137 5536 honoriﬁcam
3175 5466 3375 5524 Filium
3396 5514 3408 5531 .
3438 5486 3546 5525 non
3592 5473 3766 5527 Itono-

2148 5540 2450 5613 rificant...,
2479 5554 2786 5613 nequecum
2817 5553 2973 5594 sacro
2997 5550 3172 5613 textu.
3202 5554 3378 5607 neque
3419 5556 3548 5596 cum
3591 5558 3760 5610 mss.,

2150 5609 2537 5682 nequeusecum
2568 5612 2668 5678 ipsi
2695 5609 2833 5664 infra
2866 5610 3290 5682 consentientes.

2221 5679 2292 5752 (γ’)
2322 5679 2408 5736 Sne
2440 5679 2559 5752 Par.
2589 5695 2738 5752 _cuut
2777 5681 3238 5750 prmstantioribus
3288 5697 3418 5740 mss.
3457 5683 3580 5739 Vat.
3611 5685 3764 5750 bas.,

2153 5747 2334 5816 ιιπι..
2366 5750 2544 5810 Colb..
2577 5747 2903 5815 Carn.,'etc.
2933 5753 3430 5810 Atcumnonnullis
3455 5755 3577 5810 aliis
3619 5747 3760 5819 Bad.

2161 5835 2216 5884 et
2240 5825 2330 5882 Er.
2360 5821 2729 5884 docuissemus.
2763 5821 2912 5896 Lips.
2935 5820 3222 5885 docuimus.
