3930 6194
156 319 251 376 215

1348 307 1436 363 DE
1477 304 1856 363 TRINITATE
1893 305 2096 364 LIBER
2132 307 2242 364 VII.

3331 312 3438 369 2M

155 433 286 488 dium
311 428 678 498 responsionis
709 425 996 482 adversum
1022 423 1332 480 Judteorum
1361 419 1583 492 impium
1617 434 1735 475 mo—
1759 421 1810 482 Α
1837 420 2082 476 vinitatis
2107 421 2390 477 veritatem
2426 420 2482 477 in
2509 418 2670 478 Patre
2695 427 2749 478 et
2771 421 2912 480 Filio
2940 425 3247 492 conﬁtetur,
3274 425 3436 481 abso-

159 535 254 580 tum
275 565 288 588 ,
316 537 406 593 per
427 535 587 591 quem
620 534 793 590 usque
819 517 884 573 ad
911 517 1238 572 voluntatem
1264 512 1553 569 inferendae
1584 527 1729 568 mor-

162 615 220 669 tis
240 612 647 682 exagitabantur
669 652 684 676 ,
708 619 948 680 aptatum
978 607 1138 680 188
1166 617 1268 661 est.
1295 604 1428 660 Nam
1451 604 1515 659 ad
1547 603 1731 660 violati

157 703 338 764 sabbati
359 703 628 772 objectum
652 703 754 756 sibi
780 711 982 755 reatum
1005 701 1249 765 dixerat,
1283 697 1441 752 Pater
1465 715 1604 753 meus
1637 715 1728 752 us-

158 816 236 870 que
249 798 405 852 adhuc
429 806 674 866 aperatur
693 838 709 862 ,
751 806 801 849 et
823 811 916 866 ego
935 810 1116 863 aperor
1139 811 1157 848 :
1191 801 1248 847 ut
1291 807 1579 862 usurpasse
1625 792 1728 847 hoc

157 907 210 947 ex
231 891 536 946 auctoritate
583 888 982 958 intelligeretur
1009 887 1086 959 (a)
1113 887 1379 956 exempli;
1414 886 1726 958 signiﬁcans

156 993 310 1039 tamen
339 983 437 1037 boc
459 1024 473 1047 ,
504 982 647 1052 quod
672 982 788 1051 ipse
809 991 1024 1050 ageret.
1053 979 1226 1034 Patris
1254 993 1375 1034 esse
1397 995 1532 1044 opus
1562 979 1722 1034 intel-

155 1077 392 1150 ligendum
418 1117 432 1140 ,
482 1073 606 1145 quia
642 1075 757 1143 ipse
792 1073 843 1126 itt
875 1087 935 1127 se
982 1079 1302 1141 operaretur
1329 1080 1610 1140 operante.
1660 1071 1725 1127 Et

154 1185 340 1226 rursum
369 1168 660 1222 adversum
687 1181 806 1220 eam
848 1163 1132 1229 invidiam,
1165 1179 1268 1233 qna
1311 1179 1369 1216 se
1407 1179 1502 1232 per
1547 1175 1722 1230 pater-

158 1278 263 1316 num
303 1275 491 1315 nomen
526 1259 637 1314 lico
665 1265 1035 1328 exaequasset,
1071 1255 1186 1311 lucc
1229 1256 1493 1312 subdidit:
1524 1257 1718 1320 Amen,

151 1369 276 1406 amen
303 1352 411 1404 dico
439 1351 602 1414 vobis,
633 1365 734 1403 non
766 1359 928 1418 potest
971 1347 1144 1402 Filius
1167 1347 1231 1400 ab
1259 1365 1313 1401 se
1363 1351 1534 1420 facere
1563 1349 1718 1419 quid-

152 1459 304 1512 quam,
339 1443 432 1496 nisi
475 1441 618 1511 quod
646 1440 829 1495 viderit
880 1437 1084 1494 Patrem
1132 1441 1420 1507 facientem.
1452 1440 1529 1495 Ne
1562 1442 1722 1511 igitur

153 1537 420 1607 ειιιιᾳιιειιὶο
451 1534 541 1589 illa
576 1549 675 1604 per
701 1549 899 1588 nomen
934 1544 1286 1602 naturamque
1311 1533 1401 1587 ﬁlii
1437 1533 1595 1588 ﬁdem
1625 1550 1722 1588 na-

154 1629 348 1681 tivitatis
371 1625 638 1689 auferret;
663 1627 736 1680 ait
769 1623 964 1680 Filium
996 1624 1064 1679 ab
1091 1640 1150 1680 se
1173 1625 1349 1680 facere
1375 1625 1505 1680 nihil
1537 1641 1716 1695 posse,

152 1720 240 1774 nisi
265 1719 396 1791 quod
426 1719 640 1774 Patrem
675 1718 962 1774 facientem
995 1719 1238 1772 vidisset.
1273 1719 1338 1773 Et
1379 1729 1436 1773 ut
1473 1728 1717 1775 maneret

1835 515 2162 569 lutissimum
2204 522 2632 581 sacramentum,
2673 515 2833 588 189
2874 527 2934 573 ut
2971 518 3160 574 eadem
3192 517 3437 574 faciendo

1832 606 2000 662 Filius
2047 606 2296 661 similiter
2342 606 2532 672 faciat,
2564 615 2621 662 et
2663 608 2915 664 similiter
2962 609 3211 666 faciendo
3239 610 3431 666 eadem

1835 699 1942 754 sint
1971 699 2089 769 ipsa
2115 696 2186 770 (e)
2213 714 2334 768 qua:
2363 699 2552 755 faciat:
2585 701 2710 770 quia
2749 701 2851 756 sub
2887 719 2990 758 una
3022 703 3122 758 bac
3161 702 3437 774 significa-

1831 793 1979 847 tione
2003 802 2268 847 testentur
2297 802 2351 847 et
2379 793 2631 849 similiter
2661 795 2799 850 facta
2849 797 3184 852 nativitatem
3207 839 3222 864 ,
3257 805 3312 853 et
3338 812 3432 853 ca-

1833 884 1956 940 dem
1993 885 2128 940 facta
2161 894 2429 940 naturam.

1905 979 1990 1032 19.
2037 978 2414 1032 Demonstratio
2458 995 2669 1046 operum
2699 982 3016 1036 nativitatem
3055 983 3264 1054 ingerit,
3307 1000 3412 1038 non

1826 1072 2219 1142 ignorationem.
2251 1069 2458 1125 Nostra:
2479 1072 2602 1141 fidei
2630 1075 2898 1128 instructio
2919 1085 3011 1128 est.
3049 1074 3189 1129 Velle
3213 1077 3434 1146 quid.—

1827 1159 2001 1216 Tenet
2041 1161 2222 1230 itaque
2265 1164 2636 1232 responsionis
2662 1163 2950 1219 dominica:
2987 1166 3120 1220 ordo
3149 1169 3433 1222 ecclesias-

1829 1254 1946 1309 ticae
1975 1255 2096 1309 ﬁdei
2129 1256 2392 1325 integrum
2431 1256 2677 1311 ordinem
2701 1299 2716 1324 ,
2753 1269 2809 1313 ut
2842 1273 2940 1314 nec
2966 1258 3241 1314 discernat
3271 1270 3428 1314 natu.

1826 1360 1964 1410 ram,
1994 1358 2045 1399 et
2074 1345 2340 1415 signiﬁcet
2372 1349 2732 1403 nativitatem.
2756 1349 2868 1404 Hoc
2893 1367 3123 1422 namque
3145 1352 3387 1422 sequitur
3415 1371 3429 1409 :

1824 1435 1985 1492 Pater
2015 1439 2150 1492 enim
2171 1439 2340 1510 diligit
2371 1438 2594 1506 Filium,
2625 1452 2672 1496 et
2697 1444 2874 1498 omnia
2902 1445 3219 1500 demonstrat
3241 1447 3287 1500 ei
3311 1462 3428 1516 quae

1822 1529 1930 1598 ipse
1957 1531 2115 1599 facit;
2146 1540 2192 1584 et
2218 1534 2418 1604 majora
2461 1533 2643 1587 horum
2675 1551 2830 1604 opera
2857 1536 3226 1592 demonstrabit
3257 1541 3324 1601 ei,
3374 1549 3428 1593 ut

1821 1635 1909 1675 vos
1936 1623 2280 1676 admiremini.
2313 1623 2461 1679 Sicut
2498 1627 2630 1680 enim
2674 1626 2828 1681 Pater
2855 1630 3066 1684 suscitat
3109 1639 3338 1686 mortuos
3378 1641 3428 1686 et

1823 1713 2062 1782 viviﬁcat.
2094 1715 2167 1768 sic
2196 1725 2244 1768 et
2272 1713 2321 1767 F
2324 1717 2443 1770 ilius
2464 1734 2593 1786 quos
2632 1719 2737 1773 vult
2772 1720 2993 1790 viviﬁcat
3025 1719 3250 1790 (Ibidem
3281 1723 3353 1778 20
3378 1733 3426 1778 et

153 1811 374 1866 salutaris
403 1811 454 1866 in
481 1810 643 1866 Patre
673 1821 730 1866 et
762 1809 899 1865 Filio
927 1809 1286 1866 confessionis
1318 1822 1520 1881 nostra;
1549 1811 1716 1878 ordo;
1750 1821 1799 1882 Β
1823 1805 1886 1859 2|
1911 1802 1951 1876 ).
1977 1804 2134 1861 Anne
2159 1804 2555 1862 demonstratio
2574 1824 2797 1878 operum
2826 1811 2972 1868 aliud
3001 1813 3086 1867 hic
3115 1813 3269 1869 nobis
3292 1830 3432 1885 prae-

156 1913 376 1960 naturam
396 1903 694 1959 nativitatis
716 1903 973 1970 ostendit,
998 1919 1118 1974 qua:
1140 1914 1458 1974 potestatem
1485 1903 1722 1960 efﬁcien-

151 1996 198 2050 di
224 2011 318 2053 non
340 2012 430 2068 per
459 1999 794 2053 incrementa
817 1998 1142 2052 indultarum
1185 1998 1250 2053 ad
1305 1999 1727 2070 unumquodque

153 2102 270 2159 opus
296 2091 478 2144 virium
511 2097 783 2157 sumeret,
816 2089 910 2145 sed
931 2090 999 2146 de
1021 2091 1328 2160 cognitione
1352 2100 1722 2161 praesumeret:

153 2189 482 2259 praesumeret
504 2192 684 2239 autem
726 2199 833 2236 non
872 2182 939 2238 de
983 2183 1166 2254 aliquo
1205 2184 1384 2252 operis
1431 2185 1726 2254 corporalis

150 2273 390 2343 exemplo,
415 2273 691 2343 utaliquid
715 2276 860 2343 prius
883 2273 1046 2330 Pater
1072 2275 1272 2331 faceret
1292 2276 1357 2331 ad
1387 2275 1464 2348 (b)
1491 2277 1564 2343 id,
1582 2275 1725 2346 quod

152 2375 311 2434 pestes
335 2364 503 2420 Filius
550 2367 788 2421 facturus
813 2377 992 2425 esset:
1039 2367 1135 2423 sed
1165 2384 1286 2423 cum
1330 2377 1516 2424 initura
1545 2369 1642 2424 Dei
1669 2369 1722 2424 in

153 2467 370 2513 naturam
404 2459 493 2514 Dei
525 2459 893 2527 substitisset,
930 2459 981 2514 id
1005 2469 1120 2528 est,
1147 2477 1212 2516 ex
1241 2461 1400 2517 Patre
1437 2461 1602 2517 Filius
1631 2479 1725 2518 na-

152 2559 223 2606 tus
245 2561 410 2618 esset;
441 2567 536 2624 per
562 2551 776 2609 virtutis
801 2570 864 2609 ac
893 2563 1100 2610 naturae
1123 2555 1178 2610 in
1208 2571 1269 2612 se
1320 2565 1559 2626 paternae
1581 2573 1713 2613 eon-

150 2646 401 2702 scientiam
429 2647 560 2702 nihil
585 2647 652 2704 ab
674 2664 751 2715 se,
785 2651 885 2706 nisi
908 2651 1052 2722 quod
1082 2651 1293 2707 Patrem
1317 2651 1600 2708 facientem
1627 2653 1713 2708 vi-

151 2735 332 2807 disset,
379 2739 574 2795 Filium
628 2740 806 2798 facere
858 2758 1015 2813 posse
1062 2752 1287 2799 testatus
1331 2755 1414 2800 est
1453 2764 1466 2801 :
1517 2755 1721 2802 etcum

153 2833 426 2902 unigenitus
458 2835 605 2890 Deus
639 2845 875 2905 paternis
902 2836 1116 2892 virtutis
1155 2838 1555 2907 Operationibus
1593 2855 1724 2910 ope-

152 2936 368 2993 raretur,
419 2935 628 2982 tantum
679 2929 779 2984 sibi
833 2928 900 2983 ad
955 2928 1261 2985 faciendum
1321 2943 1719 3000 praesumeret,

153 3028 377 3086 quantum
402 3019 453 3073 in
473 3020 804 3074 conscientia
829 3036 923 3074 sua
949 3031 1128 3086 esset,
1162 3021 1574 3092 inseparabilem
1601 3037 1630 3078 a
1663 3039 1722 3078 se

157 3107 234 3164 Dei
261 3113 420 3180 patris
443 3153 458 3177 ,
489 3128 648 3184 quam
677 3128 776 3184 per
810 3113 1100 3184 legitimam
1149 3115 1480 3169 nativitatem
1513 3115 1722 3170 obtine-

1834 1910 1914 1956 ter
1953 1915 2113 1970 quam
2145 1902 2444 1958 nativitatis
2485 1901 2645 1958 ﬁdem
2687 1904 2904 1976 ingerit,
2946 1912 3006 1960 ut
3043 1906 3430 1962 subsistentem

1830 1997 2022 2052 Filium
2046 2013 2110 2052 ex
2139 1998 2466 2055 subsistente
2491 2001 2601 2056 Deo
2629 2010 2779 2071 patre
2805 2003 3125 2058 credamus?
3151 2003 3262 2058 Nisi
3293 2002 3431 2058 forte

1829 2104 1927 2159 per
1976 2090 2369 2160 ignorationem
2423 2092 2728 2148 credendus
2777 2105 2862 2150 est
2912 2095 3225 2166 unigenitus
3287 2096 3431 2152 Deus

1829 2182 2072 2237 doctrina
2105 2183 2584 2240 demonstrationis
2613 2188 2862 2256 eguisse;
2892 2188 2986 2243 sed
3021 2189 3300 2244 temeritas
3329 2189 3432 2243 im-

1829 2275 1930 2344 pia:
1975 2274 2133 2345 hujus
2171 2277 2588 2332 existimationis
2629 2293 2735 2334 non
2767 2279 3087 2334 admittitur.
3120 2280 3238 2336 Non
3283 2283 3429 2336 enim

1828 2367 2010 2422 doceri
2050 2377 2170 2437 eget
2200 2369 2277 2438 (1)
2308 2367 2378 2440 (f)
2411 2370 2500 2440 qui
2547 2370 2805 2441 quidquid
2843 2371 3120 2427 docendus
3161 2372 3229 2425 sit
3269 2373 3426 2427 sciat.

1827 2461 1957 2516 Nam
1989 2473 2172 2532 postea
2203 2477 2362 2532 quam
2390 2463 2463 2516 ait
2489 2480 2501 2515 :
2528 2461 2689 2516 Pater
2719 2464 2889 2534 diligit
2921 2461 3144 2530 Filium,
3170 2474 3220 2518 et
3249 2466 3424 2518 omnia

1827 2555 2141 2610 demonstrat
2184 2557 2229 2609 ei
2255 2571 2370 2624 qua
2409 2556 2518 2626 ipse
2559 2557 2682 2626 facit
2713 2573 2734 2610 :
2764 2565 2824 2611 ut
2858 2557 3175 2612 ostenderet
3210 2571 3428 2612 omnem

1827 2646 1967 2702 hanc
1985 2649 2159 2726 Patris
2180 2648 2694 2704 demonstrationem
2718 2648 2839 2704 ﬁdei
2866 2659 3065 2704 nostra:
3085 2663 3207 2705 esse
3225 2649 3432 2705 doctri-

1827 2756 1973 2807 nam,
1997 2749 2056 2794 ut
2081 2741 2288 2797 scilicet
2312 2752 2366 2795 et
2391 2741 2551 2797 Pater
2573 2741 2728 2796 nobis
2757 2743 2808 2796 in
2833 2742 3181 2798 confessione
3207 2755 3354 2798 esset
3375 2751 3432 2799 et

1827 2832 2018 2898 Filius,
2055 2843 2110 2888 et
2144 2849 2210 2887 ne
2234 2849 2337 2903 qua
2382 2833 2470 2887 hic
2497 2835 2766 2903 ignoratio
2799 2833 2850 2887 in
2884 2833 3022 2888 Filio
3050 2842 3234 2904 posset
3259 2834 3425 2892 intel-

1825 2927 1936 2998 ligi,
1983 2931 2068 2983 cui
2111 2928 2272 2983 Pater
2309 2944 2471 3001 opera
2513 2929 2716 2996 omnia,
2746 2945 2866 3000 quae
2905 2931 3022 3000 ipse
3062 2930 3284 2995 faceret,
3325 2930 3425 2986 de-

1826 3029 2150 3074 monstraret
2173 3037 2186 3086 ;
2215 3024 2470 3075 continuo
2493 3022 2567 3076 ait
2592 3041 2604 3076 :
2631 3021 2698 3074 Et
2718 3024 2919 3089 maiora
2941 3024 3122 3077 horum
3149 3039 3306 3091 opera
3332 3023 3424 3076 de-

1823 3114 2128 3168 monstrabit
2173 3114 2239 3178 ei,
2282 3123 2336 3166 ut
2382 3129 2470 3167 vos
2511 3114 2859 3168 admiremini.
2907 3114 3052 3169 Sicut
3089 3114 3226 3169 enim
3267 3112 3428 3168 Pater

153 3199 259 3268 bat,
284 3217 436 3272 νοέω
477 3213 748 3262 naturam.
794 3203 910 3259 Non
938 3207 1080 3260 enim
1127 3207 1498 3276 corporalibus
1545 3208 1719 3264 modis
1747 3211 1788 3271 C
1823 3208 2032 3262 suscitat
2065 3216 2296 3260 mortuos
2331 3217 2377 3260 et
2405 3207 2648 3278 viviﬁcat,
2681 3209 2755 3262 sic
2789 3217 2837 3262 et
2866 3206 2914 3262 F
2917 3209 3037 3263 ilius
3063 3223 3189 3280 quos
3218 3207 3326 3261 vult
3353 3207 3428 3262 ui-

152 3291 213 3365 (c)
242 3296 370 3352 Deus
396 3297 564 3363 videt,
595 3297 691 3352 sed
722 3299 872 3353 visus
897 3298 945 3354 ei
996 3297 1173 3354 omnis
1203 3298 1257 3353 in
1291 3299 1484 3354 virtute
1513 3309 1719 3356 naturae

153 3395 238 3442 est.

213 3480 290 3535 18.
319 3481 450 3537 Dum
477 3498 661 3544 ssent
699 3498 864 3539 olims
901 3483 1054 3554 facit,
1083 3499 1184 3538 non
1222 3485 1356 3539 alius
1384 3485 1546 3550 ;dum
1577 3501 1716 3541 snit-

155 3589 321 3640 urxn,
363 3577 499 3633 alius
524 3587 619 3633 est.
673 3609 744 3619 —
771 3579 1014 3649 Denique
1056 3579 1318 3647 subjecit:
1356 3577 1544 3633 Omnia
1583 3582 1718 3634 enim

155 3684 452 3742 quacumque
479 3671 607 3742 facit
637 3671 795 3726 Pater
818 3713 831 3739 ,
860 3674 1033 3728 cadent
1061 3682 1109 3725 et
1137 3671 1309 3727 Filius
1336 3673 1460 3742 facit
1486 3673 1720 3728 similiter

153 3757 395 3835 (Ibidem).
419 3762 673 3820 Similiter
701 3763 832 3820 illud
863 3765 928 3818 ad
951 3762 1400 3834 signiﬁcationem
1424 3764 1718 3820 nativitatis

152 3852 358 3923 adjecit:
391 3859 562 3912 omnia
590 3873 721 3912 vero
743 3869 800 3914 et
829 3863 1006 3912 eadem
1035 3857 1104 3912 ad
1132 3857 1479 3914 ostendenda:
1511 3867 1716 3914 natura:

153 3947 398 4004 veritatem
431 3951 646 4006 locutus
680 3959 764 4005 est
815 3949 872 4004 In
907 3949 990 4005 liis
1015 3951 1189 4016 enim,
1223 3966 1346 4021 quae
1373 3959 1429 4006 et
1455 3967 1717 4022 quacum-

152 4054 229 4106 quc
248 4052 296 4097 et
329 4043 495 4097 eadem
537 4051 702 4109 sunt,
739 4057 840 4097 nec
883 4043 1172 4098 diversitas
1202 4051 1380 4113 potest
1416 4059 1568 4111 esse,
1619 4057 1718 4100 nec

158 4131 223 4200 (ἀ)
244 4133 519 4202 reliquum.
553 4137 732 4207 Atque
756 4137 824 4190 ita
856 4137 906 4190 in
940 4145 1126 4190 natura
1151 4135 1338 4190 eadem
1361 4147 1438 4191 εει
1461 4179 1476 4200 ,
1506 4138 1594 4192 cui
1623 4153 1715 4192 ea-

156 4221 255 4278 dem
276 4227 451 4282 omnla
480 4243 641 4296 posse
674 4239 876 4283 natura;
910 4229 999 4284 sit.
1037 4228 1134 4284 Ubi
1178 4244 1305 4282 vero
1349 4231 1583 4284 similiter
1624 4247 1718 4302 per

159 4313 324 4374 Filium
353 4319 536 4380 eadem
569 4321 752 4374 omnia
784 4320 953 4386 ﬁunt,
995 4320 1295 4376 similitudo
1323 4336 1546 4390 operum
1589 4324 1719 4380 soli-

161 4407 367 4466 tudinem
413 4414 689 4481 opcrantis
719 4397 980 4467 exclusit:
1015 4423 1073 4466 ut
1100 4413 1276 4470 omnia
1309 4429 1426 4483 qua:
1455 4413 1612 4468 Pater
1636 4414 1716 4469 fa-

159 4496 236 4560 cit,
258 4502 436 4558 eadem
465 4503 646 4558 omnia
689 4503 940 4558 similiter
970 4502 1131 4559 faciat
1158 4512 1210 4559 ct
1257 4503 1446 4560 Filius.
1486 4507 1610 4562 llaec
1637 4515 1720 4562 est

1822 3299 2012 3369 vi/icat.
2046 3299 2443 3354 Demonstratio
2465 3315 2592 3369 ergo
2617 3298 2780 3354 futuri
2803 3299 2985 3373 operis
3007 3315 3116 3355 non
3149 3301 3426 3370 ignoratur

1821 3407 1850 3446 a
1881 3392 2038 3460 Filio,
2067 3392 2152 3448 cui
2185 3391 2288 3447 hoc
2316 3391 2796 3448 demonstrandum
2829 3401 2934 3457 est,
2963 3399 3022 3446 ut
3044 3390 3294 3461 exemplo
3325 3405 3422 3459 pa-

1822 3495 1993 3541 ternae
2024 3496 2233 3540 naturte
2260 3493 2506 3540 mortuos
2533 3482 2790 3539 viviﬁcet.
2821 3483 2894 3536 Ea
2918 3483 3061 3538 enim
3090 3483 3306 3539 Patrem
3329 3480 3423 3535 de-

1821 3589 2246 3636 monstraturum
2293 3579 2431 3634 Filio
2479 3577 2636 3645 dicit,
2679 3591 2799 3647 qua:
2843 3576 3107 3630 mirentur
3151 3593 3165 3629 :
3203 3583 3256 3629 et
3303 3587 3425 3644 quae

1821 3672 2009 3727 eadem
2059 3681 2243 3727 essent
2289 3669 2399 3736 illa,
2449 3684 2572 3723 mox
2623 3667 2806 3722 docuit
2843 3681 2856 3719 :
2889 3666 3040 3722 Sicut
3089 3666 3226 3720 enim
3265 3663 3425 3720 Pater

1821 3763 2031 3818 suscitat
2058 3770 2284 3816 mortuos
2312 3769 2360 3816 et
2384 3751 2626 3830 viviﬁcat,
2646 3759 2719 3814 sic
2749 3767 2795 3812 et
2818 3755 2986 3811 Filius
3013 3772 3139 3825 quos
3161 3757 3269 3809 uult
3295 3757 3425 3810 vivi-

1822 3856 1942 3925 ficat
1979 3852 2171 3925 (lbid.,
2203 3850 2318 3923 21).
2352 3851 2640 3922 Exarquata
2671 3849 2840 3904 virtus
2869 3857 2954 3904 est
2982 3863 3076 3918 per
3104 3858 3312 3903 naturae
3340 3847 3424 3902 in-

1821 3947 2100 4003 dissimilis
2149 3947 2434 4001 unitatem.
2486 3945 2555 4000 Et
2599 3943 2992 3999 demonstratio
3033 3956 3258 4012 operum
3310 3956 3419 3997 non

1823 4041 2176 4112 ignorationis
2207 4037 2491 4095 instructio
2521 4048 2624 4104 est,
2655 4037 2749 4092 sed
2779 4047 2977 4092 nostra:
3001 4035 3123 4091 ﬁdei
3149 4051 3164 4091 :
3193 4051 3312 4106 quae
3343 4034 3423 4107 (g)

1823 4149 1928 4189 non
1953 4133 2090 4187 Filio
2113 4131 2390 4188 scientiam
2415 4131 2802 4200 ignoratorum,
2826 4126 2922 4182 sed
2945 4126 3102 4182 nobis
3125 4126 3424 4181 confessio-

1823 4242 1944 4282 nem
1973 4225 2272 4280 nativitatis
2302 4223 2524 4290 invexit,
2550 4221 2880 4276 conﬁrmans
2905 4233 3023 4272 eam
3058 4233 3153 4288 per
3177 4217 3251 4281 id,
3275 4216 3421 4287 quod

1822 4320 1923 4375 sibi
1972 4317 2150 4373 omnia
2191 4325 2375 4372 essent
2413 4313 2781 4369 demonstrata
2825 4326 2945 4382 qua:
2989 4319 3192 4378 posset.
3236 4308 3424 4381 Neque

1822 4414 1964 4468 enim
1995 4428 2100 4466 non
2133 4411 2585 4480 circumspectum
2615 4422 2676 4463 se
2707 4405 2950 4463 cmlestis
2975 4420 3156 4460 sermo
3190 4405 3319 4475 egit,
3353 4419 3426 4462 ne

1822 4507 1962 4564 forte
1992 4507 2224 4561 diversae
2256 4513 2462 4560 naturae
2486 4501 2810 4574 signiﬁcatio
2837 4499 2938 4554 sub
2969 4496 3257 4554 occasione
3284 4495 3418 4552 dicti

160 4601 278 4645 vera:
325 4593 615 4649 nativitatis
654 4593 1004 4664 intelligentia
1029 4637 1043 4660 ,
1095 4604 1150 4651 et
1181 4595 1305 4650 ﬁdei
1339 4608 1572 4665 nostrae,
1601 4614 1720 4668 quae
1745 4611 1797 4671 1)
1824 4600 2059 4671 ambigui
2091 4599 2432 4669 subreperet.
2464 4596 2842 4652 Demonstrata
2879 4591 3038 4664 19o
3061 4590 3206 4646 enim
3239 4589 3287 4644 ei
3319 4603 3420 4658 po-

161 4697 211 4736 ex
237 4696 428 4742 natura:
451 4686 650 4744 divinae
695 4688 902 4744 unitate
919 4729 933 4756 ,
963 4688 1122 4744 unius
1150 4688 1611 4763 indiﬁ‘erentisque
1633 4692 1716 4748 di-

216 4823 286 4897 (l)
313 4825 410 4894 Qui
435 4829 579 4897 quid.

218 4959 288 5028 (a)
311 4961 548 5020 Christus
570 4963 885 5020 ostenditse
909 4977 979 5020 ex
1008 4963 1326 5020 auctoritate
1353 4961 1588 5032 exempli
1619 4961 1716 5016 ba-

163 5025 343 5106 δβέειξῑ
365 5047 481 5103 agat
510 5036 651 5104 quod
693 5035 884 5102 Pater,
914 5037 1038 5090 dntn
1071 5038 1177 5100 ait,
1211 5053 1310 5088 non
1351 5025 1530 5106 potest
1547 5033 1592 5106 Ε
1595 5033 1715 5106 ilius

163 5100 448 5178 Quinctii,
471 5100 753 5178 quidquam
773 5100 877 5162 nisi
899 5108 1100 5172 viderit,
1133 5116 1264 5173 ete.,
1291 5100 1425 5162 sicut
1453 5105 1718 5178 significat

163 5167 280 5226 Patri
307 5167 506 5246 sibique
559 5167 719 5232 unam
757 5187 811 5233 et
839 5167 1179 5234 communem
1227 5167 1348 5233 esse
1385 5167 1574 5247 ageridi
1609 5176 1717 5230 vir-

167 5248 302 5298 lulem
327 5289 340 5312 ,
385 5263 500 5302 cum
530 5251 752 5317 adjicit,
802 5249 957 5308 Pater
987 5266 1122 5303 meus
1151 5266 1307 5318 usque
1337 5250 1486 5304 modo
1529 5263 1715 5316 opera-

166 5321 248 5391 ηρ.
274 5325 316 5368 et
339 5333 425 5390 ego
442 5335 650 5391 operor.
685 5321 859 5378 Prima
897 5320 1146 5391 loquendi
1175 5323 1384 5375 ratione
1421 5334 1480 5378 se
1509 5327 1714 5385 natum,

167 5381 386 5460 alterase
405 5381 646 5460 ejusdem
679 5406 798 5446 cum
824 5381 984 5448 Patre
1013 5399 1212 5446 natura:
1241 5391 1417 5445 docet.

169 5455 287 5532 ...(δ)
317 5455 558 5516 Voculam
591 5462 647 5515 id
686 5462 979 5531 adjecimus
1007 5477 1070 5518 ex
1101 5477 1230 5518 mss.
1263 5461 1491 5517 Mentem
1533 5459 1721 5532 Hilarii

169 5521 703 5606 illusiraiugAugustini
721 5521 882 5606 vcrba
907 5543 1092 5606 contra
1122 5535 1528 5606 Serm._Arian._
1547 5547 1596 5586 c.
1624 5531 1715 5606 ib,

171 5595 240 5648 ubi
266 5600 331 5654 ait
357 5595 544 5657 Filium
576 5620 681 5658 non
714 5604 888 5658 facere
921 5605 1022 5659 nisi
1063 5605 1202 5667 quod
1236 5604 1408 5658 videt:
1443 5603 1561 5673 quia
1588 5595 1718 5656 videt

171 5680 214 5716 ιε
234 5673 412 5748 ᾳῦριρ
443 5675 665 5748 faciendi
706 5677 888 5729 habere
919 5677 1224 5748 potentiam,
1257 5691 1458 5748 exhquo
1487 5691 1539 5748 se
1565 5674 1721 5748 ridet

176 5740 412 5797 rssistcndi
440 5740 622 5799 habere
651 5757 885 5800 naturam
901 5740 928 5801 ε’
961 5747 1091 5800 nihil
1125 5748 1265 5800 enim
1296 5740 1438 5800 aliud
1481 5744 1579 5799 sibi
1608 5743 1723 5797 vult

177 5811 290 5876 ⁸1⁸1οά
318 5813 394 5873 ltic
431 5816 742 5888 subjicitur,
783 5835 872 5891 per
893 5819 1094 5876 uirtutis
1135 5833 1196 5872 ac
1225 5829 1420 5878 natura
1447 5817 1500 5873 in
1549 5832 1601 5870 se
1627 5830 1720 5885 pa-

1827 4694 1932 4749 tius
1958 4707 2124 4764 Opera
2156 4691 2330 4748 Patris
2369 4704 2492 4746 esse
2524 4689 2599 4744 ait
2630 4687 2735 4758 (Ιι),
2762 4699 2923 4758 quam
2955 4685 3024 4739 ad
3051 4681 3422 4754 operationem

1819 4974 1980 5017 terme
2005 4961 2386 5016 conscientiam.
2417 4959 2482 5016 V.
2507 4961 2603 5033 lib.
2638 4961 2705 5015 de
2735 4959 2940 5033 Synod.
2973 4975 3028 5014 n.
3061 4958 3152 5015 75.

1895 5033 1965 5104 (ο)
1997 5033 2109 5088 Vox
2149 5033 2316 5097 Deus,
2349 5048 2468 5102 qua:
2503 5031 2557 5101 in
2589 5026 2816 5102 vulgatis
2854 5031 3072 5097 deerat,
3124 5026 3422 5084 restituitur

1821 5121 1884 5158 CX
1912 5119 2019 5157 ιιιες
2029 5145 2042 5159 ο

1893 5176 1974 5244 (d)
2005 5175 2056 5228 Id
2086 5183 2200 5240 est,
2231 5187 2328 5226 nec
2353 5171 2644 5244 quidquam
2673 5172 2814 5240 quod
2857 5187 2963 5226 non
2992 5171 3252 5232 indultqu
3277 5211 3293 5238 ,
3321 5169 3419 5228 sed

1823 5243 1998 5299 adhuc
2030 5245 2189 5299 veluti
2212 5252 2474 5298 retentum
2507 5243 2575 5296 sit
2601 5253 2653 5298 et
2694 5255 3048 5298 reservatum.

1898 5317 1968 5386 (e)
1999 5314 2290 5383 Exemplar
2317 5315 2474 5386 (Larti.
2506 5313 2841 5386 «juwi‘faciant
2869 5331 2887 5369 :
2916 5315 3076 5386 male.

1896 5383 2125 5462 (f)_B.I_d_.
2168 5384 2571 5462 quicquidﬂquis.
2616 5384 2707 5440 Er.
2737 5387 2824 5452 qui
2853 5385 2979 5462 quid
3007 5384 3144 5462 quis.
3188 5383 3422 5440 Sustulit

1827 5454 2024 5514 deinde
2055 5454 2199 5525 Lips.
2232 5457 2364 5525 quis.
2401 5454 2591 5510 Verius
2623 5471 2754 5512 mss.
2785 5459 2867 5522 qui
2895 5454 3164 5525 quidQuid.

1898 5530 1972 5602 (g)
1989 5531 2147 5602 l’uta.
2167 5528 2554 5581 demonstranti
2576 5542 2822 5599 Operum.
2851 5529 2954 5582 ι’το
2975 5542 3087 5599 quae
3108 5543 3230 5594 non,
3258 5525 3426 5584 habet

1827 5601 1936 5654 ms;
1964 5601 2080 5654 Vat.
2114 5601 2227 5652 lius.
2259 5614 2436 5668 neque.

1904 5674 1985 5744 (lt)
2015 5672 2070 5724 ltt
2099 5666 2416 5744 quibusdam
2447 5683 2578 5744 mss.
2607 5684 2888 5744 perperam
2916 5669 3006 5722 hic
3030 5667 3242 5723 additur
3261 5685 3292 5720 a
3317 5666 3424 5721 Do-

1825 5739 2007 5798 mino:
2033 5739 2154 5797 cum
2203 5739 2426 5795 verbum
2461 5741 2533 5794 ait
2580 5739 2646 5797 ad
2673 5740 2954 5796 cmlestem
2983 5755 3288 5796 sermonem
3332 5753 3421 5794 re-

1823 5815 2046 5871 feratur.
