3930 6194
147 335 240 391 ΞΠ

1368 350 1453 406 DE
1484 351 1857 410 TlllNlTA'l‘E
1892 354 2088 410 LIBER
2134 357 2240 413 νη.

3315 361 3421 418 2H3

148 452 280 505 clusa
307 460 430 506 sunt
459 454 646 509 omnia
673 456 957 513 adversum
982 456 1222 516 haeretici
1254 463 1452 519 luroris
1483 465 1716 537 ingenia.
1747 471 1796 529 Α
1827 468 1984 526 Patre
2015 486 2178 526 unum
2206 472 2297 539 sit,
2328 482 2379 528 et
2410 472 2485 545 (c)
2525 488 2691 529 ttuttm
2722 487 2782 529 se
2813 474 3117 544 proﬁtendo
3159 489 3282 532 cum
3315 477 3421 532 Pa-

148 543 299 601 Filius
338 554 438 607 est,
480 546 607 618 quia
648 549 721 605 ab
746 564 805 605 se
835 550 963 606 nihil
1002 562 1179 623 potest
1216 574 1231 609 :
1269 556 1409 612 Deus
1451 569 1556 625 est,
1596 560 1719 631 quia

146 651 475 707 quacumque
503 637 669 694 Pater
712 640 870 705 facit,
901 653 956 697 rt
985 644 1098 714 ipse
1124 645 1313 702 eadem
1346 647 1475 705 facit
1505 668 1518 705 :
1553 668 1716 707 unum

146 738 273 791 sunt,
320 730 442 799 quia
486 742 803 801 exmquatnr
849 736 898 789 in
951 736 1173 801 ltonore,
1221 741 1519 812 eademque
1567 744 1713 810 facit.

147 837 238 875 non
263 820 359 875 alia
391 839 404 875 :
437 839 543 877 non
567 836 648 879 εει
678 837 831 897 pater
860 829 973 899 ipse
992 872 1006 895 ,
1038 832 1158 902 quia
1188 835 1384 890 missus
1411 846 1515 892 est.
1546 838 1716 896 llabet

145 915 285 986 igitur
314 914 416 971 lioc
452 922 777 976 sacramenti
812 924 923 979 sola
969 926 1240 994 nativitas,
1274 939 1331 985 ιιι
1376 935 1710 1003 complecta-

142 1017 218 1063 tur
235 1007 283 1062 iu
305 1024 362 1062 se
382 1018 436 1065 et
458 1024 676 1078 nomen,
701 1024 753 1067 et
779 1025 1043 1083 naturam,
1062 1029 1117 1074 et
1138 1030 1481 1092 potestatem,
1506 1039 1558 1081 et
1586 1043 1707 1095 pro-

142 1099 401 1155 fessionem
432 1104 594 1173 :quia
622 1106 870 1163 universa
910 1111 1065 1184 192
1102 1115 1354 1170 nativitas
1389 1132 1495 1173 non
1534 1129 1712 1191 potest

140 1207 231 1246 non
259 1192 306 1246 in
335 1209 393 1248 ea
424 1210 544 1251 esse
573 1207 788 1264 natura,
814 1202 955 1258 unde
988 1218 1255 1263 nascatur.
1280 1208 1395 1264 Non
1425 1210 1583 1269 all'ert.
1611 1228 1705 1268 ex-

138 1285 259 1339 terni
283 1289 486 1353 gencris
516 1289 872 1347 substantiam
908 1312 922 1349 :
950 1298 1072 1367 quia
1104 1314 1168 1353 ex
1195 1315 1301 1354 uno
1325 1318 1429 1356 non
1461 1305 1708 1363 subsistit

136 1378 366 1432 alienum.
392 1378 546 1446 Quod
570 1390 751 1439 autem
777 1385 1013 1442 alienum
1040 1405 1068 1443 a
1100 1406 1161 1446 se
1192 1402 1423 1463 nonest,
1458 1396 1506 1451 id
1539 1414 1702 1453 unum

134 1477 211 1523 e~t
230 1485 411 1539 genere
441 1487 648 1529 na'urzc
673 1495 687 1530 :
717 1486 773 1532 et
798 1479 1056 1549 quidquid
1084 1498 1245 1538 unum
1279 1496 1357 1540 est
1387 1503 1482 1556 per
1507 1490 1703 1546 nativi-

135 1571 301 1632 tatem,
332 1580 431 1622 non
462 1566 627 1623 habet
667 1572 1047 1637 solitudinem;
1081 1578 1203 1647 quia
1237 1589 1291 1635 et
1319 1581 1554 1638 solitudo
1591 1585 1702 1640 sin-

129 1657 310 1726 gularis
333 1671 432 1726 est,
456 1671 512 1715 et
540 1664 841 1722 nativitatis
861 1677 946 1724 est
977 1670 1154 1727 unitas
1183 1672 1249 1727 ad
1278 1684 1587 1748 utrumque.

187 1749 269 1806 εἰ.
323 1752 631 1810 Arianorum
673 1758 802 1829 ﬁdes
847 1761 1078 1832 ipsorum
1129 1768 1412 1838 cognitioni
1458 1773 1690 1830 adversa.

1826 569 1925 630 tre,
1980 579 2088 619 non
2133 573 2310 620 tamen
2341 564 2421 638 (1)
2455 564 2534 638 (d)
2565 575 2625 621 ιιι
2662 566 2812 621 solus
2846 575 3050 622 tantum
3102 577 3263 639 atque
3308 572 3422 641 ipse

1823 665 1976 723 pater
2008 657 2319 712 intellectus
2358 659 2572 714 amittat
2599 673 2722 715 esse
2746 659 2888 728 quod
2929 658 3069 714 ﬁlius
3094 672 3200 716 est.
3230 660 3421 717 Testa-

1823 756 1907 803 tur
1944 750 2087 803 cuim
2130 751 2363 821 primttm
2405 763 2611 806 natura:
2658 752 2931 816 virtutem,
2963 768 3085 807 cum
3114 754 3183 807 de
3227 754 3418 811 ovibus

1818 841 1930 896 suis
1956 842 2026 896 ait
2060 861 2073 897 :
2111 841 2222 896 Nec
2253 844 2522 914 quisquam
2551 843 2628 917 (2)
2659 845 2823 916 rapiet
2862 862 2951 901 cas
2994 845 3057 901 de
3098 862 3254 922 manu
3297 863 3409 903 mea

1817 934 1982 1010 (Ibid.
2013 935 2130 1008 28).
2155 937 2399 994 Conscia:
2425 941 2708 1011 potestatis
2732 940 2847 997 lucc
2868 956 2969 996 vox
2992 949 3096 1006 est.
3122 944 3414 1013 impertur-

1814 1029 1957 1084 batw
1985 1032 2199 1086 virtutis
2228 1031 2531 1087 libertatem
2564 1049 2662 1103 per
2693 1034 2765 1103 id,
2797 1034 2939 1103 quod
2977 1051 3136 1091 nemo
3173 1051 3303 1092 oves
3343 1037 3413 1093 de

1814 1137 1978 1177 manu
2009 1139 2105 1178 sua
2136 1124 2387 1194 abripiat,
2431 1125 2700 1181 conﬁteri.
2743 1129 2811 1181 At
2849 1142 2978 1183 vero
3020 1138 3078 1183 ut
3125 1128 3178 1183 in
3219 1140 3408 1185 natura

1812 1213 1938 1269 licet
1966 1215 2083 1283 Dei,
2115 1228 2320 1272 naturzc
2350 1228 2526 1273 tamen
2554 1234 2619 1275 ex
2656 1220 2764 1274 Deo
2795 1219 2865 1274 sit
2896 1220 3240 1291 intelligenda
3273 1223 3412 1277 nati-

1812 1307 1986 1370 vitas;
2020 1309 2247 1379 subjecit
2277 1327 2291 1363 :
2323 1307 2482 1365 Pater
2507 1311 2644 1380 quod
2663 1312 2804 1367 drdit
2823 1313 2950 1366 mihi
2978 1316 3150 1388 majus
3187 1325 3262 1369 est
3301 1331 3410 1368 om-

1807 1399 2146 1469 nibus(lbid.,
2176 1401 2285 1473 l9).
2306 1402 2421 1458 Non
2445 1405 2677 1459 occultat
2698 1421 2759 1460 ex
2786 1405 2945 1461 Patre
2960 1421 3084 1462 esse
3106 1422 3165 1461 se
3189 1415 3368 1462 natum
3391 1425 3406 1464 :

1805 1492 1949 1563 quod
1996 1496 2136 1549 enim
2183 1510 2211 1549 a
2256 1495 2414 1552 Patre
2452 1499 2681 1571 accepit,
2716 1499 2870 1572 193
2902 1503 3069 1575 majus
3115 1512 3192 1555 est
3237 1502 3403 1555 omni-

1806 1584 1919 1640 bus.
1953 1584 2029 1658 (5)
2064 1585 2136 1658 (e)
2166 1587 2233 1642 Et
2270 1590 2359 1660 qui
2404 1590 2632 1660 accepit,
2670 1602 2755 1646 est
2798 1592 2849 1645 in
2889 1607 2955 1646 eo
3001 1592 3143 1663 quod
3186 1592 3396 1663 accepit

1804 1680 2097 1747 nascendo,
2132 1696 2237 1736 non
2268 1693 2482 1752 postea;
2514 1693 2570 1739 et
2600 1696 2780 1739 tamen
2806 1701 2873 1739 cx
2899 1686 3007 1741 alio
3028 1696 3132 1752 est,
3159 1686 3286 1741 dum
3313 1701 3403 1742 ac-

1800 1774 1958 1843 Ccpit.
1996 1773 2100 1829 Sed
2127 1776 2214 1845 qui
2241 1792 2306 1830 ex
2336 1778 2462 1843 alio,
2491 1779 2719 1848 accepit,
2755 1794 2821 1834 ne
2844 1778 2986 1832 aliud
3018 1780 3144 1850 quid
3176 1780 3390 1850 potius,

130 1841 298 1897 Christi
324 1858 565 1913 potestas,
592 1852 835 1908 nativitas
861 1872 925 1910 ea:
959 1855 1084 1918 Deo.
1118 1870 1304 1916 natura
1332 1864 1505 1918 divina
1532 1875 1577 1919 et
1608 1883 1696 1921 επ-
1728 1864 1773 1924 Β
1800 1841 1988 1923 etnon
2023 1871 2073 1923 in
2097 1841 2215 1937 ejus
2240 1868 2641 1940 intelligeretur
2666 1880 2854 1926 natura
2883 1887 2910 1926 a
2944 1887 3051 1943 quo
3072 1873 3282 1944 accepit
3308 1890 3403 1930 cx-

126 1935 328 1990 sistemia
352 1938 404 1992 in
435 1939 598 1995 Patre
618 1958 638 2007 ;
658 1960 859 2001 manus.
894 1978 966 1987 —
997 1949 1061 2004 Et
1088 1965 1251 2022 super
1278 1952 1381 2008 ltoc
1407 1996 1421 2019 ,
1452 1954 1527 2029 (α)
1556 1959 1695 2013 adsit

125 2026 211 2080 sibi
246 2026 433 2084 divina:
460 2032 532 2088 de
555 2047 616 2090 se
646 2038 929 2093 sententia:
962 2042 1349 2099 testimonium.
1384 2026 1468 2101 Ait
1502 2026 1645 2103 enim
1674 2066 1687 2103 :

125 2116 210 2183 Qui
233 2132 344 2176 sunt
369 2140 434 2179 ea:
458 2126 642 2181 ovibus
668 2130 794 2184 meis
812 2171 828 2197 ,
853 2147 1025 2187 vacem
1050 2150 1215 2189 meam
1253 2139 1492 2203 audiunt,
1528 2150 1575 2195 rt
1600 2158 1692 2212 ego

123 2215 219 2266 nasi
244 2231 344 2282 eos,
367 2227 415 2272 et
437 2232 726 2290 sequuntur
752 2241 850 2289 me,
880 2235 926 2279 et
951 2242 1042 2298 ego
1066 2229 1219 2282 vitam
1240 2240 1482 2286 a’ternam
1505 2232 1573 2286 do
1593 2234 1686 2302 eis,
1737 2230 1741 2234 ’

120 2314 161 2358 tt
185 2323 273 2362 nou
298 2308 369 2380 (ὸ)
389 2314 591 2384 perierit
621 2314 673 2368 iu
702 2319 1091 2390 sempiternum,
1112 2339 1204 2376 urc
1224 2325 1496 2394 quisquam
1522 2330 1689 2397 rapiet

118 2415 189 2454 tas
213 2403 270 2455 de
304 2419 458 2457 manu
505 2422 638 2460 mea.
682 2407 839 2463 Pater
871 2413 1007 2480 quod
1037 2413 1177 2467 dedit
1220 2416 1363 2478 mihi,
1410 2422 1580 2493 majus
1615 2429 1688 2475 est

118 2492 340 2557 omnibus,
363 2513 517 2551 nemo
544 2502 729 2570 poterit
755 2518 939 2571 rapere
960 2504 1024 2557 de
1046 2521 1202 2560 manu
1230 2510 1394 2577 patris
1423 2492 1540 2565 mei.
1574 2510 1686 2583 Ego

116 2592 153 2635 et
169 2582 303 2639 Pater
321 2603 480 2641 unum
503 2606 682 2644 sumus
711 2590 890 2665 (Joau.
925 2610 980 2661 κ,
1002 2595 1095 2662 27,
1114 2607 1160 2650 et
1181 2582 1682 2673 scqq.).Quis,rngo,

117 2673 493 2749 intelligentiam
534 2695 771 2739 nostram
799 2700 990 2758 smpor
1029 2689 1236 2745 ltebetis
1262 2693 1460 2748 tuentis
1489 2696 1683 2752 obtun-

115 2767 195 2837 dit,
229 2781 280 2824 ιιι
321 2771 435 2829 haec
479 2774 536 2829 in
578 2790 798 2832 sensum
845 2789 1087 2836 nostrum
1122 2793 1227 2838 tam
1259 2785 1506 2843 absolute
1539 2788 1680 2845 dicta

116 2874 200 2913 non
224 2863 484 2918 subeant?
512 2866 617 2921 Aut
650 2870 771 2938 quis
793 2871 1158 2928 infirmitatem
1189 2875 1477 2933 humanam
1503 2891 1683 2937 tumor

112 2952 251 3008 animi
290 2956 574 3014 insolentis
616 2960 811 3027 illudit,
846 2975 901 3017 ut
948 2965 1038 3020 Dei
1080 2969 1441 3037 cognitionem
1484 2988 1550 3028 ex
1596 2973 1680 3030 ltis

112 3044 283 3115 adepti,
317 3050 483 3105 Deum
520 3065 709 3122 putent
749 3072 854 3111 non
900 3057 954 3112 in
995 3057 1081 3114 bis
1109 3059 1514 3134 intelligendum
1557 3084 1679 3124 esse

112 3137 276 3205 quibus
314 3144 569 3211 cognitus
595 3146 720 3201 est?
752 3152 857 3201 Aut
892 3148 1036 3206 enim
1074 3152 1177 3205 alia
1221 3164 1347 3208 sunt
1388 3155 1676 3229 Evangelia

112 3230 395 3300 proferenda
442 3253 567 3307 qu:e
597 3238 830 3296 doceant

113 3323 411 3399 (Evangelia)
444 3331 774 3398 docuerunt,
817 3350 916 3391 cur
955 3354 1060 3395 non
1099 3340 1171 3396 ita
1199 3345 1469 3400 credimus
1496 3357 1550 3403 ιιι
1578 3349 1674 3404 du-

111 3421 296 3474 eemur?
317 3424 471 3490 Quod
506 3425 553 3480 si
581 3443 649 3480 ex
687 3427 770 3483 bis
801 3438 1007 3486 tantum
1035 3446 1246 3507 sumpta
1280 3441 1519 3511 cognitio
1545 3454 1663 3511 est;

110 3524 187 3566 cur
206 3529 303 3571 non
346 3518 549 3574 exinde
596 3520 730 3577 ﬁdes
757 3523 847 3590 sit.
893 3525 1036 3582 unde
1075 3530 1352 3600 cognitio?
1396 3533 1501 3590 Sed
1544 3550 1666 3592 cum

111 3601 219 3659 ﬁdes
240 3610 530 3678 cognitioni
559 3627 683 3667 esse
713 3614 939 3670 adversa
972 3617 1278 3690 detegitur;
1303 3623 1414 3694 jam
1446 3642 1551 3681 non
1579 3642 1673 3683 co-

108 3697 327 3764 gnitionis
357 3701 495 3759 ﬁdes
525 3704 635 3770 illa,
669 3706 764 3762 sed
787 3708 1032 3765 criminis
1052 3720 1156 3777 est,
1184 3714 1536 3785 irreligiosum
1564 3721 1665 3776 sibi

112 3787 241 3846 ﬁdem
267 3794 526 3853 adversus
570 3798 889 3870 religionem
928 3805 1192 3861 confessae
1228 3811 1552 3880 cognitionis
1581 3829 1670 3870 as-

109 3899 310 3947 sumens.
351 3892 675 3966 Unigenitus
724 3899 883 3970 igitur
933 3902 1073 3958 Deus
1120 3914 1323 3963 naturae
1368 3909 1419 3964 iu
1454 3925 1513 3967 se
1553 3927 1667 3969 sua:

110 3985 340 4055 conscius,
371 3990 672 4047 nativitatis
702 3996 937 4064 propria:
968 3998 1331 4057 inenarrabile
1357 4019 1670 4063 sacramen-

110 4081 217 4142 tum,
234 4077 294 4133 ad
324 4078 444 4137 ﬁdei
474 4090 658 4139 tamen
683 4089 883 4141 nostra:
905 4089 1324 4159 confessimtem,
1349 4108 1549 4165 quanta
1576 4116 1672 4168 pn-

109 4173 195 4224 test
216 4173 494 4231 verborum
533 4177 876 4235 absolutione
900 4182 1166 4252 signiﬁcat
1198 4203 1211 4239 :
1241 4194 1299 4241 ut
1326 4200 1379 4243 et
1403 4200 1559 4247 natus
1585 4192 1669 4249 in-

112 4263 361 4338 telligatur,
401 4282 461 4327 et
500 4271 553 4327 in
595 4270 697 4329 Dei
730 4285 918 4331 natura
959 4292 1080 4334 esse
1117 4280 1394 4353 credatur,
1443 4296 1499 4341 et
1542 4302 1663 4343 cum

166 4426 234 4500 li)
261 4427 327 4500 Ut
353 4448 487 4487 unus
516 4433 679 4488 solus.

167 4498 237 4570 (2')
261 4499 430 4574 Rapit.

1798 1963 2025 2029 sistere;
2056 1964 2133 2018 ait
2161 1981 2173 2016 :
2206 1961 2373 2017 Nemo
2400 1966 2590 2035 poterit
2617 1982 2799 2032 rapere
2823 1966 2886 2019 de
2908 1983 3064 2020 manu
3092 1970 3256 2037 patris
3278 1968 3397 2023 mei.

1798 2053 1875 2110 De
1906 2070 2067 2110 manu
2096 2069 2191 2111 sua
2225 2071 2387 2112 nemo
2415 2059 2557 2127 rapit
2582 2076 2595 2111 :
2619 2058 2743 2128 quia
2768 2073 2797 2112 a
2829 2057 2989 2113 Patre
3014 2059 3155 2128 quod
3176 2069 3254 2114 est
3285 2073 3401 2116 om-

1795 2149 1954 2204 nibus
1983 2148 2154 2219 majus
2183 2150 2409 2220 accepit.
2440 2150 2579 2217 Quid
2607 2150 2709 2206 sibi
2739 2151 2854 2205 vult
2890 2162 2994 2206 tam
3021 2151 3236 2208 diversa
3271 2168 3397 2224 pro-

1791 2239 1989 2308 fessio,
2022 2251 2076 2296 ιιι
2104 2258 2319 2297 rursum
2350 2242 2418 2298 de
2448 2258 2608 2299 manu
2650 2246 2821 2315 patris
2861 2244 2946 2299 sui
2989 2260 3148 2300 nemo
3184 2246 3399 2318 rapiat?

1792 2334 1914 2390 Filii
1949 2350 2138 2390 manus
2171 2345 2276 2401 est,
2307 2353 2425 2405 qua:
2456 2339 2664 2407 accepit
2694 2353 2722 2392 a
2761 2336 2952 2404 Patre;
2983 2338 3165 2395 Patris
3205 2358 3396 2400 manus

1788 2438 1894 2493 est,
1921 2444 2041 2499 qua:
2080 2429 2230 2484 dedit
2256 2429 2393 2484 Filio
2425 2446 2438 2483 :
2469 2437 2524 2484 et
2548 2430 2824 2501 quomodo
2862 2431 3005 2502 quod
3034 2448 3140 2488 non
3183 2435 3396 2505 rapitur

1788 2520 1856 2576 de
1882 2536 2042 2576 manu
2065 2519 2212 2586 Filii,
2238 2536 2343 2576 non
2368 2523 2577 2590 rapitur
2597 2522 2664 2576 de
2690 2538 2850 2577 manu
2876 2523 3089 2579 Patris?
3108 2525 3393 2593 Quomodo

1786 2611 1831 2667 si
1855 2613 2072 2681 qua-ris,
2102 2612 2341 2683 intelligo
2371 2628 2384 2665 :
2410 2610 2523 2682 Ego
2547 2622 2595 2666 et
2623 2611 2781 2666 Pater
2804 2630 2968 2668 unum
2993 2631 3168 2671 sumus
3206 2615 3386 2690 (Joan.

1788 2721 1842 2773 x,
1876 2703 1988 2778 50).
2016 2703 2205 2760 Manus
2238 2704 2379 2770 Filii,
2408 2720 2603 2759 manus
2628 2705 2804 2760 Patris
2834 2716 2938 2761 est.
2971 2707 3088 2762 Non
3118 2709 3261 2764 enim
3289 2709 3389 2766 de-

1781 2812 2009 2873 generat
2033 2819 2129 2875 per
2160 2802 2495 2857 nativitatem
2527 2811 2736 2866 natura,
2768 2818 2835 2856 ne
2863 2803 3050 2858 eadem
3079 2806 3150 2859 sit
3176 2826 3190 2859 :
3215 2823 3389 2879 neque

1783 2911 1996 2951 rursum
2026 2896 2148 2967 quia
2177 2886 2366 2949 eadem
2398 2904 2481 2948 est
2519 2893 2930 2964 intelligentiam
2970 2896 3269 2951 nativitatis
3305 2896 3390 2953 of-

1780 2987 1970 3053 fendit,
2001 2988 2125 3059 quia
2156 2987 2404 3042 nativitas
2426 2985 2556 3040 nibil
2582 2986 2633 3041 in
2673 3000 2732 3040 se
2754 2985 2988 3040 admittit
3008 2987 3263 3042 alienum.
3312 2988 3382 3044 Ut

1780 3096 1910 3136 vero
1958 3086 2053 3151 per
2075 3080 2414 3150 corporalem
2441 3078 2887 3148 signiﬁcationem
2915 3079 3166 3133 virtutem
3208 3081 3385 3149 possis

1778 3171 2024 3244 ejusdem
2049 3186 2207 3228 nosse
2236 3180 2462 3236 natur-te,
2490 3182 2911 3227 commemorata
2942 3179 3024 3225 est
3048 3172 3168 3228 Filii
3194 3188 3384 3228 manus

874 3263 889 3298 :
929 3254 1020 3298 aut
1059 3248 1102 3301 si
1149 3247 1219 3303 de
1266 3251 1374 3305 Deo
1421 3255 1532 3308 sola
1576 3256 1675 3310 ista
1703 3249 1746 3312 C
1782 3278 1973 3319 manus
2002 3263 2208 3329 Patris;
2236 3265 2361 3334 quia
2404 3274 2593 3317 natura
2627 3273 2682 3318 et
2718 3263 2888 3317 virtus
2930 3263 3107 3318 Patris
3137 3263 3207 3336 (f)
3238 3273 3383 3320 esset

1780 3355 1833 3410 in
1877 3355 2035 3411 Filio.
2084 3356 2369 3412 Postremo
2410 3366 2469 3410 ut
2512 3370 2610 3427 per
2649 3366 3049 3411 sacramentum
3090 3357 3385 3412 nativitatis

1778 3448 2060 3503 veritatem
2106 3456 2314 3502 natura:
2362 3446 2722 3502 indiderentis
2770 3462 3129 3518 agnosceres;
3169 3448 3372 3504 dictum

1776 3551 1858 3597 est
1892 3558 1904 3595 :
1938 3540 2054 3613 Ego
2083 3552 2131 3597 et
2160 3539 2321 3596 Pater
2343 3558 2500 3595 unum
2527 3557 2705 3596 sumus
2733 3557 2752 3596 :
2783 3552 2837 3595 ut
2860 3542 3004 3612 quod
3035 3558 3201 3597 unum
3230 3551 3375 3608 sunt,

1776 3649 1877 3690 nec
1906 3635 2180 3690 diversum
2214 3650 2313 3690 nec
2342 3634 2643 3689 solitarium
2681 3635 3017 3701 crederetur,
3048 3650 3155 3691 nou
3186 3637 3289 3691 alia
3324 3638 3378 3691 in

1776 3737 2007 3799 utroque
2038 3744 2134 3799 per
2174 3730 2472 3784 nativitatis
2506 3736 2561 3783 et
2598 3728 2965 3799 generationis
2995 3729 3377 3800 proprietatem

1776 3821 2073 3876 cxsistente
2095 3814 2306 3875 natura.

1847 3914 1939 3971 2'5.
1972 3914 2151 3969 Ariani
2174 3915 2226 3970 in
2254 3914 2518 3971 Christum
2544 3913 2749 3970 Iudaeis
2776 3914 3375 3986 iniquiorem—Manet,

1777 4018 2037 4077 quantum
2084 4006 2311 4078 intelligi
2343 4008 2467 4063 licet
2493 4050 2507 4073 ,
2537 4008 2799 4062 mentium
2836 4022 3160 4062 vesanarum
3187 4009 3379 4065 volun-

1779 4111 1891 4167 tas,
1922 4110 2174 4156 cessante
2221 4100 2348 4155 lice‘.
2378 4100 2666 4155 voluntatis
2712 4097 2908 4154 eﬁ‘ectu
2941 4116 2954 4153 :
2988 4107 3044 4153 et
3082 4100 3377 4171 malignum

1776 4197 2019 4251 animum
2044 4195 2444 4252 malevolentia:
2466 4196 2725 4259 Studium,
2759 4194 3054 4248 absistente
3097 4194 3225 4249 mali
3246 4208 3379 4266 ope-

1775 4291 1852 4346 ris
1886 4290 2172 4347 occasione
2196 4332 2211 4356 ,
2246 4306 2355 4345 non
2381 4288 2603 4345 deserit.
2635 4287 2789 4343 Nunc
2817 4287 2962 4343 enim
2994 4288 3374 4345 haereticorum

1970 4447 2033 4502 Et
2052 4447 2385 4529 quiacqipit.
2423 4446 2515 4503 Sic
2541 4446 2679 4501 inira
2701 4487 2715 4508 .
2738 4446 2871 4529 dum
2913 4445 3120 4518 accipit.
3153 4444 3262 4503 Sed
3287 4448 3377 4519 qui

1775 4535 1838 4575 ea:
1862 4518 1967 4577 alio
1995 4520 2204 4593 accipit;
2226 4518 2444 4588 deinde,
2468 4534 2499 4572 a
2521 4535 2621 4591 quo
2641 4518 2845 4588 accipit.

163 4631 229 4705 (α)
254 4634 307 4689 ln
334 4637 586 4707 vulgatis,
615 4639 838 4694 asciscit.
872 4620 1092 4698 Rectius
1131 4644 1181 4699 in
1214 4659 1344 4701 mss.
1379 4649 1532 4703 adsit.
1563 4648 1670 4706 Sic.
1701 4656 1758 4718 Ι)
1782 4653 1888 4719 sit,
1923 4663 2099 4710 tamen
2130 4670 2199 4711 ex
2228 4655 2334 4711 alio
2362 4663 2485 4721 est,
2511 4666 2776 4780 rgtatenus
2802 4651 3029 4721 accepit.
3067 4652 3218 4720 Quod
3244 4652 3370 4709 illu-
3444 4668 3454 4676 ·

163 4724 183 4757 ι.
211 4720 266 4765 ιι.
292 4723 343 4780 n_.
374 4709 462 4772 15,
493 4720 617 4780 post
645 4710 890 4777 exposita
921 4716 1179 4770 mmnulla
1208 4716 1364 4772 Jnan.
1394 4722 1578 4780 verba.
1601 4723 1670 4777 ad
1778 4732 1983 4780 stratur
2002 4742 2067 4780 ex
2096 4728 2271 4780 verbis
2296 4729 2330 4780 Ι.
2357 4743 2415 4780 ιι.
2453 4744 2507 4780 ιι.
2567 4726 2601 4780 0
2632 4743 2644 4778 :
2673 4726 2772 4780 Uui
2796 4725 2895 4778 vita
2916 4732 3045 4780 erat.
3072 4740 3173 4778 non
3194 4733 3370 4780 postea

109 4700 186 4789 lib.
211 4720 266 4765 tl,
292 4723 343 4789 ηε
374 4700 462 4772 ίῖἶ,
493 4700 617 4789 post
645 4710 890 4777 exposita
921 4716 1179 4789 nonnulla
1208 4716 1364 4772 Jnatt.

110 4778 373 4853 tmtera‘sic
401 4778 663 4838 transitur
693 4800 706 4836 :
739 4787 1097 4853 consequentia
1125 4789 1222 4842 sibi
1251 4788 1442 4844 adsint.

164 4846 230 4933 (lt)
261 4848 591 4910 Auctor-italo
635 4867 772 4933 mss._
817 4846 1152 4933 restituunus
1184 4860 1284 4933 ltic
1327 4863 1526 4929 perierit
1571 4880 1668 4933 pro

110 4919 305 5004 perian
331 4938 348 4977 :
377 4939 610 4993 moxque
639 4925 957 4993 particulam
1001 4936 1047 4982 et
1081 4932 1262 5004 verbis
1298 4919 1444 4987 ιιέηιο
1479 4919 1668 5004 poterit

110 4989 367 5075 prmfixatn,
410 4989 735 5065 rursumque
775 5006 900 5052 ante
945 5015 1040 5070 ego
1079 5011 1127 5056 et
1175 5001 1334 5056 Pater
1377 4989 1661 5075 repetitam

109 5064 451 5128 expunxiutns.
654 5064 657 5065 ν
762 5112 775 5125 .

165 5132 227 5209 (τ)
248 5133 344 5209 Par
392 5153 546 5191 unum
566 5137 636 5193 sit
656 5139 966 5209 proﬁtendo,
996 5142 1275 5200 mendose.

162 5203 232 5274 (ti)
253 5203 307 5261 Iu
333 5209 558 5279 vulgatis
585 5219 637 5264 et
656 5203 905 5278 pluribus
932 5203 1063 5270 mss.
1092 5226 1147 5268 ut
1174 5232 1307 5270 unus
1333 5218 1492 5276 solus.
1525 5217 1663 5275 Ver-

109 5267 376 5357 ξιιξιιέῃιιε)
398 5267 733 5357 τ’ἑιιιογὶιιιύε
757 5267 1079 5357 auctoritate
1099 5267 1353 5342 codicum
1364 5267 1658 5357 ἥιῖιίὶιτὶιῖι.

111 5340 372 5405 δεΙιεΙΙίιιιιῖ
411 5352 615 5423 erroris
660 5353 896 5423 suspicio
936 5340 1201 5412 avertitur
1220 5340 1247 5422 :7
1283 5340 1341 5414 ut
1370 5340 1660 5419 'F.‘t'ti.'s"'§é

111 5427 245 5501 unum
269 5434 388 5501 pum
416 5420 574 5501 Patre
592 5420 942 5501 proﬁtendo,
962 5442 1070 5482 non
1099 5420 1316 5486 desinat
1337 5446 1459 5488 esse
1492 5432 1654 5501 ﬁlius,

1778 4732 1983 4781 stratur
2002 4742 2067 4781 ex
2096 4728 2330 4806 verbis__l.
2357 4743 2415 4789 tt.
2453 4744 2507 4780 ιι.
2529 4725 2601 4806 Ξῼ
2632 4743 2644 4778 :
2673 4726 2772 4790 Qui
2796 4725 3045 4806 aituero},
3072 4733 3370 4806 non-postea

1772 4813 1924 4865 quam
1941 4808 2018 4853 est
2031 4809 2198 4865 natus,
2218 4797 2429 4866 elfertus
2448 4808 2523 4852 est
2544 4798 2683 4861 vita;
2710 4812 2811 4850 non
2839 4796 2971 4848 enim
2990 4796 3042 4847 iu
3055 4811 3115 4866 eo
3129 4793 3276 4847 aliud
3292 4806 3366 4850 est

1769 4868 1909 4939 quod
1928 4882 2104 4924 natum
2123 4881 2219 4934 est,
2243 4865 2286 4923 et
2306 4870 2451 4925 aliud
2470 4879 2543 4923 est
2562 4867 2700 4937 quod
2718 4879 2868 4921 natus
2889 4865 3083 4934 accepit
3099 4881 3119 4931 ,-
3136 4872 3189 4919 ct
3208 4866 3367 4933 paulo

1771 4951 1889 5009 post
1921 4960 1934 4995 :
1973 4940 2109 4997 Deus
2133 4942 2223 5019 qui
2241 4959 2270 4993 ιι
2284 4941 2401 5019 ρινο
2421 4951 2572 5019 natus
2592 4950 2821 5019 _esI_.__nou
2847 4946 3023 5009 postea
3047 4951 3201 5019 quam
3216 4946 3365 4991 natus

1767 5019 1860 5076 est,
1886 5013 1977 5065 sed
2000 5009 2254 5067 nascendo
2275 5011 2409 5066 Deus
2433 5012 2641 5067 exstitit.
2666 5009 2762 5064 llic
2783 5025 2878 5076 pro
2903 5009 3120 5077 accepit;
3153 5009 3203 5060 in
3229 5022 3359 5063 mss.

1766 5083 2160 5154 propeubique
2190 5090 2376 5154 exstat
2397 5081 2581 5154 accipit
2613 5096 2633 5135 :
2664 5093 2836 5154 neque
2867 5075 3211 5154 n_i_.'tle'so_nat.

1846 5147 1916 5223 (Ϊ)
1937 5152 2028 5208 Sic
2057 5147 2185 5208 mss.
2220 5153 2290 5208 At
2316 5152 2442 5208 editi
2467 5194 2483 5217 ,
2508 5147 2587 5205 est
2616 5147 2771 5205 etiam
2802 5150 2858 5203 in
2885 5147 3049 5223 Filio_.
3073 5147 3207 5223 Tum
3240 5148 3357 5223 vat.

1768 5217 2019 5295 baiulis.
2071 5235 2324 5293 postremo
2345 5234 2400 5276 ut
2440 5232 2553 5295 post
2580 5233 2987 5295 sacramentttnt._
3009 5218 3086 5273 Ex
3128 5217 3230 5274 hoc
3258 5220 3359 5295 ﬂi'

1768 5292 2034 5347 lariivloco
2055 5290 2341 5349 commode
2367 5290 2682 5360 intelligitur
2710 5292 2850 5362 quod
2874 5291 2948 5344 ait
2973 5290 3225 5362 Irentens,
3257 5292 3355 5347 lib.

1766 5378 1841 5431 tv,
1865 5378 1914 5420 c.
1948 5364 2015 5419 57
2037 5406 2052 5430 ,
2083 5364 2171 5419 ubi
2204 5366 2352 5434 ponit
2385 5361 2739 5434 primoDenui
2768 5361 3149 5417 ineonditione
3172 5363 3355 5419 mundi

1765 5447 1991 5507 externo
2024 5437 2350 5507 Angelorunt
2380 5436 2681 5491 ministerio
2725 5450 2831 5489 non
2873 5434 3084 5507 eguisse
3126 5435 3351 5507 :_quasi,

111 5497 189 5568 nec
208 5489 391 5568 delicat
417 5492 606 5550 haberi
634 5489 1045 5568 tamquam'ipse
1072 5501 1165 5568 qui
1193 5502 1370 5558 Pater.

167 5556 227 5629 (e)
252 5559 422 5643 Editi,
470 5576 519 5621 et
554 5565 680 5634 quia
706 5556 1207 5643 accepit;'mox'que
1228 5556 1337 5627 non-
1361 5585 1539 5643 postea
1577 5585 1657 5631 ta-

110 5643 203 5684 men
222 5649 282 5689 ea:
305 5634 411 5689 alio
435 5647 508 5692 est
545 5652 565 5690 :
592 5634 968 5696 restaurantur
993 5657 1056 5698 ex
1091 5634 1223 5699 mss.
1269 5634 1370 5700 hoc
1399 5647 1656 5702 nimirum

112 5710 246 5790 sensu
269 5704 401 5790 :Qui
428 5705 702 5790 nascendi:
723 5709 951 5790 accepit,
980 5724 1030 5767 et
1063 5730 1167 5790 n_nn
1196 5729 1403 5785 postea,
1432 5733 1525 5773 seu
1551 5735 1656 5775 nun

115 5777 575 5859 mst‘cep‘stitutan}
589 5777 943 5859 uativitatem,
975 5794 1055 5859 est
1084 5785 1136 5839 in
1164 5777 1229 5841 eo
1249 5777 1617 5859 qundacccpit
1639 5831 1654 5853 ,

115 5844 271 5913 utpote
293 5844 344 5903 iit
371 5863 437 5906 eo
457 5844 599 5907 ltnd'e
636 5848 823 5906 natura
851 5844 943 5909 sua
975 5844 1182 5914 constat
1221 5844 1320 5915 :ac
1358 5859 1483 5916 llcet
1514 5844 1563 5916 in
1594 5844 1660 5918 eo

1762 5506 1936 5585 inquit
1955 5550 1970 5571 ,
2001 5504 2255 5585 ipse'suas
2290 5525 2393 5585 non
2413 5507 2829 5585 Itabere_t_mt_mus
2866 5521 2885 5558 :
2914 5519 2987 5585 ae
3003 5504 3195 5585 deinde
3221 5506 3351 5585 sub-

1756 5573 1905 5648 jicit,
1935 5573 2089 5634 Adest
2119 5581 2257 5634 enim
2287 5582 2332 5634 ei
2368 5595 2565 5649 semper
2596 5576 2823 5649 Verbum
2862 5585 2911 5629 et
2948 5573 3218 5649 Sapientia
3260 5575 3356 5631 Fi-

1762 5645 1883 5716 lius,
1910 5661 1957 5704 et
1978 5651 2239 5724 Spiritus.
2262 5666 2354 5724 per
2385 5645 2513 5724 quos
2532 5660 2580 5704 et
2606 5650 2657 5702 in
2682 5648 2862 5724 quibus
2892 5648 3065 5724 omnia
3106 5645 3258 5704 libere
3304 5661 3359 5704 et

1761 5732 1941 5803 sponte
1962 5716 2104 5803 figit,
2133 5723 2203 5776 ad
2228 5716 2355 5803 quos
2380 5716 2672 5803 et_loquitur
2694 5716 3349 5803 idicettsél'mciamusz.etc.

1762 5789 1898 5871 adeo
1929 5789 1987 5848 ut
2007 5789 2837 5871 FiliumLét‘Spirituinsanclum
2865 5789 3169 5871 Deimapus
3195 5791 3346 5846 dixe-

1760 5865 1831 5920 i‘it
1851 5903 1865 5932 ,
1890 5866 2032 5936 quod
2060 5865 2171 5937 ipsa
2196 5851 2292 5921 Dri
2319 5851 2511 5923 virtute
2540 5860 2602 5922 at:
2623 5851 2810 5922 natura
2840 5851 3128 5936 gaudeant:
