3930 6194
489 332 596 388 Ξ19

1697 329 1940 390 ὃΛΝΟΤΙ
1974 330 2227 390 HILARII
2262 331 2574 391 EPISCOPI

3670 342 3778 394 2'20

491 447 667 517 furor,
689 448 798 519 jam
824 447 898 523 (a)
927 447 1154 506 Domino
1179 447 1230 503 in
1258 446 1411 506 emlis
1425 445 1674 514 sedente,
1691 449 1814 518 quia
1835 448 2088 516 exemplo
2114 446 2168 508 Α
2196 454 2324 512 tate,
2350 462 2455 503 non
2480 463 2542 504 es
2560 447 2701 506 Deus
2722 461 2790 505 ex
2813 450 3070 515 veritate;
3099 460 3343 506 creatura
3364 465 3424 508 es
3448 455 3777 522 prnstantior

490 541 802 602 Iudaeorum
832 544 882 600 in
907 557 1123 598 crucem
1150 555 1314 611 agere
1335 556 1444 598 non
1479 551 1736 611 possunt,
1766 542 1879 612 pari
1908 550 2086 600 tamen

493 637 813 696 infidelitate
851 636 950 692 hoc
997 650 1118 692 eum
1163 634 1307 705 quod
1339 642 1424 692 est
1461 635 1705 706 (supple,
1739 635 1896 703 esse)
1924 633 2090 690 dene-

491 740 664 801 gant:
704 737 905 784 etcum
949 744 1055 783 non
1109 727 1314 797 possint
1353 741 1549 795 negare
1589 732 1708 795 qua:
1749 726 1888 782 dicta
1931 735 2087 791 sunt,

495 831 673 875 tamen
726 818 886 876 dietis
929 818 1006 890 (b)
1053 833 1158 872 non
1198 817 1548 883 ohedientes,
1577 817 1760 872 odium
1804 817 2091 885 impietatis

491 896 1107 973 exercent.'verborum
1143 908 1347 979 lapides
1380 909 1658 978 injiciunt,
1683 917 1738 964 et
1765 909 1808 962 si
1846 917 2088 976 possent,

489 1001 556 1057 de
583 1001 779 1060 throno
802 1017 923 1056 eum
947 1015 1044 1055 suo
1063 1002 1114 1054 in
1130 1014 1346 1055 crucem
1367 999 1796 1055 retraherentJﬁt
1810 998 1876 1052 de
1889 999 2093 1056 Judmis

490 1095 706 1164 quidem
752 1093 818 1147 ad
868 1093 994 1148 dicti
1030 1093 1186 1161 hujus
1217 1089 1291 1165 (c)
1343 1091 1632 1148 novitatem
1682 1091 1970 1148 commotis
2021 1092 2094 1146 ita

492 1185 931 1259 serihitur(.loan.
958 1203 1008 1252 ιι,
1029 1188 1121 1253 51,
1155 1194 1201 1240 et
1216 1184 1379 1258 seqq.)
1408 1205 1418 1239 :
1449 1185 1694 1240 Tulerunt
1723 1186 1881 1256 igitur
1898 1184 2094 1253 lapides

491 1283 690 1349 Judtei,
710 1279 1210 1347 uteumlapidarent.
1234 1277 1684 1353 Responditlaﬂ
1695 1288 1798 1334 ets:
1821 1279 1869 1333 Μ
1880 1279 1985 1334 ulta
2005 1279 2096 1333 bo-

495 1392 564 1432 na
593 1391 748 1445 opera
765 1374 966 1428 ostendi
985 1372 1124 1428 vobis
1141 1391 1171 1424 ιι
1195 1371 1372 1438 Patre,
1392 1383 1597 1444 propter
1612 1374 1748 1440 quod
1773 1388 1947 1429 eorum
1965 1388 2095 1439 apus

495 1469 738 1542 lapidatis
760 1468 879 1524 me?
908 1467 1298 1536 Responderunt
1328 1467 1376 1522 ei
1401 1465 1576 1522 Iudici
1609 1483 1628 1522 :
1659 1465 1767 1522 Pro
1793 1466 1924 1520 bono
1946 1482 2096 1537 opere

495 1579 596 1618 non
627 1561 921 1629 lapidantus
946 1569 994 1614 te
1011 1601 1025 1624 ,
1067 1561 1156 1614 sed
1179 1577 1270 1629 pro
1297 1559 1648 1628 blasphemia;
1675 1570 1720 1614 et
1749 1558 1870 1630 quia
1897 1569 1948 1612 tu
1980 1575 2096 1614 cum

495 1655 566 1712 sis
588 1655 760 1719 homo,
789 1653 918 1726 facis
941 1661 989 1712 te
1020 1649 1349 1708 Denm.Attu
1372 1649 1942 1722 vero,h:eretice,quid
1967 1664 2096 1720 agas

496 1761 560 1800 ac
584 1745 888 1816 profitearis
912 1759 1166 1814 agnosce;
1185 1754 1239 1799 et
1267 1759 1452 1798 eorum
1479 1753 1529 1798 te
1557 1743 1796 1814 intellige
1818 1758 1942 1797 esse
1966 1758 2098 1798 eon-

2193 541 2402 596 cunctis
2428 559 2442 598 :
2472 540 2568 596 sed
2601 555 2705 600 non
2746 555 2806 596 es
2849 540 2901 596 in
2936 541 3103 597 Deum
3151 552 3328 608 natus,
3357 544 3478 612 quia
3508 561 3570 600 ex
3598 546 3775 602 incor-

2197 633 2370 702 porali
2401 633 2513 694 Deo
2542 633 2878 688 nativitatem
2907 648 3015 688 non
3045 635 3276 689 admitto
3304 633 3374 707 (f)
3405 647 3638 704 natura;
3670 653 3776 696 non

2195 723 2356 780 modo
2383 735 2436 779 tu
2465 733 2519 778 et
2547 724 2708 779 Pater
2737 739 2842 778 non
2876 741 3040 780 unum
3075 728 3205 781 estis
3224 769 3238 790 ,
3267 726 3362 781 sed
3396 742 3494 781 nec
3521 727 3653 782 filius
3683 745 3776 795 es,

2195 833 2293 873 nec
2339 818 2529 873 similis
2575 833 2667 883 es,
2724 832 2824 873 nec
2854 819 2992 873 Deus
3031 817 3134 888 es).
3198 818 3400 876 ludatis
3426 819 3635 890 quidem
3680 821 3782 874 Do-

2195 912 2374 967 minus
2400 911 2698 980 respondit,
2731 909 2826 966 sed
2852 911 3022 978 magis
3045 913 3110 964 ad
3142 911 3475 979 impietatem
3501 922 3635 967 tuam
3660 929 3782 967 om-

2197 1006 2282 1065 nis
2306 1007 2420 1060 hmc
2445 1014 2566 1076 apta
2598 1005 2880 1074 responsio
2914 1003 3069 1076 195
3084 1015 3200 1060 est:
3235 1003 3425 1060 Nonne
3443 1006 3683 1075 scriptum
3711 1017 3783 1062 est

2195 1101 2248 1153 in
2295 1100 2439 1168 lege,
2472 1099 2726 1163 Quoniam
2781 1113 2872 1166 ego
2917 1099 3060 1163 dixi,
3103 1098 3176 1152 dii
3213 1098 3376 1152 estis?
3417 1097 3478 1153 Si
3521 1115 3636 1168 ergo
3668 1099 3782 1153 illos

2198 1191 2328 1250 dixit
2361 1194 2480 1246 deos
2513 1232 2527 1256 ,
2573 1193 2640 1244 ad
2670 1206 2796 1262 quos
2839 1192 3041 1244 verbum
3083 1193 3276 1260 factum
3315 1200 3392 1244 est
3426 1189 3555 1255 Dei,
3598 1202 3641 1244 et
3683 1206 3784 1244 non

2199 1297 2360 1357 potest
2387 1286 2512 1340 solvi
2543 1285 2848 1353 Scriptura;
2876 1300 3022 1354 quem
3047 1281 3202 1338 Pater
3225 1282 3564 1349 sancti/ienuit
3581 1323 3595 1344 ,
3619 1296 3660 1336 et
3689 1284 3784 1336 nti-

2197 1381 2260 1435 sit
2287 1381 2339 1433 in
2370 1378 2504 1433 [tunc
2531 1379 2798 1436 mundum.
2828 1393 2914 1431 nos
2937 1377 3106 1431 dicitis
3128 1377 3246 1442 quia
3275 1376 3643 1442 blasphemaoi,
3665 1391 3787 1444 quo-e

2199 1475 2338 1527 niam
2363 1473 2474 1527 dixi
2497 1513 2512 1534 ,
2548 1471 2717 1526 Filius
2745 1470 2841 1525 Dei
2863 1471 3016 1525 sum?
3043 1469 3106 1525 Si
3134 1487 3234 1523 non
3254 1471 3393 1541 facio
3419 1486 3573 1534 opera
3599 1467 3787 1534 Patris,

2201 1566 2360 1620 nolite
2382 1564 2586 1620 credere
2615 1563 2741 1618 milii
2773 1579 2790 1617 :
2818 1564 2862 1616 si
2887 1572 3060 1616 autem
3087 1562 3225 1632 facio
3246 1603 3261 1627 ,
3293 1571 3338 1615 et
3362 1561 3488 1616 mihi
3511 1577 3610 1615 non
3641 1560 3788 1615 ruitis

2199 1658 2436 1724 credere,
2483 1655 2719 1722 aperibus
2763 1654 2990 1720 credite;
3030 1665 3086 1708 ut
3114 1654 3289 1710 sciatis
3337 1663 3384 1707 et
3437 1653 3788 1719 cognoscatis,

2200 1753 2440 1824 quoniam
2496 1750 2575 1820 (‘2)
2608 1748 2681 1822 (g)
2708 1748 2868 1807 Pater
2897 1749 3074 1813 inme,
3121 1755 3168 1802 et
3195 1763 3286 1819 ego
3327 1746 3379 1800 in
3403 1761 3462 1800 eo
3506 1744 3688 1817 (lbid.,
3721 1743 3787 1800 δι

498 1849 729 1903 sortem,
754 1852 981 1905 quorum
1009 1837 1060 1894 in
1083 1848 1134 1893 te
1164 1836 1334 1892 refers
1382 1835 1618 1908 perfidiae
1645 1837 1977 1906 exemplum.
2010 1833 2094 1891 Ad
2125 1841 2173 1902 B
2200 1845 2356 1915 sea).
2386 1843 2618 1902 Causam
2665 1839 3035 1912 reSponsionis
3075 1854 3237 1896 causa
3284 1839 3512 1909 objectis
3543 1839 3594 1894 ei
3643 1839 3781 1894 blas-

499 1929 552 1988 id
580 1933 722 1986 enim
749 1929 892 2002 quod
923 1929 1123 1990 dictum
1153 1937 1254 1994 est,
1283 1927 1398 2003 Ego
1419 1940 1465 1984 et
1493 1929 1647 1990 Pater
1677 1947 1835 1988 unum
1871 1946 2049 1984 sumus
2075 1971 2089 1993 ,

497 2021 670 2082 JUd'J‘i
698 2023 902 2092 lapides
928 2023 1296 2089 elevavernnl,
1330 2030 1386 2080 et
1411 2010 1595 2080 eorum
1624 2024 1819 2093 impius
1846 2022 2000 2078 dolor
2029 2021 2097 2083 ad

499 2127 896 2176 sacramentum
917 2114 1039 2174 ﬁdei
1063 2116 1312 2172 salutaris
1327 2115 1633 2186 impatiens,
1661 2130 1828 2186 usque
1849 2115 1915 2172 ad
1931 2117 2100 2190 impe-

505 2219 616 2268 tum
637 2207 930 2266 inferendae
956 2207 1145 2266 monis
1175 2209 1372 2278 erupit.
1407 2208 1544 2277 Quid
1575 2216 1660 2276 tu,
1701 2225 1807 2266 non
1851 2209 2100 2271 habendo

500 2319 658 2378 quem
693 2304 927 2376 lapides,
961 2304 1283 2373 denegando
1323 2305 1500 2362 minus
1535 2302 1737 2362 efficis?
1765 2306 1880 2362 Non
1919 2307 2104 2367 dilfert

508 2399 760 2456 voluntas
791 2417 803 2454 :
838 2399 931 2456 sed
955 2399 1286 2456 voluntatem
1309 2407 1452 2456 tuam
1488 2399 1820 2456 inefficacem
1836 2416 1958 2456 esse
1985 2417 2100 2458 co:-

506 2489 658 2548 lestis
705 2489 931 2546 thronus
961 2489 1148 2546 efticit.
1179 2490 1393 2558 Quanto
1423 2503 1476 2546 ιιι
1505 2491 1854 2564 irreligiosior
1876 2493 2104 2554 Judtnt)?

507 2582 739 2652 Lapides
768 2584 856 2644 ille
886 2583 937 2642 in
964 2599 1163 2654 corpus
1188 2584 1390 2649 elevat,
1420 2594 1474 2639 tu
1507 2586 1557 2639 in
1588 2585 1884 2655 Spiritum;
1911 2587 2002 2641 ille
2049 2588 2101 2642 in

509 2676 781 2734 hominem
799 2686 854 2731 ut
875 2677 1115 2748 putabat,
1135 2685 1188 2732 tu
1217 2679 1268 2732 in
1283 2678 1474 2746 Deum;
1502 2679 1590 2734 ille
1606 2681 1658 2734 in
1671 2680 2034 2740 diversantem
2051 2683 2104 2738 in

508 2769 690 2836 terris,
724 2769 853 2826 tuin
886 2770 1082 2828 throno
1124 2772 1336 2827 virtutis
1361 2771 1676 2839 sedentem;
1711 2773 1800 2828 ille
1821 2774 1874 2834 in
1894 2776 2109 2848 ignora-

509 2870 646 2926 tum.
673 2874 728 2920 tu
747 2865 799 2919 in
821 2863 1149 2930 confessum;
1179 2864 1270 2919 ille
1292 2865 1344 2919 in
1373 2864 1786 2932 moriturunr,tu
1811 2867 2105 2935 injudicem

507 2956 849 3016 smculnrum.
870 2955 967 3018 ille
995 2955 1126 3012 dicit
1152 2973 1165 3009 :
1195 2956 1322 3009 Cum
1349 2956 1419 3014 sis
1433 2955 1784 3026 homo(lbid.,
1805 2959 1919 3034 35);
1951 2968 2005 3014 tu
2028 2960 2110 3016 dis-.-

507 3047 588 3103 eis
611 3064 626 3106 :
652 3046 787 3104 Cum
807 3051 882 3102 sis
898 3057 1182 3114 creatura;
1212 3058 1438 3118 uterque
1463 3057 1642 3104 autem
1663 3049 1863 3118 dicitis,
1901 3053 2032 3124 facis
2062 3063 2110 3112 te

510 3138 718 3210 Deum;
747 3139 852 3202 hoc
873 3155 1164 3196 commune
1187 3141 1237 3196 in
1261 3157 1384 3197 cum
1415 3142 1560 3213 impii
1590 3147 1753 3202 vestri
1775 3147 1886 3202 oris
1912 3161 2107 3218 oppro-

511 3235 686 3294 brium
735 3245 842 3292 est.
891 3236 1067 3306 Negas
1113 3237 1257 3293 enim
1292 3237 1457 3296 Deum
1499 3255 1564 3295 ex
1591 3217 2103 3311 generationeDei,
2133 3217 2179 3279 Ο

512 3340 677 3397 negas
705 3327 872 3384 lilium
917 3327 996 3399 (ιι)
1026 3342 1090 3384 ex
1138 3328 1436 3386 nativitatis
1467 3331 1726 3398 veritate,
1769 3349 1933 3403 negas
1966 3333 2102 3402 hoc,

512 3419 652 3490 quod
683 3435 776 3490 ego
804 3430 850 3475 et
883 3419 1040 3478 Pater
1077 3437 1238 3476 unum
1279 3437 1488 3491 sumus,
1519 3423 1916 3488 confessionem
1948 3426 2108 3486 unius

513 3513 566 3568 in
620 3524 847 3584 utroque
894 3524 1056 3586 atque
1099 3514 1400 3572 consimilis
1441 3530 1562 3571 esse
1604 3523 1829 3576 naturae.
1877 3518 2110 3588 8υ1›]1ρίε

517 3608 835 3668 substantia:
863 3625 1014 3664 novin
1040 3618 1096 3666 et
1118 3619 1358 3665 externa:
1381 3619 1436 3666 et
1460 3609 1652 3664 alienae
1693 3609 1860 3665 Deum
1889 3628 1902 3665 :
1932 3620 1989 3668 ut
2017 3622 2110 3676 aut

516 3701 738 3762 alterius
765 3702 977 3770 generis
1018 3703 1158 3760 Dens
1185 3702 1253 3757 sit
1281 3744 1295 3770 ,
1326 3712 1417 3758 aut
1442 3704 1663 3760 omnino
1695 3719 1793 3758 nec
1828 3703 1974 3765 Deus
2001 3706 2106 3773 sit,

522 3791 645 3861 quia
672 3807 777 3846 non
804 3791 885 3864 (I)
909 3791 982 3866 (ε)
1011 3809 1077 3847 ex
1109 3793 1217 3848 Deo
1248 3795 1527 3848 nativitate
1559 3797 1832 3860 subsistat.

585 3882 676 3946 24.
712 3883 998 3954 Responsio
1027 3884 1222 3942 Christi
1247 3885 1448 3944 ludatis
1468 3928 1482 3953 ,
1511 3898 1635 3954 apta
1664 3899 1710 3950 et
1749 3889 1974 3950 Arionis.
2003 3891 2108 3947 Re-

516 3977 806 4049 sponsicnis
833 3994 988 4036 causa
1016 3986 1064 4042 et
1090 3995 1294 4047 scapus.
1329 4009 1398 4020 --
1423 3979 1526 4038 Sed
1553 3981 1674 4049 quia
1708 3983 1771 4036 ad
1805 3997 2112 4046 saeramen-v

519 4079 628 4126 ιιιιιι
673 4069 801 4126 dicti
849 4070 1007 4142 hujus
1051 4083 1353 4130 commotus
1384 4087 1484 4130 es:
1522 4072 1634 4146 Ego
1675 4085 1722 4130 et
1761 4075 1918 4136 Pater
1954 4093 2112 4136 unum

515 4179 725 4231 sanius;
755 4173 812 4222 ut
841 4163 1030 4222 Judaeo
1059 4165 1276 4224 dicente.
1328 4185 1340 4218 :
1381 4165 1509 4226 Cum
1559 4167 1630 4226 sis
1657 4168 1849 4235 hoino,
1892 4170 2022 4242 facis
2065 4179 2111 4228 te

515 4257 685 4320 Deum
711 4301 725 4323 ,
765 4270 819 4318 ιιι
869 4260 984 4331 pari
1015 4259 1291 4330 impietate
1319 4261 1470 4317 dicas
1501 4279 1515 4316 :
1545 4262 1676 4322 Cum
1720 4264 1795 4326 sis
1821 4276 2066 4326 creatura
2091 4307 2107 4334 ,

517 4349 648 4406 facis
680 4359 732 4406 te
765 4353 930 4406 Deum
989 4353 1164 4422 (dicis
1187 4354 1332 4408 enim
1371 4372 1382 4406 :
1413 4353 1530 4410 Non
1561 4371 1621 4411 es
1651 4356 1790 4411 filius
1831 4372 1896 4411 ex
1928 4357 2110 4412 nativi-

588 4467 668 4534 (1)
700 4464 784 4521 Ea:
813 4464 907 4521 Dei
929 4469 1209 4523 nativitate.

590 4467 638 4534 (1
700 4467 784 4521 Ea:
813 4467 907 4521 Dei
929 4469 1209 4523 nativitate.

590 4467 671 4612 (εἶ
698 4538 884 4593 Codex
913 4539 1114 4595 Veron.
1149 4539 1310 4594 Pater
1337 4540 1390 4596 in
1417 4557 1496 4597 me
1520 4583 1534 4608 ,
1564 4551 1612 4598 et
1631 4558 1728 4617 ego
1767 4547 1821 4602 in
1847 4561 2002 4613 eum;
2054 4555 2110 4603 et

2203 1937 2431 2008 pliemia:
2460 1936 2655 1991 intulit.
2676 1934 2731 1992 ld
2749 1935 2893 1990 enim
2917 1933 2982 1988 ad
3010 1933 3215 1988 crimen
3242 1931 3626 2002 deputabatur,
3649 1929 3788 2001 quod

2202 2047 2261 2087 se
2292 2046 2416 2086 cmn
2460 2029 2625 2085 homo
2663 2041 2808 2084 esset
2842 2029 3008 2084 Deum
3053 2027 3274 2083 faceret.
3312 2027 3479 2082 Deum
3518 2035 3693 2080 autem
3736 2040 3792 2081 se

2201 2123 2380 2180 facere
2410 2139 2504 2193 per
2527 2122 2577 2176 id
2597 2122 2943 2192 arguebatur,
2967 2120 3111 2192 quod
3144 2119 3367 2176 dixisset
3393 2136 3406 2172 ε
3434 2119 3545 2190 Ego
3568 2130 3614 2173 et
3641 2117 3791 2173 Pater

2202 2233 2362 2272 unum
2389 2233 2583 2274 sumus.
2616 2196 3090 2272 Demonstratnrus
3118 2213 3300 2282 itaque
3332 2214 3456 2277 hoc,
3490 2211 3633 2282 quod
3677 2211 3788 2282 ipse

2203 2320 2258 2366 et
2300 2309 2458 2366 Pater
2481 2323 2643 2363 unum
2676 2317 2881 2373 essent,
2911 2321 2978 2360 ex
3015 2303 3306 2360 nativitatis
3337 2313 3651 2373 usurpatum
3679 2316 3796 2357 esse

2205 2413 2429 2468 natura;
2486 2404 2538 2458 in
2565 2415 2631 2456 eo
2663 2400 2894 2470 primum
2955 2397 3212 2467 ineptiam
3265 2395 3474 2452 ridiculi
3523 2393 3793 2465 opprobrii

2205 2495 2484 2555 confutet.
2528 2508 2626 2550 cur
2677 2491 2729 2546 in
2781 2498 2988 2546 reatum
3041 2500 3366 2556 vocaretur,
3411 2488 3554 2558 quod
3593 2502 3652 2542 se
3679 2501 3796 2542 eum

2205 2588 2369 2642 homo
2399 2593 2544 2641 esset
2579 2585 2745 2639 Deum
2777 2582 2996 2640 faceret.
3031 2580 3164 2638 Cum
3212 2583 3354 2637 enim
3387 2581 3473 2636 les
3515 2580 3672 2650 hujus
3705 2595 3793 2635 no-

2209 2680 2371 2735 minis
2397 2677 2811 2748 appellationem
2858 2677 3060 2731 sanetis
3102 2676 3412 2731 hominibus
3451 2676 3796 2741 decerneret,

2207 2781 2265 2828 et
2293 2785 2476 2830 sermo
2503 2771 2594 2826 Dei
2623 2768 3013 2826 indissolubilis
3043 2768 3385 2825 confirmaret
3415 2768 3557 2824 hanc
3607 2771 3800 2838 imper-

2211 2869 2290 2922 titi
2317 2866 2550 2920 nominis
2581 2865 3005 2935 professionem;
3029 2863 3304 2935 quomodo
3326 2862 3434 2924 hic.
3464 2877 3624 2932 quem
3649 2863 3803 2917 Pater

2212 2959 2641 3027 sanctilicasset,
2674 2971 2728 3014 et
2755 2975 2914 3030 quem
2960 2959 3012 3013 in
3057 2960 3200 3014 hunc
3244 2956 3501 3013 mundum
3533 2958 3800 3023 misisset,

2216 3053 2568 3123 blasphemus
2593 3062 2739 3108 esset
2779 3051 2870 3108 Dei
2899 3065 2959 3106 se
2998 3051 3164 3106 lilium
3197 3050 3541 3113 confitendo;
3571 3065 3692 3105 cum
3721 3064 3806 3103 Co-

2212 3147 2555 3216 gnominatos
2575 3160 2672 3216 per
2703 3145 2873 3214 legem
2909 3142 3043 3199 deos
3074 3143 3461 3197 indissolubilis
3496 3142 3588 3197 Dei
3618 3158 3797 3196 sermo

2213 3235 2529 3295 statuisset?
2553 3235 2670 3292 Jam
2698 3250 2826 3305 ergo
2847 3249 2952 3289 non
2978 3244 3060 3288 est
3091 3233 3330 3290 criminis
3351 3275 3364 3296 ,
3389 3234 3532 3303 quod
3559 3249 3617 3287 se
3641 3233 3805 3287 Deum

2215 3351 2336 3390 cum
2371 3333 2532 3388 homo
2577 3331 2650 3385 sit
2694 3329 2882 3393 faciat;
2929 3343 3050 3384 cum
3081 3341 3208 3392 eos,
3253 3328 3344 3398 qui
3385 3326 3635 3382 homines
3664 3327 3805 3392 sint,

2217 3431 2300 3486 les
2325 3429 2458 3484 deos
2489 3425 2708 3484 dixerit.
2745 3424 2810 3478 Et
2833 3423 2925 3478 sia
2957 3421 3169 3477 caeteris
3205 3420 3515 3476 hominibus
3546 3435 3648 3474 non
3679 3419 3811 3474 irre-

2219 3522 2403 3592 ligiosa
2433 3518 2590 3588 huius
2625 3515 2860 3574 nominis
2891 3513 3172 3584 usurpatio
3203 3525 3318 3579 est;
3351 3513 3420 3568 ab
3459 3527 3528 3568 eo
3557 3512 3806 3580 homine,

2217 3629 2374 3685 quem
2399 3611 2555 3667 Pater
2593 3607 2950 3666 sanetilieavit
2987 3603 3184 3676 (omnis
3211 3607 3354 3660 enim
3384 3603 3472 3659 hic
3498 3604 3568 3658 de
3591 3604 3810 3659 homine

2219 3705 2502 3775 responsio
2545 3710 2658 3769 est,
2692 3701 2816 3771 quia
2857 3699 2954 3754 Dei
2989 3698 3130 3753 lilius
3173 3697 3336 3752 etiam
3388 3696 3622 3752 hominis
3669 3697 3813 3752 tilias

2217 3809 2301 3859 est
2324 3801 2364 3869 ),
2412 3812 2518 3852 non
2551 3794 2895 3866 impudenter
2929 3791 3177 3861 usurpari
3205 3790 3437 3858 videtur,
3465 3789 3610 3861 quod
3642 3790 3741 3846 Dei
3760 3805 3814 3845 se

2219 3891 2388 3946 [ilium
2419 3887 2650 3952 dixerit;
2680 3901 2802 3942 eum
2829 3883 3106 3954 praecellat
3135 3895 3395 3950 caeteros,
3419 3883 3508 3953 qui
3539 3883 3815 3952 cognomi-

2221 3999 2350 4041 nare
2377 3997 2436 4037 se
2460 3980 2540 4050 (It)
2570 3995 2677 4034 non
2708 3976 3005 4047 irreligiose
3027 3975 3158 4031 deos
3181 3985 3403 4046 possunt
3421 4017 3436 4042 ,
3470 3990 3565 4045 per
3593 3976 3642 4032 id
3671 3976 3812 4046 quod

2219 4075 2584 4136 sanetilicatus
2627 4073 2679 4128 in
2733 4069 2899 4126 lilium
2957 4077 3040 4123 est
3069 4085 3084 4123 :
3116 4067 3277 4124 beato
3328 4068 3493 4128 Paulo
3534 4069 3813 4124 scientiam

2215 4172 2373 4228 nobis
2428 4164 2868 4234 sanctiﬁcationis
2925 4163 3079 4218 istius
3140 4163 3450 4229 intimante,
3518 4178 3642 4220 cum
3688 4163 3810 4218 ait:

2217 4264 2279 4336 (ί)
2313 4262 2464 4332 Quod
2485 4271 2603 4315 ante
2626 4258 2856 4328 promisit
2889 4272 2981 4326 per
3009 4255 3284 4325 prophetas
3303 4271 3423 4314 suos
3447 4255 3500 4314 in
3525 4253 3810 4325 Scripturis

2215 4358 2406 4412 sanctis
2429 4354 2491 4408 de
2515 4353 2623 4422 ﬁlio
2650 4367 2774 4417 suo,
2801 4349 2887 4418 qui
2917 4351 3083 4419 factus
3110 4355 3183 4401 est
3222 4344 3289 4418 (j)
3330 4362 3392 4400 ex
3425 4347 3617 4401 semine
3651 4345 3812 4400 Dauid

2211 4475 2284 4530 ita
2333 4472 2463 4535 legit
2512 4467 2578 4524 ad
2609 4483 2759 4522 num.
2799 4463 2870 4520 96
2909 4473 2966 4518 et
3017 4461 3087 4516 27
3141 4461 3301 4533 paulo
3354 4470 3511 4540 post,
3541 4462 3815 4540 deputatur

2219 4561 2320 4617 pro
2351 4541 2716 4616 deputabatur.

591 4675 669 4746 (a)
707 4673 874 4742 Editi,
916 4673 1200 4742 Dominum
1230 4676 1285 4730 in
1333 4675 1470 4732 cretis
1499 4677 1755 4736 sedentem
1785 4695 1800 4733 :
1830 4681 2101 4760 refragan-
2128 4682 2184 4746 Ι)
2209 4683 2399 4760 norum
2425 4678 2492 4736 ad
2517 4675 3013 4742 Alexandrum,lib.
3039 4689 3114 4744 tv,
3147 4689 3200 4730 η.
3237 4672 3398 4740 i3,et
3417 4668 3620 4738 l.st,n.
3647 4667 3702 4742 6,
3736 4684 3815 4728 re-

521 4749 664 4806 tibus
695 4762 824 4802 mss.

594 4818 670 4893 (b)
703 4815 823 4893 Vat.
852 4818 969 4893 bas.
997 4817 1165 4893 codex
1189 4834 1309 4874 cum
1342 4816 1684 4893 Martin.non
1716 4821 1880 4893 solum
1901 4825 2116 4890 inobau-

522 4888 716 4946 dientes
727 4891 899 4945 adium
916 4888 1191 4958 impietatis
1209 4900 1464 4956 exercent,
1491 4892 1579 4946 sed
1600 4901 1648 4945 et
1671 4891 1950 4960 verborum,
1979 4888 2083 4958 etc.

525 4961 926 5046 interpolatoris
955 4942 1173 5046 operam
1201 4942 1652 5046 sapientein};
1674 4942 2112 5046 ῂέίιὲζᾱὶἱὸιιῖἕιὶῖ

524 5037 868 5089 observatum
899 5042 1015 5096 est,
1052 5033 1308 5088 llilarium
1350 5033 1644 5104 Scripturis
1677 5033 1751 5100 ita
1795 5033 2116 5102 diserte-ex-

528 5119 767 5176 pressam
789 5105 1065 5167 censuisse
1095 5107 1732 5174 conmilistautialitatem,
1764 5119 1820 5162 ut
1849 5127 1945 5164 nec
1976 5113 2113 5172 bona

529 5175 634 5260 [ille
670 5194 698 5230 ιι
725 5175 1128 5260 ξειιὶριιιηιινιιιιι
1162 5179 1352 5250 peritis
1382 5180 1561 5250 negari
1592 5193 1708 5233 eam
1740 5183 1978 5258 potuisse
2002 5187 2115 5244 esi-

529 5259 783 5304 Sttntartt.

602 5318 672 5462 ᾗ)
705 5317 760 5374 lu
794 5336 895 5376 ms.
931 5321 1084 5375 Mart.
1115 5320 1394 5378 veritatem.

665 5393 680 5459 )
713 5389 767 5446 In
802 5408 901 5446 ms.
926 5393 1040 5448 has.
1070 5390 1191 5447 Vat.
1225 5405 1277 5447 et
1308 5394 1386 5454 Ma

665 5389 680 5459 )
713 5389 767 5446 In
802 5408 901 5446 ms.
926 5393 1040 5448 has.
1070 5390 1191 5447 Vat.
1225 5405 1277 5447 et
1308 5394 1460 5454 Mart.
1489 5395 1577 5450 hic
1595 5393 1809 5452 additur
1834 5413 1898 5451 ex
1918 5401 2127 5460 veritate

533 5473 767 5586 ἲᾳᾶιιῖἷῖτε
786 5463 928 5534 quod
959 5464 1113 5522 abest
1136 5464 1202 5519 ab
1225 5465 1343 5524 aliis
1373 5465 1554 5540 libris,
1587 5477 1642 5524 et
1664 5483 2125 5539 supervacaneum

575 5551 586 5586 ι
629 5552 657 5586 ις
759 5573 772 5586 .

535 5548 772 5588 νιιιιειιιτ.

581 5602 684 5687 .(e)
717 5603 856 5687 Etliti
883 5621 1003 5661 eum
1031 5606 1235 5687 aliquot
1263 5624 1392 5687 mss.
1413 5626 1485 5687 ea;
1517 5609 1610 5663 Dei
1625 5611 1910 5687 natiuitate.
1943 5614 2126 5674 Marti-

539 5676 730 5754 niatius
759 5676 949 5754 codex,
975 5695 1036 5754 eis
1062 5677 1167 5754 Deo
1202 5681 1294 5754 Dei
1316 5683 1596 5738 nativitate.
1625 5683 1968 5754 Przeferimus
2009 5700 2129 5754 cum

547 5746 963 5827 Carn_.,_t_l_uobns
981 5749 1160 5827 Coll)“
1189 5752 1399 5820 Germ.,
1432 5763 1561 5822 etc.,
1608 5772 1668 5811 ea:
1713 5753 1821 5827 Deo
1853 5746 2133 5820 nativitath

631 5818 705 5888 (f)
739 5818 834 5872 Ilio
856 5819 1217 5896 respiciuntur
1243 5818 1513 5900 postrema
1545 5818 1712 5890 verba
1731 5826 1972 5898 epistola:
1995 5818 2142 5888 Arias

2226 4754 2369 4808 latas.

2298 4823 2376 4898 (g)
2407 4823 2512 4898 lta_
2530 4835 2674 4898 mss._
2700 4819 2855 4890 juxta
2886 4833 3140 4887 eratcum.
3190 4813 3329 4898 [fidi-ti
3359 4809 3816 4898 vero.j_uxtaIan3

2221 4881 2400 4966 gaiiiin
2424 4937 2438 4960 ,
2474 4881 2720 4966 Peterin-
2741 4907 2819 4966 me
2858 4881 2930 4957 est
2956 4932 2970 4955 ,
3001 4899 3046 4942 et
3074 4905 3166 4966 ego
3194 4886 3246 4940 in
3279 4885 3466 4966 Patre.
3489 4881 3636 4937 Idem
3668 4883 3812 4966 locus

2225 4953 2483 5036 praeterea
2526 4972 2606 5018 ter
2638 4963 2739 5018 hoc
2767 4953 2905 5016 lihro
2937 4953 3214 5032 repetitur.
3270 4960 3343 5011 Ac
3387 4956 3564 5036 primo
3599 4953 3812 5023 quidem

2225 5028 2343 5093 ioco
2372 5051 2583 5091 rursum
2623 5049 2742 5088 cum
2773 5048 2953 5102 graeco
2992 5028 3119 5085 mss.
3155 5028 3500 5084 consentiunt
3524 5066 3556 5102 ,_
3582 5040 3818 5079 rursum-

2223 5125 2328 5180 qne
2355 5108 2483 5163 editi
2512 5123 2633 5162 cum
2665 5097 2890 5173 Vulgata
2930 5122 2943 5180 _:
2977 5103 3422 5180 secundoantem
3454 5097 3672 5167 utrique
3699 5111 3814 5152 cum

2224 5171 2425 5250 g'rmco,
2453 5194 2516 5236 ac
2547 5171 2817 5250 postremo
2841 5176 3051 5250 utrique
3077 5188 3199 5250 eum
3231 5171 3474 5238 Vulgata.

2297 5250 2378 5323 (7h)
2411 5244 2558 5323 Lips.
2583 5260 2636 5323 et
2667 5249 2794 5323 Par1
2819 5263 2918 5323 non
2949 5244 3180 5323 religiose
3208 5261 3226 5298 :
3255 5250 3527 5323 corrupte.

2300 5310 2374 5394 (i)'
2399 5310 2554 5394 Bail.,
2587 5321 2676 5394 E_r.
2706 5331 2755 5378 et
2773 5316 2924 5387 Lips.
2959 5310 3064 5380 Qui
3097 5326 3212 5376 ante
3245 5311 3683 5394 :dissidentihus
3706 5310 3816 5364 aliis

2225 5383 2397 5450 libris.
2427 5383 2565 5448 Tum
2607 5391 2729 5446 Par.
2775 5383 2896 5446 cum
2924 5395 3106 5442 vetere
3139 5402 3238 5448 ms.
3277 5383 3431 5440 Colb.
3473 5387 3814 5456 promissum,

2231 5481 2336 5521 non
2367 5465 2622 5531 promisit.

2305 5523 2377 5608 ω’
2426 5537 2480 5596 ln
2508 5532 2736 5604 vulgatis
2761 5573 2790 5608 ι
2819 5530 2907 5608 qui
2954 5533 3121 5608 [actus
3151 5537 3222 5582 est
3262 5527 3330 5608 ei.
3381 5524 3740 5608 Demovimus
3783 5523 3821 5577 ei

2235 5573 2736 5664 aui-'u'oriiaiéial's'f
2752 5573 2930 5663 ἀοῖὖῖ,
2947 5573 3129 5656 ἄξι’ἐᾶιῖ
3151 5573 3222 5654 lic
3262 5573 3416 5664 ituri.
3451 5573 3820 5649 constitisse

2242 5693 2436 5750 gra'co,
2473 5665 3130 5750 ne_t:nonTrenaetrhhltlt.
3158 5685 3206 5726 c.
3237 5669 3344 5750 3:2,
3375 5665 3818 5750 aQTCTlullinno,

2245 5738 2504 5806 adverSus
2528 5748 2784 5801 Praxeam
2819 5763 2870 5798 n.
2897 5746 2988 5799 ‘27.
3018 5742 3136 5809 Mox
3163 5757 3228 5796 ex
3262 5742 3364 5794 fide
3397 5738 3668 5809 dicturum
3700 5754 3817 5792 mss.

2248 5836 2458 5890 necnon
2479 5817 2550 5878 Ca
2561 5827 2702 5876 rnut.
2735 5807 3048 5890 reponimus
3067 5815 3155 5892 qui
3173 5813 3453 5873 destinatus
3478 5820 3552 5866 est
3573 5851 3588 5880 ,
3618 5807 3821 5870 favente
