3930 6194
130 307 213 363 ἓΞὶ

1261 294 1350 353 DE
1389 292 1765 352 TRINITATE
1818 293 2016 351 LIBER
2061 295 2166 351 Vll.

3265 296 3369 336 9‘34)

129 420 365 480 nuntiant
388 434 612 482 carnem,
648 416 729 490 (ι)
760 418 845 488 qui
884 415 1166 472 destinatas
1209 425 1284 471 est
1310 416 1453 485 ﬁlius
1477 412 1572 469 Dei
1613 415 1669 468 in
1695 416 1745 476 A
1773 417 1932 472 nolite
1970 416 2179 473 credere
2211 417 2339 474 mihi
2383 416 2570 492 (lbid.,
2606 417 2721 492 57).
2754 417 2811 474 Si
2865 432 2968 473 non
2995 433 3156 488 opera
3199 419 3372 474 Patris

133 520 283 572 virtuts
324 515 596 568 secundum
642 511 877 580 spiritum
924 511 1348 579 sanctiﬁcationis
1399 507 1589 578 (Rom.
1618 524 1669 574 ι,

128 611 173 673 3,
199 617 236 663 tt
275 622 397 676 seqq.
418 607 454 674 ).
506 604 698 659 Cessat
721 618 850 674 ergo
870 602 1220 674 blasphemia:
1254 602 1491 668 crimen,
1523 601 1667 672 quod

128 716 226 756 cum
243 698 302 754 sit
330 699 482 752 homo
505 696 673 750 Dt-um
703 711 764 750 se
790 694 948 751 faciat
973 713 986 748 :
1013 710 1134 748 cum
1155 695 1257 749 hoc
1281 709 1477 750 nomen
1503 694 1672 764 pluri-

127 793 209 847 mis
236 791 312 844 Dei
339 803 513 844 sermo
540 788 830 853 detulerit,
861 797 917 844 et
944 789 1310 843 sattctilicatus
1331 802 1394 842 ac
1416 788 1612 842 missus
1629 801 1662 842 a

127 881 256 939 Patre
276 880 395 935 nihil
419 879 560 934 aliud
589 894 652 935 se
677 895 838 948 quam
865 880 956 936 Dei
985 880 1152 934 illium
1174 880 1245 934 sit
1273 883 1566 950 professus.

179 973 256 1031 i5.
289 972 387 1028 lico
415 986 479 1028 ετ
503 969 688 1028 Pares
721 986 867 1027 urunt
895 984 1086 1038 souus,
1119 981 1358 1026 naturam
1389 971 1670 1026 nativitatis

126 1065 324 1122 ostendit.
349 1091 414 1108 -—
440 1062 554 1120 Non
584 1074 668 1118 est
696 1063 937 1129 relictus,
971 1074 1029 1119 ut
1057 1064 1324 1127 arbitror,
1355 1061 1664 1134 ambigendi

129 1160 259 1233 ιω
283 1162 449 1224 locus,
478 1159 606 1228 quin
637 1158 708 1216 de
739 1167 928 1213 natura
974 1157 1268 1213 nativitatis
1305 1159 1506 1212 dictum
1549 1157 1620 1211 sit
1653 1173 1668 1212 :
1721 1156 1724 1160 ’

126 1253 216 1323 Ego
235 1262 275 1307 et
303 1250 449 1308 Pater
475 1266 636 1305 unum
662 1267 856 1305 sumus.
876 1250 1143 1306 Namcutn
1167 1250 1340 1306 Judaei
1367 1251 1673 1318 arcuissent

123 1343 265 1405 illum,
284 1342 414 1414 quod
437 1357 530 1408 per
545 1341 887 1408 bocdictum,
913 1344 1074 1398 homo
1094 1343 1210 1414 ipse
1222 1359 1342 1398 cum
1366 1350 1531 1408 esset,
1548 1357 1670 1398 sese

124 1436 263 1490 Dento
279 1433 460 1492 laceret
476 1453 488 1488 :
506 1437 791 1504 responsio
806 1435 922 1506 ejus
937 1435 1242 1500 conﬁrmat,
1261 1435 1402 1504 quod
1423 1434 1514 1489 Dei
1533 1449 1592 1488 se
1608 1434 1669 1489 ﬁ-

119 1528 230 1584 lium
255 1543 337 1598 per
365 1527 413 1582 id
431 1525 576 1597 quod
610 1525 722 1597 Ego
751 1536 800 1584 et
834 1527 992 1582 Pater
1013 1543 1172 1582 unum
1203 1525 1572 1599 sumus(Joan.
1606 1542 1666 1595 ι,

118 1618 212 1691 50),
236 1617 304 1692 (2)
323 1619 612 1676 ostenderit
631 1661 647 1686 ,
681 1621 914 1690 primum
945 1618 1182 1684 nomine,
1213 1618 1409 1674 deinde
1438 1627 1626 1674 natura
1647 1658 1665 1685 ,

120 1721 358 1782 postremo
377 1711 675 1767 nativitate.
702 1709 838 1769 Nam
861 1727 954 1783 ego
979 1720 1025 1767 et
1051 1709 1209 1768 Pater
1234 1725 1417 1770 ret-unt
1450 1711 1666 1768 nomina

1775 508 1940 574 facit,
1973 524 2080 564 non
2126 511 2453 566 credendum
2483 511 2534 566 ei
2567 519 2680 576 est,
2727 509 2998 581 proﬁtenti
3043 511 3133 564 Dei
3165 525 3286 565 esse
3314 525 3374 568 se

1776 599 1966 655 ﬁlium.
2000 600 2115 656 Non
2143 602 2304 656 lubet
2333 612 2462 672 ergo
2485 603 2734 658 nativitas
2757 618 2950 658 novam
2983 612 3372 674 externumque

1774 705 2058 760 naturam;
2091 697 2211 766 quia
2241 712 2336 765 per
2365 696 2415 754 id
2447 697 2588 752 ﬁlius
2614 711 2735 752 esse
2765 696 3069 752 credendus
3093 705 3199 761 est,
3227 697 3368 768 quod

1773 803 1939 858 opera
1973 789 2138 855 patris
2166 788 2386 845 efficiat.
2439 791 2576 857 Quid
2611 790 2699 846 hic
2741 790 2994 858 adeptio,
3023 789 3150 860 quid
3194 791 3372 844 indul-

1772 885 1953 955 gentia
1998 884 2231 938 nominis
2266 883 2370 940 loci
2403 885 2638 952 invenit,
2670 898 2737 940 ne
2766 900 2828 939 ex
2857 893 3047 938 natura
3090 884 3182 939 Dei
3229 884 3370 940 illius

1774 979 1877 1044 sit;
1905 993 2026 1034 cum
2067 977 2165 1033 Dei
2195 977 2334 1032 ﬁlius
2362 993 2427 1032 ex
2460 989 2664 1032 natura:
2698 987 2934 1046 paterna!
2958 976 3214 1044 operibus
3253 992 3367 1031 cre-

1773 1070 1983 1126 dendus
2006 1069 2116 1125 sit?
2145 1069 2260 1125 Non
2279 1079 2592 1140 exmquatur
2617 1079 2708 1123 aut
2753 1069 2944 1123 similis
2978 1069 3132 1141 197
3155 1079 3233 1122 est
3259 1069 3368 1123 Dco

1774 1173 2227 1235 cre:ttura,neque
2240 1164 2287 1218 ei
2310 1178 2512 1218 natura:
2529 1163 2720 1219 aliettm
2736 1171 2972 1232 potestas
2991 1177 3181 1229 compa
3191 1170 3363 1219 ratur:

1773 1255 1890 1310 sola
1921 1256 1969 1309 ei
2001 1253 2256 1310 ttativitas
2288 1254 2382 1308 ﬁlii
2412 1271 2518 1308 non
2553 1253 2627 1326 (c)
2659 1254 2820 1322 impie
2847 1269 2941 1323 per
2961 1252 3365 1308 similitudinem

1773 1347 2012 1402 creditur
2039 1347 2281 1416 aqualis.
2315 1346 2447 1402 Nam
2468 1346 2725 1417 quidquid
2757 1356 2906 1402 extra
2935 1362 3058 1402 eum
3081 1354 3164 1401 est
3191 1387 3204 1410 ,
3239 1361 3363 1400 cum

1773 1442 2102 1497 contumelia
2134 1442 2182 1496 ei
2227 1440 2505 1497 honoratae
2532 1439 2744 1495 virtutis
2776 1441 3094 1511 :eqnabitur.
3127 1437 3183 1495 Si
3216 1440 3361 1494 enim

1771 1533 1997 1602 aliquid,
2021 1533 2162 1602 quod
2193 1547 2296 1587 non
2326 1548 2395 1588 ex
2422 1533 2540 1602 ipso
2571 1542 2652 1586 est
2674 1574 2689 1595 ,
2721 1533 2945 1601 reperiri
2990 1541 3164 1598 potest
3187 1531 3366 1587 simile

1771 1625 1820 1680 ei
1847 1640 1911 1680 ac
1939 1625 2148 1681 virtutis
2189 1625 2468 1691 ejusdem;
2521 1624 2697 1680 amisit
2744 1625 3080 1695 privilegium
3123 1624 3219 1680 Dei
3266 1625 3366 1679 sub

1771 1722 2048 1774 consortio
2079 1719 2403 1789 comqualis:
2434 1718 2655 1789 jamque
2684 1733 2788 1772 non
2811 1718 2910 1772 erit
2943 1718 3086 1771 Dens
3115 1733 3254 1771 unus
3274 1758 3288 1782 ,
3333 1731 3364 1772 a

117 1815 246 1870 sunt;
273 1821 414 1859 unum
462 1819 598 1862 vero
647 1816 855 1863 natura:
896 1802 1162 1874 professio
1188 1810 1301 1868 est,
1332 1801 1455 1872 quia
1502 1801 1557 1859 in
1598 1816 1661 1857 eo

1771 1828 1878 1885 quo
1904 1812 2212 1869 indifferens
2235 1815 2304 1868 sit
2325 1814 2458 1868 deus
2481 1813 2640 1868 alius.
2669 1816 2736 1869 At
2758 1825 2888 1867 vero
2912 1827 3017 1866 non
3047 1811 3204 1866 habet
3235 1825 3368 1866 con-

114 1895 230 1965 quod
257 1903 333 1952 est
357 1907 588 1966 uterque
612 1911 718 1950 nou
745 1895 998 1959 dillerat;
1027 1909 1203 1951 sumus
1231 1901 1412 1948 autem
1440 1908 1546 1948 non
1571 1908 1664 1963 pa-

114 1988 220 2042 titur
236 1989 500 2046 unionem.
533 1987 599 2043 Et
625 1986 876 2058 ubiquod
905 1985 982 2059 (li)
1013 2002 1171 2042 unum
1190 2000 1366 2042 sumus
1393 1985 1524 2042 uolo
1556 1999 1660 2039 non

109 2090 201 2146 eat,
238 2094 389 2137 unum
413 2094 513 2138 eos
539 2079 707 2138 efﬁcit
725 2093 850 2136 esse
877 2080 1151 2136 oativitas.
1182 2076 1292 2134 lloc
1321 2076 1467 2134 enim
1492 2085 1662 2132 totum

107 2186 235 2232 exeo
261 2181 374 2236 est,
416 2173 567 2242 quod
615 2171 706 2230 Dei
732 2184 791 2228 se
832 2169 1002 2228 ﬁlium
1039 2167 1409 2228 sanctilirutus
1434 2182 1463 2225 a
1505 2166 1665 2226 Patre

111 2263 375 2334 proﬁtetur,
405 2275 460 2321 et
488 2264 754 2336 professio
790 2262 881 2319 Dei
908 2261 1004 2320 ﬁlii
1035 2261 1136 2318 hoc
1157 2259 1301 2333 quod
1328 2258 1442 2332 Ego
1469 2269 1517 2315 et
1546 2257 1658 2314 Pa-

103 2370 322 2422 taunttut
349 2377 529 2418 sumus
555 2360 838 2420 confirmat
867 2379 882 2415 :
911 2363 1037 2431 quia
1066 2360 1320 2416 nativitas
1363 2373 1469 2418 non
1500 2357 1660 2416 aliam

105 2453 271 2519 possit,
300 2453 395 2510 nisi
423 2467 549 2514 eam
579 2467 645 2512 ex
683 2467 788 2522 qua
833 2452 1112 2516 subsistit,
1159 2450 1358 2510 afferre
1389 2463 1658 2509 natur-ant.
1687 2486 1697 2495 .

156 2545 238 2604 26.
264 2544 466 2608 Natura
488 2547 593 2608 Dei
621 2548 675 2604 in
700 2545 840 2604 Filio
865 2546 1114 2608 euincitur
1140 2561 1202 2601 ea:
1225 2546 1399 2616 gestis.
1430 2543 1663 2612 dignari

100 2633 188 2692 Deo
212 2639 366 2709 nequit
391 2639 537 2710 quod
576 2649 720 2697 extra
752 2654 888 2696 eum.
931 2635 1431 2696 "Consummavit
1481 2647 1662 2696 autem

102 2733 236 2788 totius
257 2733 370 2792 fidei
399 2740 609 2793 nostra:
630 2741 1028 2793 sacramentum
1054 2731 1314 2802 unigeniti
1337 2731 1433 2790 Dei
1455 2745 1658 2788 sermo.

100 2820 302 2895 Namque
322 2841 440 2886 cunt
475 2841 797 2896 responsum
825 2826 892 2882 ad
947 2825 1000 2884 id
1047 2826 1234 2886 fuisset
1256 2867 1270 2891 ,
1301 2841 1400 2881 cur
1423 2839 1483 2886 se
1523 2840 1643 2885 cunt

98 2915 230 2972 homo
250 2929 386 2980 esset
423 2918 602 2984 Deum
650 2921 884 2984 laceret;
911 2929 969 2978 ttt
997 2919 1200 2976 dictum
1257 2918 1384 2975 illud
1411 2961 1425 2980 .
1474 2917 1584 2991 Ego
1613 2926 1662 2973 et

99 3007 231 3068 Pater
253 3028 399 3070 unum
437 3028 644 3078 sumus,
675 3012 939 3069 absoluta:
975 3022 1030 3072 et
1077 3011 1328 3081 perfectae
1361 3012 1666 3081 intelligen-

98 3103 168 3158 tite
205 3106 436 3167 ordinem
481 3114 764 3170 sumeret.
800 3106 914 3164 haec
942 3115 1341 3176 consequenter
1384 3105 1655 3174 subjecit:

104 3192 186 3250 l'as
225 3198 416 3262 dicitis,
443 3199 568 3269 quia
615 3197 960 3268 bium/tentan
977 3239 992 3264 ,
1021 3199 1265 3269 quoniam
1304 3197 1413 3254 dia-i
1443 3215 1462 3253 .'
1496 3197 1660 3254 Filius
1687 3191 1733 3264 Ο

93 3283 172 3350 Dei
211 3305 334 3350 sunt.
378 3290 442 3349 Si
487 3307 598 3350 non
642 3290 779 3362 facio
825 3305 982 3359 opera
1018 3287 1224 3357 Patris,
1270 3289 1426 3346 nolite
1459 3290 1661 3350 credere

93 3379 193 3434 mihi
215 3395 233 3434 :
256 3381 296 3438 si
318 3392 488 3436 autem
519 3383 684 3456 facio,
714 3393 761 3443 et
793 3380 918 3438 mihi
940 3397 1044 3442 non
1075 3380 1228 3438 vultis
1254 3381 1461 3436 credere
1484 3422 1500 3449 ,
1541 3397 1660 3451 ope-

90 3472 204 3530 ribtts
223 3477 440 3542 credite;
473 3485 532 3530 ut
559 3475 738 3536 sciatis
765 3484 812 3536 et
840 3476 1158 3548 cognoscatis
1177 3515 1194 3542 ,
1226 3477 1467 3545 quoniam
1501 3473 1658 3534 Pater

89 3565 129 3615 in
157 3583 241 3632 nte,
268 3578 310 3621 st
335 3584 428 3640 ego
453 3571 509 3624 in
532 3584 597 3626 eo
620 3565 799 3640 (Joan.
827 3583 884 3634 ι,
912 3567 1072 3632 56.et
1097 3567 1282 3640 suam).
1309 3566 1535 3629 lnfrettis
1559 3584 1654 3629 att.

87 3654 225 3714 ducite
263 3672 342 3716 est
381 3660 680 3730 desperata
720 3662 832 3729 jam
908 3676 1003 3727 per
1037 3658 1423 3720 conscientiam
1460 3659 1608 3720 salus
1635 3701 1650 3726 .

90 3757 132 3805 ει
173 3760 307 3810 extra
340 3752 611 3821 pudorem
635 3761 720 3810 eat
751 3749 990 3822 professa
1013 3752 1188 3809 omnis
1219 3753 1482 3822 impietas.
1521 3749 1654 3810 Nam

87 3839 147 3911 (bl
169 3845 264 3912 iam
293 3847 411 3916 quis
434 3861 540 3906 nec
557 3845 832 3908 erubescit
855 3844 1117 3912 stultitiae,
1141 3845 1230 3908 ubi
1265 3845 1498 3914 perdidit
1529 3845 1651 3900 reli-

87 3934 262 3999 gionem
289 3956 301 3992 :
327 3941 411 3996 his
438 3940 597 3998 enim
621 3935 1014 4003 contradicere,
1039 3936 1273 3998 amentia
1298 3939 1473 4007 potius
1498 3951 1657 4008 quam

89 4027 314 4096 ignoratio
343 4041 447 4094 est.
479 4032 753 4096 Dominus
784 4031 998 4092 dixerat
1017 4071 1032 4094 ,
1064 4030 1178 4100 Ego
1207 4040 1255 4086 et
1303 4029 1464 4088 Pater
1494 4047 1654 4089 unum

87 4135 228 4184 “mut
251 4142 268 4184 :
288 4128 598 4192 nativitatis
630 4125 732 4184 hoc
752 4138 1154 4186 sacramentum
1185 4134 1305 4192 est,
1333 4134 1390 4182 ut
1418 4125 1582 4188 Pater
1602 4133 1658 4182 et

93 4214 229 4270 Filius
254 4217 301 4273 in
332 4223 546 4276 unitate
586 4229 796 4273 naturae
823 4217 952 4272 sint.
1001 4217 1069 4273 Et
1107 4218 1233 4288 quia
1265 4227 1470 4280 natura:
1518 4233 1656 4287 prse-

89 4315 287 4381 sumptio
313 4322 614 4369 vocaretur
637 4311 691 4367 in
719 4313 925 4370 crimen
945 4351 960 4377 ,
993 4309 1352 4382 prtesutuandi
1389 4311 1530 4365 ratio
1561 4309 1662 4364 do-

86 4411 207 4459 cetur
229 4421 288 4464 ex
317 4421 504 4463 causa.
538 4406 634 4462 Ait
655 4405 802 4462 enim
832 4423 844 4460 :
880 4405 942 4462 Si
978 4421 1080 4460 non
1109 4405 1244 4484 facio
1271 4421 1426 4480 Opera
1456 4402 1654 4473 Patris,

141 4540 206 4615 (l)
233 4544 329 4612 Qui
355 4544 756 4615 prcedestinatus
777 4551 868 4599 est.

137 4613 204 4686 (2)
230 4613 486 4678 Ostendit.

84 4767 225 4838 greco
263 4765 352 4814 τοῦ
381 4757 684 4838 ὃρῳφὲντος
699 4772 715 4823 ;
744 4771 867 4838 cum
907 4756 1059 4828 prius
1084 4755 1354 4838 legeretur
1385 4753 1483 4836 qui.
1513 4767 1649 4838 praf-

85 4829 325 4885 destinatus
356 4825 457 4885 es't.
479 4829 840 4884 corbeiensis
865 4825 1046 4882 autem
1075 4825 1244 4882 codex
1269 4825 1337 4880 ab
1361 4825 1518 4879 annis
1544 4825 1651 4880 sal-

85 4906 166 4951 tem
204 4901 340 4954 mille
387 4910 658 4958 exaratos
687 4901 945 4969 epistolas
981 4899 1133 4954 Pauli
1177 4907 1437 4969 graecam
1484 4896 1650 4951 latine

83 4970 428 5042 complectens,
462 4973 640 5026 latine
681 4967 790 5040 prie
817 4985 876 5026 se
905 4969 1011 5026 fert
1039 4971 1208 5039 {actus
1230 4978 1302 5042 est
1330 4967 1412 5042 ei,
1442 4976 1491 5020 et
1515 4982 1647 5031 prte-

84 5039 358 5107 destiitatus;
389 5057 556 5099 secus
589 5039 767 5112 graece
787 5083 802 5104 ,
833 5050 1017 5112 utpote
1047 5056 1170 5095 cum
1217 5039 1443 5109 vulgatis
1470 5053 1652 5094 exem-

86 5112 284 5184 l‘hrihtls
308 5115 506 5184 μερὶς
538 5117 915 5168 consentiens.

136 5185 200 5253 (tt)
231 5180 423 5242 Vocem
454 5201 631 5240 unum
650 5229 663 5250 ,
695 5200 814 5255 quas
837 5183 890 5240 itt
914 5185 1075 5241 editis
1098 5183 1315 5249 deerat,
1340 5180 1651 5252 supplemus

84 5265 132 5304 ει
156 5271 272 5311 mss,

137 5324 200 5400 (ι)
227 5327 420 5383 Ειοιιςί
445 5368 458 5388 .
479 5327 604 5400 jam
646 5327 894 5400 quisquis.
939 5327 1158 5400 Rectius
1199 5338 1330 5400 mss.
1356 5325 1651 5400 jam_qttis,

85 5394 122 5446 id
144 5394 214 5454 est
231 5437 244 5458 .
259 5400 373 5468 iam
392 5394 618 5470 aliquis.
645 5394 784 5462 Mox,
800 5400 888 5470 tris
913 5399 1049 5453 enim
1075 5394 1444 5460 contradicere,
1472 5395 1524 5450 id
1546 5407 1650 5464 est,

86 5479 180 5519 nam
203 5467 334 5525 aucti
361 5467 758 5524 contradicunt
781 5469 925 5525 fidei.

137 5535 447 5610 (dimenso
495 5541 678 5610 magis
721 5540 1044 5609 placuitnon
1079 5539 1384 5608 improprie,
1413 5536 1556 5610 quod
1596 5545 1653 5595 et

86 5608 397 5681 PostcaLips.
430 5623 486 5666 οι
509 5608 649 5665 Par.
679 5608 974 5681 arripnere,
1009 5610 1404 5681 refragantibus
1435 5609 1562 5664 Batl.
1597 5618 1652 5681 et

86 5691 186 5756 (ass.
214 5679 380 5738 Caute
409 5681 543 5756 hinc
575 5690 635 5735 et
683 5679 818 5756 infra
852 5681 1134 5736 similitudo
1160 5679 1494 5756 'ttrtetiieatttr
1515 5723 1529 5742 ,
1559 5679 1652 5732 ad-

99 5763 230 5823 ﬁcta
255 5753 574 5820 anittaltttue
601 5767 617 5804 :
647 5752 786 5821 quod
809 5769 867 5807 se
891 5769 1106 5819 semper
1127 5751 1446 5823 praestitisse
1473 5761 1655 5823 monet

137 5821 281 5878 larius
321 5823 377 5886 in
391 5823 687 5895 responsis
713 5824 1062 5897 apologeticis
1087 5821 1152 5880 ad
1186 5823 1279 5884 lib.
1304 5823 1375 5880 de
1397 5821 1649 5896 Synodis.

1768 1906 2062 1970 tumeliam,
2093 1904 2438 1975 proprietatis
2471 1903 2548 1974 (ἁ)
2574 1903 2852 1973 aequalitas
2882 1919 2897 1956 :
2925 1903 3046 1971 quia
3075 1915 3231 1956 suum
3259 1911 3361 1968 est,

1767 1997 1912 2068 quod
1940 1998 2023 2052 sui
2055 1997 2230 2052 simile
2255 2007 2332 2051 cst
2358 2013 2372 2060 ;
2398 2007 2448 2050 ct
2474 2009 2540 2051 es
2572 2010 2630 2048 se
2660 2004 2742 2049 est
2768 2036 2783 2061 ,
2817 1993 2958 2063 quod
2987 1992 3087 2047 sibi
3111 1992 3178 2047 ad
3209 1990 3364 2046 sinti-

1769 2089 2051 2146 litudinem
2079 2098 2453 2159 comparatur;
2497 2101 2600 2142 nec
2626 2096 2778 2142 extra
2809 2100 2871 2140 se
2903 2093 3020 2148 est,
3049 2083 3192 2154 quod
3239 2097 3360 2154 qua:

1766 2196 1862 2238 sua
1895 2193 2020 2238 sunt
2045 2190 2227 2252 potest
2253 2199 2265 2234 :
2299 2189 2354 2235 ct
2378 2178 2654 2250 profectus
2680 2177 2954 2248 dignitatis
2973 2186 3050 2232 est
3074 2217 3088 2242 ,
3116 2177 3367 2246 genuisse

1771 2283 2093 2344 potestatem
2114 2315 2128 2338 ,
2160 2287 2259 2331 nec
2287 2273 2554 2330 alienasse
2581 2277 2846 2328 naturam.
2873 2267 3048 2336 Opera
3075 2267 3248 2326 Patris
3280 2268 3363 2325 ol-

1765 2367 1876 2423 licit
1906 2364 2108 2432 Filius;
2141 2373 2193 2422 et
2245 2379 2339 2434 per
2366 2363 2417 2420 id
2447 2363 2594 2421 credi
2635 2377 2696 2418 se
2741 2361 2836 2416 Dei
2887 2362 3054 2417 lilium
3103 2360 3358 2430 postulat.

1766 2459 1882 2516 Non
1912 2468 1997 2515 est
2041 2459 2388 2527 pra'suntptio
2432 2468 2711 2524 arrogans.
2747 2468 2868 2524 qua!
2905 2452 3118 2526 probari
3148 2467 3208 2508 se
3257 2467 3364 2511 non

1766 2552 1868 2610 nisi
1898 2568 1963 2608 ex
1995 2550 2080 2610 his
2110 2565 2230 2621 quae
2263 2559 2410 2619 gerat
2461 2549 2657 2619 poscit.
2705 2545 2912 2604 Gerere
2961 2555 3138 2602 autem
3167 2560 3228 2600 se
3256 2559 3362 2602 non

1765 2660 1860 2702 sua
1883 2685 1899 2710 ,
1928 2644 2023 2700 sed
2055 2658 2175 2713 qum
2202 2642 2376 2702 Patris
2402 2652 2557 2708 sunt,
2587 2650 2848 2706 testatur;
2887 2655 2955 2696 ne
2991 2654 3089 2710 per
3116 2638 3362 2710 msgniﬁ~

1764 2739 1996 2795 centiam
2024 2746 2296 2807 gestorum
2323 2746 2526 2792 naturae
2550 2734 2803 2791 nativitas
2823 2733 3116 2790 auferatur.
3149 2732 3215 2788 Et
3237 2731 3361 2803 quin

1764 2831 1866 2887 sub
1893 2839 2234 2886 sacramento
2264 2827 2525 2898 assutupti
2568 2825 2846 2896 corporis,
2873 2834 2927 2884 et
2960 2825 3066 2880 uati
3101 2839 3166 2879 ex
3199 2823 3362 2880 Maria

1766 2922 2032 2988 hominis,
2087 2921 2179 2980 Dei
2225 2919 2366 2975 filius
2411 2934 2521 2982 non
2562 2915 2982 2987 intelligebatur,
3013 2915 3093 2988 (ὅ)
3123 2914 3194 2986 (e)
3230 2915 3364 2970 ﬁdes

1767 3015 2004 3071 nominis
2048 3015 2325 3072 intimatur
2347 3025 2411 3067 ex
2440 3012 2643 3080 gestis,
2683 3024 2806 3066 cum
2837 3009 2954 3067 ait:
2990 3005 3052 3064 Si
3079 3017 3250 3064 autem
3285 3010 3365 3077 fa-

1765 3109 1862 3172 cio,
1889 3117 1936 3163 et
1966 3105 2091 3164 mihi
2112 3121 2212 3160 non
2237 3104 2390 3158 vultis
2418 3102 2654 3168 credere,
2680 3100 2916 3171 operibus
2947 3099 3135 3160 credite
3161 3096 3362 3169 (ibim,

1765 3199 1886 3265 '58).
1917 3197 2077 3256 Credi
2124 3197 2223 3253 sibi
2258 3197 2487 3265 primum
2518 3192 2659 3264 quod
2693 3191 2787 3248 Dei
2833 3191 2975 3254 illius
3002 3191 3102 3253 sit.
3153 3190 3254 3248 nisi
3287 3204 3351 3250 ex

1762 3290 2018 3360 operibus
2062 3289 2238 3346 Patris
2264 3301 2385 3359 quae
2430 3287 2546 3355 ipse
2575 3283 2742 3344 efﬁcit
2765 3323 2779 3348 ,
2819 3299 2924 3340 non
2961 3282 3090 3340 t-ult.
3131 3281 3287 3350 Quod
3316 3280 3360 3342 si

1763 3384 1893 3440 facit
1922 3399 2108 3454 opera,
2132 3391 2186 3436 et
2218 3397 2312 3451 per
2344 3379 2702 3436 humilitatem
2725 3375 2972 3446 corporis
3010 3375 3114 3429 ﬁde
3145 3374 3358 3445 profes-

1762 3477 1931 3532 sionis
1955 3475 2203 3546 indignus
2222 3480 2334 3538 est,
2366 3485 2590 3540 operum
2619 3470 2782 3530 iidem
2813 3467 3066 3538 postulat.
3091 3467 3198 3522 Cur
3219 3463 3361 3523 enim

1763 3579 2167 3628 sacramentum
2219 3567 2328 3626 uati
2381 3565 2652 3628 hominis,
2710 3560 3120 3632 intelligentiam
3167 3559 3362 3620 divinat!

1767 3664 2064 3721 nativitatis
2095 3661 2380 3733 impediat;
2413 3675 2534 3716 cum
2560 3657 2738 3716 divina
2767 3655 3016 3712 nativitas
3042 3669 3204 3710 omne
3227 3668 3364 3723 opus

1767 3773 1923 3814 suum
1953 3754 2035 3825 (ὁ)
2063 3754 2134 3827 (Ῑ)
2165 3755 2265 3808 suh
2319 3753 2620 3810 ministerio
2649 3749 2910 3819 assutnpli
2941 3747 3177 3805 hominis
3203 3762 3366 3806 exse-

1766 3849 2001 3921 qttatur‘!
2027 3849 2084 3905 Si
2109 3849 2269 3917 igitur
2291 3844 2497 3902 homini
2526 3859 2620 3914 per
2647 3856 2808 3912 opera
2832 3856 2937 3902 non
2959 3839 3198 3899 creditur
3220 3837 3361 3908 quod

1767 3943 1861 3999 Dei
1891 3941 2032 4000 illius
2073 3940 2177 4005 sit;
2209 3937 2465 3996 credatur
2490 3936 2747 4007 Operibus
2783 3933 2925 4005 quod
2958 3932 3052 3996 Dei
3091 3931 3187 3990 ﬁlii
3213 3930 3323 3994 sint
3344 3973 3360 3997 ,

1759 4035 1885 4106 quia
1918 4032 2102 4102 negari
2131 4031 2269 4099 quod
2310 4029 2408 4089 Dei
2439 4029 2546 4086 sint
2577 4043 2684 4084 non
2722 4034 2964 4097 possunt.
3006 4024 3178 4086 Omtte
3211 4023 3358 4084 enim

1760 4125 1814 4181 itt
1854 4140 1914 4180 se
1954 4124 2093 4178 illius
2123 4123 2217 4178 Dei
2253 4122 2412 4176 habet
2455 4119 2746 4183 nascendo,
2782 4117 2858 4190 (g)
2908 4117 3049 4188 quod
3096 4116 3193 4176 Dei
3234 4125 3357 4180 est;

1762 4225 1818 4274 et
1845 4216 2044 4272 idcirco
2075 4230 2211 4284 Opus
2239 4213 2363 4270 Filii
2398 4226 2534 4282 opus
2561 4210 2739 4269 Patris
2776 4220 2898 4279 est,
2938 4208 3060 4277 quia
3109 4209 3359 4270 ttativitas

1763 4325 1863 4365 nec
1891 4318 2044 4365 extra
2077 4316 2321 4361 naturam
2353 4319 2471 4360 eam
2503 4313 2588 4358 est
2616 4318 2682 4358 ex
2707 4318 2810 4374 qua
2841 4302 2925 4374 (lt)
2951 4311 3152 4378 manet,
3182 4310 3237 4356 et
3259 4315 3352 4362 na-

1762 4413 1936 4458 turam
1958 4416 2076 4456 eam
2105 4401 2157 4455 in
2190 4415 2249 4454 se
2276 4397 2438 4453 habet
2465 4396 2610 4453 unde
2640 4395 2908 4453 subsistit.

1851 4540 1909 4606 3)
1942 4537 2098 4596 Fides
2129 4536 2295 4593 nobis.

1851 4540 1909 4606 3)
1942 4540 2098 4596 Fides
2129 4540 2295 4593 nobis.

1677 4597 1732 4660 Ῐ)
1825 4540 1911 4696 ξι)
1944 4609 2054 4667 Sub
2079 4608 2349 4682 mysterio.

1826 4751 1904 4822 (ti)
1938 4751 1993 4807 Id
2017 4760 2120 4823 est,
2154 4750 2434 4823 aequalitas
2450 4750 2550 4823 rei,
2583 4765 2704 4823 quat
2729 4763 2834 4805 non
2864 4745 3037 4803 aliena
3061 4754 3152 4801 aut
3176 4753 3356 4801 extrav

1754 4838 1855 4880 nea
1883 4833 1986 4883 est,
2029 4822 2123 4879 sed
2159 4821 2261 4877 sit'ti
2294 4822 2531 4892 propria.

1827 4895 1897 4964 (ε)
1944 4895 2146 4949 Ontnes
2187 4887 2358 4949 ferme
2396 4887 2539 4955 liltrl,
2590 4891 2719 4960 ﬁdes
2761 4891 2925 4964 nobis.
2959 4888 3126 4964 Magis
3159 4887 3356 4964 placuit

1755 4959 2107 5033 cttm'0ptimo
2128 4965 2314 5020 codice
2333 4964 2490 5019 Colb.
2519 4959 2729 5018 necnon
2752 4961 2934 5033 Germ.
2961 4959 3090 5029 ﬁdes
3111 4960 3354 5033 nominis.

1758 5030 1951 5092 Suum'
1972 5037 2172 5105 quippe
2201 5050 2398 5090 nomen
2431 5033 2728 5104 praedicans
2771 5031 3016 5105 Christus
3037 5030 3350 5105 addicens,

1761 5108 1932 5164 Filius
1966 5100 2080 5161 Dei.
2109 5100 2245 5168 sunt,
2280 5105 2371 5161 ubi
2431 5100 2535 5158 non
2587 5115 2671 5159 cst
2721 5100 2984 5168 creditus,
3015 5101 3146 5157 dicti
3195 5100 3352 5156 fidem

1759 5183 1938 5235 facere
1967 5186 2194 5232 conatus
2225 5187 2308 5230 est
2333 5192 2395 5231 es
2425 5174 2610 5244 gestis.

1832 5249 1899 5320 (Ῑ)
1944 5247 2260 5320 Ειιὶιὶμειώ-
2309 5246 2590 5318 mysterio;
2629 5252 2686 5299 et
2715 5260 2838 5300 mox
2890 5253 3208 5314 exagitetur,
3254 5257 3353 5316 pro

1758 5317 2084 5390 exsequatur.
2117 5317 2459 5388 Castigantur
2477 5331 2588 5390 ope
2610 5331 2740 5371 mss.

1831 5386 1912 5466 (gi)
1939 5391 2128 5466 lotus.
2162 5386 2320 5445 (Larti.
2352 5387 2487 5466 quod
2542 5400 2678 5442 mus
2703 5398 2817 5466 est;
2852 5402 3046 5442 sensus
3078 5386 3243 5466 idem.

1940 5409 1997 5447 In
2029 5409 2128 5444 IIII.
2162 5409 2320 5445 ιλιι-ιι.
2352 5409 2487 5459 quoa
2542 5409 2678 5442 usus
2703 5409 2775 5443 est
2799 5409 2817 5443 .'
2852 5409 3046 5442 SPIIIIIS
3080 5409 3243 5442 "18'".

1831 5469 1846 5535 (
1891 5463 1910 5534 )
1946 5463 2102 5535 Editi.
2133 5469 2305 5535 incinat
2334 5462 2581 5535 :_altsque
2606 5457 2927 5513 auctoritate
2957 5473 3085 5513 mss.
3117 5458 3351 5514 Verbum

1758 5532 1964 5590 manere
1991 5533 2192 5587 llilario
2232 5532 2493 5586 familiare
2522 5540 2602 5584 est
2631 5544 2726 5598 pro
2757 5539 2977 5592 exstare,
2995 5540 3052 5582 ttt
3091 5540 3236 5598 patot
3278 5545 3348 5585 el

1760 5607 1853 5662 lib.
1889 5621 1960 5668 tv,
1991 5622 2045 5663 η.
2077 5603 2110 5658 6
2163 5614 2217 5659 et
2252 5603 2334 5659 l6:
2365 5603 2456 5656 lib.
2491 5618 2561 5659 νι,
2597 5617 2652 5655 ιι.
2687 5601 2774 5665 15,
2819 5617 3026 5656 necnon
3057 5617 3120 5656 ex
3155 5602 3250 5660 lib.
3283 5601 3352 5658 de

1759 5676 1965 5751 Synod.
1994 5693 2047 5751 tt.
2083 5677 2153 5730 55
2174 5675 2353 5751 etii.
2391 5675 2471 5751 Eo
2499 5683 2676 5751 autem
2704 5671 2958 5751 frequens
2982 5673 3240 5751 utitt_t_r_ad
3272 5673 3349 5751 si-

1757 5743 2113 5820 gniﬁcandam
2174 5746 2291 5820 Filii
2367 5747 2700 5820 nativitatem
2747 5746 3027 5820 ittitii_aut
3069 5743 3348 5802 divisimtis

1756 5814 2055 5896 cxpertcm.
2089 5819 2178 5877 Sic
2197 5817 2355 5888 inira,
2377 5834 2502 5876 num
2525 5818 2613 5873 5i:
2638 5814 2780 5878 Deus
2799 5833 2862 5876 ea:
2887 5815 2993 5879 Deo
3010 5833 3218 5887 manens
3244 5829 3348 5885 non
