3930 6194
562 310 665 368 2:3

1747 311 1987 369 SANCTI
2033 311 2286 368 [IILARII
2334 309 2639 369 EPISCOPI

3753 317 3854 373 2‘24

633 427 726 484 27.
757 426 805 483 F
805 429 924 485 ilius
947 428 999 483 in
1019 427 1194 494 Patre,
1220 437 1268 483 et
1305 428 1545 484 uicissim.
1577 428 1845 500 Quidquid
1863 430 1919 483 in
1944 427 2050 483 Deo
2063 436 2159 493 est,
2189 433 2238 492 Α
2336 426 2428 483 28.
2454 426 2558 495 Qui
2577 429 2631 483 in
2658 425 2818 482 Patre
2834 428 2921 483 sit.
2954 426 3210 483 [laniante
3229 427 3509 483 natiuitatis
3529 430 3854 503 comparatio.

566 537 726 577 unum
745 532 838 575 est.
867 518 1039 576 Filius
1068 520 1171 575 vita
1215 520 1279 575 de
1305 526 1427 581 vita.
1456 521 1681 592 adeoque
1700 537 1800 576 non
1829 520 2169 577 “nihilo.—

568 612 796 669 Faciens
835 611 994 683 igitur
1036 627 1205 681 Opera
1246 613 1460 679 Patris,
1488 621 1545 670 et
1580 614 1860 681 postulans
1889 624 1944 668 ut
1977 613 2022 668 si
2066 613 2167 668 sibi

567 719 677 760 non
707 702 1041 769 crederetur,
1077 704 1162 759 vel
1199 705 1456 774 operibus
1490 706 1650 779 198
1680 706 1808 774 ipsis
1834 706 2164 771 crederetur,

566 794 943 851 demonstrare
981 795 1166 851 debuit
1192 797 1318 867 qttid
1349 806 1494 853 esset
1522 798 1777 867 nperihus
1813 797 2166 865 credendum,

566 906 762 961 nempe
805 890 949 961 quod
978 893 1255 963 sequitur:
1293 892 1354 947 Si
1401 902 1575 947 autem
1620 892 1779 965 facio,
1811 902 1859 946 et
1902 891 2028 946 mihi
2067 909 2167 946 non

506 1058 515 1063 1
565 983 721 1039 vultis
746 982 971 1048 credere,
1004 985 1239 1055 cperibus
1267 984 1487 1049 credite;
1519 994 1575 1039 ut
1603 985 1794 1049 sciatis,
1825 993 1874 1039 et
1891 999 2169 1056 cognosca-

568 1077 656 1143 tis,
687 1078 929 1148 quoniam
967 1076 1124 1133 Pater
1162 1078 1215 1132 in
1252 1095 1351 1142 me,
1371 1088 1421 1133 et
1448 1095 1540 1149 ego
1573 1079 1628 1132 in
1671 1095 1728 1132 eo
1756 1074 1939 1149 (Joan.
1968 1093 2023 1142 ις,
2049 1076 2162 1147 58).

571 1169 682 1226 Hoc
703 1179 789 1226 est
817 1171 972 1236 illttd,
992 1170 1087 1225 Dei
1098 1171 1239 1242 filius
1265 1187 1418 1234 sum;
1442 1172 1543 1227 hoc
1561 1180 1645 1227 est
1674 1170 1823 1233 illud,
1854 1170 1963 1241 Ego
1981 1179 2031 1224 et
2057 1167 2166 1222 Pa-

569 1272 647 1317 ter
673 1278 832 1317 unum
856 1279 1056 1319 sumus.
1099 1263 1224 1319 Hmc
1252 1275 1335 1320 est
1359 1265 1667 1319 nativitatis
1694 1273 1884 1319 natura
1911 1282 1926 1320 :
1961 1265 2061 1318 hoc
2085 1279 2170 1318 sa-

569 1353 761 1409 lutaris
790 1354 914 1410 ﬁdei
946 1366 1365 1423 sacramentum,
1401 1371 1506 1412 ιιοιι
1542 1357 1783 1412 dividere
1827 1356 1970 1428 quod
2004 1372 2168 1412 unum

567 1457 716 1514 sum,
755 1448 829 1519 (a)
859 1461 959 1503 nec
1004 1447 1273 1503 natisitati
1316 1448 1558 1505 adimere
1597 1460 1868 1517 naturam,
1901 1458 1956 1504 et
1995 1464 2061 1504 ex
2091 1450 2172 1504 vi-

568 1551 731 1595 vente
759 1539 870 1595 Deo
904 1539 1133 1597 viventis
1161 1541 1255 1596 Dei
1283 1542 1563 1597 veritatem
1586 1540 1853 1597 conﬁteri.
1883 1540 2001 1597 Non
2023 1543 2167 1597 enim

568 1648 637 1689 ex
683 1634 1003 1705 compositis
1029 1633 1108 1707 (l)
1138 1633 1213 1707 (b)
1258 1643 1418 1705 atque
1460 1636 1712 1692 inanimis
1746 1636 1907 1701 Deus,
1941 1637 2027 1706 qui
2059 1637 2167 1691 vita

569 1733 673 1791 est,
721 1723 1003 1780 subsistit:
1035 1740 1210 1795 neque
1253 1726 1343 1797 qui
1384 1725 1552 1781 virtus
1591 1736 1696 1793 est,
1736 1742 1801 1783 ex
1863 1726 2169 1784 inlirmibus

569 1819 880 1874 continetur
923 1836 937 1875 :

571 1920 786 1983 ptatur:
813 1926 990 1983 neque
1014 1912 1108 1984 qui
1138 1913 1359 1982 spiritus
1388 1922 1491 1977 est,
1525 1929 1591 1969 ex
1628 1912 1936 1984 disparibus
1966 1915 2170 1968 forma-

571 2004 695 2060 bilis
726 2012 830 2061 est.
862 2005 1055 2061 'l‘otum
1104 2006 1157 2062 in
1203 2020 1271 2061 eo
1298 2006 1441 2077 quod
1472 2016 1574 2071 est,
1603 2021 1765 2062 unum
1794 2016 1916 2062 est:
1946 2013 2004 2061 ut
2028 2006 2171 2077 quod

568 2098 791 2169 spiritus
829 2106 932 2162 est,
961 2106 1017 2154 et
1045 2097 1131 2153 lux
1162 2108 1217 2154 et
1256 2098 1424 2155 virtus
1446 2108 1502 2154 et
1524 2100 1627 2154 vita
1669 2101 1772 2167 sit;
1800 2109 1855 2156 et
1891 2098 2034 2171 quod
2064 2100 2171 2156 vita

568 2205 675 2261 est.
707 2205 763 2252 et
809 2196 903 2252 lux
949 2207 1004 2253 et
1051 2196 1223 2253 virtus
1270 2208 1326 2254 et
1362 2197 1582 2269 spiritus
1638 2199 1728 2253 sit.
1777 2196 1910 2253 Nam
1952 2197 2046 2268 qui
2073 2198 2169 2263 ait,

571 2293 688 2369 Ego
709 2311 843 2360 sunt,
877 2304 924 2351 et
968 2312 1070 2351 non
1104 2295 1340 2351 demutor
1363 2292 1587 2368 (Malae.
1621 2310 1702 2361 ιιι,
1726 2294 1783 2365 6)
1813 2312 1825 2349 :
1851 2308 1958 2350 non
1985 2290 2175 2347 demu-

574 2397 717 2444 tatur
760 2403 826 2444 ex
875 2387 1139 2460 partibus.
1173 2403 1274 2444 nec
1312 2388 1370 2443 ﬁt
1406 2387 1653 2444 diversus
1687 2404 1751 2444 ex
1796 2402 2020 2457 genere.
2040 2385 2173 2441 ﬂare

573 2479 743 2547 enim,
770 2496 892 2547 qua!
930 2481 1179 2551 superius
1198 2481 1494 2553 signiﬁcata
1525 2491 1675 2549 sunt,
1698 2497 1805 2538 non
1828 2497 1895 2538 ex
1932 2482 2174 2553 partibus

573 2571 630 2627 in
659 2585 728 2627 eo
747 2582 873 2627 sunt
897 2589 912 2638 ;
935 2573 1036 2630 sed
1062 2584 1230 2630 totum
1260 2574 1361 2631 hoc
1401 2574 1454 2630 in
1482 2590 1550 2630 eo
1576 2591 1743 2630 unum
1771 2583 1827 2630 et
1850 2574 2168 2645 perfectum,

573 2668 757 2722 omnia
793 2667 933 2724 Deus
959 2669 1146 2725 vivens
1171 2679 1276 2726 est.
1297 2670 1494 2725 Vivens
1515 2669 1677 2741 igitur
1699 2670 1866 2737 Deus,
1892 2679 1945 2723 et
1970 2677 2173 2725 aeterna

573 2769 781 2815 natura:
805 2761 1038 2817 viventis
1063 2771 1302 2832 potestas
1329 2772 1445 2817 est:
1478 2770 1533 2816 et
1552 2761 1694 2831 quod
1719 2776 1840 2815 cum
1864 2775 2173 2816 sacramen-

575 2862 630 2907 to
651 2851 893 2908 scientim
925 2868 1041 2909 sua:
1065 2869 1131 2909 ex
1159 2868 1225 2908 eo
1265 2853 1523 2916 nascitur,
1552 2864 1657 2905 non
1698 2852 1871 2921 potuit
1916 2850 2058 2905 aliud
2082 2865 2177 2904 na-

573 2955 685 3001 tum
717 2961 839 3002 esse
867 2961 1027 3017 quam
1058 2946 1267 3000 vivens.
1291 2943 1424 2999 Nam
1470 2959 1592 2999 cum
1618 2945 1714 3009 ait,
1745 2944 1895 3000 Sicut
1922 2946 2062 2998 misit
2097 2962 2177 3000 me

570 3039 741 3094 vivens
768 3038 946 3104 Pater,
975 3045 1023 3091 et
1043 3053 1136 3107 ego
1158 3037 1269 3092 sivo
1291 3035 1362 3111 (ε)
1388 3054 1477 3107 per
1492 3035 1701 3093 Patrem
1737 3036 1915 3109 (Jaan.
1946 3052 2021 3100 Vl,
2039 3036 2132 3108 58)
2157 3054 2171 3102 ;

575 3131 763 3186 docuit
790 3130 952 3184 vitam
986 3130 1041 3184 in
1063 3145 1121 3183 se
1151 3144 1248 3199 per
1270 3130 1539 3183 viventem
1592 3128 1804 3183 Patrem
1833 3127 2033 3184 inesse.
2076 3128 2177 3185 De-

2275 517 2575 575 Nativitatis
2623 520 2890 590 utriusque
2932 520 3228 574 discrimen.
3255 549 3327 561 —
3365 519 3721 576 Admonuisse
3761 536 3854 576 nos

2273 612 2325 668 in
2354 613 2577 669 exordio
2600 613 2867 668 sermonis
2889 611 3026 687 (Lib.
3049 630 3086 678 ι,
3109 613 3240 670 n.l9
3260 629 3275 678 ;
3298 613 3389 667 lib.
3417 628 3494 676 tv,
3522 630 3572 667 ιι.
3599 613 3665 681 2;
3697 623 3745 669 et
3764 613 3853 668 lib.

2272 723 2346 773 vt,
2380 725 2434 763 n.
2458 706 2514 779 9)
2546 707 2705 780 199
2744 709 2910 763 nostri
2958 706 3324 773 meminimus,
3353 706 3615 762 humanas
3641 721 3858 775 compa-

2273 800 2511 855 rationes
2558 800 2757 854 divinis
2801 814 2907 854 non
2959 800 3270 857 satisfacere
3330 801 3631 869 exemplis;
3679 817 3853 857 tamen

2278 910 2375 965 pro
2393 902 2540 963 parte
2565 893 2937 965 intelligentia:
2965 904 3163 950 nostra:
3194 910 3417 949 sensum
3452 893 3639 949 formis
3668 910 3860 965 corpo—

2272 988 2472 1044 ralibus
2521 988 2746 1044 erudiri.
2816 989 3073 1043 Humana:
3128 989 3426 1045 nativitatis
3481 990 3859 1044 consrienliam

2272 1081 2522 1147 cumulo,
2555 1093 2733 1136 utrum
2786 1098 2892 1137 non
2920 1082 3058 1137 intra
3088 1091 3265 1150 patres
3304 1090 3520 1136 maneat
3554 1082 3705 1150 origo
3748 1095 3863 1136 nas-

2272 1175 2529 1230 centium.
2558 1175 2688 1230 Nam
2724 1175 2939 1230 tametsi
2963 1176 3229 1231 elementa
3262 1177 3351 1230 illa
3383 1177 3620 1231 inanima
3649 1189 3716 1231 ac
3753 1184 3858 1231 tur-

2275 1266 2381 1336 pia,
2411 1267 2608 1336 quibus
2645 1268 2896 1324 nascendi
2928 1284 3106 1323 causae
3129 1269 3479 1333 inchoantur,
3502 1268 3556 1322 in
3589 1267 3861 1324 hominem

2276 1359 2505 1413 alterum
2529 1359 2774 1424 efﬂuant,
2802 1371 3005 1416 natura:
3029 1370 3207 1417 tamen
3235 1363 3433 1415 virtute
3470 1361 3606 1414 intra
3646 1375 3705 1416 se
3727 1360 3859 1415 invi.

2273 1464 2390 1504 cem
2420 1462 2640 1506 manent
2664 1470 2677 1505 :
2703 1453 2828 1537 dum
2852 1460 2907 1506 et
2937 1467 3032 1523 per
3055 1451 3134 1524 (3)
3174 1454 3255 1523 (e)
3286 1452 3469 1506 datam
3499 1461 3709 1507 natura:
3728 1454 3867 1518 eius.

2273 1541 2400 1598 dem
2428 1541 2717 1615 originem,
2744 1555 3055 1601 nascentem
3093 1546 3339 1615 sequitur
3359 1546 3449 1600 ille
3479 1544 3574 1614 qni
3598 1546 3795 1616 gignit;
3817 1555 3865 1601 et

2277 1652 2375 1709 per
2394 1651 2670 1711 acceptam
2696 1639 3055 1705 nativitatem,
3079 1639 3233 1710 cujus
3256 1639 3426 1694 virtus
3443 1641 3547 1694 etsi
3571 1639 3864 1705 derivetur,

2277 1748 2384 1788 non
2417 1745 2597 1788 tamen
2632 1732 2712 1805 (4)
2747 1732 2818 1806 (Ῑ)
2848 1733 3106 1797 aufertur,
3139 1734 3190 1786 in
3213 1733 3470 1803 gignente
3488 1747 3549 1786 se
3578 1742 3763 1788 manet
3787 1734 3868 1788 ille

991 1834 1167 1890 neque
1219 1822 1308 1891 qui
1363 1820 1450 1877 lux
1500 1828 1585 1877 est
1636 1836 1702 1876 ex
1753 1820 1997 1876 obscuris
2045 1836 2169 1877 coa-
2201 1831 2249 1893 Β
2276 1827 2369 1896 qui
2393 1826 2652 1882 nascitur.
2684 1826 2751 1880 Et
2776 1828 2878 1883 hoc
2905 1827 3119 1898 quidem
3138 1835 3341 1882 tantum
3375 1826 3442 1881 ad
3468 1827 3718 1881 humanm
3739 1826 3871 1880 nati—

2277 1918 2460 1973 vitatis
2484 1917 2893 1988 intelligentiam
2912 1928 3398 1974 commemnratum
3417 1932 3445 1972 a
3472 1919 3631 1973 nobis
3652 1917 3746 1982 sit,
3772 1933 3869 1974 non

2279 2012 2439 2065 etiam
2462 2010 2528 2066 ad
2552 2011 2852 2082 pet-feetum
2878 2012 2930 2067 in
2955 2012 3229 2083 unigenito
3245 2011 3358 2067 Deo
3375 2010 3677 2066 nativitatis
3700 2026 3871 2066 exem-

2276 2103 2422 2175 plum
2446 2122 2458 2158 :
2483 2105 2605 2176 quia
2639 2113 2847 2160 natura:
2872 2103 3121 2159 humana:
3160 2102 3447 2160 inﬁrmitas
3475 2119 3541 2161 ex
3571 2103 3867 2175 disparibus

2274 2208 2642 2266 comparatur,
2668 2207 2723 2253 et
2749 2212 2818 2253 ex
2845 2197 3099 2253 inanimis
3128 2198 3437 2252 continetur
3462 2195 3531 2251 ad
3556 2195 3748 2251 vitam.
3771 2196 3869 2251 Nec

2274 2293 2456 2347 statim
2480 2292 2532 2347 in
2564 2308 2626 2348 ea
2660 2291 2804 2361 quod
2827 2292 3065 2363 gignitur
3088 2291 3240 2357 vivit,
3266 2304 3440 2361 neque
3463 2297 3636 2345 totum
3667 2288 3797 2344 vivit
3815 2304 3870 2345 ex

2276 2385 2419 2451 vita;
2450 2399 2572 2441 cum
2610 2386 2662 2440 in
2698 2400 2761 2442 ea
2805 2385 2975 2440 multa
3022 2384 3150 2445 sint.
3180 2398 3301 2453 quas
3347 2383 3466 2437 sine
3514 2391 3727 2437 natura:
3753 2396 3858 2437 sua:

2275 2492 2458 2543 sensu,
2508 2492 2630 2534 eum
2681 2477 3054 2543 excreverint,
3100 2476 3445 2532 desecentur.
3508 2473 3563 2529 In
3622 2474 3873 2530 Deovero

2279 2584 2449 2630 totum
2476 2573 2620 2645 quod
2651 2586 2735 2629 est
2776 2574 2931 2628 vivit.
2970 2574 3113 2630 Deus
3140 2572 3284 2627 enim
3320 2573 3429 2627 vita
3450 2580 3570 2626 est:
3601 2580 3661 2628 et
3679 2587 3747 2627 ex
3777 2571 3872 2626 vita

2277 2682 2384 2723 non
2415 2675 2593 2737 potest
2628 2665 2706 2739 (g)
2748 2666 3038 2737 quidquam
3073 2679 3196 2719 esse
3224 2664 3327 2720 nisi
3357 2663 3564 2719 vivum.
3599 2662 3788 2735 Neque
3812 2678 3873 2718 ex

2276 2760 2631 2823 derivatione,
2658 2759 2754 2815 sed
2777 2774 2842 2815 ex
2868 2759 3066 2815 virtute
3097 2757 3351 2813 nativitas
3387 2766 3489 2812 est.
3526 2759 3606 2813 Ac
3634 2757 3717 2812 sic
3753 2756 3870 2811 dum

2280 2863 2450 2908 letum
2482 2853 2623 2924 quod
2650 2861 2733 2907 est
2757 2853 2907 2919 vivit,
2929 2859 2985 2907 et
3009 2850 3136 2905 dttm
3170 2859 3364 2917 totum,
3394 2849 3537 2921 quod
3564 2864 3633 2906 ex
3665 2865 3735 2905 eo
3756 2864 3871 2903 nas-

2277 2947 2443 3012 citur,
2463 2945 2639 3001 virtns
2663 2953 2780 3010 est;
2809 2944 2972 2999 habet
2988 2944 3351 3011 nativitatem,
3380 2958 3488 2998 non
3510 2942 3677 2999 habet
3696 2943 3873 2998 demu-

2280 3041 2535 3095 tationem
2561 3056 2576 3105 ;
2596 3039 2900 3108 etimpertit
2920 3037 3240 3108 profectum,
3264 3050 3363 3091 nec
3383 3035 3592 3090 amittit
3606 3045 3872 3091 naturam:

2278 3131 2405 3188 dum
2437 3141 2489 3187 et
2519 3131 2852 3186 nativitatem
2880 3144 3040 3201 quam
3066 3129 3219 3186 dedit
3259 3145 3356 3200 per
3387 3127 3699 3185 indiscreta:
3733 3138 3875 3183 natu-

575 3222 701 3278 binc
726 3236 848 3276 cum
880 3221 1033 3287 dicit,
1063 3219 1209 3276 Sicut
1239 3221 1376 3275 enim
1402 3219 1560 3274 Pater
1583 3219 1732 3274 habet
1753 3220 1972 3274 vitamin
1988 3231 2174 3274 semet-
2199 3233 2243 3297 ρ
2278 3240 2351 3281 ra:
2402 3225 2810 3280 similitudinem
2855 3225 3122 3295 sequitur,
3161 3233 3217 3279 et
3268 3224 3523 3279 nativitas
3570 3237 3719 3289 eam,
3762 3238 3872 3294 qua:

573 3315 711 3383 ipso,
762 3314 837 3368 sic
883 3322 929 3367 et
966 3309 1106 3366 Filio
1171 3312 1311 3367 dedit
1356 3312 1511 3366 vitam
1563 3310 1749 3367 habere
1794 3312 1849 3366 in
1900 3312 2175 3381 semetipso

575 3405 757 3481 (Idan.
785 3422 838 3471 v,
865 3406 989 3479 26);
1014 3406 1193 3461 omnia
1224 3406 1343 3460 viva
1365 3419 1460 3459 sua
1484 3420 1549 3460 ex
1580 3406 1794 3461 vivente
1819 3414 2045 3461 testatus
2069 3413 2174 3460 cst.

575 3501 732 3570 Quod
752 3514 933 3557 autem
951 3515 1019 3556 ex
1043 3501 1166 3557 vivo
1187 3501 1366 3553 vivum
1399 3507 1583 3553 natum
1604 3508 1708 3564 est,
1739 3497 1902 3555 habet
1925 3486 2176 3553 nativita-

576 3598 648 3651 tis
672 3594 970 3667 profectum
1027 3594 1147 3649 sine
1208 3592 1447 3648 novitate
1491 3603 1718 3647 natura.
1753 3590 1868 3647 Non
1911 3592 2055 3649 enim
2088 3607 2179 3646 no-

576 3703 703 3743 vum
730 3698 834 3753 est,
859 3687 1003 3759 quod
1029 3702 1095 3742 ex
1123 3686 1246 3741 vivo
1273 3693 1562 3758 generatur
1585 3684 1639 3740 in
1669 3682 1849 3738 vivum
1875 3700 1890 3751 ;
1919 3685 2042 3755 quia
2075 3701 2175 3743 nec

575 3795 641 3836 ex
664 3779 833 3834 nihilo
852 3777 916 3833 ad
941 3778 1272 3833 nativitatem
1293 3776 1401 3831 vita
1422 3776 1649 3846 quaesita
1670 3785 1784 3842 est,
1817 3786 1872 3832 et
1892 3776 2022 3843 vita,
2054 3794 2173 3847 qua:

577 3872 916 3928 nativitatem
930 3870 1094 3925 sumit
1122 3885 1187 3925 ex
1216 3871 1346 3935 vita,
1361 3883 1586 3925 necesse
1611 3877 1695 3924 est
1716 3882 1811 3939 per
1825 3880 2030 3924 natura:
2050 3870 2173 3925 uni-

577 3973 764 4031 tatem,
801 3973 855 4021 et
897 3961 1148 4035 perfecta:
1183 3972 1342 4032 atque
1364 3962 1736 4018 inenarranda:
1763 3962 2054 4020 nativitatis
2083 3980 2172 4018 sa-

575 4067 935 4124 cramentum,
976 4064 1038 4112 ut
1077 4057 1209 4112 etin
1238 4055 1457 4133 vivente
1506 4056 1667 4123 vivat,
1718 4064 1775 4112 et
1820 4056 1873 4111 in
1893 4070 1954 4112 se
1979 4057 2175 4115 habeat

573 4148 655 4223 (2)
688 4150 765 4219 (ἀ)
793 4151 953 4205 vitam
982 4150 1271 4206 viventem.

763 4243 942 4316 Neque
958 4243 1221 4299 inanimis.

671 4314 729 4371 2)
769 4314 883 4371 Vita
912 4316 1176 4370 viventem.

675 4245 699 4300 l
763 4244 942 4316 Neque
958 4244 1221 4299 inanimis.

673 4315 706 4369 Ξ
769 4314 883 4371 Vita
912 4316 1176 4370 viventem.

673 4244 731 4459 3i
763 4385 949 4441 Datant
975 4404 1006 4441 a
1033 4402 1087 4441 se
1111 4396 1328 4442 natura.

575 4488 649 4535 est
674 4480 918 4546 aliunde;
940 4488 991 4534 et
1021 4495 1168 4535 num.
1200 4477 1272 4535 5'5
1309 4478 1402 4534 lib.
1435 4493 1550 4542 vm,
1587 4476 1822 4532 Christus
1844 4492 1946 4531 non
1977 4476 2041 4532 de
2069 4493 2172 4531 non

574 4549 921 4606 substantibus
956 4561 1145 4605 manet.
1181 4551 1246 4605 Et
1283 4548 1378 4605 lib.
1424 4564 1500 4608 vr.
1548 4564 1698 4603 num.
1734 4547 1822 4612 l9,
1851 4563 2001 4617 quem
2027 4550 2080 4602 in
2125 4559 2173 4603 te

575 4603 916 4677 attinent—iacui
938 4632 986 4676 te
1012 4603 1316 4677 nativitatis
1330 4603 1520 4675 natura
1548 4603 1787 4675 retineret
1844 4603 1899 4674 et
1920 4636 2046 4674 num
2074 4619 2166 4679 55.
2197 4603 2252 4664 Ῑ)

578 4692 703 4748 Non
724 4703 780 4747 ut
801 4710 912 4749 esse
952 4694 1100 4766 coepit
1126 4692 1397 4766 exui/tito,
1427 4692 1516 4746 sed
1555 4691 1680 4745 exiit
1711 4708 1745 4744 a
1787 4700 2037 4766 manente.
2066 4691 2170 4747 Dc-

577 4781 722 4821 tnum
753 4767 804 4821 in
825 4761 1055 4821 sinceris
1080 4763 1480 4833 exemplaribus
1504 4777 1765 4833 nusquam
1794 4761 2033 4831 reperias
2058 4778 2169 4816 ma-

577 4852 722 4897 nare.
747 4838 886 4907 quod
911 4837 977 4890 ad
1009 4848 1264 4893 ωιθιιιςιιιι
1294 4833 1415 4907 Filii
1451 4834 1853 4907 generationem
1883 4834 2165 4907 referatur.

647 4906 727 4980 (a)
753 4905 913 4977 Editi,
940 4924 1031 4965 nec
1058 4907 1357 4964 nativitatis.
1382 4905 1606 4961 Rectius
1631 4918 1763 4960 mss.
1784 4919 1876 4960 nec
1895 4905 2169 4972 natiuitati,

578 4977 682 5034 hoc
707 4977 813 5043 est,
844 4996 944 5037 nec
972 4990 1118 5036 nato.

651 5049 728 5123 (b)
756 5051 913 5106 Mart.
943 5068 1044 5108 ms.
1078 5063 1135 5107 ιιι
1182 5048 1319 5123 infra
1359 5050 1521 5106 habet
1548 5048 1745 5123 inertia,
1770 5061 1884 5123 pro-
1906 5046 2168 5123 inanima,

575 5115 732 5177 ita'e't
754 5123 841 5178 hic
866 5136 988 5179 cum
1032 5125 1218 5180 codice
1247 5121 1364 5179 Vat.
1399 5123 1514 5177 bas.
1547 5130 1697 5187 atque
1720 5115 1980 5173 inanibus.
2002 5115 2168 5173 Corb.

577 5206 608 5245 a
640 5193 807 5264 prima
840 5211 1023 5261 mann,
1055 5212 1214 5266 neque
1242 5193 1577 5266 exinanibns.
1603 5190 1814 5266 Deinde
1841 5191 1893 5266 in
1920 5188 2171 5266 omrﬁbus

575 5260 753 5319 exstat
776 5260 1084 5336 inﬁt-mitras,
1115 5260 1203 5323 tibi
1247 5267 1299 5320 in
1326 5265 1558 5334 vulgatis
1594 5262 1982 5336 inﬁrmioribus.
2030 5260 2168 5336 'l‘um

578 5336 744 5391 verbo
774 5331 1079 5399 continetur,
1116 5354 1211 5405 pro
1239 5331 1459 5402 constai,
1494 5331 1707 5405 videtur
1738 5348 1869 5388 usus
1895 5331 2165 5387 Hilarius:

579 5421 647 5460 ne
677 5408 748 5463 ita
778 5424 844 5462 ex
876 5409 1030 5465 Patre
1079 5404 1344 5481 prodiis~e
1374 5407 1542 5462 Filius
1586 5404 1945 5481 existimauit,
1975 5413 2169 5481 ut_non

577 5493 797 5549 semper
820 5481 955 5533 intra
980 5474 1152 5548 ipsum
1174 5481 1515 5536 contineatur
1526 5492 1590 5532 ac
1611 5487 1847 5549 maneat.
1868 5474 1959 5529 Sic
1973 5474 2173 5544 quippe

582 5548 675 5621 lib.
701 5546 779 5617 'u,
829 5568 884 5607 ιι.
928 5546 1016 5620 l9,
1062 5552 1276 5608 Patrem
1323 5552 1604 5621 alloquens
1633 5546 1918 5603 ceiilitetur
1961 5558 2168 5612 natum,

578 5620 635 5676 in
658 5639 758 5692 quo
788 5632 835 5676 te
862 5626 1199 5693 generationis
1235 5641 1300 5679 ea:
1337 5633 1382 5676 te
1406 5620 1588 5677 veritas
1621 5622 1918 5693 contineret,
1954 5625 2003 5672 et
2023 5633 2173 5684 quem

579 5694 702 5749 inte
731 5692 979 5748 manentis
999 5713 1062 5751 ex
1080 5708 1129 5750 te
1153 5696 1433 5749 nativitatis
1462 5704 1648 5748 natura
1673 5692 1926 5747 retineret.

586 5810 607 5823 .,
653 5762 1042 5837 (σλιῑιιιιιςιιια
1069 5775 1277 5837 propter
1322 5765 1560 5837 Patrem,
1579 5762 1673 5819 sed
1722 5761 1817 5829 lib.
1847 5777 1970 5824 vm,
1988 5761 2171 5837 p.16,

580 5828 671 5908 per
704 5828 963 5893 Patrem:
1017 5828 1177 5906 quam"
1218 5828 1501 5893 lectionem
1536 5828 1867 5892 constanter
1916 5828 2174 5889 exhibent

2279 3319 2468 3374 vivens
2487 3332 2553 3374 ex
2575 3317 2790 3373 vivente
2815 3326 2920 3381 est,
2951 3324 3197 3371 naturam
3217 3315 3491 3371 nascendo
3521 3314 3632 3369 non
3656 3314 3867 3369 deserit.

2348 3409 2440 3466 29.
2475 3410 2623 3482 Ignis
2666 3407 2985 3478 comparatio
3038 3407 3223 3461 altera.
3254 3437 3322 3447 —
3346 3404 3518 3462 Aﬁ‘ert
3553 3415 3740 3461 autem
3785 3419 3872 3476 pro

2278 3511 2432 3572 parte
2465 3500 2591 3557 ﬁdei
2635 3499 2794 3569 huius
2841 3497 3313 3570 signiﬁcationem,
3341 3496 3481 3568 ignis
3511 3497 3566 3552 in
3612 3511 3675 3553 se
3705 3498 3871 3568 ignem

2278 3592 2507 3659 habens,
2534 3602 2589 3648 et
2618 3595 2670 3648 in
2697 3593 2804 3663 igni
2826 3592 2965 3663 ignis
3009 3604 3253 3647 manens.
3279 3589 3414 3645 Nam
3455 3604 3582 3645 cum
3618 3590 3689 3645 sit
3729 3591 3782 3645 in
3815 3604 3873 3644 eo

2279 3684 2536 3753 splendor
2578 3683 2819 3750 luminis,
2859 3691 3065 3738 naturae
3105 3682 3276 3749 calor,
3312 3682 3493 3737 virtus
3519 3682 3739 3749 urendi,
3767 3696 3874 3735 mo-

2283 3781 2462 3836 bilitas
2482 3780 2779 3845 mstuandi;
2808 3789 2980 3835 tctum
3008 3787 3185 3834 tamen
3217 3779 3358 3850 ignis
3397 3786 3505 3842 est,
3530 3787 3588 3834 et
3611 3778 3728 3834 haec
3761 3778 3870 3833 uni-

2282 3888 2459 3934 versa,
2494 3887 2597 3927 una
2629 3885 2817 3927 natura
2847 3881 2949 3927 est.
2976 3872 3148 3927 Habet
3182 3871 3401 3943 quidem
3443 3887 3512 3926 ex
3541 3871 3868 3933 inﬁrmitate,

2281 3964 2422 4036 quod
2456 3981 2553 4037 per
2574 3963 2849 4019 materiam
2881 3963 3131 4019 subsistit
3168 3977 3231 4018 ac
3261 3963 3412 4024 vivit.
3456 3972 3512 4017 et
3541 3978 3665 4017 cum
3696 3976 3763 4018 ea
3785 3975 3872 4032 per

2279 4074 2440 4131 quam
2460 4060 2661 4115 vixerat
2689 4058 2889 4113 deﬁcit.
2907 4056 3014 4113 Sed
3034 4058 3157 4122 hoc,
3175 4056 3319 4127 quod
3345 4052 3428 4127 (Ιι)
3449 4053 3871 4126 incomparabile

2285 4154 2450 4227 που
2490 4152 2587 4208 Dei
2607 4160 2708 4217 est,
2745 4152 2826 4222 (5)
2866 4152 3271 4221 comparatione
3299 4164 3367 4207 ex
3405 4157 3564 4220 parte
3594 4149 3870 4223 cognosci-

2377 4245 2436 4318 4)
2464 4244 2764 4318 (inferatur.

2377 4248 2436 4318 4)
2464 4248 2764 4314 Auferatur.
3200 4256 3211 4269 ’

2351 4248 2435 4389 25)
2469 4314 2554 4372 Ea:
2575 4315 3021 4386 comparationum
3046 4322 3211 4386 parte.
3239 4311 3383 4381 Mox,
3411 4312 3468 4368 in
3502 4310 3664 4368 Deum
3691 4311 3778 4366 sit.

2280 4487 2410 4530 mss.
2442 4470 2870 4540 conﬁrmantque
2926 4467 3170 4539 proxime
3209 4466 3471 4530 subnexa,
3505 4481 3597 4539 per
3632 4464 3869 4521 viventem

2279 4545 2490 4601 Patrem
2503 4560 2522 4598 :

2354 4615 2434 4690 (Δ)
2455 4615 2679 4690 lutosa.
2703 4610 2857 4669 Colb.
2888 4619 2944 4668 et
2970 4609 3153 4690 Germ.
3189 4611 3290 4665 vita
3318 4610 3585 4690 viventem.

2352 4680 2426 4760 (ἐ)
2453 4686 2616 4760 Editi.
2644 4687 2818 4760 datam
2849 4700 2882 4737 a
2921 4699 2993 4737 se.
3024 4681 3195 4760 Abest
3218 4698 3250 4735 a
3270 4697 3330 4760 se
3355 4697 3384 4735 a
3409 4680 3710 4760 potioribus
3734 4694 3861 4760 mss.

2277 4751 2448 4818 Aonie
2479 4759 2566 4813 hic
2617 4756 2917 4827 explicatur
2952 4753 3045 4825 qui
3077 4754 3217 4827 illius
3270 4752 3323 4807 in
3360 4764 3534 4822 patre,
3577 4765 3633 4809 et
3660 4754 3711 4807 in
3758 4751 3865 4827 ﬁlio

2281 4842 2452 4900 pater.
2493 4830 2550 4886 In
2602 4823 2711 4885 lilio
2759 4837 2910 4900 pater
2955 4823 3057 4900 est,
3101 4826 3225 4894 quia
3273 4831 3585 4900 nascentem
3626 4823 3865 4900 sequitur

2280 4895 2373 4959 ille
2400 4901 2492 4969 qui
2516 4902 2705 4972 gignit,
2737 4895 2870 4972 dum
2894 4896 3052 4966 hujus
3076 4906 3262 4951 natura
3292 4895 3345 4948 in
3376 4896 3614 4972 genitum
3641 4896 3864 4966 quodam

2282 4967 2444 5030 modo
2487 4967 2769 5042 trajicitur.
2817 4969 2908 5024 Illa
2946 4977 3125 5022 autent
3166 4974 3355 5042 natura
3397 4981 3428 5019 a
3477 4967 3588 5023 lilio
3627 4976 3861 5042 accepta,

2281 5044 2410 5100 dum
2439 5059 2543 5099 non
2565 5036 2883 5121 amittitura
2907 5049 3091 5121 patre,
3247 5038 3299 5092 in
3331 5051 3398 5092 eo
3433 5048 3637 5121 manet,
3681 5036 3734 5092 id
3763 5036 3864 5092 ﬁlio

2275 5124 2516 5188 pnestat,
2544 5116 2799 5188 utetiam
2829 5111 2882 5188 i_n
2907 5111 3295 5188 ipso_geuitore
3316 5119 3551 5188 maneat.

2347 5187 2419 5259 (Ῑ)
2447 5187 2575 5259 hjss.
2598 5184 2787 5248 Corb.,
2829 5178 3004 5250 Pra’t.,
3029 5181 3216 5250 Vind.,
3235 5190 3370 5247 etc.,
3397 5180 3684 5252 auferatur.
3716 5178 3864 5236 Anti~

2273 5256 2427 5330 (ιιιῆοί
2449 5256 2624 5330 Colb.;
2638 5259 2917 5330 auferetur.

2345 5328 2425 5401 (g)
2456 5330 2558 5385 Ms.
2586 5323 2810 5401 Garjtut.
2840 5323 2995 5401 aliud
3014 5339 3142 5401 esse.

2374 5346 2401 5401 g
2456 5332 2558 5385 Ms.
2586 5332 2810 5385 Carnut.
2840 5332 2987 5380 aliud
3014 5339 3142 5378 esse.

2374 5332 2433 5473 It)
2486 5400 2647 5473 Apud
2680 5397 2810 5473 Bad.
2857 5408 2910 5473 et
2954 5394 3048 5451 Er.
3076 5393 3412 5473 desideratur
3446 5391 3858 5463 incomparabile.

2280 5465 2484 5527 Deinde
2513 5465 2653 5539 apud
2687 5468 2988 5538 Lips.,Par.
3023 5477 3076 5539 et
3103 5465 3155 5520 iu
3184 5465 3458 5539 plerisque
3482 5482 3613 5539 mss.
3641 5482 3704 5539 ea:
3730 5480 3862 5539 cont-

2281 5535 2607 5612 parationum
2632 5535 2777 5612 parte
2800 5537 3173 5607 cognoscimus.
3200 5538 3544 5612 hlinus_tnale
3572 5539 3624 5593 in
3649 5535 3855 5592 Martio.

2280 5608 2343 5671 ea:
2363 5608 2746 5684 comparatione
2768 5624 2965 5683 partem
2983 5610 3353 5684 cognoscimus.
3376 5608 3703 5684 I}_epnnitnus
3720 5622 3855 5662 cont-

2279 5679 2565 5753 paratione,
2595 5694 2727 5749 etc.,
2759 5679 3079 5740 auctoritate
3119 5695 3221 5735 ms.
3239 5680 3367 5753 bas.
3389 5679 3507 5753 Vat.
3540 5693 3593 5735 et
3630 5680 3856 5753 Saliorum

2280 5752 2517 5831 duorum
2539 5755 2659 5831 vat.
2690 5757 2884 5831 quibus
2903 5753 3247 5831 consentiunt
3269 5752 3463 5831 pudet
3485 5752 3578 5809 Er.
3597 5752 3712 5809 Mox
3731 5759 3857 5807 um.

2279 5828 2477 5886 habent
2501 5829 2554 5883 in
2592 5819 2751 5884 Deum
2782 5827 2868 5895 sit,
2903 5839 3007 5883 non
3037 5822 3091 5877 in
3112 5819 3222 5878 Deo
3239 5819 3323 5878 sit.
3419 5885 3430 5896 .
