3930 6194
81 282 173 338 2‘25

1238 275 1329 331 DE
1368 274 1743 334 TlilNlTATE
1780 276 1981 333 LIBER
2025 278 2134 335 \‘ll.

3217 284 3324 340 926

79 413 213 463 mus;
245 402 293 449 ut
316 408 416 448 non
444 391 763 450 incredibile
798 392 848 446 in
891 389 1002 446 Deo
1041 389 1130 453 sit.
1154 391 1293 462 quod
1327 405 1422 460 pro
1466 398 1618 461 parte
1644 396 1695 453 Α
1725 391 1828 447 tius
1859 403 2066 449 natura:
2095 392 2496 480 demonstraret
2534 394 2582 449 in
2634 394 2795 459 dicto,
2840 394 3094 466 subjecit,
3130 394 3315 452 Dicitis

78 490 228 561 aliqua
258 489 305 543 in
324 489 551 543 terrenis
582 486 874 557 reperiatur
893 484 1200 540 elementis.
1224 483 1418 552 Quaero
1442 485 1621 554 itaque
1654 476 1667 486 “
1719 485 1840 555 quia
1867 485 2232 557 blaspheiuavi,
2255 476 2503 558 quoniam
2530 487 2660 555 dixi,
2682 488 2840 561 201
2865 487 2911 541 F
2912 490 3033 544 ilius
3060 489 3159 545 Dei
3186 505 3323 557 sunt,

76 597 200 638 nunc
221 591 384 635 utrum
410 578 602 635 divisio
622 594 685 634 ac
704 579 972 649 separatio
992 578 1084 646 sit,
1108 593 1232 634 cum
1253 578 1388 647 ignis
1407 592 1473 633 ex
1497 577 1621 648 igne

77 684 164 730 est.
189 673 287 728 Aut
323 672 575 743 numquid
621 670 911 727 absciditur
939 679 1127 725 natura
1161 686 1228 726 ne
1256 679 1492 736 maneat,
1529 678 1624 725 aut

78 784 168 825 non
206 767 435 838 sequitur
476 774 661 820 natura
698 780 764 821 ne
785 764 928 830 insit,
972 779 1091 820 cum
1139 778 1374 821 accenso
1416 765 1622 823 lumine

80 881 136 921 ex
163 862 342 918 lumine
383 876 479 931 per
503 858 785 931 quemdam
822 859 973 929 quasi
1002 856 1299 914 nativitatis
1323 858 1620 928 profectum

78 968 251 1014 natura:
273 955 408 1011 nulla
451 954 527 1025 (τι)
551 953 791 1010 desectio
832 954 923 1019 sit,
952 964 1003 1009 et
1033 963 1208 1009 tamen
1237 956 1308 1009 sit
1338 952 1519 1009 lumen
1553 969 1621 1011 ex

81 1049 281 1107 lumine?
310 1050 411 1104 Aut
432 1047 685 1117 numquid
713 1046 817 1104 hoc
836 1063 944 1103 non
975 1058 1152 1102 manet
1178 1046 1231 1102 in
1263 1062 1351 1112 eo,
1377 1048 1518 1116 quod
1549 1063 1616 1103 ex

78 1161 179 1203 sese
204 1148 312 1202 sine
337 1144 640 1201 desectiuue
676 1142 958 1199 subsi-tit?
983 1141 1092 1198 Aut
1122 1144 1223 1197 hoc
1247 1157 1355 1197 non
1384 1143 1523 1198 inest
1567 1142 1622 1197 in

78 1254 149 1301 eo.
176 1239 241 1308 (ὑ)
267 1236 398 1293 unde
433 1251 537 1292 non
583 1237 815 1292 recisum
844 1246 945 1301 ρει,
976 1234 1073 1290 sed
1110 1249 1232 1290 cum
1265 1235 1470 1289 unitate
1498 1233 1625 1289 sub-

76 1331 258 1385 stantia:
289 1328 537 1384 naturalis
576 1327 780 1384 exivit?
810 1327 878 1383 Et
914 1340 1101 1399 quaero
1150 1341 1289 1381 anne
1320 1341 1427 1382 non
1460 1340 1623 1380 unum

85 1423 192 1488 sint,
221 1437 331 1478 cum
364 1422 543 1478 lumen
569 1437 634 1477 ex
667 1422 868 1476 lumine
899 1435 999 1476 nec
1028 1419 1291 1475 divisione
1322 1417 1625 1489 separabile

75 1515 154 1581 sit,
181 1530 271 1572 nec
295 1530 485 1588 genere
518 1515 766 1570 naturae?

130 1609 208 1664 50.
231 1608 664 1678 Comparationum
702 1608 815 1678 quis
845 1606 1173 1662 usum—Et
1214 1606 1350 1673 Iirec,
1396 1616 1450 1660 ut
1489 1605 1623 1672 dixi,

74 1700 127 1755 ad
151 1700 538 1771 intelligentiam
577 1699 699 1756 iidei
747 1708 954 1755 tantum
997 1709 1308 1767 comparata
1352 1698 1479 1760 sint,
1516 1712 1620 1752 non

1723 579 1980 634 unitatem
2000 590 2277 635 naturteex
2297 578 2574 638 nativitate
2594 596 2715 637 esse
2739 591 3073 638 contestans.
3109 582 3179 638 At
3196 598 3327 638 vero

1721 677 1783 724 ut
1810 670 2103 728 nativitatis
2147 672 2307 728 fidem
2351 672 2617 744 professio
2660 674 2908 731 absoluta
2935 674 3193 742 firmaret,
3227 691 3329 733 nec

1722 771 1932 819 natura:
1978 774 2157 821 tamen
2186 764 2405 822 alierret
2434 767 2687 823 nativitas
2718 768 2960 838 professa
2987 769 3270 825 dissidium
3307 786 3324 839 ;

1724 855 1865 912 hanc
1914 858 2079 912 totius
2117 858 2487 929 responsionis
2530 874 2642 916 sua:
2679 861 2853 917 tenuit
2905 861 3326 929 absolutionem,

1727 947 1980 1019 Operibus
2006 951 2213 1015 credite,
2251 953 2497 1022 quoniam
2527 951 2683 1008 Pater
2709 954 2764 1009 in
2791 972 2892 1021 me,
2916 965 2964 1011 et
2996 973 3089 1029 ego
3129 957 3181 1011 in
3213 955 3327 1019 Pa-

1725 1048 1819 1095 tre.
1848 1039 1986 1107 Quid
2021 1041 2110 1097 hic
2139 1057 2244 1097 non
2289 1043 2535 1100 naturale
2581 1059 2646 1101 ac
2674 1046 2952 1118 proprium
2995 1049 3096 1103 sui)
3140 1064 3327 1106 sacra-

1724 1142 1911 1190 mento
1940 1135 2234 1190 nativitatis
2255 1147 2533 1193 ostensum
2568 1137 2698 1194 est?
2724 1138 2913 1195 Insunt
2934 1140 3035 1197 sibi
3068 1142 3326 1210 invicem,

1725 1223 1852 1280 dum
1880 1240 1985 1281 non
2026 1237 2109 1283 est
2152 1228 2251 1283 nisi
2295 1245 2361 1284 ex
2409 1241 2561 1301 patre
2591 1232 2866 1301 nativitas,
2896 1234 3025 1290 dum
3059 1236 3110 1289 in
3161 1235 3325 1290 Deum

1730 1321 1959 1375 alterum
2013 1320 2093 1393 (2)
2126 1320 2199 1394 (e)
2241 1332 2447 1379 natura:
2490 1325 2573 1381 vel
2637 1327 2876 1383 exterior
2922 1329 3005 1384 vel
3052 1328 3331 1384 dissnnilis

1727 1426 1833 1466 non
1872 1413 2138 1480 subsistit,
2191 1412 2320 1470 dum
2368 1414 2507 1472 Deus
2551 1432 2619 1473 ex
2676 1418 2787 1474 Deo
2841 1434 3069 1476 manens
3104 1437 3210 1476 non
3244 1430 3331 1478 est

1727 1503 2109 1575 aliundequod
2143 1505 2285 1562 Deus
2312 1516 2416 1563 cst.
2449 1506 2595 1565 Infer
2623 1509 2780 1576 duos,
2803 1512 2851 1567 si
2893 1512 3109 1569 occasio
3159 1521 3324 1584 patet,

1730 1595 1857 1652 fidei
1898 1597 2151 1653 Ecclesia:
2193 1600 2363 1656 deos:
2401 1613 2494 1657 aut
2532 1604 2831 1661 solitarium
2873 1606 3040 1662 Deum
3084 1609 3166 1664 vel
3198 1608 3327 1665 falsa

1729 1693 1921 1748 saltem
1962 1693 2190 1750 mentire
2223 1695 2472 1752 ratione:
2516 1697 2737 1767 Filium,
2786 1701 2831 1755 si
2878 1710 3050 1771 potes,
3096 1717 3125 1757 a
3166 1702 3327 1759 Patre

75 1796 207 1851 etiam
234 1797 294 1852 ad
323 1797 411 1852 Dei
436 1796 781 1867 dignitatem,
810 1803 868 1849 ut
891 1809 989 1850 nos
1012 1791 1192 1864 potius
1214 1792 1626 1863 intelligentiam
1660 1783 1707 1843 Β
1733 1787 1937 1857 absque
1960 1788 2253 1844 nativitatis
2282 1799 2487 1845 tantum
2517 1791 2763 1848 confessa
2800 1796 3028 1850 veritate
3054 1794 3328 1862 discerne,

78 1888 386 1944 invisibilium
439 1885 511 1960 (e)
568 1903 634 1943 ex
683 1886 1056 1956 corporalibus
1101 1898 1459 1948 sumeremus,
1520 1897 1625 1936 non

79 1980 230 2050 utique
258 1989 313 2036 ut
349 1978 568 2051 aliquod
611 1987 815 2034 naturae
841 1978 936 2032 Dei
974 1974 1312 2032 satisfaceret
1349 1989 1631 2047 compara-

75 2071 208 2127 tionis
232 2072 530 2140 exemplum
561 2090 576 2125 :
611 2085 732 2127 cum
787 2070 1008 2141 dignum
1059 2080 1112 2123 et
1141 2067 1345 2138 justum
1373 2078 1519 2123 esset
1548 2075 1630 2123 te-

74 2164 205 2218 stanti
240 2165 304 2220 de
345 2180 403 2218 se
444 2162 560 2218 Deo
608 2160 850 2217 credere.
904 2159 1011 2217 Sed
1059 2158 1186 2230 quia
1235 2157 1625 2227 simplicioruin

74 2257 205 2313 tidem
234 2257 375 2313 furor
406 2254 702 2313 hirreticus
730 2254 990 2318 turbaret,
1024 2263 1077 2309 ut
1114 2251 1165 2308 id
1211 2251 1281 2308 de
1329 2252 1442 2307 Deo
1479 2249 1629 2307 credi

72 2365 154 2405 non
195 2357 480 2419 oporteret,
531 2348 675 2419 quod
742 2345 986 2413 difticile,
1018 2344 1117 2400 nisi
1168 2361 1265 2415 per
1310 2358 1627 2414 corpoream

75 2446 516 2514 comparationem,
549 2450 736 2514 posset
775 2438 1039 2511 intelligi:
1079 2439 1278 2495 idcirco
1332 2438 1628 2494 secundum

75 2538 182 2593 illud
203 2538 305 2608 jam
330 2536 494 2592 etiam
528 2534 778 2605 superius
801 2546 1157 2588 memoratum
1188 2547 1216 2585 a
1239 2531 1397 2587 nobis
1413 2532 1631 2587 Domini

79 2633 242 2688 dictum
261 2651 289 2686 εΔ
307 2634 454 2701 Quod
478 2632 544 2686 de
564 2647 720 2685 carne
748 2629 993 2695 nascitur,
1018 2643 1143 2683 caro
1165 2636 1236 2681 est
1257 2642 1277 2680 :
1300 2628 1433 2695 quod
1460 2635 1633 2680 autem

74 2728 122 2781 tle
142 2728 322 2800 spiritu,
355 2728 578 2798 spiritus
597 2734 669 2780 est
700 2722 882 2797 (Joan.
914 2738 993 2790 nt,
1018 2722 1100 2791 6),
1142 2723 1264 2791 quia
1306 2722 1445 2778 Deus
1471 2720 1634 2791 Spiri-

76 2828 143 2873 tus
160 2831 249 2887 est,
279 2820 403 2875 utile
430 2815 870 2875 existimavimus
916 2815 1029 2870 inec
1055 2828 1156 2885 pro
1180 2822 1341 2885 parte
1395 2815 1635 2870 inserere

76 2913 447 2984 comparationis
486 2910 779 2980 exempla:
809 2925 876 2965 ue
925 2906 1138 2964 mentiri
1187 2908 1255 2963 de
1296 2906 1635 2978 professione

79 3020 154 3059 sua
196 3004 610 3069 existimaretur,
656 3016 777 3058 cum
826 3000 1031 3056 divina:
1072 3000 1228 3055 nobis
1279 2998 1639 3069 professionis

78 3094 436 3168 intelligentiam
483 3113 556 3152 ex
601 3095 781 3165 aliquo
835 3094 1095 3148 naturalia
1140 3092 1220 3164 (l)
1267 3100 1637 3147 creaturarum

82 3191 286 3261 exempla
310 3196 653 3260 priustarent.

133 3284 209 3339 3L
237 3282 366 3340 Filio
402 3295 595 3340 natura
630 3282 802 3337 divina
842 3281 888 3334 ri
917 3279 1214 3334 nativitatis.
1247 3276 1351 3332 Per
1380 3278 1512 3332 hanc
1531 3276 1641 3348 ipse

84 3375 124 3427 in
146 3374 278 3431 Patre
294 3390 338 3432 et
361 3376 522 3433 Pater
548 3378 606 3431 in
626 3392 706 3431 eo.
734 3375 947 3430 Patrem
968 3374 1140 3428 dicens
1171 3373 1294 3426 dicit
1335 3382 1379 3426 ct
1421 3369 1639 3426 Filium.

87 3493 140 3509 -
160 3468 303 3542 Igitur
327 3488 391 3527 ex
414 3471 638 3525 vivente
666 3466 744 3540 (ά)
773 3467 958 3522 vivens
988 3466 1080 3521 Dei
1125 3464 1287 3529 lilius,
1319 3473 1374 3520 et
1426 3479 1488 3519 ex
1534 3465 1643 3519 Deo

89 3559 220 3628 Deus,
247 3572 297 3617 ct
321 3574 526 3617 naturie
550 3559 933 3631 inseparabilis
962 3564 1123 3627 atque
1154 3554 1488 3611 indissimilis
1517 3554 1638 3610 uni-

83 3659 212 3707 tatem
256 3664 307 3710 ct
345 3663 756 3711 sacramentum
823 3650 1117 3705 nativitatis
1173 3648 1490 3715 Ostendens,
1535 3647 1634 3714 ait,

82 3740 229 3814 Egoet
269 3746 421 3802 Pater
452 3763 620 3801 unum
665 3761 859 3800 sumus.
910 3743 980 3799 Et
1017 3740 1140 3814 quia
1192 3741 1460 3797 calumnia
1502 3740 1639 3797 dicti

83 3843 307 3911 tamquam
347 3839 639 3899 insolentis
665 3840 994 3903 exsisteret;
1026 3848 1085 3893 ut
1105 3836 1498 3893 conscientiam
1540 3853 1639 3909 po-

228 3981 595 4061 preaturarnm
626 3978 798 4047 aliquo
826 3976 1027 4061 modo.‘
1095 4046 1108 4061 .

139 4051 206 4123 (2)
228 4054 280 4109 lu
307 4055 467 4111 editis
484 4096 499 4120 ,
534 4062 740 4108 natura:
766 4051 841 4104 vel
865 4051 1155 4103 exterioris.

140 4194 203 4267 (α)
230 4196 436 4264 Excusi,
462 4194 714 4267 defectio,
743 4202 799 4248 et
832 4207 954 4247 mox
984 4192 1104 4267 sine
1130 4190 1412 4267 defectione
1440 4186 1641 4244 :casti-

88 4259 240 4342 gantitr
262 4286 324 4325 ex
353 4259 487 4342 mss.
515 4259 637 4324 Huc
664 4275 872 4336 spectat
893 4263 1032 4342 quod
1062 4261 1338 4342 '_l‘ati_anus,
1369 4259 1462 4315 0r.
1497 4268 1642 4342 ςοιιι.

89 4329 280 4402 Graecos,
304 4339 588 4405 ait,Nams
602 4348 677 4392 est
696 4329 872 4389 autem
895 4329 1306 4404 participatione,
1331 4347 1432 4386 non
1458 4329 1650 4405 abscis-f

88 4410 214 4467 tione.
240 4402 548 4479 Quod'enim
569 4402 907 4479 abscinditur,
937 4424 968 4460 a
994 4402 1161 4479 primo
1180 4412 1456 4479 separatur
1475 4418 1493 4465 ;
1513 4402 1650 4479 quod

89 4495 179 4533 vero
202 4474 597 4537 conuitnnicatur
622 4479 678 4533 id
707 4478 967 4545 {unctione
995 4474 1255 4546 donatum
1282 4475 1489 4546 propria
1518 4474 1649 4528 nihil

91 4550 302 4608 imminuit
323 4554 471 4608 illum
485 4570 519 4605 a
539 4568 642 4614 quo
662 4544 763 4603 vim
783 4564 931 4602 suum
947 4564 1056 4601 smn
1064 4547 1179 4615 psit.
1210 4544 1649 4613 Quemadmodum

1736 1877 1905 1933 Filius
1936 1878 1987 1933 in
2019 1879 2177 1935 Patre
2216 1888 2319 1947 est,
2353 1892 2405 1937 ei
2442 1883 2493 1936 in
2523 1881 2661 1938 Filio
2688 1883 2871 1951 Pater,
2900 1900 3007 1941 non
3040 1902 3134 1957 per
3155 1896 3331 1943 trans-

1735 1971 2000 2027 fusionem
2041 1971 2483 2047 refusioncmque
2509 1985 2746 2034 mutuam
2780 1978 2874 2051 (θ’),
2897 1980 2992 2037 sed
3030 1996 3127 2053 per
3147 1982 3333 2038 viven-

1741 2063 1808 2119 tis
1837 2072 2045 2119 natura:
2072 2067 2363 2136 perfectam
2392 2068 2747 2127 nativitatem.
2774 2070 2852 2126 Ita
2885 2073 2938 2127 in
2967 2073 3076 2130 Deo
3099 2084 3251 2145 patre
3285 2081 3342 2131 et

1738 2158 1792 2212 in
1828 2159 1934 2213 Deo
1960 2158 2071 2216 tilio
2114 2177 2287 2232 neque
2326 2162 2462 2219 duos
2504 2164 2586 2237 (5)
2621 2166 2701 2238 (gl
2737 2168 3157 2235 connumerabis
3184 2169 3338 2240 deos,

1738 2251 1862 2320 quia
1894 2268 2057 2308 unum
2086 2263 2315 2324 uterque
2335 2267 2501 2324 sunt;
2525 2273 2703 2330 neque
2727 2260 3054 2331 singularem
3080 2264 3342 2333 pra-dica-

1742 2344 1847 2411 bis,
1881 2345 2004 2415 quia
2034 2355 2259 2419 uterque
2286 2364 2391 2403 non
2424 2365 2558 2404 unus
2589 2359 2693 2406 est.
2718 2351 2836 2408 Non
2881 2352 3045 2410 habet
3078 2356 3240 2427 igitur
3270 2357 3337 2412 li-

1733 2437 1832 2494 des
1847 2441 2143 2510 apostolica
2162 2441 2298 2497 duos
2318 2444 2472 2510 deos,
2487 2444 2610 2515 quia
2636 2460 2736 2501 nec
2757 2446 2894 2503 duos
2917 2458 3097 2518 patres
3119 2449 3340 2519 habeat,

1746 2547 1846 2588 nec
1890 2532 2027 2588 duos
2063 2534 2221 2590 filios.
2267 2534 2586 2592 Contitendo
2630 2548 2862 2609 patrem,
2890 2542 3136 2597 confessa
3174 2542 3343 2600 lilium

1737 2634 1822 2681 est
1853 2642 1866 2678 :
1910 2625 2141 2683 credens
2196 2626 2248 2682 in
2274 2627 2466 2696 filium,
2497 2629 2727 2686 credidit
2754 2640 2811 2687 et
2842 2633 2893 2688 in
2936 2645 3181 2703 patrem:
3215 2636 3343 2706 quia

1736 2727 1793 2773 et
1818 2734 2010 2775 nomen
2038 2720 2202 2790 patris
2229 2718 2308 2792 (It)
2329 2720 2488 2777 habet
2514 2722 2567 2778 in
2593 2737 2653 2779 se
2674 2722 2770 2779 ﬁlii
2792 2741 3011 2781 nomen.
3043 2726 3159 2782 Non
3187 2726 3331 2783 cnim
3402 2774 3403 2777 η

1740 2815 1842 2870 nisi
1875 2829 1969 2885 per
2004 2815 2170 2869 tilium
2205 2825 2356 2884 pater
2392 2826 2505 2882 est;
2531 2826 2584 2873 et
2615 2817 2934 2889 significatio
2960 2820 3080 2886 lilii,
3113 2820 3338 2877 demon-

1743 2907 1937 2963 stratio
1958 2908 2124 2978 patris
2149 2916 2229 2963 est
2255 2926 2267 2962 :
2296 2910 2418 2980 quia
2448 2925 2554 2965 non
2584 2911 2684 2965 nisi
2716 2928 2780 2967 ex
2813 2924 2965 2983 patre
2992 2915 3065 2968 sit
3095 2913 3255 2971 illius.
3287 2914 3346 2969 ln

1745 3001 1906 3056 unius
1952 3002 2131 3071 itaque
2172 3001 2514 3057 confessione
2544 3018 2649 3057 non
2684 3019 2820 3059 unus
2849 3014 2967 3059 est:
2999 3004 3127 3060 dum
3152 3012 3208 3059 et
3241 3005 3347 3061 Pa-

1754 3101 1891 3148 trem
1934 3103 2271 3147 consummat
2310 3093 2503 3161 Filius,
2535 3103 2590 3151 et
2636 3095 2757 3153 Filii
2799 3114 2864 3154 cx
2906 3097 3068 3154 Patre
3096 3098 3349 3155 uativitas

1671 3200 1717 3264 ο
1747 3195 1848 3241 est.
1879 3184 1993 3239 Non
2021 3185 2331 3242 demutatur
2350 3196 2531 3243 autem
2560 3205 2654 3260 per
2683 3190 3017 3249 nativitatem
3041 3204 3256 3261 natura,
3279 3208 3349 3249 ne

1746 3276 2041 3332 secundum
2073 3277 2480 3335 similitudinem
2520 3284 2736 3352 generis
2765 3282 2849 3339 sui
2880 3283 3067 3339 eadem
3110 3285 3200 3340 sit.
3233 3284 3342 3340 Ea-

1746 3368 1870 3425 dem
1895 3377 2069 3423 autein
2097 3368 2168 3425 ita
2190 3380 2291 3434 est,
2313 3382 2370 3427 ut
2389 3388 2482 3443 per
2509 3373 2839 3432 nativitatem
2862 3385 2916 3432 et
2935 3378 3340 3449 generationem

1747 3472 1974 3534 uterque
2004 3465 2180 3534 potius
2202 3481 2363 3521 unum
2391 3466 2730 3523 confitendus
2754 3470 2823 3524 sit
2857 3484 3000 3533 esse,
3036 3484 3141 3526 non
3178 3485 3343 3527 unus.

1818 3556 1907 3611 5‘2.
1940 3555 2211 3629 Epilogus.
2243 3558 2344 3625 Qui
2375 3556 2536 3613 Pater
2561 3569 2608 3614 et
2638 3557 2687 3611 F
2690 3560 2809 3615 ilius
2836 3558 2977 3617 Deus
3004 3577 3137 3616 unus
3163 3571 3212 3616 et
3238 3576 3343 3617 non

1745 3649 1887 3704 solus
1910 3693 1924 3716 ,
1969 3651 2181 3705 invicem
2218 3662 2358 3708 sunt.
2390 3682 2459 3693 —
2502 3655 2643 3709 Duos
2680 3655 2861 3726 itaque
2894 3653 3148 3725 praedicet
3174 3656 3343 3726 deos,

1749 3746 1838 3816 qui
1873 3754 2048 3816 potest
2072 3762 2235 3801 unum
2272 3748 2566 3818 prmdicare
2592 3749 2711 3805 sine
2731 3766 2874 3804 uno:
2903 3760 2995 3806 aut
3023 3750 3351 3822 singularem

1740 3837 1907 3893 Deum
1927 3837 2139 3905 doceat,
2157 3837 2246 3910 qui
2291 3840 2460 3911 possit
2480 3856 2678 3914 negare
2695 3849 2750 3897 et
2766 3857 2927 3899 unum
2954 3838 3118 3917 203
3145 3844 3235 3902 uni
3259 3860 3355 3917 per

1829 3975 1909 4045 (5)
1932 3974 2331 4031 Counomiuabis
2359 3976 2501 4031 deos.

1752 4186 1965 4272 tantine,
1994 4196 2172 4272 et‘cur
2210 4186 2351 4243 hanc
2394 4187 2550 4244 nobis
2596 4187 2811 4257 eripere
2860 4189 3136 4248 notionem
3168 4190 3357 4249 Ariani

1755 4262 2122 4473 m‘liii'Uit'uge
2138 4329 2398 4385 mss.Vat.
2417 4330 2553 4384 unde
2571 4348 2673 4386 non
2691 4348 2943 4388 recessum
2959 4342 3055 4394 est.
3082 4342 3355 4407 corrupte.

1827 4402 1879 4473 (c
1933 4400 2150 4469 Excusi,
2210 4417 2273 4457 ea:
2316 4402 2746 4473 comparabililttts
2785 4421 2804 4459 .'
2850 4404 3210 4463 emendantur
3252 4421 3355 4473 ope

1827 4400 1900 4474 (ο)
1933 4400 2150 4469 Excusi,
2210 4417 2273 4457 ea:
2316 4402 2746 4474 comparabililttts
2785 4421 2804 4459 .'
2850 4404 3210 4463 emendantur
3243 4400 3359 4478 'ope

1755 4487 1885 4528 mss.

1828 4541 2062 4619 (d)_AEr_.‘,
2097 4542 2241 4614 Lips.
2266 4544 2483 4619 etgPar.
2526 4562 2590 4601 ea:
2617 4548 2809 4602 vivente
2851 4546 2957 4604 Deo
2986 4547 3183 4605 Patre:
3211 4547 3357 4619 quod

92 4625 193 4675 enim
224 4606 412 4680 ablatio
451 4606 568 4694 tace
597 4621 717 4694 alite
741 4621 929 4694 multae
957 4606 1327 4694 accendunt—ur,
1363 4633 1454 4694 nec
1479 4627 1651 4671 tamen
1682 4606 1730 4664 D
1758 4606 1863 4694 non
1886 4606 2219 4685 displiceret,
2243 4615 2348 4673 nisi
2374 4617 2778 4688 refragarentur
2798 4621 3133 4690 antiquiores
3153 4606 3359 4691 ac'ple-

91 4696 221 4759 prima
242 4697 363 4767 {acia
514 4692 836 4767 imminuitur
868 4702 1073 4767 propter
1102 4691 1271 4756 plures
1302 4688 1420 4741 inde
1468 4702 1651 4741 accen-

93 4777 181 4819 las:
202 4760 269 4821 επὶ
284 4769 435 4823 etiam
448 4764 675 4820 Verbum
703 4779 730 4815 e
763 4760 936 4815 Patris
978 4762 1160 4815 rirtute
1195 4774 1523 4829 progressum
1550 4774 1655 4812 non

91 4836 259 4909 [aliquit
295 4840 595 4909 genitoreyr
615 4833 763 4909 Verbi
804 4842 1081 4909 expergiti:
1106 4830 1351 4909 Tatium:
1374 4830 1658 4909 praeiverat

93 4901 467 4964 Jusiinus'cont.
500 4905 694 4967 TriuIi.
726 4901 931 4959 docens
977 4902 1173 4958 Filium
1217 4916 1282 4956 ex
1317 4901 1475 4956 Patre
1497 4902 1654 4970 geni-

94 4983 180 5049 ljtm
216 4996 308 5035 non
350 4997 442 5049 per
493 4977 880 5049 abscissionein,
934 4983 1190 5049 tamquam
1218 4972 1489 5049 dispertita
1528 4980 1656 5026 esset

96 5044 239 5105 Patris
260 5044 568 5113 substantia,
603 5058 757 5119 prout
776 5047 880 5101 alia
924 5061 1096 5099 omnia
1126 5044 1288 5119 divisa
1318 5056 1363 5098 et
1393 5055 1529 5119 secta
1554 5058 1656 5096 non

96 5120 239 5175 eadem
251 5134 385 5194 sunt.
407 5138 539 5194 qua;
553 5113 672 5194 ante
696 5124 796 5187 [aet
810 5125 902 5194 unt
919 5132 1071 5194 quam
1091 5113 1657 5194 scinderentur.“Atqtie

97 5192 276 5279 ever“
288 5185 460 5279 ργαιῶ
479 5192 617 5279 “te?
635 5185 1002 5279 maxime
1015 5203 1083 5279 ξφ
1102 5188 1393 5279 {ariete
1419 5185 1657 5279 aitait:

99 5258 239 5317 censos
254 5258 502 5328 uidemus,
534 5263 630 5316 illo
652 5261 782 5315 nihil
807 5260 1081 5322 diminuta,
1106 5259 1197 5313 sed
1213 5258 1393 5310 eodem
1424 5264 1659 5328 manente

100 5332 207 5403 pale
237 5336 381 5397 multi
424 5325 644 5389 accendi
678 5340 890 5403 possunt
932 5331 1095 5400 ignes.
1134 5328 1243 5403 _Ubi
1278 5330 1477 5403 indicat
1515 5325 1659 5403 quod

101 5399 233 5476 ιρκεο
249 5417 368 5462 ante
397 5407 454 5461 in
495 5397 691 5462 eodeni
720 5402 932 5476 dialogo
952 5397 1304 5476 praimiserat
1324 5399 1408 5453 his
1439 5397 1619 5476 verbis
1643 5414 1658 5450 :

105 5469 513 5539 Modum
536 5476 596 5529 in
616 5476 732 5546 igne
760 5469 986 5546 videmus
1009 5472 1170 5525 alium
1191 5470 1327 5546 fieri,
1354 5486 1456 5546 non
1487 5469 1660 5546 decre-

103 5548 336 5604 millo
353 5547 494 5603 unde
515 5539 661 5619 facta
681 5553 755 5598 est
766 5545 983 5619 alterius
1005 5539 1262 5619 accensio,
1291 5539 1381 5595 sed
1406 5540 1459 5619 in
1484 5540 1662 5619 eodem

101 5620 217 5672 και
234 5611 558 5691 permeate
579 5632 601 5682 ;
621 5624 675 5691 et
690 5616 776 5691 qni
807 5630 870 5669 ea:
893 5614 1019 5691 ipso.
1033 5611 1354 5691 accenditur,
1382 5611 1537 5665 etiam
1556 5611 1664 5681 ipse

102 5682 431 5763 ξςῴρυει,
473 5682 923 5763 no_t;t__imtitinuen_s
957 5682 1279 5763 illum_itttde
1303 5691 1379 5763 est
1399 5696 1663 5763 accensus.

1761 4702 1916 4743 ιίαιιθ
1952 4701 2084 4743 mss.

1811 4704 2278 4831 Ἑῖιᾞεῗίριῑιιιιιε
2304 4756 2476 4815 codex
2503 4758 2658 4816 Colb.
2692 4776 2815 4816 cum
2846 4759 3031 4817 Germ.
3067 4760 3170 4817 Alii
3202 4774 3355 4829 vero,

1760 4828 1951 4898 natura
1975 4828 2053 4883 uel
2080 4831 2320 4884 exterior.

1832 4897 1912 5026 Si)
1947 4899 2042 4954 Vi-l
2073 4910 2130 4955 ut
2162 4898 2450 4956 Faustinus
2501 4917 2645 4967 smne
2686 4901 2797 4971 jam
2846 4901 3094 4957 laudatus
3142 4909 3365 4958 enarrat

1877 5013 1893 5026 .
1936 4987 2037 5025 non
2069 4972 2242 5026 utique
2266 4987 2353 5026 iter
2378 4972 2653 5026 auamdam
2676 4974 2930 5026 passivam
2959 4975 3309 5026 confusionem
3340 4989 3363 5026 :

1761 4986 1810 5026 c.
1877 4972 1897 5037 ,⁷
1936 4987 2037 5045 non
2069 4972 2242 5040 utique
2266 4987 2353 5036 per
2378 4972 2653 5045 quamdam
2676 4974 2930 5045 passivam
2959 4975 3309 5045 confusionem
3340 4989 3363 5030 :

1758 5043 1848 5097 sed
1880 5044 2002 5111 quia
2027 5058 2335 5127 comeqnens
2363 5053 2441 5127 est
2472 5053 2526 5127 ut
2545 5042 2832 5127 ⁸ιιιεηξηιὴιιει·
2861 5042 3243 5127 est_,”illic_esse
3266 5060 3358 5127 εο-

1763 5110 2038 5183 gnuscatnr
2062 5121 2109 5167 et
2147 5110 2354 5176 Filius;
2394 5121 2442 5167 et
2471 5114 2555 5167 ubi
2589 5110 2756 5168 Filius
2791 5125 2868 5170 est
2887 5157 2902 5183 ,
2933 5114 3046 5170 illic
3072 5116 3225 5170 etiam
3257 5114 3366 5170 Pa-

1763 5195 1890 5239 trem
1917 5193 2116 5237 exstare
2142 5198 2440 5239 0001108008.

1840 5251 1920 5325 (g)
1956 5256 2009 5307 In
2042 5268 2144 5326 ius.
2176 5251 2332 5308 Mart.
2363 5254 2816 5326 connumerabiles.
2838 5255 2897 5311 lu
2918 5259 3152 5326 cmteris,
3184 5273 3369 5313 conuo-

1765 5324 1987 5380 min’abis
2030 5324 2111 5397 vel
2144 5324 2928 5397 cognominubis.‘Retinemus
2971 5324 3367 5385 connumerabis

1767 5406 1987 5469 propter
2028 5394 2159 5450 illud
2202 5393 2350 5450 tium.
2403 5395 2489 5462 15,
2538 5393 2660 5452 Νοη
2699 5399 2830 5454 duos
2872 5398 2994 5454 deos
3033 5409 3371 5455 conuumerat

1768 5484 1953 5523 nomen
1979 5484 2158 5521 unum.

1846 5535 1930 5609 (Ιι)
1970 5537 2045 5613 ita
2089 5535 2613 5613 Hieroiiymus‘dial.
2659 5549 2808 5596 cont.
2851 5540 3026 5613 Lucil.
3070 5542 3230 5599 docet
3278 5542 3377 5613 ﬁlii

1772 5608 1959 5665 nomen
1982 5611 2035 5664 in
2061 5617 2230 5682 patre,
2262 5608 2309 5664 et
2338 5608 2500 5682 patris
2518 5626 2703 5682 nomen
2732 5612 2788 5667 in
2807 5611 2921 5682 [ilio
2945 5629 3053 5668 esse
3074 5632 3093 5668 :
3125 5608 3377 5671 nimirum

1776 5682 1900 5763 quia
1929 5679 2087 5763 pater
2115 5679 2348 5763 cogitari
2366 5681 2587 5752 nequit,
2619 5683 2749 5755 quin
2792 5679 2888 5744 lilii
2924 5684 3092 5742 etiam
3122 5686 3379 5761 cogitatio

108 5750 387 5834 “patet
409 5750 508 5819 cur
530 5756 704 5814 Filius
740 5771 773 5813 a
798 5754 1077 5813 catholicis
1104 5754 1276 5811 dictus
1303 5754 1371 5812 sit
1402 5753 1572 5809 lumen
1609 5750 1673 5806 de
1780 5750 1941 5810 simul
1970 5751 2311 5808 obversetur.
