3930 6194
599 253 661 307 ’51
1759 244 1978 302 SANCT
1984 245 2004 299 Ι
2044 244 2296 302 lllLARll
2337 242 2643 301 EPISCOPI
3732 246 3818 301 2'52

560 382 689 428 tntae
717 391 730 429 :
760 371 856 428 sed
889 369 1146 441 numquid
1177 377 1231 424 ιιι
1258 367 1517 440 imagines
1547 380 1688 422 vero:
1710 367 1816 422 sint
1836 407 1854 434 ,
1884 366 2155 437 exaequari
2183 369 2238 428 Α
2263 366 2392 432 Quae
2423 364 2566 419 enim
2592 358 2874 432 ignorandi
2902 357 3118 415 Patrem
3147 365 3243 413 aut
3262 355 3580 413 ostendendi
3604 354 3820 427 ignoran-

561 477 784 537 p0ssunt
812 466 1044 519 inanima
1079 462 1417 524 viventibus,
1447 470 1503 515 et
1537 461 1616 514 vel
1654 460 1794 530 picta
1832 459 1917 514 vel
1947 460 2154 529 sculpta

565 561 648 615 vel
691 559 805 614 iusa
852 553 1084 611 nativis?
1123 553 1288 610 Filius
1316 568 1492 608 auzem
1523 553 1665 607 Patri
1711 569 1814 606 non
1859 551 2152 624 secundum

561 649 678 706 lttec
709 651 921 721 (horum
948 647 1014 702 ad
1059 647 1248 716 instar)
1283 645 1458 717 imago
1500 655 1622 702 est:
1664 645 1787 715 quia
1817 643 2046 721 viventis
2078 642 2155 696 vi-

557 756 689 797 vens
723 741 900 810 imago
928 749 1044 807 est,
1076 748 1132 794 et
1171 754 1240 794 ex
1269 753 1335 794 eo
1381 745 1538 794 natus
1589 752 1694 792 non
1744 718 2156 791 habetnaturu:

557 833 961 900 diversitatem,
986 841 1042 888 et
1072 833 1126 887 in
1157 831 1303 887 nullo
1332 831 1579 888 diversus
1619 840 1766 886 tenet
1805 840 2010 885 naturae
2039 830 2156 899 ejus

560 927 637 998 (a)
667 943 731 980 ex
765 941 871 997 qua
910 941 1016 981 non
1057 924 1306 980 diversus
1339 933 1424 980 est
1462 933 1805 994 potestatem.
1835 922 1988 991 Quod
2027 937 2156 993 ergo

556 1017 736 1089 imago
781 1028 894 1084 est,
936 1033 999 1074 eo
1050 1017 1290 1088 proﬁcit,
1325 1027 1380 1071 ut
1427 1016 1642 1073 Patrem
1685 1017 1853 1072 Deum
1898 1016 2155 1088 unigeniti

561 1110 659 1166 Dei
695 1109 964 1180 signiﬁcet
997 1109 1277 1174 nativitas;
1319 1109 1589 1180 signiﬁcet
1626 1120 1805 1164 autem
1829 1149 1843 1174 ,
1887 1119 1946 1163 ut
1987 1110 2156 1163 forma

557 1202 634 1275 (ὁ)
665 1203 778 1272 ipse
800 1211 855 1258 et
896 1203 1072 1272 imago
1102 1202 1392 1258 invisibilis
1413 1202 1507 1258 Dei
1535 1221 1548 1258 :
1581 1212 1636 1256 et
1676 1218 1771 1272 per
1802 1203 1904 1257 hoc
1932 1199 2016 1275 (I)
2047 1216 2156 1257 non

557 1298 760 1352 amittit
785 1307 987 1352 natura;
1009 1296 1174 1369 206
1200 1297 1400 1351 unitam
1433 1295 1836 1352 similitudinem
1858 1337 1872 1362 ,
1905 1296 2032 1366 quia
2057 1310 2157 1350 nec

557 1401 740 1449 careat
775 1394 969 1447 virtute
1001 1399 1225 1444 natum.

635 1486 724 1542 38.
771 1484 864 1540 Dei
893 1485 1054 1540 verbis
1097 1501 1189 1539 nec
1233 1481 1374 1539 Deus
1397 1484 1698 1554 singularis,
1729 1499 1818 1538 nec
1857 1483 2034 1555 dispar
2063 1481 2158 1536 Fi-

557 1578 679 1634 lius.
705 1577 867 1632 -Ει
911 1577 1036 1631 hinc
1082 1576 1210 1631 illttd
1255 1585 1374 1642 est,
1421 1574 1588 1629 Tanto
1634 1584 1858 1645 tentpore
1901 1575 2156 1629 vobiscum

555 1687 669 1726 sunt
690 1712 706 1734 ,
738 1678 786 1726 et
828 1686 927 1724 non
958 1669 1116 1723 nostis
1147 1685 1260 1734 me,
1299 1666 1583 1740 Philippe?
1608 1670 1696 1737 qui
1725 1667 1848 1722 vidit
1886 1683 1964 1720 me
1986 1709 1999 1732 ,
2033 1667 2157 1721 vidit

2260 461 2400 514 tibus
2451 457 2746 513 neceSsitas
2798 453 3236 525 relinquebatur,
3285 466 3405 506 cum
3439 449 3596 505 Pater
3637 451 3685 504 in
3712 449 3821 505 Filio

2260 553 2408 606 visus
2436 548 2618 606 esset?

2330 642 2419 699 59.
2467 641 2624 697 Pater
2646 643 2698 695 in
2723 635 2866 695 Filio
2888 641 3027 692 visus
3054 653 3119 692 ex
3141 636 3454 708 proprietate
3481 644 3692 688 natura.
3718 632 3822 687 Cou-

2259 748 2338 792 tra
2368 735 2674 793 Snbellium.
2703 733 2894 788 Contra
2924 732 3122 786 Arium.
3156 731 3254 794 Qui
3275 729 3327 782 in
3371 744 3425 782 se
3451 727 3659 781 invicem
3702 723 3825 780 Pater

2258 842 2305 886 et
2338 829 2525 884 Filius.
2549 857 2622 869 —-
2652 827 2812 882 Visus
2833 833 3010 879 autem
3034 822 3170 878 adeo
3192 831 3276 875 est
3303 836 3370 877 ex
3403 820 3723 892 pr0prietate
3747 835 3824 872 ua-

2261 933 2396 979 tura:
2417 964 2431 988 ,
2461 922 2588 977 dum
2619 936 2686 975 ex
2718 917 3074 974 indiﬁ'ercntia
3104 926 3264 987 atque
3295 917 3345 969 in
3387 929 3589 986 genere
3617 914 3826 967 veritatis

2261 1034 2426 1074 unum
2460 1023 2587 1071 sunt
2623 1026 2778 1069 natus
2805 1023 2858 1068 et
2893 1027 3188 1083 generatis,
3222 1020 3282 1064 ut
3315 1011 3402 1064 hic
3442 1007 3649 1063 Domini
3674 1022 3827 1062 sermo

2259 1120 2620 1182 sequeretur:
2659 1107 2778 1162 Non
2818 1105 3059 1170 creditis,
3091 1103 3332 1170 quoniam
3375 1118 3467 1172 ego
3510 1100 3563 1154 in
3596 1097 3765 1166 Patre,
3789 1110 3827 1152 et

2259 1201 2420 1257 Pater
2449 1202 2502 1256 in
2532 1217 2610 1254 me
2634 1197 2823 1271 (lbid.,
2859 1196 2989 1270 l0)?
3011 1195 3403 1265 luseparabiles
3433 1207 3555 1248 esse
3588 1208 3676 1261 per
3701 1201 3830 1246 natu-

2259 1296 2427 1350 ralem
2467 1292 2877 1349 similitudinem
2913 1290 3126 1344 Patrem
3169 1297 3224 1344 et
3271 1286 3503 1352 Filium,
3539 1299 3828 1352 nonpossu-

2259 1404 2380 1444 mus
2415 1388 2592 1444 verbis
2623 1387 2743 1442 aliis
2770 1386 2968 1440 docere
2988 1425 3002 1450 ,
3039 1383 3139 1437 nisi
3169 1381 3310 1436 Filii.
3336 1379 3452 1434 Non
3481 1378 3624 1434 enim
3653 1377 3729 1432 hic
3754 1392 3834 1447 per

2262 1483 2688 1540 demntationem
2720 1480 2999 1535 nominum
3025 1486 3185 1547 atque
3207 1475 3512 1545 specierum
3546 1471 3731 1534 Filius,
3755 1470 3831 1538 qui

2259 1578 2342 1632 via
2371 1585 2455 1631 est
2473 1586 2529 1631 et
2547 1575 2746 1630 veritas
2775 1583 2829 1629 et
2854 1572 2993 1636 vita,
3022 1571 3203 1626 mimis
3232 1566 3586 1623 theatralibus
3608 1565 3762 1620 ludit:
3784 1573 3833 1617 ut

2261 1669 2313 1723 in
2337 1675 2613 1737 assumpto
2647 1666 2864 1720 homine
2885 1663 3043 1736 207
3074 1677 3133 1716 se
3165 1661 3329 1716 ﬁlium
3354 1659 3450 1714 Dei
3477 1654 3834 1725 nuncupet,in

559 1771 608 1816 et
639 1761 868 1816 Patrem.
905 1759 1174 1828 Quomodo
1203 1770 1256 1814 tu
1284 1759 1432 1828 dicis,
1466 1758 1688 1814 Ostende
1733 1759 1876 1814 nobis
1912 1759 2163 1814 Patrem?
2193 1763 2238 1824 B
2269 1772 2459 1816 natura
2494 1775 2621 1814 vero
2651 1759 2814 1814 Deum
2849 1768 3092 1828 patrem,
3139 1762 3195 1810 et
3231 1769 3373 1808 unus
3402 1767 3464 1807 ac
3501 1751 3648 1807 solus
3673 1763 3834 1818 perso.

563 1855 688 1912 Non
720 1854 795 1929 (c)
827 1855 1034 1909 creditis
1058 1854 1182 1908 milii
1210 1855 1450 1934 ququam
1480 1869 1570 1924 ego
1617 1850 1669 1906 in
1703 1851 1893 1916 Patre,
1928 1861 1975 1906 et
2006 1851 2165 1906 Pater

559 1952 614 2004 in
638 1964 719 2003 me
747 1957 820 2003 est
861 1946 1044 2021 (Joan.
1079 1962 1173 2000 xxv
1197 1987 1211 2010 ,
1242 1946 1296 2012 9,
1352 1943 1478 2015 10)?
1535 1943 1651 1998 Non
1693 1943 1912 1999 relictus
1948 1952 2032 1998 est
2068 1943 2164 1998 lto-

559 2045 766 2101 minum
798 2043 1029 2114 eloquiis
1051 2041 1118 2097 de
1145 2041 1240 2097 Dei
1279 2040 1441 2095 rebus
1480 2039 1618 2094 alius
1645 2050 1841 2109 praeter
1868 2052 2025 2106 quam
2067 2036 2164 2093 Dei

565 2150 746 2192 sermo
771 2151 785 2189 :
814 2134 994 2190 omnia
1016 2132 1222 2203 reliqua
1245 2141 1295 2187 et
1330 2141 1442 2186 arta
1470 2141 1523 2186 et
1549 2131 1799 2186 conclusa
1827 2139 1882 2184 et
1908 2127 2163 2199 impedita

563 2236 690 2283 sunt
711 2236 766 2281 et
788 2225 1039 2280 obscura.
1066 2222 1123 2280 Si
1146 2225 1265 2294 quis
1289 2221 1412 2278 aliis
1434 2222 1612 2277 verbis
1635 2221 2008 2275 demonstrare
2036 2218 2160 2287 hoc,

559 2335 722 2390 quam
756 2318 948 2389 quibus
973 2332 1002 2371 a
1037 2317 1144 2373 Deo
1177 2317 1375 2372 dictum
1418 2325 1536 2382 est,
1566 2315 1739 2381 volet;
1767 2325 1859 2369 aut
1899 2315 2015 2384 ipse
2055 2328 2161 2368 non

560 2411 844 2482 intelligit,
869 2419 962 2466 aut
988 2409 1290 2480 legentibus
1312 2424 1416 2464 non
1446 2408 1848 2477 intelligendum
1886 2407 2160 2476 relinquit.

562 2505 821 2561 Dominus
845 2505 1014 2570 dixit,
1034 2520 1157 2560 cum
1187 2511 1469 2574 rogaretur
1491 2511 1549 2556 ut
1569 2501 1885 2557 ostenderet
1914 2500 2160 2568 Patrem,

563 2595 666 2663 Qui
688 2613 765 2651 me
779 2597 902 2650 vidit
919 2639 935 2664 ,
957 2597 1082 2651 vidit
1100 2605 1146 2651 et
1171 2595 1402 2651 Putrem.
1431 2595 1543 2650 Hoc
1561 2595 1840 2650 demutare
1860 2592 2161 2648 antichristi

560 2698 680 2757 est,
708 2689 811 2744 hoc
839 2705 1035 2762 negare
1061 2688 1230 2745 Judaei
1260 2698 1344 2746 est
1365 2730 1379 2753 .
1413 2689 1518 2744 boc
1559 2690 1774 2744 nescire
1815 2688 2030 2759 gentilis
2057 2695 2159 2741 est.

557 2783 667 2840 Sed
695 2784 832 2840 torte
872 2784 1239 2854 intelligentia:
1261 2797 1456 2838 sensus
1492 2781 1544 2834 iu
1572 2781 1800 2835 crimine
1842 2781 1931 2834 sit.
1965 2779 2045 2850 (ἀ)
2077 2779 2160 2834 Sit

558 2877 616 2933 in
647 2878 752 2932 ﬁde
779 2886 959 2933 nostra
984 2877 1168 2932 viuum
1189 2916 1203 2940 ,
1232 2877 1276 2930 si
1306 2876 1359 2930 in
1385 2874 1544 2928 dictis
1574 2873 1668 2928 Dei
1695 2871 1893 2928 resedit
1920 2872 2163 2928 obscuri-

558 2977 661 3026 tas.
697 2969 831 3025 Nam
862 2986 960 3026 nec
987 2967 1286 3023 solitarium
1321 2981 1502 3022 sermo
1530 2966 1828 3036 signiﬁcat,
1863 2973 1919 3020 et
1950 2963 2160 3020 indiﬂ'e-

559 3075 771 3120 rentcm
797 3071 973 3116 tamen
1002 3071 1246 3114 naturam
1290 3057 1556 3128 professio
1584 3056 1764 3114 docet.
1801 3055 1984 3112 Visum
2013 3059 2157 3112 enim

2271 1855 2378 1909 nali
2407 1851 2774 1907 detnutatione
2802 1866 2860 1906 se
2889 1867 3028 1905 nunc
3062 1850 3113 1904 in
3152 1850 3256 1903 alin
3280 1847 3593 1902 mentiatur.
3623 1845 3726 1900 Non
3752 1843 3836 1896 ita-

2267 1963 2372 2018 que
2404 1948 2518 2016 ipse
2548 1945 2818 2001 solitarius
2839 1989 2853 2012 ,
2891 1958 3034 1999 nunc
3062 1942 3162 1997 sibi
3192 1943 3331 1997 ﬁlius
3359 1951 3471 2004 est.
3508 1955 3647 1994 nunc
3673 1953 3726 1994 se
3750 1936 3837 1992 sibi

2268 2041 2553 2113 proﬁtetur
2586 2041 2638 2094 in
2673 2048 2916 2112 patrem,
2944 2048 2998 2093 et
3045 2046 3250 2093 natura:
3289 2037 3508 2090 nomina
3547 2033 3705 2088 iul‘ert
3734 2047 3840 2088 ces-

2267 2147 2420 2192 sante
2469 2148 2678 2190 natura.
2731 2134 2848 2188 Alia
2903 2132 2989 2187 hic
3037 2132 3324 2187 verborum
3372 2128 3688 2199 simplicitas
3729 2136 3839 2181 est:

2267 2246 2390 2286 nam
2418 2241 2471 2285 et
2513 2229 2677 2284 Pater
2709 2236 2859 2297 pater
2889 2237 3004 2292 est,
3049 2238 3102 2282 et
3141 2225 3312 2281 Filius
3344 2224 3486 2279 ﬁlius
3526 2233 3628 2278 est.
3673 2221 3768 2276 Sed
3794 2221 3839 2272 in

2267 2320 2352 2376 bis
2396 2320 2702 2376 nominibus
2727 2335 2790 2374 ac
2819 2319 2977 2374 rebus
3023 2318 3152 2373 nihil
3187 2315 3256 2390 (Γ)
3281 2317 3334 2372 in
3369 2333 3429 2370 se
3467 2331 3694 2379 novum,
3723 2311 3842 2366 nihil

2272 2413 2582 2479 diversum,
2620 2411 2860 2480 nihilque
2901 2411 3238 2481 peregrinum
3269 2417 3371 2464 est.
3403 2407 3577 2463 Tenet
3603 2403 3734 2462 enim
3765 2418 3846 2458 na-

2266 2514 2398 2561 tur:c
2429 2505 2626 2560 veritas
2657 2505 3072 2574 proprietatem;
3104 2509 3161 2556 ut
3189 2500 3329 2571 quod
3353 2516 3418 2554 ex
3447 2500 3554 2552 Deo
3579 2505 3692 2560 est,
3718 2495 3845 2549 Deus

2265 2601 2356 2667 sit,
2384 2610 2436 2655 et
2464 2614 2563 2654 nec
2594 2597 2673 2670 (g)
2703 2599 2998 2653 deminutio
3028 2596 3097 2651 sit
3124 2595 3394 2661 nativitas,
3417 2607 3518 2648 nec
3542 2588 3843 2647 diversitas:

2265 2694 2392 2749 dum
2415 2693 2652 2748 etFtlius
2674 2708 2778 2746 non
2804 2693 2855 2745 in
2884 2699 3124 2744 naturam
3153 2697 3432 2745 externam
3460 2701 3522 2740 ac
3548 2682 3844 2740 dissimilem

2272 2787 2409 2856 patri
2446 2786 2554 2840 Deo
2595 2784 2869 2850 subsistit,
2898 2797 2999 2838 nec
3044 2781 3202 2836 Pater
3229 2780 3460 2835 alienum
3490 2777 3617 2846 quid
3645 2777 3709 2831 sit
3743 2791 3770 2829 a
3796 2788 3847 2827 se

2269 2877 2348 2949 (It)
2400 2876 2663 2932 nativitati
2701 2875 2971 2946 Unigeniti
3001 2874 3308 2945 acquireus,
3337 2874 3431 2927 sed
3477 2871 3722 2926 universa
3763 2883 3848 2937 po-

2268 2969 2514 3039 tiusque:
2553 2985 2645 3024 sua
2688 2979 2813 3024 sunt
2840 2970 2956 3024 sine
2985 2968 3182 3022 damno
3219 2965 3580 3036 iinpertientis
3623 2961 3846 3018 indulsit.

2265 3065 2442 3134 Atque
2485 3065 2552 3119 ita
2597 3079 2695 3118 nec
2737 3072 2922 3118 natura
2972 3063 3064 3117 Dei
3105 3069 3292 3127 caret,
3327 3061 3454 3116 dum
3499 3076 3606 3115 non
3647 3056 3850 3113 aliunde

564 3156 645 3228 (2)
671 3156 722 3209 in
755 3153 894 3208 Filio
915 3152 990 3224 (ε)
1014 3162 1066 3208 et
1089 3152 1332 3216 Patrem,
1366 3166 1467 3206 nec
1491 3152 1778 3222 singularis
1803 3159 1982 3222 potest
2003 3165 2154 3216 esse,
2186 3164 2231 3228 ο
2263 3172 2424 3226 quam
2451 3171 2516 3211 ex
2547 3156 2654 3210 Deo
2685 3155 2824 3210 Dens
2851 3163 2963 3218 est;
2997 3169 3098 3209 nec
3138 3168 3169 3206 a
3215 3154 3323 3209 Deo
3353 3152 3564 3219 differt,
3598 3151 3720 3206 dum
3751 3164 3849 3202 non

560 3262 664 3302 nec
704 3245 973 3316 disparis:
1005 3245 1127 3314 quia
1164 3260 1257 3314 per
1305 3242 1448 3298 hunc
1490 3243 1582 3298 ille
1624 3245 1804 3308 visus,
1837 3258 2014 3314 neque
2053 3257 2158 3296 non

560 3355 726 3396 unum
757 3348 882 3394 sunt
917 3338 970 3393 in
1010 3338 1329 3393 sacramenti
1373 3336 1750 3408 professione,
1782 3353 1955 3408 neque
1999 3351 2156 3391 unus.

562 3435 628 3492 Et
657 3449 843 3506 quaero
865 3435 992 3505 quid
1021 3433 1356 3502 signiﬁcasse
1383 3431 1436 3486 in
1465 3446 1532 3486 eo
1578 3429 1838 3486 Dominus
1875 3429 2160 3494 credatur,

559 3543 682 3585 cum
717 3527 875 3582 dicit:
911 3525 1013 3592 Qui
1043 3541 1122 3579 me
1149 3523 1277 3577 vidit
1297 3565 1312 3589 ,
1344 3523 1470 3576 vidit
1500 3530 1546 3576 et
1576 3519 1828 3575 Patrem?
1861 3521 1974 3575 Non
2007 3532 2160 3575 tenes

558 3622 844 3688 unionem,
880 3617 970 3674 ubi
1011 3635 1106 3689 per
1144 3617 1579 3686 conjunctionem
1611 3613 1783 3686 ipsam
1825 3616 2032 3686 paterni
2066 3630 2162 3670 no-

566 3712 728 3767 minis
783 3712 1116 3782 signiﬁcatur
1159 3709 1416 3778 adjectio.
1461 3707 1596 3762 Cum
1661 3708 1804 3762 enim
1851 3707 2079 3774 dicitur,
2111 3716 2159 3760 et

561 3802 804 3871 Patrem,
828 3802 1046 3858 exclusa
1075 3810 1158 3856 est
1179 3800 1469 3872 singularis
1497 3812 1658 3871 atque
1683 3800 1825 3856 unici
1856 3800 2158 3871 intelligen-

563 3896 657 3951 tia.
691 3896 757 3950 Et
785 3893 912 3965 quid
939 3893 1204 3964 reliquum
1235 3901 1348 3960 est,
1380 3893 1481 3948 nisi
1515 3901 1572 3947 ut
1598 3907 1694 3962 per
1724 3903 1930 3948 natura:
1953 3893 2154 3948 unitam

561 3986 966 4045 similitudinem
1000 3987 1160 4042 Pater
1186 4001 1281 4058 per
1309 3985 1505 4042 Filium
1537 3986 1685 4041 visus
1713 3985 1820 4041 sit?
1852 3987 1917 4042 Et
1952 4001 2019 4042 ne
2056 3989 2158 4042 hoc

561 4081 824 4139 incertum
877 4081 1032 4138 nobis
1082 4078 1150 4136 ad
1205 4077 1362 4136 ﬁdem
1415 4079 1849 4150 relinqueretur;
1903 4078 2160 4134 Dominus

562 4175 830 4247 subjecit:
866 4173 1130 4242 Quomodo
1177 4183 1232 4228 tu
1269 4171 1418 4242 dicis,
1467 4171 1688 4229 Ostende
1731 4170 1876 4227 nobis
1907 4170 2159 4228 Patrem?

615 4339 722 4409 ,(1)
763 4334 885 4390 Non
928 4333 1145 4389 omittat.
1179 4330 1350 4389 Paulo
1388 4339 1549 4402 post,
1585 4347 1676 4387 nec
1715 4340 1888 4386 careat
1927 4333 2160 4388 uirtutem

567 4421 786 4465 natura’.

2267 3249 2409 3303 aliud
2446 3249 2559 3319 ipse
2586 3265 2744 3319 quam
2779 3249 2918 3302 Deus
2946 3256 3029 3304 est
3060 3265 3072 3301 :
3103 3246 3224 3318 quia
3257 3254 3313 3301 et
3338 3246 3591 3300 nativitas
3621 3243 3710 3299 Dei
3731 3257 3850 3296 cou-

2265 3342 2405 3397 sistit
2427 3343 2479 3396 in
2505 3342 2638 3398 Filio
2660 3385 2673 3408 ,
2705 3358 2800 3398 nec
2825 3358 2920 3413 per
2945 3342 3275 3396 nativitatem
3299 3341 3394 3396 Dei
3429 3339 3613 3394 amisit
3638 3339 3698 3410 (ἱ)
3718 3353 3778 3392 ex
3800 3351 3850 3390 sc

2264 3433 2361 3490 Dei
2407 3445 2594 3490 natura
2618 3435 2760 3506 quod
2805 3435 2949 3490 Deus
2978 3443 3080 3489 est.
3122 3434 3279 3489 Pater
3308 3434 3470 3505 igitur
3499 3433 3553 3488 in
3586 3431 3716 3486 Filio
3741 3441 3848 3495 est,

2264 3535 2319 3582 et
2347 3527 2512 3581 Filius
2555 3528 2607 3582 in
2638 3527 2828 3592 Patre,
2869 3527 3009 3582 Deus
3037 3528 3088 3582 in
3121 3527 3272 3583 Deo:
3309 3541 3416 3581 non
3457 3541 3556 3596 per
3597 3522 3850 3595 duplicem

2264 3623 2696 3677 convenientium
2735 3637 2991 3692 generum
3035 3621 3508 3690 coitjunctionem,
3555 3635 3729 3689 neque
3767 3633 3851 3689 per

2266 3713 2536 3768 insitivam
2577 3715 2870 3785 capacioris
2917 3714 3230 3770 substantia:
3276 3723 3553 3779 naturam;
3602 3713 3722 3784 quia
3766 3725 3851 3782 per

2266 3805 2604 3874 corporalem
2632 3807 3044 3871 necessitatem,
3088 3807 3360 3861 exteriora
3390 3805 3506 3861 ﬁeri
3552 3805 3634 3859 his
3671 3805 3850 3874 quibus

2267 3898 2612 3952 continentur
2640 3897 2895 3952 interiora
2938 3913 3040 3951 non
3073 3908 3296 3968 possunt
3322 3915 3334 3950 :
3359 3895 3452 3952 sed
3482 3911 3580 3966 per
3619 3894 3849 3950 nativita-

2269 3999 2376 4044 tem
2400 3990 2630 4044 viventis
2649 4005 2713 4045 ex
2739 3991 2956 4044 vivente
2985 4000 3217 4054 naturas;
3243 3990 3367 4044 dum
3400 4005 3486 4044 res
3515 4003 3620 4044 non
3645 3987 3848 4051 differt,

2269 4082 2393 4138 dum
2428 4091 2669 4137 naturam
2702 4082 2794 4136 Dei
2828 4099 2933 4138 non
2966 4081 3258 4150 degenerat
3281 4081 3568 4147 nativitas,
3599 4080 3720 4135 dum
3754 4093 3849 4132 non

2266 4177 2412 4233 aliud
2439 4177 2639 4249 aliquid
2679 4193 2837 4249 quam
2878 4177 2930 4232 in
2972 4177 3142 4234 Deum
3167 4191 3233 4232 ex
3280 4177 3391 4233 Deo
3422 4175 3566 4230 Deus
3596 4174 3847 4240 nascitur,

2340 4334 2417 4408 (2)
2460 4336 2528 4392 In
2549 4335 2692 4394 Filio
2723 4337 2950 4394 Patrem.

643 4523 718 4598 (a)
759 4521 959 4598 Par._in
983 4516 1322 4598 qua.A_Melius
1349 4519 1438 4573 alii
1470 4517 1622 4583 libri,
1655 4532 1718 4572 ea:
1742 4533 1874 4588 qua,
1905 4516 2022 4571 scil.
2051 4526 2159 4584 est,
2189 4519 2244 4580 D
2269 4499 2732 4598 mus-auctoritate
2763 4536 2889 4598 mss.
2925 4519 3176 4598 Proxime
3205 4530 3331 4578 ante
3359 4522 3522 4580 Corb.
3548 4523 3709 4580 codex
3729 4565 3743 4587 ,
3770 4523 3848 4578 sed

567 4592 664 4655 seti
689 4592 931 4650 subsistit
958 4608 1062 4646 non
1084 4592 1330 4644 diversus.

643 4666 718 4740 (ὁ)
756 4665 912 4740 Apud
949 4663 1116 4740 Lips;
1131 4673 1186 4718 et
1220 4661 1342 4740 Par.
1378 4659 1719 4740 desideratur
1753 4672 1856 4713 vox
1886 4659 1997 4728 ipse
2016 4702 2040 4740 ,_
2061 4676 2156 4730 pro

566 4731 671 4812 qua
699 4731 1034 4812 apudBad”
1071 4733 1171 4812 _Er.
1200 4743 1255 4787 et
1299 4731 1350 4786 in
1373 4732 1586 4812 duobus
1630 4744 1760 4784 mss.
1803 4741 1994 4812 esst-ai
2021 4731 2156 4812 ipsa.

567 4800 690 4869 ﬁlex
719 4800 770 4864 iit
795 4808 952 4864 editis
980 4806 1179 4859 amittat
1204 4846 1218 4869 ,
1251 4820 1356 4856 non
1391 4811 1449 4856 ιιι
1478 4804 1530 4856 in
1558 4815 1688 4856 mss.
1714 4800 1920 4855 amittit.
1954 4801 2160 4858 Deinde

567 4899 668 4956 pro
707 4895 904 4956 naturte
930 4878 1125 4956 unitam
1167 4874 1552 4956 similitudinem
1580 4873 1884 4956 ..Εετιςιῐιιιε
1909 4872 1976 4926 ad
2019 4890 2161 4956 mar-

607 4958 744 5011 inem
774 4948 1061 5019 adscripsit
1082 4958 1279 5002 natura:
1308 4945 1974 5019 natiuitassimilitudinem,
1999 4947 2158 5000 male.

607 4972 744 5011 mem
774 4972 1061 5019 auscrtpstt
1082 4972 1279 5002 natura:
1308 4972 1544 5000 nummus
1568 4972 1974 5008 ouuuuuuuscm,
1999 4972 2157 5000 Illinc.

566 4972 781 5083 ﬁnitam
823 5020 1208 5078 similitudinem
1239 5033 1357 5074 eam
1401 5017 1632 5072 Hilarius
1676 5023 1861 5078 voeat,
1893 5031 2012 5085 qua:
2038 5031 2157 5071 cum

569 5109 775 5154 naturae
806 5100 1011 5150 unitate
1040 5090 1323 5161 conjuncta
1367 5090 1455 5145 sit.
1492 5087 1624 5144 Vide
1671 5100 1932 5157 respousa
1967 5087 2157 5158 apolo-

566 5173 744 5241 getica
761 5167 836 5241 _a_d
865 5166 1056 5220 librum
1079 5161 1375 5241 deﬁynod.

642 5240 714 5313 (c)
754 5238 844 5295 Sic
869 5251 998 5313 mss.
1024 5242 1078 5290 et
1102 5231 1255 5301 edit.,
1287 5249 1436 5288 num.
1469 5233 1574 5301 40,
1603 5233 1693 5304 qui
1725 5232 1811 5287 hic
1835 5240 1891 5287 et
1913 5247 2060 5287 num.
2089 5231 2159 5287 '59

569 5308 768 5366 habent
790 5352 804 5375 ,
833 5308 1020 5364 credis.

535 5401 540 5406 ‘
639 5383 721 5457 (ά)
762 5373 922 5444 Editi,
951 5380 1004 5434 in
1027 5375 1237 5433 crimine
1262 5378 1347 5444 sit,
1381 5377 1425 5432 si
1454 5377 1508 5430 in
1536 5377 1637 5446 ﬁde
1661 5394 1678 5430 :
1702 5373 2060 5431 emendantur
2089 5388 2154 5429 ex

569 5469 701 5510 mss.

643 5527 717 5595 (ε)
754 5523 1190 5595 Conjunctiert,
1222 5536 1287 5595 es
1313 5535 1416 5591 qua
1447 5519 1684 5595 maxime
1722 5516 1914 5595 pendet
1935 5517 2032 5595 _vis
2071 5531 2150 5572 ar~

571 5589 811 5667 gumenti
861 5589 1047 5648 contra
1085 5589 1450 5658 Sabellianos,
1498 5592 1548 5646 in
1581 5589 1808 5663 vulgatis
1841 5589 2040 5645 omissa
2069 5604 2157 5644 re-

569 5667 806 5724 stituitur
828 5679 896 5720 ex
926 5678 1058 5720 mss.
2114 5673 2121 5680 '

641 5735 714 5808 (Π
755 5735 890 5792 illud
917 5736 975 5789 in
996 5750 1082 5802 se,
1115 5732 1258 5806 quod
1280 5731 1349 5788 ad
1379 5741 1622 5789 naturam
1661 5732 1926 5800 refertur,
1958 5729 2159 5803 adjeci-

2266 4591 2319 4644 in
2358 4590 2436 4644 his
2463 4591 2695 4645 omnibus
2721 4592 2870 4647 rebus
2893 4610 2912 4648 :
2943 4595 3102 4649 male.
3193 4637 3206 4646 .

2307 4662 2413 4744 .(g)
2436 4661 2583 4744 .Bad.
2615 4671 2686 4744 et
2712 4661 2805 4719 Er.
2840 4682 2933 4744 nec
2965 4667 3318 4744 diminutionis
3351 4666 3424 4744 sit.
3458 4667 3727 4744 natiuitas,
3766 4683 3846 4720 nec

2263 4732 2589 4788 diversitatis.
2632 4733 2776 4806 Lips.
2815 4749 2866 4790 et
2902 4737 3022 4791 Par.
3053 4753 3141 4791 nec
3179 4737 3456 4791 demutatio
3484 4739 3550 4792 sit
3580 4741 3842 4806 gannitus.

2265 4821 2354 4886 nec
2383 4806 2652 4886 diversitas
2674 4795 3124 4886 g'castigantunss
3177 4809 3272 4862 llis
3291 4810 3486 4886 _verbis
3505 4795 3670 4866 Arms
3694 4795 3844 4864 refel?

2264 4876 2390 4958 litur
2406 4919 2430 4958 ,_
2445 4879 2535 4958 qui
2561 4877 2836 4958 Christum
2858 4891 2949 4933 aut
2973 4881 3202 4958 diversae
3223 4880 3539 4958 substantiae
3559 4923 3572 4944 ,
3597 4892 3688 4934 aut
3710 4897 3786 4936 cm
3802 4889 3845 4932 te

2266 4947 2562 5003 divinitatis
2601 4948 2870 5021 inferioris
2907 4962 2962 5006 et
2995 4951 3292 5006 imminuta:
3331 4951 3681 5021 prmdiCubat.
3730 4952 3845 5005 Vide

2266 5033 2448 5088 supra,
2473 5035 2620 5073 nutri.
2653 5019 2706 5074 6.

2339 5089 2420 5165 (ξι)
2462 5090 2607 5145 Unus
2631 5091 2811 5165 codex
2839 5092 3180 5150 Colbertinus
3222 5112 3312 5165 per
3341 5095 3675 5151 nativitatem.
3709 5096 3845 5152 Alter

2261 5159 2493 5217 Sorban.
2533 5163 2813 5217 natiuitate.

2335 5233 2397 5309 (ξ)
2439 5233 2582 5288 Edit.
2629 5233 2758 5290 Bad.
2786 5247 2840 5290 et
2873 5236 2962 5290 Er.
2995 5252 3103 5309 esse
3130 5236 3226 5292 Dei
3255 5249 3460 5295 natura.
3488 5239 3682 5293 Verius
3705 5239 3836 5309 Lips.

2263 5313 2318 5386 ct
2348 5304 2476 5386 Par._
2502 5321 2623 5359 cum
2663 5321 2792 5360 mss.
2827 5323 2890 5362 ea:
2915 5323 3007 5362 se:
3037 5307 3289 5386 hneest,
3318 5311 3478 5386 Pater
3522 5327 3674 5367 suam
3715 5304 3839 5364 Filio

2265 5377 2581 5451 impertiens
2608 5386 2848 5451 naturam
2879 5395 2982 5451 non
3011 5380 3189 5435 amisit
3216 5381 3358 5451 quod
3385 5399 3451 5438 ex
3481 5397 3540 5437 se
3567 5394 3671 5438 est.
3699 5381 3842 5451 Pater

2267 5456 2326 5500 ut
2354 5447 2624 5518 ingenitus
2651 5458 2706 5502 et
2747 5450 2909 5503 tutius
2945 5449 3064 5505 fons
3100 5447 3391 5507 divinitatis
3417 5463 3502 5508 est
3529 5465 3714 5508 natura
3757 5450 3843 5504 Dei

2267 5534 2331 5572 ea:
2350 5535 2625 5594 selquam
2654 5535 2683 5594 a
2717 5519 2872 5594 Patre
2910 5523 3164 5576 obtinens
3199 5523 3369 5579 Filius
3412 5525 3517 5578 diri
3554 5536 3723 5594 potest
3761 5541 3843 5576 na-

2269 5599 2384 5642 tura
2406 5585 2591 5663 Dei‘ea:
2603 5591 2736 5663 tilio.
2765 5592 2880 5660 Qua
2910 5594 3158 5663 loquendi
3187 5597 3394 5650 ratione
3418 5585 3677 5652 habemus
3697 5608 3842 5663 Supra

2268 5676 2420 5744 num.
2451 5661 2516 5716 17
2541 5678 2554 5715 :
2583 5659 2714 5744 gum
2737 5659 2921 5744 natura
2947 5661 3044 5718 Dei
3063 5666 3118 5718 in
3142 5677 3378 5722 naturam
3405 5663 3505 5723 Dei
3529 5659 3841 5730 substitisset,

2264 5732 2320 5787 id
2346 5741 2448 5800 est,
2481 5747 2544 5789 ea:
2575 5730 2730 5792 Patre
2750 5733 2923 5792 Filius
2948 5747 3100 5793 natus
3125 5749 3272 5793 esset.
