3930 6194
117 285 205 343 255

1267 282 1356 342 DE
1394 282 1762 345 TBINITATE
1799 286 2007 347 LIBER
2043 288 2182 351 VIII.

3260 299 3370 361 234

116 399 221 455 dum
257 394 376 452 nihil
415 396 467 454 in
511 394 597 453 his
640 407 834 452 novum
870 403 992 463 est,
1023 397 1157 454 nihil
1203 399 1475 469 alienum,
1526 400 1659 457 nihil
1685 407 1739 466 Α
1764 421 1844 460 me
1883 406 2073 474 (lbid.,
2109 407 2220 477 ll).
2253 405 2393 476 Quid
2440 414 2524 464 est
2553 407 2716 477 istud,
2771 422 2934 482 rogo:
2965 411 3169 469 Credite
3202 418 3367 475 mihi?

118 490 403 561 separabile,
435 488 557 545 dum
584 489 639 543 in
668 489 824 545 Patre
850 501 903 546 et
940 489 1078 545 Filio
1107 493 1331 548 credere
1360 493 1493 549 deos
1522 493 1660 548 duos

116 585 302 654 impium
328 590 437 649 est,
460 583 584 638 dum
608 582 821 639 Patrem
840 592 894 638 et
918 583 1120 641 Filium
1137 586 1459 656 singularem
1492 587 1657 643 Deum

115 676 371 750 pradicare
413 676 729 749 sacrilegum
758 685 873 743 est,
901 677 1028 733 dum
1061 677 1227 734 Deum
1259 695 1326 735 ex
1369 680 1477 735 Deo
1514 678 1659 750 quod

114 772 157 828 in
175 767 494 827 similitudine
511 769 727 841 generis
746 786 910 827 unum
929 772 1037 827 sint
1058 787 1257 845 negare
1277 771 1657 844 blasphemum

114 873 200 922 est.

169 955 245 1015 40.
280 954 386 1012 Nec
410 955 552 1012 aliud
585 966 735 1025 sunt,
764 974 858 1013 nec
882 974 1015 1013 unus
1037 974 1058 1015 :
1084 959 1209 1015 dum
1245 969 1293 1015 et
1318 959 1543 1032 loquitur
1563 958 1661 1013 Fi-

113 1051 222 1119 lius,
248 1050 329 1106 sed
352 1066 449 1105 non
486 1069 517 1106 a
554 1067 609 1107 se
631 1068 651 1108 :
680 1053 805 1107 dum
839 1051 995 1108 Pater
1030 1054 1173 1125 agit,
1205 1053 1297 1109 sed
1331 1070 1420 1123 per
1463 1052 1661 1108 Filium

112 1147 153 1202 in
173 1163 256 1217 quo
281 1154 324 1201 et
352 1155 567 1202 maneat.
589 1176 665 1187 —
691 1147 772 1204 Ac
801 1162 871 1204 ne
896 1148 1120 1204 dubium
1155 1147 1258 1204 hoc
1293 1156 1457 1219 atque
1484 1147 1658 1203 ambi-

107 1255 241 1311 guum
259 1248 637 1315 sacramentum
667 1240 800 1297 ﬁdes
821 1242 1133 1313 evangelica
1159 1244 1494 1315 susciperet,
1518 1243 1660 1298 hunc

109 1332 326 1389 doctrinae
351 1348 456 1388 sum
483 1334 742 1389 Dominus
772 1333 1016 1390 ordinem
1058 1336 1267 1390 tenuit:
1302 1334 1427 1389 Non
1453 1335 1660 1390 creditis

108 1423 239 1488 mihi,
280 1423 508 1492 quoniam
552 1440 647 1497 ego
694 1426 750 1479 in
801 1424 992 1493 Patre,
1028 1424 1110 1498 (l)
1156 1436 1208 1480 et
1237 1425 1396 1481 Pater
1442 1426 1498 1480 in
1543 1426 1663 1481 me?

118 1513 256 1571 Verbo
290 1532 391 1588 quas
428 1532 517 1589 ego
560 1519 741 1589 loquor
769 1519 940 1587 vobis,
994 1536 1097 1574 non
1133 1536 1165 1573 a
1200 1536 1279 1575 me
1315 1519 1533 1590 loquor;
1571 1519 1661 1574 sed

106 1608 255 1678 Pater,
277 1611 355 1680 qui
377 1611 430 1664 in
450 1626 529 1664 me
550 1620 741 1677 manet,
768 1612 876 1682 ipse
897 1612 1019 1681 facit
1040 1628 1197 1681 opera
1219 1629 1315 1666 sua
1337 1609 1394 1683 (1
1398 1629 1515 1666 oan.
1542 1627 1659 1681 xw,

109 1702 197 1776 10).
222 1704 429 1773 Quibus,
455 1720 610 1776 rogo,
654 1704 775 1761 aliis
801 1706 853 1760 in
882 1705 1043 1762 Patre
1063 1718 1117 1761 et
1145 1706 1287 1763 Filio
1314 1717 1517 1763 naturae
1537 1721 1664 1777 pro-

1763 494 1921 553 Certe
1946 498 2014 552 ad
2058 498 2108 552 id
2141 498 2377 555 refertur
2400 500 2541 572 quod
2574 500 2775 556 dictum
2807 512 2919 558 est:
2957 503 3182 562 Ostende
3221 510 3367 564 nobis

1764 587 1991 645 Patrem.
2045 590 2205 647 Fides
2247 591 2600 648 continuatur
2641 609 2709 649 ex
2748 595 3005 652 credendi
3053 614 3362 671 pra-cepto,

1762 694 1817 740 et
1860 700 1923 741 ea
1960 685 2096 742 ﬁdes
2127 687 2201 759 (b)
2229 703 2349 758 quas
2381 690 2593 745 Patrem
2624 690 2725 745 sibi
2751 690 2964 748 ostendi
3014 706 3359 764 poposcerat.

1759 775 1878 833 Non
1909 778 2052 836 enim
2098 778 2388 837 suﬁ‘eeerat
2422 781 2661 838 dixisse:
2697 782 2799 850 Qui
2837 798 2916 838 me
2958 785 3116 851 vidit,
3149 786 3273 841 vidit
3314 796 3365 843 et

1764 867 2009 936 Patrem,
2037 869 2141 926 nisi
2189 870 2597 942 intelligentiam
2638 883 2880 930 nostram
2914 890 2980 932 eo
3021 891 3189 947 usque
3228 891 3355 948 pro-

1763 961 2042 1027 tenderet,
2069 970 2127 1018 ut
2168 977 2290 1019 cum
2318 963 2533 1021 Patrem
2567 980 2917 1024 nosceremus
2959 968 3011 1024 iu
3062 969 3240 1039 Filio,
3268 970 3358 1028 Fi-

1761 1052 1892 1109 lium
1926 1062 2105 1110 tamen
2147 1070 2270 1113 esse
2299 1056 2734 1114 meminissemus
2775 1060 2827 1114 in
2856 1060 3051 1117 Patre‘:
3082 1078 3150 1119 ue
3178 1070 3362 1121 trans-

1761 1144 1903 1203 fusio
1931 1149 2107 1219 potius
2128 1148 2351 1206 alterius
2384 1150 2437 1204 in
2469 1149 2696 1207 alterum
2719 1153 3130 1211 existimaretur
3149 1198 3167 1222 ,
3197 1172 3360 1228 quam

1764 1254 1861 1310 per
1887 1242 2293 1311 generationem
2338 1244 2779 1315 uativitatemque
2821 1246 2999 1303 unitas
3029 1249 3273 1318 ejusdem
3306 1252 3357 1306 in

1763 1341 1992 1404 utroque
2021 1345 2247 1389 naturai.
2275 1333 2435 1390 Credi
2474 1336 2656 1406 itaque
2683 1337 2782 1393 sibi
2814 1338 3074 1397 Dominus
3104 1344 3248 1409 vult,
3293 1359 3361 1399 ne

1762 1422 1904 1481 forte
1926 1440 2020 1495 per
2039 1427 2203 1499 209
2221 1430 2478 1498 assumpti
2495 1427 2730 1485 hominis
2756 1429 3208 1503 dispensationem
3239 1436 3359 1493 ﬁdei

1764 1519 2091 1574 conscientia
2137 1518 2492 1590 periclitetur.
2523 1520 2681 1582 Certe
2715 1522 2763 1577 si
2792 1523 2921 1594 quid
2951 1524 3142 1582 aﬁ‘erat
3182 1528 3360 1585 ambi-

1763 1610 1982 1680 guitatis
2008 1624 2167 1678 caro,
2198 1619 2252 1666 et
2273 1625 2505 1681 corpus,
2528 1622 2582 1668 et
2613 1615 2824 1683 passio:
2858 1615 2938 1669 vel
2961 1617 3216 1687 Operibus
3240 1634 3364 1675 ere-

1764 1700 1956 1767 datur,
2001 1702 2170 1760 Deum
2213 1703 2266 1758 in
2298 1702 2410 1759 Deo
2439 1719 2596 1772 esse,
2626 1715 2681 1760 et
2730 1721 2800 1762 ex
2845 1707 2959 1764 Deo
3010 1709 3178 1766 Deum
3220 1726 3363 1779 esse,

84 1785 272 1866 'prietas
319 1797 708 1864 demonstrari,
743 1813 903 1869 quam
936 1797 1021 1853 his
1071 1798 1202 1868 ipsis
1254 1798 1455 1867 verbis,
1490 1798 1662 1869 potuit
1689 1804 1738 1866 Β
1766 1810 1931 1850 unum
1971 1810 2067 1851 eos
2104 1809 2264 1851 esse:
2298 1796 2426 1852 dum
2473 1788 2678 1854 natura:
2717 1800 2915 1857 virtute
2954 1812 3179 1874 uterque
3219 1808 3271 1861 in
3302 1818 3364 1863 se

106 1897 148 1945 et
175 1899 349 1960 pateat,
379 1890 672 1945 nativitatis
702 1891 957 1945 tamenin
987 1891 1239 1946 omnibus
1270 1890 1662 1962 signiﬁcatione

104 1982 317 2052 pnelata?
343 1982 472 2039 Cum
504 1985 652 2040 enim
680 1984 845 2057 208
866 1984 978 2039 ait:
1010 1983 1178 2039 Verba
1203 2000 1318 2055 quia
1355 2001 1447 2059 ego
1486 1988 1664 2055 loquor

104 2074 239 2141 vobis,
258 2092 353 2130 non
372 2092 403 2129 a
428 2092 510 2131 me
528 2077 744 2147 loquor;
775 2092 882 2131 non
911 2077 1114 2133 exemit
1147 2093 1428 2148 personam
1450 2118 1465 2143 ,
1491 2093 1666 2149 neque

103 2185 151 2226 se
173 2170 319 2226 lilium
344 2172 672 2243 denegavit,
705 2186 805 2227 nec
830 2179 1078 2226 naturam
1112 2173 1163 2226 in
1195 2187 1255 2228 se
1287 2182 1527 2242 paterna:
1552 2170 1664 2225 vir-

107 2266 205 2321 tutis
221 2266 508 2322 abscondit.
532 2264 671 2321 Nam
698 2265 825 2320 dum
847 2265 1082 2336 loquitur
1105 2266 1221 2336 ipse
1245 2267 1511 2338 (signatus
1542 2278 1669 2335 pro-

106 2358 285 2415 nomine
311 2363 458 2431 ego),
489 2358 545 2412 in
595 2356 893 2413 substantia
940 2372 1167 2413 manens
1216 2358 1497 2429 loquitur:
1538 2356 1666 2412 dum

108 2460 251 2507 autem
279 2467 378 2508 non
411 2453 478 2507 ab
503 2467 567 2509 se
604 2451 874 2524 loquitur,
905 2451 1247 2507 nativitatem
1291 2455 1343 2508 in
1381 2468 1440 2508 se
1469 2451 1562 2508 Dei
1599 2467 1669 2508 ex

110 2544 197 2601 Deo
230 2558 371 2617 patre
400 2555 651 2603 testatur.
686 2547 805 2616 lp‘se
848 2547 901 2601 iu
949 2546 1270 2617 separabilis
1305 2548 1373 2604 ab
1400 2562 1468 2604 eo
1508 2557 1670 2619 atque

109 2636 401 2694 indissimilis
428 2638 645 2696 unitate
674 2644 881 2695 natura:
908 2658 922 2695 :
952 2638 1074 2709 quia
1106 2639 1352 2709 quamvis
1381 2640 1450 2698 ab
1492 2655 1560 2696 eo
1589 2640 1672 2698 lo-

109 2743 297 2803 quatur,
332 2735 446 2806 ipse
490 2742 676 2791 tamen
714 2734 973 2804 loquitur.
1000 2732 1136 2788 Nam
1171 2733 1266 2805 qui
1292 2750 1400 2788 non
1444 2749 1474 2789 a
1504 2749 1564 2790 se
1594 2733 1674 2790 loc

110 2828 289 2897 quitur,
314 2839 366 2884 et
392 2839 581 2885 tamen
614 2828 882 2900 loquitur,
920 2842 1028 2883 non
1054 2836 1236 2897 potest
1267 2842 1374 2883 non
1397 2842 1518 2883 esse
1543 2828 1672 2883 dum

110 2918 342 2990 loquitur:
370 2932 421 2977 et
451 2921 584 2977 dum
633 2936 742 2976 non
790 2935 821 2975 a
862 2935 923 2976 se
974 2920 1246 2992 loquitur,
1289 2921 1529 2976 ostendit
1563 2935 1673 2976 non

111 3024 237 3067 suum
260 3023 456 3069 tantum
484 3028 614 3070 esse
641 3012 784 3084 quod
814 3012 1069 3083 loquitur.
1095 3012 1335 3083 Subjecit
1360 3014 1504 3069 enim
1528 3032 1542 3068 :
1566 3012 1675 3070 Sed

114 3103 271 3174 Pater,
297 3109 382 3181 qui
410 3109 466 3163 in
497 3125 584 3164 me
606 3117 774 3164 manet
797 3148 812 3171 .
839 3109 951 3180 ipse
974 3108 1096 3179 facit
1127 3125 1285 3179 opera
1309 3125 1426 3165 sua.
1455 3109 1676 3166 Manere

1763 1899 1880 1954 est,
1910 1900 1964 1945 et
1995 1898 2185 1945 neuter
2214 1891 2333 1947 sine
2369 1892 2545 1948 altero
2572 1880 2688 1948 el:
2721 1893 2846 1948 dum
2873 1903 2929 1951 et
2954 1896 3114 1954 Pater
3139 1900 3271 1954 nihil
3300 1917 3368 1957 ex

1762 1984 1876 2039 suis
1903 1983 2106 2039 amittit
2127 1984 2179 2039 in
2202 1982 2343 2040 Filio
2363 2028 2379 2053 ,
2411 1996 2467 2042 et
2497 1984 2666 2041 Filius
2699 1996 2868 2043 totum
2908 1994 3077 2044 sumit
3111 2007 3177 2047 ex
3206 1993 3368 2052 Patre

1764 2076 1906 2149 quod
1946 2077 2088 2133 ﬁlius
2118 2086 2220 2135 est.
2251 2077 2368 2133 Non
2399 2090 2482 2135 est
2511 2080 2874 2151 corporalium
2917 2091 3230 2141 naturarum
3267 2088 3367 2144 ista

1765 2169 2004 2226 conditio
2030 2211 2045 2236 ,
2075 2178 2134 2225 ut
2172 2169 2338 2225 insint
2368 2171 2468 2227 sibi
2499 2171 2764 2241 invicem,
2800 2186 2858 2229 ut
2903 2175 3245 2233 subsistentis
3274 2193 3373 2234 ua-

1768 2272 1904 2320 tura:
1937 2264 2171 2320 habeant
2201 2265 2499 2336 perfectam
2529 2268 2788 2324 unitatem
2808 2310 2824 2335 ,
2853 2280 2910 2324 ut
2936 2286 3159 2327 manens
3183 2272 3371 2345 unige-

1766 2356 1866 2414 niti
1913 2357 2166 2413 uativitas
2208 2372 2239 2411 a
2280 2365 2519 2428 paternae
2563 2359 2859 2415 divinitatis
2895 2362 2967 2415 sit
2998 2364 3372 2434 inseparabilis

1769 2450 2019 2507 veritate.
2052 2448 2342 2520 Uuigenito
2384 2460 2589 2504 tantum
2620 2450 2761 2507 ismd
2804 2453 2917 2509 Deo
2950 2457 3224 2524 proprium
3251 2467 3370 2525 est,

1770 2554 1825 2602 et
1848 2544 1904 2600 iu
1931 2553 2270 2600 sacramento
2302 2559 2448 2599 vera:
2490 2545 2779 2601 nativitatis
2825 2544 2957 2601 ﬁdes
3011 2548 3113 2603 ista
3153 2556 3273 2616 est,
3320 2559 3377 2606 et

1771 2637 1846 2711 (c)
1874 2637 2132 2709 spiritalis
2163 2636 2377 2692 virtutis
2401 2636 2506 2693 hoc
2536 2653 2672 2708 opus
2698 2647 2803 2705 est,
2832 2640 2966 2695 nihil
2992 2640 3209 2700 diﬁerre
3249 2658 3373 2701 esse

1771 2738 1829 2786 et
1875 2730 2054 2787 inesse
2088 2747 2101 2783 :
2134 2731 2297 2803 κιο
2332 2730 2511 2786 inesse
2539 2741 2720 2787 autem
2751 2747 2859 2787 non
2885 2732 3031 2789 aliud
3061 2734 3114 2789 iu
3141 2736 3284 2803 alio,
3317 2748 3376 2793 ut

1774 2837 1970 2894 corpus
1998 2822 2051 2878 iu
2082 2836 2347 2892 corpore;
2372 2822 2468 2878 sed
2499 2823 2569 2877 ita
2605 2838 2728 2880 esse
2763 2839 2828 2880 ac
2870 2825 3204 2894 subsistere,
3235 2837 3294 2884 ut
3319 2828 3373 2884 in

1775 2914 2107 2972 subsistente
2131 2913 2288 2979 insit;
2326 2914 2397 2968 ita
2425 2929 2555 2970 vero
2586 2915 2766 2972 inesse
2788 2957 2802 2981 ,
2836 2928 2893 2972 ut
2930 2925 2988 2972 et
3015 2918 3130 2988 ipse
3169 2920 3377 2975 subsis-r

1777 3017 1874 3065 tat.
1916 3009 2048 3063 Nam
2095 3015 2322 3079 uterque
2351 3008 2682 3075 subsistens,
2719 3024 2816 3081 per
2860 3011 2911 3066 id
2953 3028 3063 3067 non
3104 3012 3222 3069 sine
3267 3015 3376 3071 alio

1778 3109 1894 3169 est,
1926 3101 2009 3174 (ά)
2036 3100 2163 3155 dum
2196 3100 2494 3157 secundum
2522 3105 2926 3173 generationem
2957 3114 3013 3161 et
3041 3107 3377 3164 nativitatem

113 3195 153 3250 in
173 3198 293 3255 Filio
318 3200 569 3271 Patrem,
596 3216 706 3257 non
730 3211 815 3258 est
842 3202 1129 3273 singularis
1150 3213 1311 3273 atque
1333 3201 1473 3257 unici
1499 3221 1512 3257 :
1546 3217 1678 3271 ope-
1702 3190 1749 3254 C
1782 3194 2126 3251 subsistentis
2150 3206 2339 3251 natura
2376 3211 2481 3252 non
2506 3196 2609 3252 alia
2635 3206 2737 3253 est.
2769 3198 2905 3254 Hinc
2931 3201 3074 3255 enim
3099 3200 3232 3257 illud
3260 3211 3375 3259 est:

112 3291 199 3346 rari
220 3308 339 3349 vero
368 3312 464 3365 per
492 3294 692 3351 Filium
721 3295 939 3351 Patrem
957 3336 971 3359 .
1005 3310 1111 3350 non
1144 3306 1228 3351 est
1256 3293 1558 3351 differentis
1586 3303 1681 3350 aut

112 3386 270 3439 exteri.
297 3386 465 3443 Sicuti
510 3404 622 3445 nou
667 3396 824 3445 unius
849 3394 967 3454 est,
1009 3402 1117 3441 non
1161 3385 1230 3441 ab
1276 3401 1336 3441 se
1385 3386 1531 3457 loqui
1561 3401 1683 3457 quas

114 3473 352 3546 loquatur;
385 3496 567 3552 neque
598 3495 813 3536 rursum
843 3477 1007 3534 alieni
1032 3494 1096 3534 ac
1128 3477 1445 3549 separabilis
1471 3478 1575 3544 sit,
1605 3476 1684 3533 lo-

113 3567 185 3637 qui
200 3584 284 3639 per
302 3571 617 3644 loquentem
642 3589 658 3629 :
682 3572 777 3628 sed
806 3575 906 3627 hoc
927 3586 1116 3627 eorum
1144 3579 1539 3627 sacramentum
1562 3580 1647 3626 est
1664 3609 1682 3637 ,

112 3663 182 3732 qui
221 3681 373 3722 unum
421 3674 576 3723 sunt.
620 3664 702 3737 (2)
741 3665 819 3739 (a)
850 3666 918 3722 Et
948 3678 1174 3738 uterque
1207 3683 1313 3722 non
1340 3666 1485 3722 aliud
1521 3673 1680 3733 sunt,

115 3757 187 3824 qui
217 3774 301 3828 per
325 3770 535 3817 naturae
569 3760 953 3832 proprietatem
993 3758 1048 3815 in
1085 3774 1208 3815 sese
1250 3768 1414 3816 sunt:
1454 3773 1685 3831 quorum

112 3847 207 3906 hac
228 3850 394 3909 unitas
430 3864 556 3920 est,
589 3859 649 3907 ut
672 3852 897 3923 loquens
935 3867 1044 3908 non
1072 3851 1142 3907 ab
1176 3865 1235 3906 se
1275 3851 1557 3923 loquatur;
1590 3866 1687 3906 ue-

114 3955 196 4013 qae
211 3942 294 4014 qui
312 3961 418 4002 non
438 3945 510 4000 ab
530 3959 595 4002 se
622 3943 891 4017 loquitur,
922 3960 1032 4002 non
1061 3945 1326 4017 loquatur.
1358 3945 1427 4000 Et
1464 3942 1588 4015 quia
1629 3942 1686 4000 iu

114 4046 159 4089 se
192 4032 392 4093 Patrem
430 4044 492 4094 et.
535 4036 685 4107 loqui
729 4044 787 4092 et
826 4036 1042 4107 operari
1089 4035 1383 4102 docuerat;
1429 4034 1688 4106 perfecta:

116 4124 247 4196 hujus
269 4131 489 4186 unitatis
516 4129 681 4185 ﬁdem
717 4130 932 4196 statuit,
965 4128 1188 4186 dicens:
1227 4128 1333 4185 Sed
1374 4126 1533 4183 Pater
1553 4168 1568 4196 ,
1599 4126 1689 4199 qui

116 4218 240 4277 inme
263 4232 459 4291 manet,
482 4224 597 4296 ipse
632 4222 757 4294 facit
785 4239 942 4296 opera
968 4240 1083 4278 sua.
1127 4223 1330 4279 Credite
1357 4222 1486 4276 mihi
1508 4264 1520 4286 ,
1552 4238 1693 4294 quoe

117 4312 231 4365 aiam
254 4331 341 4386 ego
376 4317 432 4370 in
484 4314 681 4381 Patre,
711 4323 758 4370 et
803 4314 963 4370 Pater
988 4316 1042 4370 in
1078 4331 1177 4371 me.
1221 4315 1318 4371 Sin
1365 4324 1568 4380 autem,
1610 4314 1690 4370 uel

118 4414 290 4475 propter
322 4424 480 4478 opera
520 4409 635 4480 ipsa
664 4408 855 4463 credite
885 4406 1074 4478 (lbid.,
1098 4404 1209 4479 Η).
1236 4406 1399 4463 Pater
1433 4414 1690 4479 operatur

118 4498 161 4554 in
178 4500 331 4570 Filio;
361 4504 458 4560 sed
478 4513 537 4560 et
564 4503 733 4560 Filius
757 4518 895 4572 Opus
922 4504 1097 4558 Patris
1122 4512 1399 4574 operatur.

1783 3289 1895 3362 Ego
1923 3299 1973 3344 et
2005 3288 2164 3345 Pater
2191 3306 2351 3344 unum
2374 3306 2585 3357 sumus,
2616 3302 2709 3347 et:
2741 3290 2843 3356 Qui
2868 3309 2951 3348 me
2985 3294 3138 3361 uidit,
3170 3296 3295 3351 vidit
3334 3308 3383 3352 et

1784 3382 2025 3448 Patrem,
2052 3391 2106 3438 et
2131 3399 2144 3436 :
2176 3381 2288 3453 Ego
2332 3383 2388 3436 in
2417 3380 2574 3438 Patre
2594 3424 2609 3451 ,
2637 3394 2686 3439 et
2727 3382 2889 3441 Pater
2912 3387 2965 3440 in
3001 3404 3080 3441 me
3104 3387 3285 3460 (Joan.
3313 3407 3380 3455 χ,

1779 3475 1892 3543 29;
1927 3474 2034 3542 1b.,
2069 3491 2187 3541 xxv,
2220 3476 2281 3543 9;
2315 3473 2477 3542 Ibid,
2505 3476 2635 3545 ll):
2671 3477 2797 3548 quia
2825 3494 2930 3534 non
2957 3480 3138 3537 diﬁ‘ert
3162 3498 3263 3539 nec
3288 3484 3383 3541 de-

1784 3577 2007 3641 generat
2030 3569 2315 3636 uativitas,
2349 3571 2473 3638 quia
2503 3570 2663 3624 unius
2687 3571 2739 3625 iu
2768 3570 2927 3627 Patre
2949 3583 3003 3628 et
3025 3572 3164 3629 Filio
3190 3575 3385 3632 divini-

1788 3661 1911 3717 tatis
1932 3669 2327 3717 sacramentum
2348 3660 2641 3721 nativitatis
2661 3671 2847 3718 natura
2866 3676 3236 3734 consummat,
3257 3668 3385 3724 dum

1787 3757 1885 3815 Dei
1920 3757 2061 3814 ﬁlius
2101 3774 2207 3813 nou
2244 3756 2391 3813 aliud
2421 3773 2580 3826 quam
2612 3758 2757 3815 Deus
2783 3768 2885 3816 est.
2921 3761 2990 3817 Et
3028 3762 3233 3820 idcirco
3274 3780 3383 3821 non

1788 3852 1843 3909 iu
1871 3853 2003 3909 deos
2045 3852 2182 3909 duos
2214 3851 2478 3923 unigeniti
2503 3853 2781 3924 generatio
2818 3853 3105 3925 deputatur
3133 3874 3147 3911 :
3180 3858 3303 3929 quia
3333 3859 3386 3915 in

1788 3945 1960 4002 Deum
2001 3944 2142 4001 ﬁlius
2170 3944 2268 4000 Dei
2314 3958 2578 4011 nascens,
2613 3955 2861 4002 naturam
2890 3945 2946 4003 in
2986 3963 3047 4005 se
3083 3949 3179 4007 Dei
3207 3965 3268 4007 se
3310 3951 3388 4023 εἰς

1790 4040 2003 4111 gueutis
2032 4038 2296 4096 exhibuit.

2106 4177 2465 4250 211-212
2516 4174 2722 4231 LIBER
2769 4172 3107 4234 OCTAVUS.

1793 4312 2100 4370 Naturalem
2142 4310 2273 4366 Filii
2313 4318 2360 4364 et
2397 4309 2567 4365 Patris
2596 4310 2841 4366 unitatem
2874 4322 3184 4385 propugnat.
3217 4313 3398 4372 I’row-

1864 4409 2025 4463 mium
2073 4406 2127 4460 in
2177 4420 2235 4459 eo
2287 4413 2556 4471 versatur,
2600 4414 2658 4460 ut
2703 4405 2943 4477 episcOpo
3003 4424 3096 4464 nec
3154 4409 3399 4467 irrueren-

1867 4501 1990 4556 tiam
2026 4498 2137 4553 sine
2195 4496 2407 4552 scientia
2436 4539 2450 4561 ,
2518 4513 2611 4552 nec
2656 4498 2767 4552 sine
2806 4498 3094 4555 innocentia
3134 4503 3398 4559 scientiam

173 4594 253 4652 Η.
291 4596 592 4653 Natiuitatis
629 4608 679 4653 et
722 4607 925 4653 natura!
962 4613 1072 4653 sua:
1116 4597 1304 4653 diuinae
1331 4598 1487 4667 ﬁdem
1521 4597 1676 4671 poscit

1862 4593 2091 4665 sufﬁcere
2126 4588 2377 4645 ostendat.
2412 4589 2543 4644 Tum
2573 4592 2689 4662 pius
2717 4607 2860 4662 teque
2888 4608 2950 4646 ac
2983 4593 3163 4649 doetus
3192 4594 3398 4650 Prcesul

120 4685 338 4745 Christus.
370 4692 651 4764 Unigenito
694 4693 963 4764 praprinm
998 4701 1072 4747 est
1116 4693 1280 4746 inesse
1305 4692 1460 4747 simul
1486 4700 1533 4747 et
1566 4690 1688 4746 sub-

116 4778 281 4838 sistere.
305 4810 376 4829 ο-
398 4784 482 4842 Ne
522 4802 650 4857 ergo
696 4802 791 4857 per
819 4785 1031 4841 virtutis
1075 4786 1417 4842 efﬁcientiam
1440 4827 1453 4851 ,
1482 4797 1538 4842 et
1581 4801 1687 4842 non

120 4884 412 4940 peruatura:
443 4893 567 4948 (ιιιω
593 4876 889 4934 secundum
920 4877 1251 4933 nativitatem
1279 4886 1364 4934 est
1387 4879 1689 4949 proprieta-

120 4971 241 5034 tem,
266 4967 426 5027 Pater
455 4972 511 5026 in
542 4969 677 5027 Filio
707 4980 762 5028 et
803 4973 1014 5043 operari
1054 4971 1368 5028 crederetur
1420 4981 1472 5029 et
1507 4972 1691 5044 loqui;

118 5056 205 5113 ait:
226 5059 426 5118 Credite
452 5063 614 5132 mihi,
646 5064 887 5135 quoniam
926 5081 1016 5137 ego
1045 5066 1099 5119 in
1130 5063 1318 5133 Patre,
1359 5075 1407 5120 et
1449 5065 1609 5120 Pater
1635 5065 1692 5119 in

179 5199 252 5273 (I)
288 5199 354 5257 Et
383 5200 547 5258 Pater
568 5204 621 5258 in
648 5219 727 5260 me
751 5204 860 5259 est?

180 5315 253 5400 (at
286 5316 378 5373 Sic
406 5319 591 5389 potior
612 5319 783 5400 codex
812 5317 966 5377 Colb.
996 5318 1347 5400 eum__Germ.
1378 5319 1489 5400 Alii
1510 5335 1698 5400 _vero2

122 5392 382 5469 quintum
411 5400 569 5469 sunt,
593 5392 682 5460 qui
707 5401 913 5463 uterque
944 5410 1046 5449 non
1074 5393 1218 5448 aliud
1243 5403 1391 5459 sunt,
1423 5394 1525 5450 nisi
1556 5392 1702 5466 quod

123 5458 171 5512 in
192 5458 337 5515 last.
364 5473 417 5517 et
439 5463 534 5534 qui
555 5458 789 5533 uterque,
819 5458 925 5519 etc.

185 5548 256 5630 (lt)
293 5552 388 5608 Er.
421 5551 573 5623 Lips.
605 5565 658 5610 et
679 5553 802 5610 Par.
818 5572 949 5630 qua.
993 5555 1160 5630 Magis
1184 5556 1392 5630 placuit
1429 5573 1542 5630 qute
1582 5571 1705 5614 cum

127 5618 247 5677 ΜΖ
271 5635 327 5679 et
372 5618 511 5680 mss;
543 5641 766 5694 quorum
816 5618 870 5683 in
915 5618 1301 5685 vetusﬁori'bus
1353 5618 1477 5686 mo'x
1534 5637 1710 5685 exstat

129 5704 373 5763 posceret,
396 5710 511 5750 non
544 5709 860 5769 poposcerat.

1866 4687 2031 4741 uarias
2069 4682 2136 4736 ad
2176 4681 2433 4753 simplices
2477 4682 2802 4753 decipiendos
2845 4683 3158 4739 Arianorum
3191 4687 3400 4741 teelmas

1869 4778 2180 4851 [allacesque
2217 4774 2733 4846 interrogatiunculas
2763 4776 2991 4847 exponit.
3027 4777 3159 4842 Quia
3178 4792 3295 4832 vero
3320 4776 3401 4833 illi

1868 4871 2060 4928 Christi
2098 4868 2268 4933 verba,
2299 4869 2408 4938 Ego
2435 4877 2489 4923 et
2527 4868 2688 4923 Pater
2716 4884 2879 4923 unum
2909 4882 3096 4923 sumus
3128 4868 3198 4922 ad
3235 4871 3403 4926 solam

1869 4963 2145 5020 uoluntatis
2168 4960 2493 5017 concordiam
2519 4959 2835 5029 detorquent,
2865 4976 3074 5027 eamque
3100 4962 3406 5035 interprete.

1872 5058 2062 5113 tionem
2098 5055 2178 5108 Itis
2206 5053 2324 5109 aliis
2352 5052 2658 5122 conﬁrmare
2689 5052 2872 5108 solent.
2909 5051 3252 5112 Credeutium
3285 5067 3406 5116 erat

1875 5196 1952 5271 (Ξ)
1994 5195 2095 5262 Qui
2126 5205 2353 5267 uterque.

1807 5322 2149 5391 opponantur
2175 5311 2419 5391 proxime
2439 5310 2618 5376 dictis,
2642 5310 2766 5369 Non
2793 5324 2870 5370 est
2889 5319 3236 5391 corporalium
3257 5332 3410 5381 natu~

1808 5383 1991 5441 rarum
2014 5388 2115 5439 ista
2132 5383 2372 5438 conditio.

1886 5457 1968 5532 (_d)
1990 5456 2144 5532 Apud
2173 5456 2292 5509 Par.
2318 5453 2937 5532 desideraturparticnla
2961 5461 3103 5517 dum.
3129 5465 3251 5525 Mox
3276 5470 3411 5532 Bad,

1811 5539 1867 5612 et
2004 5527 2302 5612 subsistens.
2336 5525 2522 5612 Melius
2543 5528 2635 5583 alii
2661 5525 2801 5612 libri,
2821 5531 3156 5600 subsistentis,
3181 5525 3411 5612 supple

1811 5601 2113 5687 utriusque:
2144 5599 2245 5652 hoc
2273 5597 2544 5687 estttlum
2580 5616 2685 5655 non
2714 5602 2816 5654 alia
2848 5613 3034 5687 natura
3065 5597 3154 5664 est
3175 5597 3297 5682 ejuis
3319 5597 3414 5687 qui

1816 5672 2114 5745 secundum
2137 5670 2564 5745 generationem,
2595 5686 2689 5726 seu
2713 5689 2817 5740 qua
2840 5676 3052 5745 genitor
3075 5693 3179 5745 est,
3203 5670 3415 5744 ἒιιιιεῖεᾷ

1818 5743 1901 5808 tit,
1934 5755 1987 5797 et
2017 5741 2135 5812 ejus
2176 5741 2265 5812 qui
2307 5740 2552 5795 subsistit
2589 5740 2884 5802 secundum
2921 5740 3285 5823 nativitatem,
3318 5740 3417 5814 seu

190 5804 257 5879 (ε)
285 5805 420 5865 Bad.
463 5816 527 5865 et
571 5806 666 5864 Er.
698 5811 928 5880 specialis
954 5830 975 5870 :
1019 5814 1199 5871 minus
1227 5813 1387 5883 bene,
1431 5827 1553 5871 cum
1598 5811 1715 5870 hrec
1818 5804 1921 5887 qua
1952 5804 2129 5869 natus.

549 5900 822 5966 Ps'raon.
868 5906 953 5969 Χ.

2864 5912 2906 5977 8
