3930 6194
490 314 600 379 235

567 437 750 497 anima
785 441 840 495 et
869 446 964 492 eor
994 444 1160 489 unum
1190 445 1205 497 ;
1248 437 1336 497 et,
1374 425 1476 496 Qui
1521 426 1728 496 plantat
1753 434 1807 479 et
1832 424 1922 494 qui
1958 422 2096 494 rigat
2120 439 2172 498 Α

568 549 732 590 unum
754 539 908 596 sunt;
931 537 999 597 et,
1015 525 1086 583 Ut
1109 538 1299 580 omnes
1319 536 1486 577 unum
1507 520 1634 587 sint,
1659 518 1800 575 sicut
1818 528 1893 583 tu,
1918 518 2099 584 Pater,

566 626 622 681 in
656 638 762 690 me,
790 630 848 677 et
870 633 973 691 ego
991 619 1044 673 in
1078 628 1168 672 te:
1193 613 1449 671 contendit
1475 608 1967 681 unumesse,ﬁdeles
1987 609 2102 680 qui-

567 719 682 773 dem
724 731 815 786 per
835 727 993 768 unam
1020 710 1177 765 unius
1204 708 1326 778 ﬁdei
1352 714 1612 771 naturam,
1646 704 1959 775 plantantem
1984 716 2103 757 vero

562 821 617 868 et
657 811 928 881 rigentem,
959 813 1207 877 quatenus
1251 818 1354 857 uno
1398 800 1648 871 baptismo
1678 813 1781 852 una
1817 813 1898 851 res
1938 793 2103 864 eﬂ'ecti

563 905 718 960 unius
742 903 896 957 etiam
925 896 1323 969 regenerationis
1351 897 1451 949 sint
1478 891 1733 954 ministri;
1765 891 1973 945 demum
1996 890 2099 943 im-

563 998 723 1070 perite
766 993 972 1051 omnino
1017 991 1280 1047 Christum
1321 988 1579 1043 dicturum
1626 987 1786 1058 fuisse
1826 992 1886 1040 ut
1933 998 2098 1039 unum

561 1092 694 1159 sint,
731 1105 826 1162 pro
851 1095 915 1143 ut
947 1099 1116 1143 unum
1137 1083 1323 1150 velim,
1349 1081 1394 1136 si
1408 1080 1573 1137 solam
1596 1078 1870 1135 voluntatis
1891 1092 2101 1132 concor-

561 1186 704 1241 diam
722 1183 827 1240 suis
849 1179 1047 1253 precari
1073 1177 1338 1233 voluisset.
1370 1172 1506 1228 Hinc
1527 1189 1629 1244 qua
1650 1171 1869 1237 ratione,
1893 1168 2098 1225 Christo

557 1277 834 1342 mediante,
868 1289 1029 1328 unum
1068 1285 1188 1326 cum
1218 1269 1376 1323 Patre
1414 1266 1718 1321 naturaliter
1743 1266 1904 1319 simus
1933 1264 2099 1334 expli-

561 1379 678 1424 cat:
708 1367 863 1436 idque
895 1363 1122 1435 defendit
1160 1360 1305 1416 nobis
1328 1358 1565 1429 prastari
1594 1366 1703 1411 tum
1739 1373 1828 1427 per
1850 1366 2096 1411 aeternam

557 1460 796 1534 gloriam,
827 1474 928 1529 qua
955 1457 1199 1511 honorem
1224 1454 1325 1525 ipsi
1348 1468 1381 1506 a
1402 1451 1563 1505 Patre
1582 1451 1758 1505 datum
1784 1450 2090 1520 accipimus,

1701 304 1947 367 SANCTI
1985 300 2243 364 HILARII
2283 295 2592 363 EPISCOPI

3685 308 3786 367 936

2269 420 2498 491 qundam
2523 418 2764 490 qualitate
2784 458 2799 485 ,
2831 425 2880 473 et
2918 432 3020 474 non
3064 417 3120 473 in
3162 423 3351 472 natura
3385 414 3570 475 habere
3606 419 3783 488 sitam;

2277 527 2431 580 quam
2457 511 2511 564 in
2535 511 2719 564 virtute
2752 526 2813 563 ac
2844 509 3040 563 unitate
3070 517 3270 565 natura:
3293 510 3583 581 ponendam
3607 515 3786 583 conﬁr-

2277 616 2381 658 mat
2409 603 2628 669 Paulus,
2658 604 2747 658 ubi
2786 604 2994 677 subjicit
3023 620 3112 674 per
3138 603 3399 660 Christum
3427 615 3477 660 et
3507 604 3561 659 in
3598 601 3786 662 Christo

2277 707 2449 752 creata
2479 706 2526 752 et
2566 698 2898 753 reconciliata
2924 713 3037 753 esse
3060 699 3267 764 omnia;
3306 707 3357 753 et
3397 697 3459 751 id
3482 698 3680 770 quidem
3702 700 3784 767 ita,

2275 800 2331 845 ut
2359 793 2412 846 in
2447 808 2509 847 eo
2543 793 2905 848 reconciliante
2937 792 3226 848 reconciliet
3268 791 3442 847 Pater.
3742 766 3789 850 in

2273 900 2375 957 quo
2419 885 2685 955 plenitudo
2722 886 3001 940 divinitatis
3029 886 3363 959 corporaliter
3390 885 3551 958 213
3571 927 3586 953 ,
3616 886 3670 940 id
3700 895 3784 953 est,

2272 994 2389 1034 vere
2419 988 2469 1033 et
2498 979 2901 1035 substantialiter
2921 979 3151 1046 habitat,
3183 997 3286 1036 non
3306 990 3475 1052 potest
3500 999 3599 1036 non
3618 981 3790 1037 habere

2272 1075 2410 1143 quod
2426 1071 2567 1127 Deus
2583 1083 2672 1142 est,
2691 1082 2737 1128 et
2759 1074 2969 1144 perinde
2979 1088 3115 1127 unus
3127 1082 3201 1129 est
3214 1089 3328 1127 cum
3344 1088 3407 1129 eo
3418 1072 3578 1130 Deus.
3594 1073 3676 1130 Ita
3687 1091 3789 1130 vero

2272 1167 2325 1221 in
2346 1166 2426 1221 his
2440 1169 2673 1223 omnibus
2688 1167 2814 1223 Filii
2826 1185 2944 1223 cum
2967 1166 3126 1224 Patre
3146 1172 3392 1224 unitatem
3414 1171 3692 1227 naturalem
3709 1172 3790 1227 de-

2273 1268 2520 1315 monstrat
2542 1272 2595 1315 ut
2610 1262 2804 1332 pariter
2818 1262 3058 1316 adstruat
3068 1278 3405 1333 personarum
3416 1264 3787 1320 distinctionem.

2273 1366 2327 1420 i.
2362 1364 2653 1437 EpiscOpus
2666 1376 2713 1420 et
2736 1367 2851 1437 pius
2871 1366 3017 1422 debet
3036 1383 3141 1422 esse
3166 1376 3212 1421 et
3235 1370 3433 1422 doctus.
3458 1366 3565 1423 Cur
3591 1367 3788 1438 Episco-

2199 1473 2295 1528 pus
2311 1467 2358 1513 et
2382 1456 2543 1512 bonus
2568 1467 2614 1511 et
2633 1458 2814 1512 doctus
2835 1475 2944 1513 esse
2963 1455 3156 1513 debeat.
3172 1454 3423 1513 Praecidit
3443 1456 3643 1513 Paulus
3662 1463 3760 1532 fore
3773 1502 3790 1528 ,

557 1565 665 1611 tum
692 1569 784 1626 per
811 1549 1195 1606 Incarnationis
1224 1547 1537 1618 mysterium,
1568 1561 1669 1617 quo
1698 1545 1961 1615 propriam
1980 1560 2097 1598 car-
2197 1550 2379 1619 quibus
2428 1559 2682 1605 teneretur
2725 1548 3013 1623 Episcopus
3065 1552 3436 1606 contradicere.
3486 1582 3557 1592 —
3610 1551 3789 1609 Beatus

556 1649 636 1703 nis
662 1657 850 1702 nostra:
870 1655 1106 1700 naturam
1123 1643 1299 1698 retinet
1328 1639 1613 1695 aretissime
1646 1639 1746 1693 sibi
1778 1640 2092 1709 copulatam,

555 1752 663 1799 tum
684 1740 907 1797 maxime
920 1755 1010 1808 per
1031 1735 1379 1793 Eucharistite
1391 1742 1784 1796 sacramentum,
1808 1748 1909 1802 quo
1925 1747 2094 1787 veram

2197 1642 2472 1714 apostolus
2542 1641 2739 1699 Paulus
2805 1641 3037 1698 formam
3110 1643 3480 1699 constituendi
3550 1643 3791 1716 Episcopi

2199 1735 2409 1806 ﬁngens
2462 1734 2540 1807 (i)
2588 1735 2702 1808 (α),
2764 1744 2821 1793 et
2845 1736 3006 1808 plane
3027 1751 3225 1791 novum
3249 1737 3509 1792 Ecclesia:
3536 1737 3793 1793 homine

556 1839 696 1893 illius
723 1850 927 1889 carnem
970 1848 1032 1887 ac
1059 1831 1359 1904 sanguinem
1387 1828 1656 1884 sumimus.
1701 1825 1884 1897 Neque
1910 1824 1996 1879 hic
2017 1834 2095 1879 ta-
2122 1837 2173 1900 Β
2199 1830 2483 1902 praeceptis
2509 1830 2621 1885 suis
2642 1829 2903 1899 condens,
2929 1830 3068 1886 hanc
3095 1831 3256 1886 veluti
3280 1846 3548 1887 summam
3579 1831 3655 1904 (b)
3679 1846 3797 1887 con-

559 1939 700 1985 cetur
725 1924 1039 1982 incredibilis
1068 1894 1422 1978 hteiv'etiarum
1449 1919 1731 1987 calumnia,
1758 1894 1908 1987 vulgo
1934 1917 2100 1990 jacti-

558 2020 782 2076 tantium
812 2017 1025 2072 Patrem
1051 2026 1099 2071 et
1130 2013 1330 2069 Filium
1359 2012 1422 2068 ab
1453 2014 1518 2067 iis
1541 2010 1804 2067 discordes
1829 2010 2094 2081 aﬂirmari,

553 2115 646 2187 qui
672 2113 867 2169 nudam
892 2111 1038 2167 illam
1065 2108 1340 2164 voluntatis
1359 2107 1686 2162 concordiam
1707 2122 1806 2161 non
1823 2106 2095 2175 recipiunt.

489 2204 745 2278 Deinceps
792 2205 1084 2260 naturalem
1135 2203 1397 2273 utriusque
1437 2200 1679 2255 unitatem
1736 2197 1968 2271 pluribus
2011 2197 2100 2252 de-

498 5507 560 5548 re
583 5491 733 5547 Coll).
768 5491 837 5561 ﬁg

560 2307 850 2356 monstrat:
900 2295 1123 2361 Primo,
1173 2295 1295 2365 quia
1354 2293 1585 2365 Spiritus
1620 2299 1861 2357 sanctus,
1909 2306 2025 2344 cum
2065 2305 2101 2344 a

560 2391 719 2447 Patre
749 2389 1015 2463 procedat,
1048 2404 1080 2442 a
1114 2385 1262 2441 Filio
1291 2396 1460 2441 tamen
1491 2394 1538 2439 et
1567 2384 1789 2439 mittitur
1808 2391 1854 2437 et
1876 2382 2097 2453 accipit;

556 2494 606 2540 et
644 2484 740 2538 hoc
773 2483 1000 2550 quidem,
1039 2482 1160 2552 quia
1194 2480 1358 2552 ipsius
1398 2486 1514 2533 sunt
1554 2477 1728 2532 omnia
1765 2491 1879 2547 quae
1918 2473 2099 2529 Patris

554 2587 693 2633 sunt.
741 2577 1013 2639 Secundo,
1064 2575 1187 2644 quia
1230 2572 1408 2627 Patris
1451 2581 1501 2626 et
1548 2569 1678 2625 Filii
1730 2570 1803 2624 ita
1850 2585 1986 2624 unus
2022 2576 2098 2624 est

559 2672 812 2743 Spiritus,
850 2678 908 2725 ut
948 2670 1180 2740 Spiritus
1223 2668 1416 2723 Christi
1451 2666 1645 2720 habitet
1683 2667 1738 2720 in
1780 2665 1942 2727 nobis,
1982 2680 2098 2719 cum

557 2767 613 2820 in
651 2763 797 2819 nobis
827 2772 903 2818 est
940 2762 1171 2834 Spiritus
1206 2758 1324 2815 Dei.
1356 2758 1552 2822 Tertio,
1588 2758 1710 2826 quia
1743 2756 1852 2811 sine
1886 2756 2099 2810 anathe-

555 2867 692 2912 mate
727 2865 869 2922 sunt,
909 2856 997 2925 qui
1029 2853 1235 2909 Christo
1278 2851 1473 2905 cultum
1514 2848 1838 2916 exhibeant;
1883 2864 2001 2901 cum
2044 2848 2097 2902 in

555 2950 826 3005 maledicto
856 2948 921 3002 sit
951 2946 1133 3016 religio
1158 2953 1426 2997 creaturae.
1462 2940 1681 3006 Quarto,
1723 2940 1845 3011 quia
1883 2940 1935 2993 in
1966 2938 2097 3010 Spi-

557 3043 663 3098 ritu
700 3041 801 3096 Dei
842 3039 1087 3109 loquitur,
1134 3036 1221 3107 qui
1263 3033 1443 3089 Iesum
1493 3049 1604 3088 esse
1650 3047 1766 3087 vere
1812 3030 2096 3085 Dbminum

559 3133 849 3203 conﬁtetur.
876 3128 1086 3194 Quinto,
1117 3126 1241 3196 quia
1265 3142 1367 3180 non
1391 3124 1598 3179 nomine
1624 3124 1758 3191 solo,
1790 3124 1881 3178 sed
1907 3133 2095 3178 natura

2202 1934 2592 1979 summatarum
2614 1922 2667 1976 in
2689 1937 2755 1978 eo
2779 1922 3033 1978 virtutum
3065 1937 3190 1979 esse
3217 1923 3403 1978 docuit
3431 1923 3624 1981 dicens
3653 1945 3668 1980 :
3702 1921 3798 1978 0b-

2203 1990 2442 2068 tinentem
2464 2011 2748 2068 secundum
2774 2013 3065 2070 doctrinam
3089 2014 3214 2086 ﬁdei
3264 2015 3475 2070 verbum
3492 2058 3508 2084 ,
3538 2028 3595 2070 ut
3630 2026 3797 2087 potens

2202 2107 2268 2161 sit
2292 2105 2555 2161 exhortari
2581 2106 2648 2162 ad
2677 2107 2968 2163 doctrinam
3017 2125 3233 2176 sanam,
3288 2117 3337 2164 et
3391 2110 3799 2166 contradicentes

2202 2201 2474 2254 revincere.
2503 2200 2641 2257 Sunt
2662 2202 2796 2255 enim
2822 2202 2972 2256 multi
2994 2200 3067 2275 (c)
3098 2211 3146 2256 et
3173 2217 3275 2256 non
3304 2201 3519 2269 subditi,
3548 2203 3799 2273 vaniloqui

2201 2305 2251 2350 et
2274 2294 2569 2351 seductores
2596 2294 2724 2368 (Tit.
2750 2310 2801 2362 ι,
2824 2293 2904 2370 9).
2936 2295 3012 2351 ita
3042 2297 3188 2353 enim
3240 2312 3364 2369 qua:
3395 2296 3617 2368 propria
3654 2294 3803 2352 disci—

2202 2390 2365 2460 plinas
2392 2406 2455 2445 ac
2481 2404 2695 2446 morum
2722 2399 2885 2458 sunt,
2932 2390 2999 2445 ad
3036 2391 3321 2448 sacerdotii
3367 2390 3625 2447 meritam
3662 2390 3801 2447 utilia

2201 2497 2323 2538 esse
2361 2481 2665 2554 signiﬁcat,
2709 2483 2755 2537 si
2803 2482 2966 2538 etiam
3006 2482 3122 2539 haec
3156 2496 3278 2553 quae
3330 2483 3397 2539 ad
3444 2482 3705 2541 docenda».
3746 2497 3803 2538 ac

2205 2574 2418 2631 tuendas
2449 2574 2572 2630 ﬁdei
2600 2575 2882 2630 scientiam
2908 2574 3213 2631 necessaria
3241 2584 3407 2643 sunt,
3444 2576 3588 2631 inter
3612 2574 3801 2643 reliqua

2202 2683 2310 2725 non
2335 2668 2597 2734 deerunt,
2628 2667 2752 2739 quia
2782 2682 2888 2722 non
2914 2669 3095 2723 statim
3117 2667 3244 2723 boni
3272 2676 3433 2738 atque
3473 2666 3621 2722 utilis
3640 2681 3806 2722 sacer.

2201 2764 2345 2820 dotis
2399 2775 2502 2829 est,
2544 2774 2635 2818 aut
2694 2761 3063 2818 tantummodo
3108 2764 3429 2819 innocenter
3476 2777 3680 2834 agere,
3721 2770 3809 2817 aut

2201 2856 2576 2912 tantummodo
2650 2855 2885 2912 scienter
2954 2855 3248 2925 praedicare
3312 2873 3326 2908 :
3381 2869 3506 2910 cum
3549 2865 3610 2911 et
3660 2855 3807 2911 inno-

2200 2967 2329 3009 cens
2384 2952 2483 3009 sibi
2543 2961 2747 3008 tantnm
2820 2952 3095 3023 proﬁciat,
3144 2954 3245 3008 nisi
3298 2952 3494 3009 doetus
3563 2955 3637 3009 sit
3683 2971 3698 3021 ;
3759 2959 3808 3008 et

2203 3043 2399 3100 doctus
2421 3046 2539 3100 sine
2570 3044 2831 3101 doctrinas
2870 3044 2940 3099 sit
2994 3045 3351 3112 auctoritate,
3402 3045 3507 3100 nisi
3550 3045 3805 3101 innocens

2200 3141 2292 3198 sit.
2325 3141 2440 3197 Non
2491 3142 2633 3197 enim
2674 3140 3006 3210 apostolicus
3042 3152 3225 3197 sermo
3280 3139 3564 3210 probitatis
3627 3142 3811 3195 hones-

560 3223 842 3280 Dominum
864 3235 985 3276 eum
1009 3235 1115 3275 esse
1145 3219 1360 3273 credidit
1388 3217 1687 3289 Apostolus,
1716 3217 1805 3288 qui
1837 3215 2098 3287 spiritalia

2226 3234 2442 3305 .atisque
2472 3232 2760 3305 praeceptis
2786 3232 3061 3287 hominem
3104 3242 3311 3287 tantum
3339 3232 3544 3288 saeculo
3598 3231 3812 3288 confor-

560 3315 812 3372 Ecclesite
855 3313 995 3368 dona
1036 3312 1097 3367 ob
1145 3310 1377 3383 Spiritus
1423 3311 1674 3365 unitatem
1720 3309 1876 3364 modo
1926 3308 2100 3378 Patri,

562 3410 715 3468 modo
745 3406 969 3464 Domino
1009 3406 1258 3461 attribuit.
1303 3405 1486 3473 Sexto,
1529 3405 1652 3475 quia
1694 3419 1807 3458 vere
1848 3402 2105 3459 Dominus

563 3518 658 3577 est,
691 3509 779 3580 qui
808 3524 939 3562 unus
961 3515 1072 3562 est:
1093 3512 1183 3560 aut
1204 3512 1338 3559 certe
1359 3503 1402 3559 si
1426 3500 1663 3559 Christus
1692 3519 1824 3557 unus
1850 3500 2107 3556 Dominus

563 3617 667 3656 non
695 3600 761 3655 sit
791 3597 956 3664 Deus,
988 3599 1111 3669 quia
1146 3594 1289 3650 Deus
1327 3611 1461 3650 unus
1502 3604 1611 3661 est;
1652 3594 1813 3649 Pater
1842 3594 1960 3664 pari
1982 3596 2106 3667 jure

568 3692 833 3764 negandus
875 3693 970 3745 erit
1018 3689 1293 3743 Dominus.
1345 3688 1596 3757 Septimo,
1654 3686 1775 3757 quia
1812 3702 1914 3741 non
1957 3686 2107 3742 modo

569 3782 847 3849 Dominus,
892 3784 981 3837 sed
1033 3790 1081 3836 et
1124 3781 1270 3835 Deus
1314 3793 1478 3850 super
1521 3779 1699 3835 omnia
1757 3788 2104 3849 nuncupatur.

575 3876 789 3941 Octavo,
830 3874 953 3945 quia
996 3874 1111 3928 licet
1156 3872 1272 3940 hoc,
1324 3872 1469 3927 Deus
1496 3887 1563 3926 ex
1600 3888 1706 3943 quo
1746 3874 1926 3929 omnia
1951 3913 1966 3940 ,
2023 3882 2109 3927 et:

571 3969 831 4025 Dominus
848 3983 944 4037 per
963 3981 1121 4037 quem
1142 3966 1346 4032 omnia,
1371 3982 1706 4036 personarum
1732 3968 2109 4022 distinctionem

571 4070 736 4127 sonet,
766 4061 1044 4132 eﬁicientiaz
1080 4067 1269 4124 tamen,
1316 4058 1513 4113 virtutis
1543 4076 1603 4114 ac
1630 4068 1828 4114 natura:
1852 4060 2109 4131 signiﬁcat

576 4157 852 4222 unitatem;
879 4154 1008 4209 adeo
1038 4162 1094 4209 ut
1117 4153 1248 4207 alias
1276 4152 1425 4207 etiam
1460 4152 1523 4207 de
1564 4150 1769 4207 Christo
1798 4152 1934 4206 dicat
1967 4153 2108 4223 Apo-

574 4251 756 4315 stolus,
787 4265 850 4305 ex
889 4250 1006 4319 ipso
1042 4256 1096 4302 et
1126 4263 1220 4316 per
1252 4247 1424 4316 ipsum
1455 4254 1508 4301 et
1538 4247 1589 4301 in
1632 4246 1749 4317 ipso
1777 4262 1883 4301 esse
1910 4246 2103 4300 onmia.

579 4342 755 4409 Nono,
796 4343 915 4410 quia
953 4356 1067 4393 cum
1107 4339 1261 4391 vitam
1286 4339 1535 4409 largiatur
1573 4347 1813 4393 (sternam
1842 4349 2121 4409 propterea

576 4435 714 4504 quod
746 4433 919 4502 ipsum
949 4430 1165 4501 signavit
1195 4428 1386 4495 Pater;
1415 4446 1617 4484 necesse
1647 4442 1718 4485 est
1762 4431 1829 4483 sit
1866 4430 2109 4500 signacu-

577 4532 683 4585 lum
708 4528 852 4582 illius
880 4527 1047 4580 vivum
1070 4540 1130 4579 ac
1166 4523 1397 4596 plenum,
1426 4526 1574 4594 cujus
1603 4525 1657 4577 in
1694 4540 1748 4579 se
1778 4541 1979 4579 omnem
2020 4543 2110 4581 ea:-

2212 3334 2325 3382 mat
2352 3325 2418 3381 ad
2448 3324 2643 3390 vitam,
2677 3339 2853 3396 neque
2874 3336 3088 3378 rursum
3122 3338 3217 3395 per
3238 3321 3501 3379 doctrina:
3531 3322 3808 3379 scientiam

2211 3421 2445 3477 scribam
2472 3419 2770 3492 Synagogae
2799 3418 3027 3474 instituit
3054 3416 3122 3472 ad
3171 3416 3347 3488 legem
3400 3433 3416 3471 :
3476 3414 3577 3472 sed
3614 3413 3812 3488 perfec-

2219 3521 2332 3568 tum
2358 3512 2609 3567 Ecclesiae
2637 3510 2932 3581 principem
2962 3508 3213 3580 perlectis
3245 3508 3607 3565 maximarum
3650 3509 3812 3564 virtu-

2214 3616 2328 3662 tum
2351 3607 2507 3662 bonis
2528 3602 2611 3677 (2)
2628 3606 2888 3670 instituit,
2922 3611 2983 3659 ut
3010 3614 3067 3660 et
3096 3603 3205 3658 vita
3231 3603 3349 3675 ejus
3370 3612 3604 3658 ornetur
3624 3601 3814 3658 docen-

2214 3699 2286 3756 do
2307 3742 2321 3768 ,
2348 3709 2401 3755 et
2422 3699 2668 3755 doctrina
2697 3697 2950 3754 vivendo.
2981 3696 3228 3767 Denique
3283 3696 3458 3766 ipsum
3509 3694 3664 3750 illum
3685 3736 3701 3762 ,
3753 3691 3815 3749 ad

2215 3800 2375 3863 Quem
2403 3792 2451 3847 ei
2482 3806 2662 3847 sermo
2686 3797 2839 3857 erat,
2891 3788 3069 3845 Titum
3113 3785 3190 3861 (d)
3241 3786 3547 3843 istiusmodi
3599 3787 3810 3843 decreto

2216 3883 2660 3939 consummantia:
2688 3882 2961 3953 religionis
2993 3881 3253 3937 instruxit
3306 3896 3321 3933 :
3377 3876 3445 3933 In
3494 3879 3733 3934 omnibus
3774 3887 3821 3931 te

2216 3978 2386 4049 ipsum
2411 3976 2659 4030 bonorum
2685 3978 2939 4047 factorum
2988 3973 3220 4044 praebens
3240 3972 3533 4042 exemplum
3561 3972 3818 4027 docentem

2216 4085 2334 4123 cum
2356 4069 2672 4123 veneratione
2695 4067 2901 4123 verbum
2926 4083 3129 4134 sanum,
3150 4062 3639 4135 irreprehensibile;
3662 4073 3716 4118 ut
3733 4060 3820 4116 ad-

2218 4163 2475 4218 versarius
2496 4173 2803 4227 revereatur,
2832 4160 2961 4216 nihil
2989 4160 3187 4215 habens
3220 4168 3371 4232 turpe
3397 4168 3491 4213 aut
3520 4157 3716 4213 malum
3759 4155 3820 4209 de

2220 4258 2365 4312 nobis
2395 4258 2563 4312 dicere
2587 4254 2713 4330 (Tit.
2763 4271 2800 4310 ιι
2827 4298 2841 4324 ,
2878 4256 2931 4323 7,
2985 4253 3063 4325 8).
3095 4253 3212 4309 Non
3235 4254 3505 4325 ignoravit
3531 4252 3723 4309 doctor
3742 4248 3818 4304 hic

2217 4352 2496 4422 gentium,
2527 4359 2582 4405 et
2606 4392 2620 4417 ,
2645 4365 2712 4406 ex
2766 4347 3097 4404 conscientia
3130 4345 3400 4418 loquentis
3452 4355 3621 4418 atque
3669 4341 3816 4400 habi-

2221 4445 2384 4499 tantis
2439 4445 2491 4497 in
2542 4458 2601 4498 se
2646 4441 2888 4510 Christi,
2954 4442 3213 4497 Ecclesia:
3277 4439 3485 4495 electus
3546 4439 3816 4510 magister,

2218 4534 2453 4590 morbidi
2485 4533 2685 4604 eloquii
2712 4539 3023 4601 grassatnra
3044 4546 3166 4587 esse
3210 4530 3493 4600 contagia,
3541 4538 3599 4584 et
3638 4526 3819 4582 adver-

577 4624 730 4698 plicet
770 4627 1007 4694 formam,
1053 4628 1255 4673 omnem
1286 4618 1521 4672 virtutem
1552 4618 1826 4670 contineat.
1877 4618 1963 4671 Ita
1992 4635 2102 4674 vero

2226 4644 2342 4685 sum
2375 4628 2657 4683 sanitatem
2689 4627 2976 4680 verborum
3008 4623 3246 4678 ﬁdelium
3287 4622 3669 4677 deszevituram
3700 4618 3817 4672 doc-

579 4717 778 4772 decimo
824 4730 1019 4769 onmem
1058 4711 1278 4781 explicat
1319 4709 1495 4762 Patris
1527 4709 1770 4777 formam,
1814 4718 1867 4763 ut
1911 4725 2026 4763 eum
2057 4712 2111 4767 in

577 4811 752 4867 forma
794 4807 910 4875 Dei,
951 4807 1004 4860 in
1033 4821 1135 4875 qua
1170 4802 1280 4858 Deo
1310 4801 1522 4872 wqualis
1561 4802 1647 4867 sit,
1675 4802 1948 4872 Apostolus
1978 4820 2115 4874 pra:-

580 4905 733 4959 dicet.
759 4900 1060 4965 Undecimo,
1080 4898 1200 4967 quia
1218 4897 1387 4966 imago
1410 4903 1482 4948 est
1504 4893 1601 4949 Dei
1626 4894 1912 4959 invisibilis,
1933 4896 2113 4968 proin-

579 4998 739 5067 deque
766 5008 857 5047 nec
882 4989 1113 5054 visibilis,
1144 5004 1236 5043 nec
1256 5003 1552 5058 corporeus,
1589 5003 1681 5042 nec
1701 4988 1897 5056 ﬁnitus.
1930 4986 2114 5060 Neque

581 5099 745 5163 potest
789 5087 892 5143 dici
953 5085 1085 5140 hanc
1144 5082 1387 5157 imaginis
1450 5082 1702 5138 rationem
1755 5083 1810 5137 in
1857 5083 2104 5140 invisibili

581 5232 662 5306 (Ι)
685 5228 895 5306 igent.

574 5301 654 5378 ('2)
679 5301 703 5356 Ι
712 5304 920 5358 nstruit.

574 5420 813 5496 (a),_Bad‘.
847 5426 901 5472 et
934 5416 1022 5469 Er.
1055 5427 1176 5496 eum
1202 5410 1388 5496 codice
1419 5410 1532 5496 bas.
1571 5409 1687 5496 Yet.
1730 5426 1796 5467 ac
1818 5413 2095 5496 recentio-

841 5504 927 5543 ens
953 5501 970 5540 :
998 5485 1138 5555 quod
1162 5484 1333 5554 prima
1355 5480 1531 5537 fronte
1558 5483 1850 5552 placuerat.

571 5563 646 5633 (b)
681 5555 826 5616 Mss:
841 5560 957 5633 Vat.
990 5558 1187 5633 bas._et
1218 5555 1941 5633 Martuconsummnndarum.

569 5623 639 5702 (ci
675 5631 990 5686 Particulam
1021 5626 1199 5702 et_hi_c
1224 5634 1276 5702 et
1317 5623 1451 5678 infra
1497 5628 1754 5702 expunxit
1787 5627 2044 5702 Erasmus
2066 5666 2082 5689 ,

494 5696 736 5775 quanwis
762 5710 935 5756 exstet
956 5697 1118 5767 apud.
1147 5696 1274 5750 Bad.
1309 5710 1408 5750 nec
1438 5712 1542 5751 non
1566 5698 1619 5751 in
1653 5697 1904 5754 omnibus
1944 5712 2079 5754 mss.

493 5787 550 5829 ιιι

600 5779 649 5828 in
695 5786 873 5844 graeco
901 5777 1070 5844 textu.

557 5846 637 5918 (rt)
662 5837 781 5902 Vat.
816 5842 929 5898 bas.
959 5837 1129 5895 codex
1150 5878 1165 5904 ,
1192 5837 1480 5919 istiusmodi
1499 5837 1652 5894 dicto.

2224 4722 2383 4776 trinae
2409 4720 2679 4789 pestifera:
2699 4716 3102 4788 corruptionem
3123 4756 3136 4780 ,
3167 4729 3288 4786 quas
3318 4715 3499 4784 impiae
3527 4710 3817 4781 intelligen-

2220 4816 2315 4871 tiae
2343 4830 2452 4870 sum
2474 4813 2547 4885 (ιι)
2575 4813 2716 4868 luem
2747 4811 3000 4883 usquead
3031 4812 3205 4881 ipsam
3260 4809 3446 4865 sedem
3493 4808 3691 4862 anhme
3725 4803 3816 4858 de-

2226 4923 2478 4979 mergens
2498 4949 2512 4972 ,
2549 4904 2814 4977 profundo
2838 4912 3083 4974 serperet
3113 4904 3275 4957 malo.
3309 4903 3383 4956 Ex
3419 4901 3505 4956 his
3534 4903 3679 4956 enim
3703 4898 3773 4951 ait
3799 4912 3814 4949 ε

2228 5001 2464 5067 Quorum
2490 5012 2654 5053 sermo
2676 5007 2729 5051 ut
2753 5014 2935 5052 cancer
2965 4997 3119 5068 serpit
3142 4994 3210 5067 (ll
3230 4993 3366 5049 Tim.
3397 4993 3464 5060 II,
3498 4990 3609 5065 l7),
3643 4985 3815 5047 latenti

2220 5106 2442 5163 semper
2463 5092 2884 5162 subrepentique
2910 5089 3162 5161 contagio
3182 5089 3469 5145 sanitatem
3499 5087 3582 5161 (ὅ)
3607 5083 3679 5160 (f)
3710 5094 3816 5158 per-

2299 5230 2380 5306 (ὅ)
2404 5230 2682 5287 Perversw.

2297 5412 2368 5486 (ε)
2403 5414 2556 5483 Apud
2583 5412 2733 5484 Lips.
2764 5421 2818 5467 et
2836 5412 2975 5486 Par.‘
2991 5411 3173 5486 lucem.
3206 5407 3429 5486 Rectius
3460 5408 3513 5461 in
3554 5418 3691 5486 mss.
3737 5401 3812 5486 tu:

2209 5477 2375 5567 ueni}
2406 5477 2500 5554 pro
2530 5477 2793 5556 qua’voce
2836 5482 2980 5555 apud
3028 5481 3158 5537 Bad.
3197 5489 3252 5535 et
3304 5477 3396 5534 Er.
3447 5480 3681 5550 positum
3705 5478 3813 5529 erat

2210 5570 2375 5611 νιναε.

2287 5626 2360 5700 (Γ)
2385 5627 2513 5683 Mss.
2538 5626 2660 5700 Vat.
2691 5626 2805 5700 bas.
2831 5635 2886 5700 et
2912 5623 3078 5680 Carn.
3114 5637 3379 5700 percense.
3439 5620 3596 5700 niam.
3650 5616 3807 5696 Coris.

2205 5693 2410 5766 aliique
2434 5714 2555 5752 cum
2584 5698 2716 5753 edit.
2744 5697 2876 5752 Bad.
2909 5711 3203 5767 persuasa.
3221 5693 3587 5749 Retinendum
3641 5693 3810 5767 omisi-

2206 5783 2283 5841 no
2314 5759 2567 5841 pervasat,
2596 5770 2741 5840 quod
2793 5778 2876 5823 est
2909 5759 3081 5826 'Colb.
3139 5766 3478 5836 aliorumque
3531 5759 3806 5835 quamplu-

2206 5840 2349 5896 rium
2375 5841 2558 5912 probae
2585 5848 2729 5898 nota:
2758 5854 2888 5896 mss.
