3930 6194
503 303 615 362 239

1725 292 1972 361 SAVNCTI
2002 291 2260 351 HlLARll
2297 288 2611 352 EPISCOPI

3689 287 3782 347 250

510 418 630 474 Jam
655 431 784 475 vero
837 415 926 473 bie
975 419 1168 487 quanta
1214 411 1489 469 saecularis
1554 411 1752 484 ingenii
1809 412 2106 468 subtilitate
2134 414 2184 474 Α
2211 410 2342 481 ipsis
2370 409 2473 465 hoc
2498 408 2712 466 Domini
2736 405 2807 481 (e)
2840 406 3008 465 nostri
3035 405 3464 477 professionibus
3493 403 3683 476 placuit
3702 421 3775 462 os-

511 513 879 573 contendunt.
907 525 1028 566 cum
1052 508 1273 575 dicunt,
1305 505 1384 579 (a)
1420 507 1474 565 Si
1508 520 1647 563 unus
1691 516 1809 571 est,
1862 507 2104 577 quisquis

511 610 605 667 ille
634 610 769 664 alius
798 603 1066 661 videbitur
1083 617 1236 670 esse,
1263 604 1374 673 jam
1405 618 1511 658 non
1529 603 1650 659 erit.
1679 600 1833 671 Quod
1874 602 1916 655 si
1967 601 2105 656 alius

511 709 595 757 est
616 700 756 770 ,jam
783 713 920 753 unus
952 696 1039 752 hic
1066 710 1173 752 non
1204 694 1311 752 erit
1342 713 1354 749 :
1383 710 1504 751 eum
1547 707 1732 751 natura
1777 710 1882 750 non
1926 695 2099 759 sinat,

507 801 570 847 ut
593 792 681 848 ubi
703 791 839 845 alius
862 800 940 845 eSt
963 831 978 856 ,
1012 789 1084 845 ibi
1114 805 1252 844 unus
1274 788 1382 844 sit:
1408 787 1498 863 (l)
1526 788 1605 861 (b)
1627 795 1719 843 aut
1738 788 1901 860 216
1923 786 2008 840 ubi
2035 786 2107 841 sit

509 899 672 951 unus,
696 883 784 938 ubi
807 882 946 938 alius
966 883 1054 937 sit.
1077 882 1283 937 Dehinc
1316 896 1438 936 cum
1494 881 1802 938 facilitatem
1834 879 2105 937 credentis

508 985 669 1049 atque
692 975 993 1047 audientis,
1028 983 1144 1030 arte
1170 974 1413 1031 subdolae
1440 974 1596 1046 hujus
1619 974 1934 1030 assertionis
1991 973 2107 1029 elu-

507 1070 713 1139 serint,
737 1079 850 1126 tum
880 1068 931 1124 id
959 1068 1033 1143 (c)
1061 1076 1276 1139 aptant,
1300 1068 1443 1140 quod
1474 1078 1745 1140 tamquam
1767 1068 1877 1140 jam
1900 1068 2107 1123 facilio-

507 1179 570 1220 re
595 1166 681 1219 via
701 1164 979 1219 obtineant
1003 1205 1017 1227 .
1043 1170 1102 1216 ut
1125 1162 1269 1218 Deus
1290 1162 1537 1218 Christus
1571 1178 1640 1218 ex
1688 1162 1908 1218 nomine
1930 1160 2106 1231 potius

505 1270 669 1328 quam
692 1272 758 1313 ex
790 1265 976 1310 natura
1008 1256 1108 1322 sit;
1140 1253 1262 1326 quia
1293 1255 1545 1327 generale
1573 1255 1675 1310 hoc
1707 1257 1758 1310 in
1811 1270 1877 1312 eo
1907 1269 2102 1311 nomen

507 1352 563 1405 in
594 1350 742 1405 nullo
771 1364 887 1405 eam
912 1391 927 1415 ,
956 1365 1076 1420 quae
1106 1364 1233 1405 vera
1262 1352 1380 1405 sola
1420 1358 1533 1418 est,
1582 1350 1740 1405 unius
1793 1349 1887 1405 Dei
1938 1348 2099 1405 ﬁdem

507 1441 750 1497 destruat
781 1449 871 1496 :et
894 1455 988 1510 per
1019 1440 1119 1495 ltoc
1141 1440 1300 1495 Pater
1331 1441 1442 1496 ﬁlio
1470 1441 1645 1513 major
1672 1442 1777 1509 sit,
1801 1440 1922 1512 quia
1951 1440 2106 1497 diffe-

507 1540 662 1588 rente
688 1540 911 1599 natura,
935 1546 1058 1586 cum
1089 1546 1195 1586 non
1228 1531 1332 1587 nisi
1384 1532 1524 1588 Deus
1567 1548 1706 1587 unus
1753 1542 1870 1599 est,
1931 1521 2106 1603 major

506 1625 666 1682 Pater
686 1624 755 1681 sit
786 1626 1117 1696 proprietate
1144 1635 1385 1694 naturae;
1416 1625 1488 1682 sit
1516 1642 1621 1698 quo
1651 1628 1740 1682 hic
1762 1635 2104 1698 nuncupatus

504 1719 647 1775 ﬁlius
666 1761 682 1785 ,
706 1729 761 1775 et
784 1718 987 1775 creatio
1012 1733 1080 1774 ex
1106 1718 1201 1774 Dei
1224 1720 1499 1776 voluntate
1530 1720 1832 1776 subsistens
1850 1760 1866 1787 ,
1897 1721 2020 1791 quia
2049 1727 2105 1775 et

2214 501 2392 569 tendi,
2424 502 2513 573 qui
2541 516 2662 557 eum
2686 499 3005 572 frequenter
3029 499 3150 556 ﬁdei
3179 513 3242 577 ac
3262 500 3377 568 spei
3409 507 3608 554 nostra:
3632 498 3776 553 Deum

2214 611 2376 651 unum
2401 594 2727 660 intimasset,
2760 604 2817 649 ut
2844 602 3240 649 sacramentum
3263 590 3423 646 unius
3445 590 3541 645 Dei
3562 604 3620 644 se
3643 591 3774 662 217

2211 702 2425 759 quoque
2450 687 2562 742 Deo
2587 685 2835 757 professo
2861 684 3193 757 probatoque
3220 682 3465 739 ﬁrmaret
3488 681 3652 737 dixit:
3682 679 3776 753 Ego

2211 789 2260 834 et
2290 778 2448 835 Pater
2468 794 2627 833 unum
2654 794 2831 834 sumus
2856 792 2875 832 :
2899 787 2974 843 ct,
2996 776 3057 832 Si
3073 777 3214 830 scitis
3230 791 3330 843 me,
3364 774 3508 829 scitis
3528 783 3575 828 ct
3601 771 3779 827 Patrem

2212 888 2381 926 meum
2406 886 2426 926 :
2450 879 2531 938 et,
2569 870 2670 937 Qui
2696 886 2775 925 me
2794 870 2923 925 vidit
2948 910 2963 934 ,
2995 869 3120 923 vidit
3147 878 3191 924 et
3220 867 3432 921 Patrem
3466 879 3484 921 :
3510 876 3585 932 et,
3624 864 3777 931 Pater,

2211 965 2377 1035 quiin
2406 980 2486 1018 me
2508 965 2845 1032 manet,ipse
2892 963 3019 1033 facit
3061 976 3221 1031 opera
3249 975 3345 1014 sua
3403 975 3422 1013 :
3469 968 3554 1024 et,
3608 955 3784 1013 Credite

2211 1056 2369 1122 milii,
2401 1057 2522 1124 quia
2551 1055 2713 1109 Pater
2734 1055 2787 1109 in
2812 1070 2922 1120 me,
2950 1063 2998 1108 et
3026 1069 3123 1125 ego
3140 1054 3194 1107 in
3225 1051 3383 1107 Patre
3430 1068 3450 1107 :
3504 1052 3584 1105 sin
3638 1060 3782 1106 autem

2211 1150 2288 1203 rel
2313 1158 2519 1221 propter
2542 1165 2698 1221 opera
2717 1148 2831 1218 ipsa
2851 1146 3041 1201 credite
3084 1145 3263 1218 (Joan.
3294 1162 3328 1201 ιι
3349 1187 3366 1212 ,
3414 1145 3524 1211 30;
3578 1160 3688 1210 xw,
3727 1145 3781 1210 'l;

2212 1237 2351 1295 Ibid.
2395 1240 2462 1308 9,
2499 1241 2603 1308 10,
2639 1243 2698 1297 ll
2737 1281 2753 1307 ,
2811 1241 2923 1311 12).
2960 1240 3307 1296 Nativitatem
3325 1254 3478 1295 suam
3507 1239 3563 1294 in
3593 1237 3787 1294 nomine

2211 1332 2378 1402 patris
2417 1334 2720 1405 expressit,
2757 1330 2824 1406 (Ῑ)
2863 1333 3114 1404 cognosci
3160 1331 3376 1389 Patrem
3430 1330 3574 1387 inse
3598 1329 3785 1401 cognito

2210 1424 2387 1481 docet.
2414 1424 2685 1483 Unitatem
2718 1437 2926 1482 natura:
2952 1426 3170 1494 fatetur,
3193 1441 3314 1482 cum
3339 1424 3501 1493 Pater
3526 1424 3578 1480 in
3604 1439 3660 1481 se
3685 1425 3785 1480 visu

2209 1520 2441 1576 videtur.
2473 1520 2900 1592 lnseparabilem
2928 1535 2988 1576 se
3014 1536 3045 1575 a
3076 1520 3234 1576 Patre
3281 1527 3530 1587 testatur,
3582 1533 3696 1574 eum
3736 1518 3783 1573 in

2209 1612 2637 1688 manente(g)iu
2659 1629 2719 1671 se
2750 1622 2934 1669 manet
2981 1612 3161 1669 Patre.
3210 1611 3489 1667 Fiduciam
3531 1610 3786 1667 conscien-

2208 1718 2298 1773 tiae
2328 1725 2503 1784 tenet,
2528 1730 2652 1772 eum
2684 1713 2769 1770 bis
2799 1714 2958 1769 dictis
2980 1713 3093 1769 suis
3117 1710 3267 1767 credi
3319 1709 3555 1781 postulat
3583 1725 3646 1765 es
3672 1723 3785 1779 ope-

505 1811 685 1867 minor
713 1811 867 1868 Patre
893 1812 1000 1877 sit;
1030 1822 1085 1868 et
1106 1812 1252 1869 Deus
1270 1830 1399 1899 .non
1455 1814 1561 1881 sit,
1611 1815 1737 1884 quia
1772 1814 1917 1870 Deus
1969 1828 2106 1869 unus
2135 1810 2181 1872 B
2210 1808 2421 1866 ratione
2449 1807 2681 1870 virtutis.
2714 1806 2892 1878 Atque
2917 1806 2988 1861 ita
3018 1806 3073 1860 in
3104 1805 3205 1860 hac
3227 1803 3482 1876 perfecta:
3514 1802 3784 1858 nativitatis

502 1905 675 1961 Deum
702 1904 862 1960 alium
891 1919 1012 1961 esse
1035 1920 1139 1960 non
1170 1906 1392 1975 patitur,
1421 1914 1477 1962 et
1504 1905 1594 1976 qui
1618 1906 1799 1961 minor
1836 1916 1954 1972 est,
2003 1919 2100 1961 ne-

499 2012 656 2054 cesse
677 2008 758 2053 est
784 2007 844 2052 ut
869 2007 1075 2053 naturte
1098 1999 1165 2053 ab
1185 2013 1282 2064 eo,
1312 1999 1404 2070 qui
1438 2013 1497 2054 sc
1543 2008 1626 2053 est
1678 1998 1873 2069 major,
1906 1998 2103 2054 aliena:

501 2091 594 2148 sit.
619 2092 690 2148 Et
719 2091 771 2146 lii
795 2092 1009 2163 quidem
1040 2106 1200 2164 quam
1255 2091 1467 2148 ridiculi
1497 2092 1549 2146 in
1572 2106 1640 2149 eo
1667 2102 1824 2157 sunt,
1855 2092 2097 2162 prtescri—

500 2190 695 2247 beutes
724 2190 837 2249 Deo
860 2233 875 2258 ,
907 2207 1030 2247 cum
1063 2189 1143 2265 (ά)
1172 2200 1457 2259 asserunt,
1501 2207 1567 2247 ex
1615 2204 1723 2246 uno
1774 2190 1920 2247 nasci
1971 2190 2102 2247 nihil

500 2298 665 2355 posse
688 2327 705 2352 ,
730 2284 856 2352 quia
885 2285 1258 2341 universarum
1282 2301 1462 2341 rerum
1486 2299 1552 2341 ex
1575 2285 1803 2340 duorum
1835 2287 2101 2355 conjunc-

500 2376 650 2432 tione
694 2376 945 2434 nativitas
971 2388 1054 2435 est
1117 2395 1130 2432 :
1186 2378 1354 2433 Deum
1421 2387 1600 2434 autem
1660 2377 2099 2433 indemnlabilcm

500 2469 705 2524 nullam
734 2486 800 2526 cx
828 2485 889 2527 se
931 2472 1271 2527 nativitatem
1322 2471 1561 2527 tribuere
1615 2486 1774 2541 posse
1821 2471 2098 2538 nascenti;

440 2586 452 2597 κ
500 2561 625 2633 quia
648 2575 748 2616 nec
773 2563 1069 2617 accessioni
1102 2561 1153 2616 id
1173 2562 1314 2633 quod
1344 2578 1447 2618 non
1476 2562 1782 2618 demutatur
1807 2562 2098 2618 obnoxium

499 2656 599 2721 sit,
631 2668 732 2710 nec
757 2653 976 2710 solitarii
1004 2663 1164 2726 atque
1202 2654 1364 2712 unius
1395 2664 1584 2712 natura
1635 2656 1685 2710 id
1724 2655 1776 2710 in
1825 2669 1885 2710 se
1908 2654 2105 2710 habeat

501 2747 828 2803 conditionis
853 2790 867 2814 ,
902 2758 962 2803 ut
987 2760 1232 2819 generet.

573 2841 627 2897 4.
660 2840 815 2898 Fides
840 2842 1092 2898 catholica
1117 2844 1360 2897 hactenus
1389 2853 1585 2897 asserta
1613 2852 1661 2898 et
1692 2860 1847 2899 sensu
1874 2860 2101 2899 commu-

502 2932 556 2988 ni
576 2944 625 2988 et
660 2932 867 2988 Domini
898 2935 1047 2987 dictis
1078 2934 1431 3003 conﬁrmatur.
1456 2963 1529 2976 -—-
1558 2934 1668 2989 Nos
1714 2945 1890 2990 autem
1932 2951 2097 2991 evan.

495 3025 723 3096 gelicam
743 3033 904 3094 atque
930 3023 1283 3093 apostolicam
1345 3024 1503 3079 ﬁdem
1552 3025 1810 3082 doctrinis
1844 3026 2102 3095 spiritali-

501 3115 600 3171 bus
619 3116 883 3182 assccuti,
917 3122 973 3168 et
993 3116 1164 3170 beatae
1191 3117 1508 3171 aeternitatis
1555 3133 1705 3189 spem
1757 3118 1809 3173 in
1853 3118 2026 3173 Patris
2045 3128 2101 3174 ct

2209 1902 2517 1959 beatissima
2548 1899 2680 1967 lide,
2708 1899 2897 1954 vitium
2927 1913 3088 1954 omne
3109 1939 3123 1964 ,
3150 1907 3205 1952 et
3244 1895 3409 1952 duum
3460 1896 3679 1952 deorum
3698 1938 3713 1962 ,
3739 1904 3788 1952 et

2207 1995 2302 2050 Dei
2334 1994 2627 2066 singularis
2653 1992 3014 2063 exstinguitur
3073 2006 3087 2043 :
3129 2004 3250 2044 cum
3298 1989 3389 2060 qui
3436 2004 3601 2043 unum
3647 1996 3787 2055 sunt,

2207 2103 2313 2142 non
2336 2089 2406 2143 sit
2430 2101 2599 2154 unus;
2634 2098 2686 2143 et
2711 2086 2803 2157 qui
2833 2101 2938 2140 non
2962 2100 3101 2139 unus
3124 2091 3243 2151 est,
3277 2097 3384 2137 non
3421 2092 3599 2138 tamen
3626 2082 3692 2137 ab
3729 2095 3786 2138 eo

2205 2181 2293 2251 qui
2317 2187 2435 2248 est,
2464 2179 2535 2235 ita
2562 2194 2631 2235 ex
2656 2178 2835 2249 aliquo
2883 2175 3129 2243 differat,
3157 2184 3214 2230 ut
3240 2183 3470 2245 uterque
3501 2188 3607 2230 non
3639 2189 3788 2230 unum

2206 2275 2335 2330 sint.

2277 2370 2329 2424 5.
2359 2367 2480 2425 Eco
2500 2382 2570 2423 er
2599 2381 2775 2423 parca
2796 2380 2940 2421 usus!
2971 2380 3160 2431 suuus,
3213 2371 3474 2434 exponunt
3506 2362 3570 2416 de
3607 2361 3790 2416 unitate

2210 2477 2522 2528 consensus;
2576 2463 2756 2533 quibus
2803 2460 3139 2534 argumentis.
3169 2489 3241 2499 —-
3271 2458 3398 2514 ιιωο
3463 2458 3622 2528 igitur
3676 2455 3789 2528 quia

2207 2555 2450 2611 haeretici
2484 2568 2682 2625 negare
2707 2569 2815 2609 non
2848 2561 3094 2624 possunt,
3145 2552 3343 2624 quippe
3383 2564 3509 2607 cum
3558 2549 3668 2605 sint
3693 2559 3790 2605 tam

2203 2648 2451 2703 absolute
2508 2647 2652 2702 dicta
2703 2656 2866 2717 atque
2897 2646 3193 2714 intellecta,
3252 2653 3429 2700 tamen
3477 2643 3789 2699 stultissimo

2204 2741 2498 2812 impietatis
2541 2755 2654 2796 sum
2698 2724 3085 2811 mendacium)
3136 2736 3379 2809 neganda
3425 2745 3788 2807 corrumpunt.

2204 2833 2259 2890 Id
2292 2835 2437 2889 enim
2469 2834 2610 2904 quod
2641 2834 2749 2887 ait:
2781 2831 2893 2904 Ego
2916 2843 2963 2886 et
2991 2830 3144 2886 Pater
3165 2847 3321 2885 unum
3345 2846 3523 2885 sumus
3545 2828 3721 2902 (Joan.
3741 2844 3788 2893 ι.

2204 2928 2318 3000 ⁸50),
2349 2937 2555 2983 tentant
2581 2927 2645 2982 ad
2675 2928 3044 2982 unanimitatis
3099 2925 3304 2983 referre
3340 2940 3706 2989 consensum;
3743 2930 3795 2978 ut

2204 3020 2497 3075 voluntatis
2546 3021 2597 3074 in
2631 3019 2719 3074 his
2760 3019 2936 3075 unitas
2981 3020 3072 3082 sit,
3116 3033 3223 3074 non
3257 3028 3485 3084 naturae,
3527 3016 3578 3073 id
3607 3025 3713 3083 est,
3744 3024 3796 3071 ut

2202 3129 2311 3170 non
2338 3130 2436 3185 per
2460 3113 2510 3168 id
2536 3113 2677 3185 quod
2710 3110 2773 3185 (ὅ)
2805 3121 2952 3177 sunt,
2980 3113 3075 3168 sed
3125 3127 3222 3183 per
3249 3111 3302 3166 id
3358 3111 3503 3183 quod
3544 3110 3691 3167 idem
3714 3125 3799 3166 vo«

501 3208 617 3263 Filii
647 3207 985 3264 confessione
1011 3217 1305 3277 sectantes,
1336 3208 1708 3266 demonstrato
1747 3212 1841 3267 Dei
1898 3222 1953 3267 et
2005 3213 2100 3268 Dei
2131 3209 2175 3274 C
2208 3208 2343 3274 lunt,
2370 3223 2532 3262 unum
2563 3207 2690 3261 sint.
2722 3205 2791 3261 Et
2819 3206 2972 3270 illud,
2996 3205 3138 3275 quod
3160 3214 3244 3261 est
3287 3204 3341 3260 in
3390 3205 3615 3260 Actibus
3661 3204 3798 3276 Apo-

499 3313 566 3355 ex
598 3299 717 3372 lege
743 3309 1116 3367 sacramento,
1151 3315 1324 3370 neque
1354 3301 1511 3357 unius
1533 3301 1627 3356 Dei
1652 3301 1810 3357 ﬁdem
1828 3302 2098 3358 exceden-

505 3401 619 3457 tes,
679 3407 852 3463 neque
896 3406 1004 3447 non
1059 3400 1113 3447 et
1164 3391 1332 3446 Demn
1376 3389 1649 3446 Cltristttm
1696 3392 2084 3462 praedicantes,

494 3481 640 3538 hunc
665 3499 730 3539 ex
760 3483 1065 3555 Evangeliis
1092 3484 1462 3554 reSponsionis
1474 3483 1719 3539 ordinem
1746 3486 2097 3555 sumpsimus,

498 3584 557 3630 ut
586 3591 768 3631 veram
795 3592 860 3632 ex
880 3577 991 3631 Deo
1011 3586 1163 3647 patre
1186 3577 1518 3631 nativitatem
1552 3576 1809 3648 unigeniti
1859 3578 1952 3632 Dei
2000 3577 2099 3633 do-

499 3680 782 3731 ceremus;
811 3669 935 3737 quia
954 3683 1053 3739 per
1079 3683 1196 3723 eam
1220 3677 1275 3724 et
1299 3668 1443 3723 Deus
1472 3682 1635 3723 verus
1657 3678 1842 3736 esset,
1871 3684 2042 3740 neque
2068 3685 2099 3725 a

500 3769 690 3814 natura
720 3759 879 3815 unius
908 3760 1006 3815 Dei
1032 3760 1144 3815 veri
1172 3772 1318 3817 esset
1370 3761 1621 3824 alienus;
1675 3779 1736 3817 ac
1790 3764 1870 3818 sic
1926 3778 2099 3835 neque

498 3849 643 3905 Deus
670 3851 853 3921 negari
878 3860 1100 3921 posset,
1127 3867 1302 3921 neque
1331 3852 1446 3921 ipse
1463 3853 1604 3908 alius
1632 3854 1776 3910 Deus
1803 3853 1944 3920 diei;
1974 3856 2100 3927 quia

498 3950 555 3996 et
580 3941 751 3996 Deum
783 3941 1018 4014 (supple,
1041 3943 1185 4015 esse)
1203 3944 1457 3999 nativilas
1481 3956 1763 4016 prmstaret
1781 3988 1795 4012 ,
1822 3956 1878 4003 ct
1907 3957 2097 4004 natura

497 4036 554 4091 in
575 4050 641 4091 eo
669 4037 825 4093 unius
847 4036 940 4093 Dei
972 4054 1035 4092 ex
1067 4037 1211 4107 Deo,
1236 4053 1359 4095 eum
1406 4038 1459 4095 in
1513 4040 1681 4096 Demn
1735 4041 1962 4097 alterum
1990 4058 2095 4098 non

499 4138 795 4200 separaret.
826 4131 889 4186 Et
919 4148 1247 4204 quamquam
1277 4134 1340 4188 ad
1365 4133 1417 4189 id
1448 4149 1548 4190 nos
1573 4137 1882 4190 communis
1935 4135 2097 4192 intel-

500 4222 738 4294 ligentim
764 4239 952 4280 sensus
978 4225 1317 4295 impelleret;
1351 4242 1417 4282 ne
1452 4227 1502 4281 in
1537 4237 1727 4282 natura
1754 4226 1943 4283 eadem
2001 4242 2098 4283 na-

502 4325 744 4371 turarum
779 4317 996 4372 nomina
1019 4317 1394 4384 convenirent,
1445 4327 1500 4374 et
1526 4334 1631 4374 non
1683 4335 1849 4374 unum
1880 4329 2094 4390 essent,

499 4407 697 4480 quibus
722 4406 778 4462 id
805 4407 946 4478 quod
994 4418 1117 4463 sunt
1144 4424 1253 4464 non
1294 4409 1535 4466 differret
1558 4412 1610 4467 in
1634 4426 1874 4484 genere:
1912 4420 2094 4469 tamen

2204 3301 2464 3354 stolorum
2493 3298 2574 3372 (j)
2595 3338 2611 3365 ,
2637 3296 2761 3352 buic
2785 3296 3081 3353 defensioni
3112 3311 3224 3351 sua:
3253 3304 3438 3367 aptant
3462 3314 3478 3350 :
3512 3295 3796 3351 Multitudi—

2199 3391 2280 3444 nis
2309 3400 2478 3444 autem
2516 3380 2830 3444 credentium
2859 3398 2964 3443 erat
2989 3386 3067 3459 (lt)
3098 3389 3272 3443 anima
3297 3397 3345 3443 et
3369 3404 3461 3442 eor
3480 3404 3643 3442 unum
3664 3386 3791 3458 (Act.

2207 3498 2281 3549 1v,
2304 3484 2431 3553 5i);
2466 3491 2524 3537 ut
2555 3481 2854 3536 animarum
2878 3494 2930 3537 et
2959 3481 3204 3536 cordium
3253 3480 3562 3547 diversitas,
3616 3481 3672 3537 in
3710 3492 3797 3535 cor

2204 3592 2370 3632 unmn
2418 3586 2581 3646 atque
2644 3576 2876 3630 animam
2934 3589 3033 3645 per
3080 3574 3513 3630 convenientiam
3563 3573 3798 3645 ejusdem

2204 3667 2581 3739 voluntatis“)
2631 3666 2808 3722 unitas
2852 3666 2942 3722 sit.
2976 3666 3076 3723 Vel
3127 3666 3280 3734 illud,
3331 3667 3475 3737 quod
3517 3667 3585 3724 ad
3610 3666 3798 3723 Corin-

2204 3760 2347 3816 tbios
2373 3760 2630 3816 scribitur
2654 3779 2668 3816 :
2703 3760 2804 3825 Qui
2833 3760 3034 3831 plantat
3061 3770 3250 3825 autem,
3282 3770 3330 3815 et
3357 3762 3446 3832 qui
3466 3760 3627 3833 rigat,
3648 3776 3798 3816 unum

2200 3863 2317 3910 sunt
2349 3852 2393 3922 (l
2424 3850 2544 3907 Cor.
2578 3868 2654 3920 ιιι,
2690 3852 2747 3922 8)
2778 3871 2791 3906 :
2822 3863 2882 3908 ut
2903 3867 3009 3908 non
3053 3852 3342 3909 dilferente
3388 3854 3694 3911 ministerio
3736 3852 3798 3909 ad

2203 3948 2434 4003 salutem
2465 3955 2518 4002 et
2543 3946 2599 4001 in
2622 3945 2865 4015 ejusdem
2895 3943 3222 4002 sacramenti
3255 3945 3586 4016 profectum,
3611 3947 3799 4003 volun-

2207 4041 2333 4098 tatis
2358 4039 2426 4095 sit
2456 4042 2635 4096 ttnitas
2660 4040 2713 4096 in
2743 4040 2976 4097 duobus.
3008 4039 3105 4096 Vel
3136 4040 3214 4109 id,
3242 4040 3382 4111 quod
3424 4039 3692 4098 Dominus
3721 4056 3801 4097 sae

2204 4137 2370 4191 lutem
2395 4134 2793 4191 crediturarum
2820 4134 2873 4189 in
2897 4150 2957 4190 se
2981 4134 3222 4205 gentium
3246 4148 3275 4187 a
3302 4133 3464 4190 Patre
3504 4136 3797 4205 postulans,

2203 4228 2316 4285 ait:
2352 4228 2475 4285 Non
2505 4245 2598 4301 pro
2625 4229 2702 4284 Itis
2730 4238 2901 4283 autem
2933 4243 3057 4299 rego
3080 4237 3298 4296 tantum,
3347 4228 3439 4284 sed
3490 4238 3540 4283 et
3586 4246 3681 4300 pro
3724 4229 3800 4284 Itis

2203 4323 2288 4392 qui
2309 4322 2554 4378 credituri
2579 4330 2696 4376 sunt
2728 4337 2817 4391 per
2836 4321 3043 4377 verbum
3055 4337 3231 4376 eorum
3248 4322 3304 4376 in
3326 4338 3427 4389 me,
3451 4331 3507 4377 ut
3529 4319 3799 4397 omnes(m)

2205 4430 2364 4469 unum
2387 4414 2488 4469 sint
2519 4414 2671 4483 sicut,
2691 4422 2767 4482 tu,
2796 4412 2973 4480 Pater,
2991 4414 3157 4483 inme,
3186 4424 3235 4469 et
3261 4430 3353 4488 ego
3372 4416 3427 4472 in
3447 4425 3519 4485 te,
3551 4426 3608 4472 ut
3632 4425 3679 4472 et
3706 4414 3800 4489 ipsi

572 4547 654 4621 (l)
685 4547 785 4603 Aut
802 4547 873 4603 ibi
900 4548 965 4603 sit
992 4564 1123 4603 unus
1148 4588 1163 4617 ,
1196 4548 1282 4603 ubi
1304 4548 1437 4605 alius
1456 4550 1546 4604 sit.
1574 4548 1797 4618 Deinde,
1830 4559 1936 4609 etc.
1966 4551 2132 4609 Paulo
2160 4560 2313 4624 post,
2344 4564 2451 4607 tum
2468 4552 2524 4608 id
2545 4563 2786 4624 tanquam
2794 4553 2911 4625 jam
2936 4553 3222 4627 faciliorem
3252 4556 3384 4610 riam
3414 4555 3695 4614 obtineant.

602 4666 656 4740 α)
685 4666 743 4724 1η
764 4681 895 4723 mss.
924 4665 1135 4740 Martin.
1172 4665 1277 4721 Osi
1298 4682 1451 4723 unus.

601 4737 651 4803 b)
682 4740 809 4795 Mss.
844 4749 932 4794 aut
957 4738 1027 4794 ibi
1051 4739 1116 4793 sit
1145 4754 1276 4793 unus
1297 4780 1310 4803 ,
1334 4740 1421 4792 ubi
1436 4737 1569 4793 alius
1588 4738 1671 4793 sit.

601 4744 630 4794 b
682 4744 809 4795 Mss.
844 4749 932 4794 aut
957 4744 1027 4794 ibi
1051 4744 1116 4793 sit
1145 4754 1276 4793 unus
1297 4780 1310 4803 ,
1334 4744 1421 4792 ubi
1436 4744 1569 4793 alius
1588 4744 1671 4793 sit.

600 4744 651 4883 ε)
677 4810 912 4867 Verbum
936 4818 1145 4881 aptant,
1194 4824 1314 4865 cum
1363 4811 1618 4883 sequenti
1660 4809 1883 4867 relativo
1928 4811 2096 4883 quod,

505 4880 758 4939 omittunt
786 4883 982 4951 vulgati
1008 4896 1071 4936 ac
1102 4883 1282 4951 plures
1309 4896 1438 4935 mss.
1470 4880 1739 4937 Exhibcnt
1764 4880 1949 4938 autent
1974 4899 2098 4939 cum

506 4925 967 5011 ἕὶἱὶιίἓέἰῖειεξθτῖι
1014 4925 1118 5007 uinci
1140 4951 1296 5007 Colb.
1347 4960 1403 5007 et
1454 4925 2100 5011 ιιιιυε”δὸἒι›ἓὶιῖῗ”ιιῖιἰιέὶ

508 5041 630 5080 tuus
659 5035 834 5079 tamen
852 5035 1058 5095 captant
1089 5040 1155 5078 eo
1177 5039 1371 5090 sensu,
1404 5040 1511 5094 quo
1558 5022 1902 5091 Ambrosius,
1935 5025 2095 5095 epist.

507 5111 653 5151 nunc
682 5111 806 5161 xxv,
839 5094 974 5158 n.1,
1009 5095 1072 5149 ad
1106 5094 1352 5152 Studium
1378 5094 1592 5165 scripsit
1617 5113 1630 5150 :
1656 5096 1785 5150 Cum
1812 5094 2100 5151 adulteram

501 5168 804 5240 reperissent
826 5165 1001 5240 Judtei
1025 5183 1038 5232 ;
1063 5166 1351 5240 obtulerunt
1374 5183 1485 5221 eam
1521 5167 1793 5240 Saluatori
1811 5212 1825 5233 ,
1874 5178 2092 5240 captan-

505 5246 578 5293 tes
600 5248 654 5292 ut
684 5238 729 5292 si
755 5237 1030 5292 absolveret
1055 5254 1166 5292 eam
1185 5280 1199 5304 ,
1231 5238 1485 5292 videretur
1509 5239 1668 5309 legent
1697 5240 1906 5295 solvere.

581 5309 659 5379 (ά)
692 5310 887 5364 llorum
916 5310 1077 5364 verba
1106 5312 1319 5378 propria
1350 5320 1583 5374 exstant,
1611 5311 1648 5365 l.
1680 5326 1756 5373 ιιι,
1789 5328 1843 5367 ιι.
1875 5311 2090 5378 8.Quod

507 5379 991 5453 antemEudosius
1021 5396 1082 5435 ca
1109 5380 1177 5435 de
1204 5396 1262 5453 re
1291 5380 1447 5452 longe
1474 5381 1690 5437 crudius
1720 5383 1963 5453 protulit,
1997 5384 2093 5437 lia-

504 5449 663 5505 betur
693 5451 785 5506 lib.
816 5452 869 5505 in
893 5450 1078 5506 Const.
1109 5468 1162 5505 ιι.
1200 5452 1285 5507 15.

574 5521 652 5663 ἕρ)
673 5521 731 5575 In
756 5522 980 5592 vulgatis
1005 5539 1138 5576 nunc
1168 5523 1285 5576 loco
1331 5523 1512 5578 nostri.

597 5592 641 5660 f)
676 5592 994 5663 Particulam
1025 5610 1173 5663 cum,
1216 5592 1512 5649 faventibus

597 5592 641 5660 Ι)
676 5592 994 5647 Particulam
1025 5610 1161 5659 cum,
1216 5592 1516 5649 faventibus
1540 5594 1748 5650 duobus
1775 5611 1902 5652 mss.
1938 5595 2089 5652 Colb.

509 5661 597 5714 hic
625 5661 924 5738 addendam
951 5664 1126 5738 prima
1157 5662 1331 5718 fronte
1370 5668 1811 5738 conjectavimus,
1844 5683 1948 5738 qua
1979 5668 2095 5723 haec

504 5732 770 5787 sententia
800 5748 920 5787 cum
951 5734 1228 5801 superiore
1275 5732 1633 5804 copularetur.
1668 5737 1781 5793 Non
1831 5732 1969 5793 male
2014 5748 2095 5795 ta-

506 5819 630 5862 men
659 5812 888 5875 utraque
915 5803 1160 5860 absoluta
1192 5803 1527 5876 intelligitur,
1558 5818 1613 5863 ut
1646 5809 1816 5879 prima
1861 5825 2090 5882 rcSpon-

2124 4668 2327 4734 Ddeat
2354 4650 2533 4727 verbis
2567 4688 2579 4725 :
2612 4670 2724 4742 Ego
2751 4681 2798 4726 et
2840 4670 3000 4728 Pater
3047 4690 3208 4729 unum
3252 4690 3446 4742 sumus,
3495 4676 3668 4734 altera
3715 4690 3798 4734 se-

2203 4742 2493 4813 quentibus
2518 4759 2530 4795 :
2562 4742 2623 4798 Si
2652 4744 2792 4800 scitis
2813 4761 2912 4810 me,
2939 4746 3077 4800 scitis
3103 4755 3150 4801 et
3175 4744 3403 4812 Patrem,
3432 4755 3539 4803 etc.

2270 4813 2352 4894 _(g)
2388 4812 2550 4882 Editi,
2579 4815 2631 4869 in
2660 4831 2713 4869 se
2736 4825 2904 4871 manet
2948 4815 3124 4885 Pater,
3175 4818 3537 4876 entendantur
3560 4836 3630 4878 ex
3669 4820 3797 4878 scri-

2209 4892 2335 4955 ptis.

2278 4953 2355 5039 (Ιι)
2425 4955 2801 5039 ln__vnlgatis,
2846 4960 3081 5031 negando
3135 4977 3154 5015 :
3214 4961 3357 5039 quod
3412 4973 3618 5039 pugnat
3677 4978 3795 5020 cum

2203 5027 2449 5102 proxime
2475 5027 2654 5102 dictis.
2685 5046 2872 5101 negare
2901 5027 3001 5086 non
3035 5027 3269 5102 possunt.
3302 5027 3521 5090 Rectius
3571 5038 3626 5092 in
3666 5049 3792 5092 mss.

2204 5099 2456 5177 neganda,
2484 5099 2587 5177 hoc
2613 5110 2717 5177 est,
2746 5099 2853 5177 quo
2880 5099 3345 5177 subintlejpossint
3372 5122 3593 5177 negare.

2267 5169 2333 5241 (ἰ)
2359 5170 2414 5224 in
2462 5171 2710 5241 vulgatis.
2746 5169 2880 5228 idem
2904 5185 3044 5229 sunt.
3072 5169 3240 5230 Abest
3266 5177 3403 5231 idem
3420 5169 3616 5234 a'mss.

2269 5239 2345 5365 (ρ
2378 5242 2538 5309 Editi,
2559 5239 2794 5315 excepto
2828 5244 2946 5299 Par.
2980 5246 3097 5299 huic
3128 5246 3417 5319 diﬁinitiani
3444 5264 3571 5304 suis.

2270 5313 2346 5365 (il
2373 5313 2462 5365 Sic
2491 5329 2619 5365 mss.
2651 5314 2885 5365 notiores
2922 5325 3234 5365 antistantem
3263 5319 3407 5365 iuxta
3438 5335 3571 5365 arma

2270 5313 2346 5392 (It)
2373 5313 2464 5392 Sic
2491 5329 2619 5369 mss.
2651 5313 2885 5385 potiores
2922 5313 3234 5392 constanter
3257 5319 3408 5389 juxta
3438 5335 3698 5392 graecum.
3726 5319 3795 5377 At

2197 5382 2355 5467 editi,
2376 5386 2550 5441 anima
2577 5382 2716 5442 una:
2746 5395 2803 5443 et
2839 5404 2986 5457 mox,
3019 5382 3561 5463 animam'unam'per
3611 5407 3791 5448 conve-

2197 5466 2461 5509 mentium.

2274 5526 2339 5606 (1)
2354 5524 2604 5606 _Qi_i_idam_
2640 5532 2969 5606 recentiores
2997 5545 3129 5588 mss.
3161 5533 3304 5588 unita
3324 5533 3409 5602 sit,
3442 5533 3606 5606 male.

2273 5598 2398 5682 (tn)_
2427 5599 2553 5682 νιιι..
2591 5601 2706 5682 bas.
2761 5618 2863 5657 ms.
2910 5605 2963 5682 in
2992 5621 3085 5682 me
3095 5621 3254 5682 unum
3277 5598 3403 5659 sint.
3427 5598 3549 5661 Mos
3578 5605 3714 5663 Bad.
3743 5613 3797 5682 et

2202 5667 2293 5723 Er.
2346 5678 2487 5751 ιιι-ει
2533 5669 2636 5739 ipsi
2683 5690 2844 5751 unum
2876 5675 3009 5751 _sint.
3046 5675 3158 5751 Etsi
3190 5691 3294 5731 non
3326 5679 3795 5751 exstatuunumuin

2202 5754 2331 5815 mss.
2376 5739 2426 5795 id
2471 5750 2668 5815 tamen,
2704 5744 2926 5814 perinde
2951 5760 3013 5801 ac
3039 5747 3083 5802 si
3113 5758 3372 5815 exstaret,
3399 5747 3677 5806 intellexit
3705 5749 3796 5806 Hi-

2202 5810 2389 5877 larius,
2419 5820 2475 5867 ut
2502 5812 2668 5884 liquet
2699 5810 2761 5872 ex
2792 5832 2937 5872 num.
2976 5817 3060 5871 ll.
