3930 6194
169 263 265 320 2H
1362 263 1450 320 DE
1490 262 1721 321 TRINIT

1910 265 2097 322 LIBER
2140 265 2273 323 VIII.
3354 275 3462 333 242

172 383 265 437 sint
300 382 352 435 in
382 382 530 438 nobis
577 382 757 454 (Joan.
792 399 916 449 svn,
949 383 1040 449 20,
1087 382 1219 454 2|):
1256 392 1312 439 ut
1350 386 1472 456 quia
1512 384 1759 441 homines
1787 387 1841 446 Α
1867 378 2026 455 rupto
2068 383 2335 441 dictorum
2393 397 2555 440 sensu
2601 383 2779 456 aliqua
2837 400 2905 442 ex
2955 385 3040 443 his
3080 386 3149 459 (Ι)
3194 390 3459 447 ementita

173 474 370 530 rcfuudi
415 475 673 533 inDcmn
721 491 826 532 non
875 460 1117 545 possunt,
1148 476 1234 532 vel
1280 476 1380 547 ipsi
1424 477 1652 533 invicem
1697 476 1751 532 in
1852 475 2420 547 compingimnszsed
2450 489 2595 531 sanae
2624 475 2886 532 doctrinae
2922 476 3150 534 formam
3183 486 3456 549 tenentes,

173 583 325 623 unum
370 575 538 638 atque
587 567 937 624 indiscretum
994 583 1244 624 acervum
1289 568 1458 636 coire,
1513 568 1566 624 id
1610 568 1752 638 quod
1855 584 1977 638 quae
2019 568 2227 624 sincera
2279 578 2405 623 sunt
2451 570 2715 636 sapimus,
2761 577 2813 623 et
2855 570 3236 640 praedicamus.
3277 572 3454 630 Docet

172 673 321 712 unum
352 665 501 723 sunt,
535 674 603 715 ex
637 659 839 714 unitate
867 660 939 714 sit
963 660 1276 726 voluntatis,
1318 674 1440 715 cum
1482 668 1538 716 et
1565 675 1752 717 omnes
1854 660 1997 716 enim
2030 661 2325 732 Apostolus
2353 675 2419 714 ex
2453 669 2647 715 natura
2670 670 3135 718 sacramentorum
3164 677 3289 719 esse
3317 665 3457 722 hanc

174 750 274 805 Deo
299 747 494 818 placita
525 758 707 819 agant.
733 759 788 807 ct
817 751 919 821 ipsi
953 767 1060 806 non
1094 751 1482 807 dissidentibus
1514 754 1655 808 inter
1690 768 1752 811 se
1857 755 2094 811 ﬁdelium
2114 757 2396 820 unitatem,
2419 754 2483 809 ad
2504 753 2720 811 Galatas
2741 754 2981 810 scribens
3007 773 3019 808 :
3056 754 3462 822 Quotquotenim

176 840 463 896 animorum
516 842 752 898 motibus
807 854 1032 909 coeant;
1075 845 1239 917 218
1260 853 1420 913 atque
1466 845 1537 901 ita
1587 861 1749 900 unum
1852 847 1908 901 in
1936 845 2139 902 Christo
2167 845 2409 913 baptizata“
2436 846 2575 913 estis,
2606 843 2870 899 Christum
2887 846 3147 901 induistis.
3185 845 3307 902 Non
3328 849 3462 904 inest

178 950 263 1003 eos
287 949 406 992 esse
436 950 546 991 non
577 945 765 991 natura
792 936 1015 1003 efliciat,
1044 938 1138 993 sed
1164 939 1430 994 voluntas.
1627 966 1629 970 Α
1854 939 2068 995 Judnus
2115 956 2274 1010 neque
2315 938 2547 1004 Gnarus,
2598 955 2697 992 non
2746 939 2876 994 inest
2905 954 3076 993 servus
3126 956 3285 1009 neque
3312 941 3457 1008 liber,

238 1027 287 1083 6.
310 1027 623 1083 Arianorum
650 1029 886 1084 stultitia.
915 1059 986 1071 —
1018 1029 1194 1085 Nesoit
1225 1031 1384 1101 plane
1410 1046 1621 1100 sapere,
1661 1034 1749 1102 qui
1854 1049 1956 1088 non
1998 1034 2127 1087 inest
2156 1032 2412 1086 masculus
2457 1047 2615 1102 neque
2640 1032 2867 1101 lentiae;
2898 1047 3072 1087 omnes
3119 1034 3283 1107 219
3320 1036 3456 1089 enim

174 1123 325 1179 Deum
348 1121 544 1178 nescit.
577 1123 642 1178 Et
685 1138 805 1179 cum
837 1125 1097 1196 sapientia
1128 1124 1377 1180 Christus
1403 1126 1495 1191 sit,
1529 1141 1752 1182 necesse
1854 1144 1940 1183 vos
1985 1144 2143 1181 unum
2190 1128 2308 1181 estis
2352 1126 2406 1180 in
2450 1123 2653 1180 Christo
2695 1123 2822 1180 Iesu
2874 1124 3015 1198 (Gal.
3065 1142 3143 1188 nr.
3189 1127 3281 1194 27,
3330 1127 3459 1200 28).

173 1226 501 1274 estntcxtra
533 1217 856 1289 sapientiam
902 1218 993 1286 sit,
1028 1220 1121 1289 qui
1159 1218 1431 1275 Christum
1480 1230 1573 1275 aut
1602 1222 1752 1292 igno-
1854 1222 2007 1291 Quod
2053 1238 2216 1276 unum
2265 1229 2389 1275 sunt
2437 1220 2489 1275 in
2539 1227 2686 1274 tanta
2732 1222 2998 1291 gentium,
3057 1221 3447 1292 conditionum,

172 1320 379 1376 rat,aut
405 1308 559 1365 audit
585 1327 597 1364 :
626 1318 685 1365 ut
714 1312 825 1377 isti,
868 1312 957 1382 qui
997 1311 1298 1382 maiestatis
1328 1313 1640 1379 Dominum,
1689 1323 1745 1369 et
1855 1332 2079 1374 sexuum
2107 1316 2457 1377 diversitate;
2489 1313 2748 1386 numquid
2798 1330 2865 1369 ex
2911 1328 3133 1370 assensu
3161 1315 3451 1373 voluntatis

171 1402 355 1468 Regem
398 1401 748 1469 saeculorum,
794 1411 850 1460 et
880 1403 1213 1475 unigenitum
1246 1403 1414 1460 Deum
1444 1416 1747 1461 creaturam
1853 1419 1957 1474 est,
1986 1418 2078 1464 aut
2108 1425 2173 1463 ex
2204 1408 2530 1463 sacramenti
2558 1406 2781 1471 unitate,
2813 1407 2935 1478 quia
2965 1407 3047 1463 his
3077 1417 3131 1463 et
3178 1407 3445 1480 baptisma

174 1492 261 1549 Dei
289 1494 461 1549 volunt
484 1495 668 1566 potius
696 1508 1003 1565 essequam
1048 1495 1215 1551 lilium
1258 1514 1271 1550 :
1319 1506 1371 1553 et
1418 1513 1539 1552 cum
1584 1497 1749 1554 stulte
1853 1501 1924 1558 sit
1970 1517 2159 1568 unum,
2208 1509 2263 1557 ct
2306 1515 2470 1556 unum
2512 1497 2787 1556 Christum
2835 1499 3004 1555 induti
3054 1515 3243 1555 omnes
3288 1501 3449 1557 sunt?

173 1587 503 1654 mentiantur,
554 1587 774 1643 stultius
802 1596 983 1643 tamen
1028 1588 1080 1643 in
1128 1588 1445 1645 defensione
1481 1589 1746 1647 mendacii
1852 1593 1990 1662 Quid
2020 1608 2148 1664 ergo
2184 1593 2271 1649 hic
2310 1593 2613 1648 animorum
2659 1591 2945 1647 concordia
2979 1592 3156 1656 faciet.
3201 1608 3323 1649 cum
3355 1608 3451 1664 per

172 1678 244 1733 sui
282 1679 515 1749 sapiunt~
560 1679 738 1735 Dilata
786 1681 929 1736 enim
962 1681 1233 1750 paululum
1273 1683 1434 1737 etiam
1479 1698 1621 1739 nunc
1659 1699 1747 1750 ea,
1853 1684 1907 1739 id
1947 1700 2109 1739 unum
2159 1685 2288 1748 sint,
2331 1684 2470 1755 quod
2513 1700 2618 1740 uno
2645 1683 2862 1739 Christo
2889 1699 2985 1755 per
3013 1694 3259 1742 naturam
3288 1686 3447 1743 unius

172 1784 279 1840 qua:
312 1770 362 1824 in
407 1771 520 1826 Deo
571 1782 722 1841 patre
765 1780 819 1828 et
866 1773 919 1828 in
957 1773 1070 1828 Deo
1100 1773 1210 1829 ﬁlio
1238 1784 1315 1829 est
1337 1818 1351 1841 ,
1387 1774 1605 1830 unitatis
1634 1790 1753 1844 pro~
1789 1780 1837 1841 B
1864 1777 2117 1848 baptismi
2150 1777 2478 1832 induantur?

171 1863 398 1935 prietate,
430 1880 496 1921 ex
527 1864 615 1921 his
642 1866 774 1936 ipsis
801 1867 995 1936 quibus
1027 1877 1249 1923 utuntur
1272 1868 1557 1925 refellendi
1603 1879 1753 1927 sunt.
1931 1872 1983 1927 9.
2022 1872 2124 1937 Qui
2154 1872 2355 1942 plantat
2399 1881 2445 1926 et
2473 1871 2560 1940 qui
2606 1870 2739 1942 rigat
2785 1878 2971 1926 natura
3013 1886 3173 1925 unum
3217 1879 3357 1928 sunt.
3385 1899 3459 1914 -

232 1958 280 2013 7.
334 1958 616 2015 Naturalis
665 1971 740 2014 est
789 1960 1020 2032 ﬁdelium
1069 1978 1159 2032 per
1184 1962 1336 2016 unius
1366 1962 1488 2032 ﬁdei
1518 1973 1757 2017 naturam
1860 1965 1969 2019 Aut
1991 1979 2112 2019 cum
2144 1964 2233 2033 qui
2266 1964 2494 2034 plantat,
2527 1971 2580 2017 et
2609 1963 2698 2033 qui
2730 1962 2888 2033 rigat,
2920 1976 3086 2017 unum
3111 1963 3255 2030 sint;
3303 1978 3461 2019 num-

168 2053 339 2107 unitas.
375 2051 590 2108 Fideles
618 2070 681 2109 ea:
733 2055 929 2109 unitate
958 2064 1395 2110 sacramentorum
1422 2065 1540 2110 sunt
1569 2073 1752 2113 unum.
1862 2059 1990 2128 quid
2035 2074 2144 2113 non
2188 2073 2285 2129 per
2332 2057 2433 2113 hoc
2477 2071 2642 2111 unum
2693 2067 2839 2123 sunt,
2870 2057 2991 2126 quia
3020 2054 3098 2129 (g)
3127 2056 3226 2127 ipsi
3268 2056 3321 2112 in
3354 2072 3463 2114 uno

167 2145 487 2218 —Namque
538 2162 777 2219 quorum
826 2146 1003 2202 anima
1069 2157 1123 2202 et
1152 2162 1248 2204 cor
1295 2164 1459 2203 unum
1494 2148 1569 2220 (a)
1614 2158 1752 2215 erat,
1858 2151 2130 2223 baptismo
2176 2150 2346 2206 renati
2391 2165 2497 2204 una
2565 2149 2722 2203 unius
2772 2149 3146 2220 regenerantis
3207 2149 3463 2221 baptismi

167 2253 330 2308 quaero
387 2250 570 2295 utrum
635 2256 729 2307 pcr
787 2239 944 2296 fidem
1009 2240 1099 2295 Dei
1147 2255 1310 2295 unum
1363 2249 1501 2296 erat.
1555 2239 1753 2313 Utique
1857 2242 2192 2313 dispensatio
2223 2242 2373 2297 sint?
2403 2241 2662 2313 numquid
2705 2256 2812 2297 non
2863 2240 3006 2297 idem
3053 2243 3255 2314 agunt?
3304 2259 3463 2299 num-

167 2345 251 2400 per
296 2331 451 2389 ﬁdem
507 2350 522 2388 :
592 2348 690 2404 per
735 2348 853 2390 eam
896 2334 1038 2388 enim
1083 2335 1259 2389 anima
1326 2342 1381 2389 et
1431 2349 1527 2390 cor
1585 2351 1748 2392 unum
1856 2335 1983 2409 quid
2029 2351 2134 2390 non
2187 2336 2240 2390 in
2292 2350 2398 2390 uno
2444 2351 2612 2390 unum
2663 2335 2826 2390 sunt?
2873 2334 3059 2406 Itaque
3096 2335 3189 2405 qui
3221 2351 3317 2406 per
3342 2351 3460 2393 rem

168 2423 383 2478 omnium
456 2435 601 2481 erat.
667 2427 732 2482 Et
782 2427 1097 2500 interrogo,
1156 2438 1334 2484 utrum
1393 2429 1526 2487 ﬁdes
1592 2447 1694 2486 una
1729 2475 1744 2498 ,
1856 2427 2106 2484 eamdem
2140 2443 2305 2483 unum
2339 2437 2487 2494 sunt,
2518 2435 2709 2481 natura
2756 2424 2920 2481 etiam
2950 2441 3118 2481 unum
3163 2436 3312 2492 sunt,
3342 2442 3451 2483 non

167 2530 287 2572 anne
325 2518 490 2574 altera
544 2519 660 2575 sit?
716 2519 829 2576 Una
873 2528 1050 2587 certe,
1108 2520 1269 2576 etiam
1327 2521 1444 2593 ipso
1490 2524 1748 2596 Apostolo
1853 2530 2063 2577 tantum
2116 2522 2393 2577 voluntate
2440 2539 2453 2577 :
2503 2520 2626 2593 quia
2667 2529 2723 2576 et
2763 2520 2865 2592 ipsi
2912 2535 3001 2577 res
3046 2520 3234 2577 eadem
3284 2521 3462 2577 eﬂ'ecti

167 2620 362 2665 auctore
383 2610 608 2684 (Ep/res.
639 2628 712 2679 iv,
734 2612 790 2677 4,
823 2612 904 2685 5),
943 2628 1104 2668 unam
1150 2614 1333 2684 ﬁdem,
1376 2617 1533 2672 sicuti
1581 2634 1748 2673 unum
1852 2616 2092 2688 Sunt,(h)
2118 2626 2171 2672 et
2189 2617 2431 2687 ejusdem
2455 2615 2534 2671 rei
2560 2623 2719 2685 atque
2739 2614 3042 2672 efﬁcientize
3059 2616 3166 2671 sint
3188 2616 3441 2672 ministri.

170 2704 455 2776 Dominum,
497 2720 555 2766 et
584 2725 748 2767 unum
781 2710 1070 2781 baptisma,
1101 2718 1153 2766 ct
1194 2727 1354 2767 unam
1386 2727 1535 2783 spem
1567 2713 1665 2785 (ὁ),
1695 2723 1750 2770 et
1928 2713 2014 2769 It).
2050 2711 2285 2768 Stultitia
2308 2727 2362 2765 se
2385 2711 2500 2782 ipsa
2527 2711 2717 2782 prodit,
2757 2710 2878 2764 dum
2908 2709 3206 2765 adversatur
3230 2709 3454 2770 ueritati.

170 2814 315 2855 unum
360 2802 527 2858 Deum
567 2803 914 2873 praedicante.
949 2804 1004 2861 Si
1033 2821 1162 2878 ergo
1193 2823 1290 2878 per
1316 2806 1498 2872 ﬁdem,
1542 2806 1593 2862 id
1640 2815 1744 2875 est,
1854 2802 2007 2859 Fidei
2034 2818 2286 2875 peruersa:
2306 2818 2423 2873 spes
2444 2801 2609 2857 nulla.
2641 2802 2911 2873 Simplicis
2948 2802 3203 2857 meritum.
3230 2830 3301 2842 -—-
3324 2800 3461 2857 Pro-

168 2906 249 2962 per
285 2895 436 2950 unius
479 2895 613 2951 ﬁdei
659 2907 905 2953 naturam
950 2914 1112 2954 unum
1143 2914 1336 2955 omnes
1374 2910 1559 2969 erant;
1605 2914 1745 2972 quo-
1856 2897 1965 2953 licit
1989 2907 2168 2952 autem
2200 2911 2416 2967 semper
2441 2894 2799 2951 contradictio
2825 2894 3109 2949 stultorum
3158 2893 3223 2948 ad
3270 2893 3453 2947 stulti-

168 2984 306 3041 modo
332 3003 434 3043 non
467 2989 776 3044 naturalem
826 2990 879 3043 in
907 2988 993 3043 his
1025 2990 1278 3063 intelligis
1326 2993 1603 3057 unitatem,
1655 2992 1744 3062 qui
1858 2993 1945 3047 tiae
1971 2991 2490 3049 demonstrationem
2526 3007 2539 3043 :
2574 2990 2696 3060 quia
2732 3003 2854 3060 qua:
2885 2987 3102 3059 ingenio
3149 2985 3455 3058 insipientis

171 3094 252 3148 per
276 3091 511 3138 naturam
548 3083 711 3139 unius
740 3082 863 3139 ﬁdei
896 3100 1061 3140 unum
1091 3085 1253 3141 sunt?
1278 3084 1477 3141 Omnes
1496 3086 1742 3141 enimre-
1858 3096 1951 3141 aut
1990 3100 2258 3157 perversa:
2287 3083 2657 3155 intelligentia:
2682 3083 2940 3139 adversus
2968 3083 3249 3138 veritatem
3280 3096 3449 3152 coap-

169 3180 261 3234 uati
287 3180 353 3251 (ι)
383 3191 543 3238 erant
562 3182 630 3238 ad
664 3182 1049 3248 innocentiam,
1082 3183 1149 3239 ad
1168 3183 1647 3253 immortalitatem,
1671 3184 1737 3242 ad
1768 3186 1813 3250 C
1847 3179 2582 3243 tantur,dumetinconcnssa
2603 3190 2658 3233 et
2679 3177 2966 3232 immobilis
2993 3186 3095 3242 est,
3126 3189 3348 3232 necesse
3365 3182 3451 3232 est

167 3277 499 3347 cognitionem
550 3278 672 3344 Dei,
718 3279 798 3353 (ά)
839 3280 904 3335 ad
934 3280 1047 3351 spei
1079 3280 1260 3337 ﬁdem,
1308 3282 1374 3337 Et
1402 3282 1446 3336 si
1474 3282 1590 3338 [unc
1634 3297 1741 3337 non
1845 3283 1903 3328 ut
1931 3288 2049 3342 qua}
2078 3288 2109 3328 e
2136 3271 2356 3327 diverso
2376 3279 2520 3337 sum,
2550 3279 2605 3326 et
2636 3270 2765 3326 falsa
2794 3270 3163 3339 intelligantur
3182 3279 3234 3324 et
3259 3269 3442 3324 stult.

169 3379 367 3437 possunt
409 3371 514 3428 sibi
557 3388 682 3429 esse
711 3373 946 3438 diversa,
979 3373 1103 3445 quia
1135 3384 1189 3430 et
1217 3389 1342 3445 spes
1388 3390 1491 3430 una
1534 3386 1637 3443 est,
1688 3385 1743 3432 et
1846 3367 2179 3423 Laborantes
2212 3365 2354 3420 enim
2388 3363 2623 3419 haeretici
2649 3364 2832 3419 fallere
2859 3379 2952 3432 per
2981 3364 3033 3419 id
3066 3362 3207 3432 quod
3237 3362 3443 3419 dictum

170 3458 290 3519 Dens
315 3482 471 3535 unus,
504 3466 666 3523 sicuti
696 3475 754 3524 et
774 3467 1035 3523 Dominus
1079 3484 1216 3523 unus
1256 3478 1362 3535 est,
1393 3477 1447 3524 et
1478 3469 1722 3539 baptism:

1886 3468 1931 3514 st
1961 3477 1974 3513 :
2009 3457 2117 3529 Ego
2148 3467 2193 3513 et
2220 3468 2363 3529 pater
2383 3473 2540 3511 unum
2569 3473 2747 3511 sumus
2772 3455 2954 3526 (Joan.
2984 3473 3040 3524 ι,
3068 3455 3182 3530 30),
3227 3472 3297 3511 ne
3342 3471 3438 3512 na-

170 3557 573 3623 regenerationis
622 3573 788 3613 unum
841 3568 924 3614 est
971 3574 985 3611 :
1035 3558 1081 3613 si
1130 3558 1248 3615 haec
1290 3574 1515 3617 assensu
1565 3558 1741 3630 potius
1850 3563 1986 3611 turre
2011 3554 2065 3609 in
2094 3551 2179 3608 his
2210 3553 2387 3608 unitas
2414 3560 2468 3607 et
2510 3549 2821 3608 indiﬁ‘erens
2853 3550 3149 3606 divinitatis
3188 3551 3447 3607 substan-

172 3664 309 3705 unum
335 3663 475 3717 sunt,
512 3666 677 3725 quam
705 3660 932 3718 natura;
981 3652 1062 3708 his
1109 3668 1343 3724 quoque,
1386 3653 1476 3725 qui
1525 3654 1578 3709 in
1628 3653 1744 3710 hanc
1845 3646 1917 3701 tia
1950 3644 2286 3711 crederetur,
2319 3643 2416 3699 sed
2447 3658 2510 3700 ex
2535 3643 2827 3700 dilectione
2852 3652 3040 3699 mutua
3064 3651 3119 3699 et
3145 3657 3212 3698 ex
3245 3643 3438 3699 volun-

170 3746 316 3801 renati
356 3757 506 3815 sum,
551 3746 816 3802 unitatem
861 3745 1153 3801 voluntatis
1196 3745 1465 3802 adscr-ibe.
1513 3744 1570 3801 Si
1603 3760 1738 3803 vero
1846 3747 2015 3795 tatum
2061 3735 2351 3794 concordia
2400 3751 2564 3792 unum
2613 3745 2818 3803 essent,
2868 3736 3176 3807 exemplum
3226 3736 3449 3793 unitatis

169 3840 437 3907 regenerati
469 3839 531 3896 in
560 3839 722 3894 unius
762 3839 886 3894 vice
924 3847 1088 3910 atque
1129 3838 1449 3894 aeternitatis
1489 3847 1736 3893 naturam
1845 3831 2021 3896 istius,
2051 3838 2111 3885 ut
2130 3829 2379 3900 superius
2415 3828 2930 3895 demonstravimus,
2972 3829 3132 3885 etiam
3173 3844 3239 3885 ex
3287 3829 3448 3884 dictis

171 3939 292 3993 sunt,
320 3946 412 4001 per
442 3930 592 4003 quod
621 3930 799 3986 anima
826 3945 1013 3985 eorum
1044 3938 1100 3985 et
1128 3943 1223 3985 cor
1254 3944 1418 3984 unum
1464 3939 1581 3996 est;
1622 3944 1742 3987 ces—
1843 3928 2133 3985 dominicis
2173 3928 2520 3999 protulerunt
2546 3946 2560 3983 :
2596 3926 2664 3983 Ut
2693 3944 2867 3983 omnes
2889 3944 3047 3983 unum
3075 3928 3197 3995 sint,
3230 3928 3360 3982 sicut
3389 3936 3448 3981 tu

172 4029 241 4076 sat
281 4021 330 4078 iu
369 4022 451 4079 his
496 4038 754 4080 assensus
796 4022 1008 4089 unitas,
1061 4022 1151 4093 qui
1201 4037 1363 4078 unum
1418 4031 1543 4078 sunt
1571 4023 1642 4095 (e)
1684 4024 1738 4079 in
1843 4022 1997 4078 Pater
2024 4024 2079 4078 in
2110 4040 2210 4090 me,
2244 4032 2290 4078 et
2312 4038 2403 4097 ego
2432 4023 2486 4077 in
2516 4031 2580 4088 te,
2608 4033 2662 4077 nt
2687 4031 2735 4077 et
2760 4023 2859 4090 ipsi
2887 4021 2987 4077 sint
3006 4021 3060 4075 in
3090 4021 3237 4075 nobis
3259 4020 3445 4091 (Joan.

172 4113 385 4182 ejusdem
412 4117 829 4189 regeneratione
859 4116 1083 4172 naturie.
1842 4133 1976 4184 xvn,
2004 4116 2120 4190 2i).
2170 4115 2337 4172 Extra
2377 4115 2687 4186 evangelica
2736 4113 2999 4185 promissa
3047 4122 3152 4181 est,
3199 4113 3446 4184 quisquis

227 4207 275 4264 8.
305 4207 457 4267 Pauli
496 4212 549 4265 in
599 4227 711 4265 eam
746 4227 854 4265 rem
896 4209 1163 4266 sententia.
1189 4240 1261 4251 --
1284 4208 1401 4265 Non
1428 4218 1613 4265 nostra
1653 4210 1737 4267 Io-
1841 4219 1993 4268 extra
2040 4208 2200 4265 ﬁdem
2231 4223 2420 4265 eorum
2451 4218 2576 4264 est:
2608 4215 2664 4262 et
2710 4205 2889 4276 impiae
2933 4204 3306 4276 intelligentia:
3329 4204 3443 4260 cri-

171 4300 378 4372 quimur,
410 4319 588 4375 neque
616 4302 684 4359 ad
726 4302 1034 4359 illudendas
1057 4301 1391 4359 audientium
1422 4317 1583 4359 aures
1609 4316 1735 4360 cor-
1840 4318 1965 4360 men
1994 4302 2058 4376 (i)
2090 4317 2244 4374 spem
2284 4300 2586 4373 simplicem
2630 4299 2884 4371 perdidit.
2931 4298 3098 4355 liabet
3143 4298 3288 4356 enim
3332 4313 3445 4355 non

249 4414 298 4487 η)
324 4417 374 4473 In
404 4418 539 4475 solis
568 4418 731 4474 editis
761 4417 847 4472 hic
874 4417 1089 4473 additur
1116 4418 1364 4471 omnium.
1764 4419 1817 4481 D
1842 4433 1898 4473 n.
1932 4416 2023 4483 14,
2075 4416 2163 4473 ubi
2210 4412 2342 4471 illud
2390 4431 2488 4486 pro
2539 4424 2690 4472 certo
2734 4416 2926 4486 ponit:
2981 4414 3204 4481 Quando
3248 4414 3440 4470 dicitur

252 4490 296 4557 ὁ)
320 4490 411 4547 Ms.
439 4490 603 4546 Curb.
638 4490 840 4561 aliique
870 4488 1113 4545 nonnulli
1144 4487 1232 4543 hic
1260 4487 1482 4556 addunt,
1511 4496 1558 4544 et
1579 4503 1737 4543 unum
1844 4505 2003 4544 unum
2033 4498 2170 4553 sunt,
2201 4489 2295 4561 etsi
2315 4504 2417 4561 non
2441 4490 2640 4542 dicatur
2664 4487 2790 4558 quid
2802 4487 3306 4561 unum,_intelligitur
3329 4502 3439 4541 una

174 4558 397 4628 spiritum.
751 4558 767 4561 ⁷
1841 4561 2147 4628 substantia,
2181 4560 2335 4614 unica
2371 4560 2485 4614 hace
2514 4570 2597 4614 est
2631 4560 2698 4614 ad
2746 4561 2922 4615 locum
2960 4558 3179 4613 allatum
3211 4573 3438 4626 respon-

232 4631 295 4705 (ς)
323 4635 582 4705 antiquus
611 4632 780 4690 codex
806 4630 957 4688 Coll).
978 4633 1118 4705 nati.
1369 4703 1379 4705 ᾼ
1612 4703 1622 4705 _
1656 4703 1663 4705 _
1701 4703 1710 4705 _
1841 4632 1965 4705 sio:
2000 4631 2261 4705 Legimus,
2288 4630 2415 4705 Qui
2460 4631 2655 4701 plantat
2697 4632 2865 4705 et_qui
2909 4630 3041 4705 rigat
3087 4645 3247 4705 unum
3274 4637 3391 4683 sunt
3414 4644 3437 4684 :

231 4699 302 4772 (tl)
326 4704 394 4759 Ita
423 4699 744 4762 vétustiores
788 4721 917 4760 mss.
946 4704 1090 4759 Editi
1127 4718 1277 4772 vero,
1312 4703 1380 4758 ad
1408 4719 1551 4776 spem
1590 4703 1731 4776 ﬁdei.
1840 4702 1931 4757 sed
1966 4699 2115 4758 (ιηήῑο
2159 4703 2388 4757 homines
2426 4699 2589 4768 erant,
2615 4699 2845 4776 ejusdem
2873 4699 3174 4756 substantia:
3202 4703 3431 4771 fuerant,

174 4768 293 4849 Tum
327 4776 700 4847 subjiciebant.
738 4787 796 4849 et
843 4792 942 4830 non
986 4785 1198 4849 possunt
1243 4768 1373 4843 lucc,
1421 4768 1623 4831 omisso
1665 4775 1733 4842 si,
1837 4776 2191 4849 nondiuerste.

173 4845 293 4912 quod
321 4842 485 4903 ossi-it
515 4849 570 4903 in
601 4848 851 4904 omnibus
879 4842 1009 4903 mss'.
1360 4842 1363 4843 ⁷
1883 4845 1990 4927 ’(Ιι)
2033 4847 2085 4902 In
2122 4862 2222 4902 ms.
2252 4844 2436 4927 cartt._
2456 4855 2511 4900 ut
2540 4845 2790 4927 ejusdem,
2822 4842 2999 4927 minus
3029 4843 3165 4927 bene
3194 4859 3208 4895 :
3241 4855 3432 4927 quam:-

234 4934 299 5009 (ς)
342 4936 395 4994 In
445 4954 578 4996 mss.
608 4937 734 4995 Vat.
762 4938 878 4995 has.
922 4947 976 4995 et
1004 4935 1220 4997 Martin.
1253 4936 1341 4995 hic
1383 4936 1635 5009 adjicitur
1681 4949 1738 4994 ut

1877 4915 1927 5009 is
1970 4915 2243 5009 sequatur.
2277 4917 2472 5000 deinde
2518 4915 2677 4970 etiam
2720 4915 3027 5009 in.c:ntAerism
3048 4915 3149 4966 sint
3189 4915 3429 5009 ministri.

176 4984 395 5065 άίαῖέῆιυξξ
445 4984 578 4996 mm
762 4984 878 4995 ”“””
924 4984 976 4995 ”’
1004 4984 1220 4997 mm
1255 4984 1341 4995 ’”“’
1383 4984 1626 5009 ”“⁴’“’“”
1683 4984 1737 4994 ’⁷⁷
1841 4988 1960 5065 Hoc
1986 4984 2127 5065 enim
2159 4988 2363 5044 Hilario
2395 4989 2671 5065 usitatum,
2704 4995 2761 5041 ttt
2788 4986 2840 5040 in
2887 4984 3114 5065 duabus
3143 4985 3429 5065 sententiis

537 5106 616 5129 ,μ
650 5103 748 5129 πη
812 5104 906 5129 ,Μ
969 5105 1188 5129 mum,
1239 5103 1358 5129 nu
1394 5107 1443 5129 ,Α
1475 5106 1710 5129 ____,_A_,-
1840 5060 2220 5129 conjunctione
2245 5069 2293 5113 et
2318 5057 2584 5129 copulatis
2613 5073 2718 5111 non
2741 5056 2989 5129 eumdem
3017 5056 3259 5129 retineat
3275 5054 3430 5112 verbi

336 5102 387 5158 lu
415 5105 619 5190 fodico
650 5103 799 5190 Vat.“
812 5104 929 5189 bas.
961 5105 1209 5161 ementiti.
1239 5103 1362 5161 Mox
1392 5107 1446 5163 in
1475 5106 1732 5179 vulgatis,

1728 5148 1732 5169 ι
1839 5100 2854 5190 57635iii."§¥éﬁ§r€6§£i‘t§‘aién'edin.
2893 5136 3012 5181 sunt
3039 5126 3280 5181 ministri.

177 5168 519 5273 ﬂagrantia.
550 5177 722 5233 Abest
751 5174 849 5273 ne
876 5191 907 5231 ε
932 5191 1062 5273 mss.
1166 5272 1169 5273 ί
1572 5168 1602 5179 '
1715 5168 1729 5174 '
1839 5168 2680 5273 "triga:“erasmus;
2707 5168 3287 5273 :;;;;a:;_;;it:.;"§;az

235 5265 306 5339 (α)
331 5268 479 5352 Iiditi,
511 5272 635 5352 quia
657 5272 790 5352 ipsis
814 5271 868 5352 in
889 5287 993 5327 uno
1031 5272 1284 5344 baptismo
1310 5275 1595 5352 renatis._...
1624 5273 1733 5330 dis-
1838 5281 1896 5330 et
1919 5265 2241 5352 niam-Illud,
2262 5272 2576 5352 erimetrest
2610 5284 2821 5336 eorum,
2863 5269 2952 5352 qui
3001 5266 3299 5352 simplicem
3346 5270 3431 5326 rei

179 5340 377 5415 pensatio
412 5339 849 5415 sit._Restituitu’r
878 5358 942 5398 ex
988 5339 1256 5415 consensu
1288 5359 1398 5399 mss
1427 5345 1621 5415 ipsi...
1651 5361 1734 5399 re-
1838 5343 2123 5401 credendaa
2169 5341 2576 5415 intelligetitia_m
2607 5339 2979 5415 corrumpunt,
3015 5339 3299 5415 falsam‘ei
3330 5354 3429 5396 ne-

178 5408 268 5493 aati
286 5426 304 5463 :
322 5411 742 5493 ert-polhertinp
766 5425 1046 5493 autem_ac_
1060 5414 1241 5471 Germ.
1276 5408 1588 5493 dispensatio
1608 5417 1731 5493 sint,
1840 5408 2470 5493 quiterAsubstituentcs.
2500 5411 2634 5493 Tum
2684 5408 2840 5493 spent;
2871 5411 3173 5493 simplicem,
3224 5410 3276 5467 id
3320 5422 3429 5493 est,

181 5483 547 5560 {lonpsitaUnde
571 5483 844 5557 duplicem
875 5486 965 5560 qui
997 5488 1202 5560 plantat
1229 5496 1282 5543 et
1310 5481 1400 5560 qui
1448 5488 1587 5558 rigat
1609 5558 1619 5560 _
1640 5481 1736 5542 ha?-
1842 5481 1992 5560 s'pem
2020 5485 2144 5544 ﬁdei
2170 5484 2431 5560 simplicis
2460 5495 2518 5540 et
2557 5481 2783 5560 scientia
2808 5481 3200 5560 destitutzeLde
3238 5498 3341 5553 qua
3375 5484 3430 5539 in

183 5545 291 5635 bent
312 5556 588 5635 unitatem,
620 5545 941 5613 sacramenti
972 5545 1247 5635 nimirum,
1278 5545 1401 5635 quia
1440 5545 1563 5635 uno
1608 5558 1739 5635 bap—
1842 5545 1985 5615 P'sal.
2014 5573 2161 5635 cant,
2190 5545 2391 5635 lit._'_I(_),
2431 5570 2584 5635 num,
2612 5554 2705 5635 l2,
2742 5553 3043 5635 habemus:
3077 5545 3216 5635 Plus
3245 5545 3316 5610 est
3336 5569 3434 5635 au-b

189 5624 325 5679 lislno
369 5628 595 5701 renatl,_r
621 5642 687 5683 ac
737 5635 997 5701 prarterea
1047 5624 1390 5685 instrumenti
1440 5631 1491 5686 in
1547 5624 1737 5686 eodem
1846 5639 1946 5685 tem
1987 5632 2158 5689 nescio
2186 5624 2389 5701 quid
2435 5627 2745 5701 cognitione,
2771 5642 2928 5701 quam
2967 5625 3021 5679 in
3062 5627 3185 5701 ﬁde,
3221 5628 3434 5701 aperis;

184 5702 486 5772 “gumento
548 5696 935 5772 dispensanda,
990 5701 1322 5772 proindeque
1375 5717 1483 5758 non
1523 5715 1739 5772 meram
1846 5702 1965 5770 quia
1994 5702 2122 5772 ﬁdes
2152 5701 2300 5757 habet
2330 5696 2630 5772 obedientitc
2656 5699 2913 5772 meritum,
2956 5696 3431 5772 non'habetaittev'n

188 5762 881 5827 voluntatisunanitititatem.
910 5762 1189 5843 Augustini
1211 5762 1347 5832 Coll.
1376 5787 1496 5830 cum
1521 5770 1738 5828 Maxim.
1847 5762 2067 5844 cognita:
2112 5774 2334 5832 raritatis
2382 5771 2720 5842 ﬁduciam...
2754 5769 2855 5839 Qui
2883 5762 3064 5837 credit,
3107 5778 3267 5841 potest
3294 5770 3440 5839 ignea
