  <div class='ocr_page' id='page_1' title='image "/cluster/home/n/w/nwhite01/storage/ocr_20150623/10/uva.x000826522/130.png"; bbox 0 0 3930 6194; ppageno 0'>
   <div class='ocr_carea' id='block_1_1' title="bbox 155 254 256 313">
    <p class='ocr_par' dir='ltr' id='par_1_1' title="bbox 155 254 256 313">
     <span class='ocr_line' id='line_1_1' title="bbox 155 254 256 313; baseline -0.04 1"><span class='ocrx_word' id='word_1_1' title='bbox 155 254 256 313; x_wconf 69' lang='grc'><strong>245</strong></span> 
     </span>
    </p>
   </div>
   <div class='ocr_carea' id='block_1_2' title="bbox 1349 244 2278 311">
    <p class='ocr_par' dir='ltr' id='par_1_2' title="bbox 1349 244 2278 311">
     <span class='ocr_line' id='line_1_2' title="bbox 1349 244 2278 311; baseline 0 -2"><span class='ocrx_word' id='word_1_2' title='bbox 1349 245 1441 309; x_wconf 68' lang='grc' dir='ltr'><strong>ΒΕ</strong></span> <span class='ocrx_word' id='word_1_3' title='bbox 1478 244 1858 311; x_wconf 70' lang='grc' dir='ltr'><strong>ΤΒΙΜΤΑΤΕ</strong></span> <span class='ocrx_word' id='word_1_4' title='bbox 1894 248 2107 308; x_wconf 76' lang='lat' dir='ltr'><strong>LIBER</strong></span> <span class='ocrx_word' id='word_1_5' title='bbox 2148 249 2278 309; x_wconf 74' lang='lat' dir='ltr'><strong>Vill.</strong></span> 
     </span>
    </p>
   </div>
   <div class='ocr_carea' id='block_1_3' title="bbox 3332 257 3442 317">
    <p class='ocr_par' dir='ltr' id='par_1_3' title="bbox 3332 257 3442 317">
     <span class='ocr_line' id='line_1_3' title="bbox 3332 257 3442 317; baseline -0.018 0"><span class='ocrx_word' id='word_1_6' title='bbox 3332 257 3442 317; x_wconf 73' lang='grc'><strong>246</strong></span> 
     </span>
    </p>
   </div>
   <div class='ocr_carea' id='block_1_4' title="bbox 156 368 3436 445">
    <p class='ocr_par' dir='ltr' id='par_1_4' title="bbox 156 368 3436 445">
     <span class='ocr_line' id='line_1_4' title="bbox 156 368 3436 445; baseline 0.003 -20"><span class='ocrx_word' id='word_1_7' title='bbox 156 386 251 430; x_wconf 75' lang='grc' dir='ltr'>ιω</span> <span class='ocrx_word' id='word_1_8' title='bbox 272 368 430 429; x_wconf 81' lang='lat' dir='ltr'><strong>datus</strong></span> <span class='ocrx_word' id='word_1_9' title='bbox 448 377 571 439; x_wconf 83' lang='lat' dir='ltr'><strong>est;</strong></span> <span class='ocrx_word' id='word_1_10' title='bbox 601 383 785 441; x_wconf 78' lang='lat' dir='ltr'><strong>neque</strong></span> <span class='ocrx_word' id='word_1_11' title='bbox 818 370 891 431; x_wconf 87' lang='lat' dir='ltr'><strong>ob</strong></span> <span class='ocrx_word' id='word_1_12' title='bbox 913 369 1057 429; x_wconf 85' lang='lat' dir='ltr'><strong>aliud</strong></span> <span class='ocrx_word' id='word_1_13' title='bbox 1104 368 1263 427; x_wconf 87' lang='lat' dir='ltr'><strong>datus</strong></span> <span class='ocrx_word' id='word_1_14' title='bbox 1310 377 1415 438; x_wconf 87' lang='lat' dir='ltr'><strong>est,</strong></span> <span class='ocrx_word' id='word_1_15' title='bbox 1464 383 1626 442; x_wconf 84' lang='lat' dir='ltr'><strong>quam</strong></span> <span class='ocrx_word' id='word_1_16' title='bbox 1677 379 1739 428; x_wconf 89' lang='lat' dir='ltr'><strong>ut</strong></span> <span class='ocrx_word' id='word_1_17' title='bbox 1763 374 1819 435; x_wconf 78' lang='grc' dir='ltr'>Α</span> <span class='ocrx_word' id='word_1_18' title='bbox 1840 371 1956 445; x_wconf 71' lang='grc'><strong>25).</strong></span> <span class='ocrx_word' id='word_1_19' title='bbox 1982 372 2090 429; x_wconf 82' lang='lat' dir='ltr'><strong>Eos</strong></span> <span class='ocrx_word' id='word_1_20' title='bbox 2118 387 2280 440; x_wconf 75' lang='lat' dir='ltr'><strong>nunc,</strong></span> <span class='ocrx_word' id='word_1_21' title='bbox 2308 373 2398 445; x_wconf 91' lang='lat' dir='ltr'><strong>qui</strong></span> <span class='ocrx_word' id='word_1_22' title='bbox 2425 373 2567 431; x_wconf 86' lang='lat' dir='ltr'><strong>inter</strong></span> <span class='ocrx_word' id='word_1_23' title='bbox 2596 373 2814 433; x_wconf 78' lang='lat' dir='ltr'><strong>Patrem</strong></span> <span class='ocrx_word' id='word_1_24' title='bbox 2841 382 2900 434; x_wconf 81' lang='lat' dir='ltr'><strong>et</strong></span> <span class='ocrx_word' id='word_1_25' title='bbox 2922 376 3123 434; x_wconf 77' lang='lat' dir='ltr'><strong>Filium</strong></span> <span class='ocrx_word' id='word_1_26' title='bbox 3143 377 3436 436; x_wconf 78' lang='lat' dir='ltr'><strong>voluntatis</strong></span> 
     </span>
    </p>
   </div>
   <div class='ocr_carea' id='block_1_5' title="bbox 152 463 1737 535">
    <p class='ocr_par' dir='ltr' id='par_1_5' title="bbox 152 463 1737 535">
     <span class='ocr_line' id='line_1_5' title="bbox 152 463 1737 535; baseline -0.001 -13"><span class='ocrx_word' id='word_1_27' title='bbox 152 479 334 522; x_wconf 86' lang='lat' dir='ltr'><strong>omnes</strong></span> <span class='ocrx_word' id='word_1_28' title='bbox 379 478 548 521; x_wconf 77' lang='lat' dir='ltr'><strong>unum</strong></span> <span class='ocrx_word' id='word_1_29' title='bbox 589 473 797 521; x_wconf 72' lang='lat' dir='ltr'><strong>essent.</strong></span> <span class='ocrx_word' id='word_1_30' title='bbox 843 464 913 523; x_wconf 72' lang='lat' dir='ltr'><strong>Et</strong></span> <span class='ocrx_word' id='word_1_31' title='bbox 952 478 1076 522; x_wconf 87' lang='lat' dir='ltr'><strong>cum</strong></span> <span class='ocrx_word' id='word_1_32' title='bbox 1120 479 1221 535; x_wconf 84' lang='lat' dir='ltr'><strong>per</strong></span> <span class='ocrx_word' id='word_1_33' title='bbox 1262 465 1528 521; x_wconf 72' lang='lat' dir='ltr'><strong>honorem</strong></span> <span class='ocrx_word' id='word_1_34' title='bbox 1553 463 1737 521; x_wconf 80' lang='lat' dir='ltr'><strong>datum</strong></span> 
     </span>
    </p>
   </div>
   <div class='ocr_carea' id='block_1_6' title="bbox 154 555 1736 628">
    <p class='ocr_par' dir='ltr' id='par_1_6' title="bbox 154 555 1736 628">
     <span class='ocr_line' id='line_1_6' title="bbox 154 555 1736 628; baseline -0.004 -10"><span class='ocrx_word' id='word_1_35' title='bbox 154 558 301 627; x_wconf 82' lang='lat' dir='ltr'><strong>Filio,</strong></span> <span class='ocrx_word' id='word_1_36' title='bbox 330 567 386 614; x_wconf 87' lang='lat' dir='ltr'><strong>et</strong></span> <span class='ocrx_word' id='word_1_37' title='bbox 407 571 441 614; x_wconf 95' lang='lat' dir='ltr'><strong>a</strong></span> <span class='ocrx_word' id='word_1_38' title='bbox 470 555 614 615; x_wconf 78' lang='lat' dir='ltr'><strong>Filio</strong></span> <span class='ocrx_word' id='word_1_39' title='bbox 639 558 939 628; x_wconf 75' lang='lat' dir='ltr'><strong>praestitum</strong></span> <span class='ocrx_word' id='word_1_40' title='bbox 961 557 1333 624; x_wconf 84' lang='lat' dir='ltr'><strong>credentibus,</strong></span> <span class='ocrx_word' id='word_1_41' title='bbox 1358 572 1548 614; x_wconf 86' lang='lat' dir='ltr'><strong>omnes</strong></span> <span class='ocrx_word' id='word_1_42' title='bbox 1570 572 1736 613; x_wconf 89' lang='lat' dir='ltr'><strong>unum</strong></span> 
     </span>
    </p>
   </div>
   <div class='ocr_carea' id='block_1_7' title="bbox 153 650 1738 723">
    <p class='ocr_par' dir='ltr' id='par_1_7' title="bbox 153 650 1738 723">
     <span class='ocr_line' id='line_1_7' title="bbox 153 650 1738 723; baseline -0.001 -13"><span class='ocrx_word' id='word_1_43' title='bbox 153 656 285 718; x_wconf 84' lang='lat' dir='ltr'><strong>sint;</strong></span> <span class='ocrx_word' id='word_1_44' title='bbox 311 666 500 723; x_wconf 64' lang='lat' dir='ltr'><strong>quaero</strong></span> <span class='ocrx_word' id='word_1_45' title='bbox 540 650 810 722; x_wconf 88' lang='lat' dir='ltr'><strong>quomodo</strong></span> <span class='ocrx_word' id='word_1_46' title='bbox 838 652 1007 708; x_wconf 87' lang='lat' dir='ltr'><strong>Filius</strong></span> <span class='ocrx_word' id='word_1_47' title='bbox 1032 652 1233 708; x_wconf 78' lang='lat' dir='ltr'><strong>diversi</strong></span> <span class='ocrx_word' id='word_1_48' title='bbox 1270 651 1491 708; x_wconf 85' lang='lat' dir='ltr'><strong>honoris</strong></span> <span class='ocrx_word' id='word_1_49' title='bbox 1514 665 1549 707; x_wconf 83' lang='lat' dir='ltr'><strong>a</strong></span> <span class='ocrx_word' id='word_1_50' title='bbox 1577 651 1738 709; x_wconf 85' lang='lat' dir='ltr'><strong>Patre</strong></span> 
     </span>
    </p>
   </div>
   <div class='ocr_carea' id='block_1_8' title="bbox 154 744 1733 813">
    <p class='ocr_par' dir='ltr' id='par_1_8' title="bbox 154 744 1733 813">
     <span class='ocr_line' id='line_1_8' title="bbox 154 744 1733 813; baseline -0.001 -10"><span class='ocrx_word' id='word_1_51' title='bbox 154 747 378 813; x_wconf 50' lang='lat' dir='ltr'><strong>since.</strong></span> <span class='ocrx_word' id='word_1_52' title='bbox 419 744 713 802; x_wconf 72' lang='lat' dir='ltr'><strong>credentes</strong></span> <span class='ocrx_word' id='word_1_53' title='bbox 751 760 941 802; x_wconf 85' lang='lat' dir='ltr'><strong>omnes</strong></span> <span class='ocrx_word' id='word_1_54' title='bbox 987 748 1158 801; x_wconf 87' lang='lat' dir='ltr'><strong>honor</strong></span> <span class='ocrx_word' id='word_1_55' title='bbox 1187 746 1312 802; x_wconf 81' lang='lat' dir='ltr'><strong>Filii</strong></span> <span class='ocrx_word' id='word_1_56' title='bbox 1357 745 1426 801; x_wconf 88' lang='lat' dir='ltr'><strong>ad</strong></span> <span class='ocrx_word' id='word_1_57' title='bbox 1473 745 1733 803; x_wconf 89' lang='lat' dir='ltr'><strong>unitatem</strong></span> 
     </span>
    </p>
   </div>
   <div class='ocr_carea' id='block_1_9' title="bbox 156 836 1733 911">
    <p class='ocr_par' dir='ltr' id='par_1_9' title="bbox 156 836 1733 911">
     <span class='ocr_line' id='line_1_9' title="bbox 156 836 1733 911; baseline 0.001 -18"><span class='ocrx_word' id='word_1_58' title='bbox 156 838 346 910; x_wconf 80' lang='lat' dir='ltr'><strong>paterni</strong></span> <span class='ocrx_word' id='word_1_59' title='bbox 373 836 598 893; x_wconf 78' lang='lat' dir='ltr'><strong>honoris</strong></span> <span class='ocrx_word' id='word_1_60' title='bbox 620 847 864 893; x_wconf 84' lang='lat' dir='ltr'><strong>assumat</strong></span> <span class='ocrx_word' id='word_1_61' title='bbox 887 839 911 893; x_wconf 76' lang='lat'><strong>7</strong></span> <span class='ocrx_word' id='word_1_62' title='bbox 954 836 1026 897; x_wconf 83' lang='lat' dir='ltr'><strong>Et</strong></span> <span class='ocrx_word' id='word_1_63' title='bbox 1069 839 1306 895; x_wconf 86' lang='lat' dir='ltr'><strong>insolens</strong></span> <span class='ocrx_word' id='word_1_64' title='bbox 1334 842 1495 911; x_wconf 60' lang='lat'><strong>233</strong></span> <span class='ocrx_word' id='word_1_65' title='bbox 1517 839 1733 910; x_wconf 81' lang='lat' dir='ltr'><strong>quidem</strong></span> 
     </span>
    </p>
   </div>
   <div class='ocr_carea' id='block_1_10' title="bbox 157 928 1733 999">
    <p class='ocr_par' dir='ltr' id='par_1_10' title="bbox 157 928 1733 999">
     <span class='ocr_line' id='line_1_10' title="bbox 157 928 1733 999; baseline 0.001 -12"><span class='ocrx_word' id='word_1_66' title='bbox 157 930 235 987; x_wconf 80' lang='lat' dir='ltr'><strong>hic</strong></span> <span class='ocrx_word' id='word_1_67' title='bbox 256 928 398 987; x_wconf 71' lang='lat' dir='ltr'><strong>forte</strong></span> <span class='ocrx_word' id='word_1_68' title='bbox 424 928 678 987; x_wconf 63' lang='lat' dir='ltr'><strong>humanae</strong></span> <span class='ocrx_word' id='word_1_69' title='bbox 702 930 819 999; x_wconf 73' lang='lat' dir='ltr'><strong>Spei</strong></span> <span class='ocrx_word' id='word_1_70' title='bbox 845 930 951 986; x_wconf 87' lang='lat' dir='ltr'><strong>erit</strong></span> <span class='ocrx_word' id='word_1_71' title='bbox 974 945 1177 996; x_wconf 89' lang='lat' dir='ltr'><strong>sermo,</strong></span> <span class='ocrx_word' id='word_1_72' title='bbox 1200 931 1297 988; x_wconf 87' lang='lat' dir='ltr'><strong>sed</strong></span> <span class='ocrx_word' id='word_1_73' title='bbox 1327 948 1432 987; x_wconf 91' lang='lat' dir='ltr'><strong>non</strong></span> <span class='ocrx_word' id='word_1_74' title='bbox 1458 932 1563 988; x_wconf 85' lang='lat' dir='ltr'><strong>erit</strong></span> <span class='ocrx_word' id='word_1_75' title='bbox 1606 932 1733 988; x_wconf 88' lang='lat' dir='ltr'><strong>inli-</strong></span> 
     </span>
    </p>
   </div>
   <div class='ocr_carea' id='block_1_11' title="bbox 150 1024 1728 1095">
    <p class='ocr_par' dir='ltr' id='par_1_11' title="bbox 150 1024 1728 1095">
     <span class='ocr_line' id='line_1_11' title="bbox 150 1024 1728 1095; baseline 0.001 -15"><span class='ocrx_word' id='word_1_76' title='bbox 150 1025 274 1081; x_wconf 84' lang='lat' dir='ltr'><strong>delis</strong></span> <span class='ocrx_word' id='word_1_77' title='bbox 316 1040 330 1083; x_wconf 77' lang='lat' dir='ltr'><strong>t</strong></span> <span class='ocrx_word' id='word_1_78' title='bbox 374 1024 503 1095; x_wconf 84' lang='lat' dir='ltr'><strong>quia</strong></span> <span class='ocrx_word' id='word_1_79' title='bbox 548 1024 800 1094; x_wconf 83' lang='lat' dir='ltr'><strong>quamvis</strong></span> <span class='ocrx_word' id='word_1_80' title='bbox 844 1028 947 1081; x_wconf 90' lang='lat' dir='ltr'><strong>hoc</strong></span> <span class='ocrx_word' id='word_1_81' title='bbox 974 1040 1199 1095; x_wconf 88' lang='lat' dir='ltr'><strong>sperare</strong></span> <span class='ocrx_word' id='word_1_82' title='bbox 1243 1028 1589 1083; x_wconf 83' lang='lat' dir='ltr'><strong>temerarium</strong></span> <span class='ocrx_word' id='word_1_83' title='bbox 1639 1026 1728 1094; x_wconf 85' lang='lat' dir='ltr'><strong>sit,</strong></span> 
     </span>
    </p>
   </div>
   <div class='ocr_carea' id='block_1_12' title="bbox 153 1118 1730 1193">
    <p class='ocr_par' dir='ltr' id='par_1_12' title="bbox 153 1118 1730 1193">
     <span class='ocr_line' id='line_1_12' title="bbox 153 1118 1730 1193; baseline -0.001 -16"><span class='ocrx_word' id='word_1_84' title='bbox 153 1129 313 1177; x_wconf 75' lang='lat' dir='ltr'><strong>tamen</strong></span> <span class='ocrx_word' id='word_1_85' title='bbox 336 1132 444 1175; x_wconf 83' lang='lat' dir='ltr'><strong>nou</strong></span> <span class='ocrx_word' id='word_1_86' title='bbox 470 1118 771 1176; x_wconf 81' lang='lat' dir='ltr'><strong>credidisse</strong></span> <span class='ocrx_word' id='word_1_87' title='bbox 809 1121 1167 1191; x_wconf 73' lang='lat' dir='ltr'><strong>irreligiosum</strong></span> <span class='ocrx_word' id='word_1_88' title='bbox 1198 1130 1283 1177; x_wconf 86' lang='lat' dir='ltr'><strong>est</strong></span> <span class='ocrx_word' id='word_1_89' title='bbox 1334 1121 1410 1193; x_wconf 90' lang='lat' dir='ltr'><strong>(a)</strong></span> <span class='ocrx_word' id='word_1_90' title='bbox 1436 1137 1558 1177; x_wconf 88' lang='lat' dir='ltr'><strong>cum</strong></span> <span class='ocrx_word' id='word_1_91' title='bbox 1586 1120 1730 1177; x_wconf 87' lang='lat' dir='ltr'><strong>idem</strong></span> 
     </span>
    </p>
   </div>
   <div class='ocr_carea' id='block_1_13' title="bbox 151 1196 1730 1282">
    <p class='ocr_par' dir='ltr' id='par_1_13' title="bbox 151 1196 1730 1282">
     <span class='ocr_line' id='line_1_13' title="bbox 151 1196 1730 1282; baseline 0.001 -17"><span class='ocrx_word' id='word_1_92' title='bbox 151 1222 296 1282; x_wconf 85' lang='lat' dir='ltr'><strong>atque</strong></span> <span class='ocrx_word' id='word_1_93' title='bbox 324 1225 468 1267; x_wconf 78' lang='lat' dir='ltr'><strong>unus</strong></span> <span class='ocrx_word' id='word_1_94' title='bbox 496 1210 656 1267; x_wconf 88' lang='lat' dir='ltr'><strong>nobis</strong></span> <span class='ocrx_word' id='word_1_95' title='bbox 703 1220 759 1267; x_wconf 92' lang='lat' dir='ltr'><strong>et</strong></span> <span class='ocrx_word' id='word_1_96' title='bbox 787 1212 902 1281; x_wconf 87' lang='lat' dir='ltr'><strong>spei</strong></span> <span class='ocrx_word' id='word_1_97' title='bbox 933 1220 1122 1268; x_wconf 77' lang='lat' dir='ltr'><strong>auctor</strong></span> <span class='ocrx_word' id='word_1_98' title='bbox 1161 1212 1233 1267; x_wconf 86' lang='lat' dir='ltr'><strong>sit</strong></span> <span class='ocrx_word' id='word_1_99' title='bbox 1277 1222 1331 1267; x_wconf 91' lang='lat' dir='ltr'><strong>et</strong></span> <span class='ocrx_word' id='word_1_100' title='bbox 1356 1212 1504 1269; x_wconf 84' lang='lat' dir='ltr'><strong>ﬁdei.</strong></span> <span class='ocrx_word' id='word_1_101' title='bbox 1551 1213 1621 1267; x_wconf 86' lang='lat' dir='ltr'><strong>Et</strong></span> <span class='ocrx_word' id='word_1_102' title='bbox 1660 1196 1730 1268; x_wconf 81' lang='lat' dir='ltr'><strong>de</strong></span> 
     </span>
    </p>
   </div>
   <div class='ocr_carea' id='block_1_14' title="bbox 150 1303 1727 1375">
    <p class='ocr_par' dir='ltr' id='par_1_14' title="bbox 150 1303 1727 1375">
     <span class='ocr_line' id='line_1_14' title="bbox 150 1303 1727 1375; baseline -0.002 -14"><span class='ocrx_word' id='word_1_103' title='bbox 150 1304 471 1375; x_wconf 77' lang='lat' dir='ltr'><strong>hocquideni</strong></span> <span class='ocrx_word' id='word_1_104' title='bbox 502 1303 580 1375; x_wconf 72' lang='grc' dir='ltr'><strong>(ι)</strong></span> <span class='ocrx_word' id='word_1_105' title='bbox 607 1304 821 1375; x_wconf 90' lang='lat' dir='ltr'><strong>planius</strong></span> <span class='ocrx_word' id='word_1_106' title='bbox 848 1315 904 1361; x_wconf 87' lang='lat' dir='ltr'><strong>et</strong></span> <span class='ocrx_word' id='word_1_107' title='bbox 930 1306 1202 1375; x_wconf 87' lang='lat' dir='ltr'><strong>copiosius</strong></span> <span class='ocrx_word' id='word_1_108' title='bbox 1230 1320 1352 1371; x_wconf 89' lang='lat' dir='ltr'><strong>suo,</strong></span> <span class='ocrx_word' id='word_1_109' title='bbox 1372 1316 1430 1360; x_wconf 89' lang='lat' dir='ltr'><strong>ut</strong></span> <span class='ocrx_word' id='word_1_110' title='bbox 1456 1304 1727 1375; x_wconf 76' lang='lat' dir='ltr'><strong>congruit,</strong></span> 
     </span>
    </p>
   </div>
   <div class='ocr_carea' id='block_1_15' title="bbox 150 1398 1728 1470">
    <p class='ocr_par' dir='ltr' id='par_1_15' title="bbox 150 1398 1728 1470">
     <span class='ocr_line' id='line_1_15' title="bbox 150 1398 1728 1470; baseline -0.001 -15"><span class='ocrx_word' id='word_1_111' title='bbox 150 1400 256 1455; x_wconf 86' lang='lat' dir='ltr'><strong>loco</strong></span> <span class='ocrx_word' id='word_1_112' title='bbox 284 1398 649 1455; x_wconf 74' lang='lat' dir='ltr'><strong>tractabimus.</strong></span> <span class='ocrx_word' id='word_1_113' title='bbox 698 1399 919 1456; x_wconf 80' lang='lat' dir='ltr'><strong>interim</strong></span> <span class='ocrx_word' id='word_1_114' title='bbox 964 1409 1142 1456; x_wconf 87' lang='lat' dir='ltr'><strong>tamen</strong></span> <span class='ocrx_word' id='word_1_115' title='bbox 1183 1402 1344 1455; x_wconf 89' lang='lat' dir='ltr'><strong>etiam</strong></span> <span class='ocrx_word' id='word_1_116' title='bbox 1375 1416 1444 1456; x_wconf 79' lang='lat' dir='ltr'><strong>ex</strong></span> <span class='ocrx_word' id='word_1_117' title='bbox 1477 1399 1728 1470; x_wconf 79' lang='lat' dir='ltr'><strong>pra-senti</strong></span> 
     </span>
    </p>
   </div>
   <div class='ocr_carea' id='block_1_16' title="bbox 149 1491 1728 1563">
    <p class='ocr_par' dir='ltr' id='par_1_16' title="bbox 149 1491 1728 1563">
     <span class='ocr_line' id='line_1_16' title="bbox 149 1491 1728 1563; baseline 0 -17"><span class='ocrx_word' id='word_1_118' title='bbox 149 1505 378 1549; x_wconf 68' lang='lat' dir='ltr'><strong>sermone</strong></span> <span class='ocrx_word' id='word_1_119' title='bbox 420 1505 603 1562; x_wconf 86' lang='lat' dir='ltr'><strong>neque</strong></span> <span class='ocrx_word' id='word_1_120' title='bbox 647 1491 846 1557; x_wconf 86' lang='lat' dir='ltr'><strong>inanis,</strong></span> <span class='ocrx_word' id='word_1_121' title='bbox 890 1507 1066 1563; x_wconf 80' lang='lat' dir='ltr'><strong>neque</strong></span> <span class='ocrx_word' id='word_1_122' title='bbox 1107 1493 1397 1548; x_wconf 85' lang='lat' dir='ltr'><strong>temeraria</strong></span> <span class='ocrx_word' id='word_1_123' title='bbox 1442 1506 1565 1548; x_wconf 83' lang='lat' dir='ltr'><strong>esse</strong></span> <span class='ocrx_word' id='word_1_124' title='bbox 1611 1492 1728 1547; x_wconf 72' lang='lat' dir='ltr'><strong>hrec</strong></span> 
     </span>
    </p>
   </div>
   <div class='ocr_carea' id='block_1_17' title="bbox 150 1584 1724 1658">
    <p class='ocr_par' dir='ltr' id='par_1_17' title="bbox 150 1584 1724 1658">
     <span class='ocr_line' id='line_1_17' title="bbox 150 1584 1724 1658; baseline 0 -18"><span class='ocrx_word' id='word_1_125' title='bbox 150 1598 266 1652; x_wconf 86' lang='lat' dir='ltr'><strong>spes</strong></span> <span class='ocrx_word' id='word_1_126' title='bbox 292 1594 464 1640; x_wconf 87' lang='lat' dir='ltr'><strong>nostra</strong></span> <span class='ocrx_word' id='word_1_127' title='bbox 499 1584 843 1656; x_wconf 73' lang='lat' dir='ltr'><strong>intelligitur.</strong></span> <span class='ocrx_word' id='word_1_128' title='bbox 893 1585 999 1643; x_wconf 64' lang='lat' dir='ltr'><strong>Pe:</strong></span> <span class='ocrx_word' id='word_1_129' title='bbox 1024 1594 1306 1656; x_wconf 86' lang='lat' dir='ltr'><strong>acceptum</strong></span> <span class='ocrx_word' id='word_1_130' title='bbox 1341 1586 1502 1658; x_wconf 72' lang='lat' dir='ltr'><strong>igitur</strong></span> <span class='ocrx_word' id='word_1_131' title='bbox 1529 1595 1585 1642; x_wconf 88' lang='lat' dir='ltr'><strong>et</strong></span> <span class='ocrx_word' id='word_1_132' title='bbox 1624 1586 1724 1643; x_wconf 86' lang='lat' dir='ltr'><strong>da-</strong></span> 
     </span>
    </p>
   </div>
   <div class='ocr_carea' id='block_1_18' title="bbox 149 1674 1725 1745">
    <p class='ocr_par' dir='ltr' id='par_1_18' title="bbox 149 1674 1725 1745">
     <span class='ocr_line' id='line_1_18' title="bbox 149 1674 1725 1745; baseline 0.004 -15"><span class='ocrx_word' id='word_1_133' title='bbox 149 1684 248 1731; x_wconf 86' lang='lat' dir='ltr'><strong>tunt</strong></span> <span class='ocrx_word' id='word_1_134' title='bbox 271 1674 528 1735; x_wconf 76' lang='lat' dir='ltr'><strong>honorem</strong></span> <span class='ocrx_word' id='word_1_135' title='bbox 564 1693 734 1734; x_wconf 88' lang='lat' dir='ltr'><strong>unum</strong></span> <span class='ocrx_word' id='word_1_136' title='bbox 762 1693 953 1739; x_wconf 86' lang='lat' dir='ltr'><strong>omnes</strong></span> <span class='ocrx_word' id='word_1_137' title='bbox 978 1687 1127 1734; x_wconf 87' lang='lat' dir='ltr'><strong>sunt.</strong></span> <span class='ocrx_word' id='word_1_138' title='bbox 1176 1678 1362 1735; x_wconf 83' lang='lat' dir='ltr'><strong>Fidem</strong></span> <span class='ocrx_word' id='word_1_139' title='bbox 1413 1687 1593 1745; x_wconf 82' lang='lat' dir='ltr'><strong>teneo,</strong></span> <span class='ocrx_word' id='word_1_140' title='bbox 1641 1688 1725 1736; x_wconf 82' lang='lat' dir='ltr'><strong>at-</strong></span> 
     </span>
    </p>
   </div>
   <div class='ocr_carea' id='block_1_19' title="bbox 146 1769 1053 1841">
    <p class='ocr_par' dir='ltr' id='par_1_19' title="bbox 146 1769 1053 1841">
     <span class='ocr_line' id='line_1_19' title="bbox 146 1769 1053 1841; baseline 0.002 -18"><span class='ocrx_word' id='word_1_141' title='bbox 146 1782 241 1838; x_wconf 84' lang='lat' dir='ltr'><strong>que</strong></span> <span class='ocrx_word' id='word_1_142' title='bbox 267 1782 476 1824; x_wconf 88' lang='lat' dir='ltr'><strong>causam</strong></span> <span class='ocrx_word' id='word_1_143' title='bbox 512 1769 738 1829; x_wconf 85' lang='lat' dir='ltr'><strong>unitatis</strong></span> <span class='ocrx_word' id='word_1_144' title='bbox 783 1771 992 1841; x_wconf 84' lang='lat' dir='ltr'><strong>accipio</strong></span> <span class='ocrx_word' id='word_1_145' title='bbox 1038 1788 1053 1825; x_wconf 89' lang='lat'><strong>:</strong></span> 
     </span>
    </p>
   </div>
   <div class='ocr_carea' id='block_1_20' title="bbox 156 1859 1723 1933">
    <p class='ocr_par' dir='ltr' id='par_1_20' title="bbox 156 1859 1723 1933">
     <span class='ocr_line' id='line_1_20' title="bbox 156 1859 1723 1933; baseline 0.005 -16"><span class='ocrx_word' id='word_1_146' title='bbox 156 1859 314 1917; x_wconf 83' lang='lat' dir='ltr'><strong>bendo</strong></span> <span class='ocrx_word' id='word_1_147' title='bbox 333 1862 631 1930; x_wconf 76' lang='lat' dir='ltr'><strong>rationem,</strong></span> <span class='ocrx_word' id='word_1_148' title='bbox 661 1863 936 1933; x_wconf 83' lang='lat' dir='ltr'><strong>quomodo</strong></span> <span class='ocrx_word' id='word_1_149' title='bbox 962 1863 1122 1921; x_wconf 87' lang='lat' dir='ltr'><strong>datus</strong></span> <span class='ocrx_word' id='word_1_150' title='bbox 1149 1865 1324 1922; x_wconf 84' lang='lat' dir='ltr'><strong>honor</strong></span> <span class='ocrx_word' id='word_1_151' title='bbox 1345 1880 1509 1923; x_wconf 88' lang='lat' dir='ltr'><strong>unum</strong></span> <span class='ocrx_word' id='word_1_152' title='bbox 1532 1880 1723 1926; x_wconf 85' lang='lat' dir='ltr'><strong>omnes</strong></span> 
     </span>
    </p>
   </div>
   <div class='ocr_carea' id='block_1_21' title="bbox 145 1954 539 2025">
    <p class='ocr_par' dir='ltr' id='par_1_21' title="bbox 145 1954 539 2025">
     <span class='ocr_line' id='line_1_21' title="bbox 145 1954 539 2025; baseline 0 -14"><span class='ocrx_word' id='word_1_153' title='bbox 145 1968 252 2011; x_wconf 85' lang='lat' dir='ltr'><strong>esse</strong></span> <span class='ocrx_word' id='word_1_154' title='bbox 278 1954 539 2025; x_wconf 75' lang='lat' dir='ltr'><strong>perﬁciat.</strong></span> 
     </span>
    </p>
   </div>
   <div class='ocr_carea' id='block_1_22' title="bbox 204 2048 1722 2126">
    <p class='ocr_par' dir='ltr' id='par_1_22' title="bbox 204 2048 1722 2126">
     <span class='ocr_line' id='line_1_22' title="bbox 204 2048 1722 2126; baseline 0.007 -23"><span class='ocrx_word' id='word_1_155' title='bbox 204 2049 283 2106; x_wconf 74' lang='grc'><strong>15.</strong></span> <span class='ocrx_word' id='word_1_156' title='bbox 308 2048 491 2107; x_wconf 71' lang='lat' dir='ltr'><strong>(Inita</strong></span> <span class='ocrx_word' id='word_1_157' title='bbox 516 2052 773 2107; x_wconf 73' lang='lat' dir='ltr'><strong>naturalis</strong></span> <span class='ocrx_word' id='word_1_158' title='bbox 797 2051 1028 2122; x_wconf 76' lang='lat' dir='ltr'><strong>ﬁdelium</strong></span> <span class='ocrx_word' id='word_1_159' title='bbox 1051 2053 1105 2109; x_wconf 85' lang='lat' dir='ltr'><strong>in</strong></span> <span class='ocrx_word' id='word_1_160' title='bbox 1132 2051 1245 2110; x_wconf 84' lang='lat' dir='ltr'><strong>Deo</strong></span> <span class='ocrx_word' id='word_1_161' title='bbox 1288 2064 1563 2126; x_wconf 74' lang='lat' dir='ltr'><strong>prmiatur</strong></span> <span class='ocrx_word' id='word_1_162' title='bbox 1601 2056 1722 2113; x_wconf 85' lang='lat' dir='ltr'><strong>Ver-</strong></span> 
     </span>
    </p>
   </div>
   <div class='ocr_carea' id='block_1_23' title="bbox 106 2141 1722 2217">
    <p class='ocr_par' dir='ltr' id='par_1_23' title="bbox 106 2141 1722 2217">
     <span class='ocr_line' id='line_1_23' title="bbox 106 2141 1722 2217; baseline 0.008 -20"><span class='ocrx_word' id='word_1_163' title='bbox 106 2212 115 2217; x_wconf 93' lang='lat'>_</span> <span class='ocrx_word' id='word_1_164' title='bbox 143 2141 565 2210; x_wconf 80' lang='lat' dir='ltr'><strong>biittsantutiotte.</strong></span> <span class='ocrx_word' id='word_1_165' title='bbox 596 2152 646 2199; x_wconf 87' lang='lat' dir='ltr'><strong>et</strong></span> <span class='ocrx_word' id='word_1_166' title='bbox 678 2143 1026 2201; x_wconf 74' lang='lat' dir='ltr'><strong>Eueharistim</strong></span> <span class='ocrx_word' id='word_1_167' title='bbox 1052 2150 1587 2209; x_wconf 54' lang='lat' dir='ltr'><strong>sacramenta—Sed</strong></span> <span class='ocrx_word' id='word_1_168' title='bbox 1613 2151 1722 2208; x_wconf 86' lang='lat' dir='ltr'><strong>Do-</strong></span> 
     </span>
    </p>
   </div>
   <div class='ocr_carea' id='block_1_24' title="bbox 141 2232 1718 2313">
    <p class='ocr_par' dir='ltr' id='par_1_24' title="bbox 141 2232 1718 2313">
     <span class='ocr_line' id='line_1_24' title="bbox 141 2232 1718 2313; baseline 0.01 -29"><span class='ocrx_word' id='word_1_169' title='bbox 141 2232 296 2289; x_wconf 84' lang='lat' dir='ltr'><strong>minus</strong></span> <span class='ocrx_word' id='word_1_170' title='bbox 317 2234 445 2293; x_wconf 82' lang='lat' dir='ltr'><strong>nihil</strong></span> <span class='ocrx_word' id='word_1_171' title='bbox 474 2234 722 2295; x_wconf 78' lang='lat' dir='ltr'><strong>ﬁdelium</strong></span> <span class='ocrx_word' id='word_1_172' title='bbox 742 2236 1090 2295; x_wconf 80' lang='lat' dir='ltr'><strong>conscientiae</strong></span> <span class='ocrx_word' id='word_1_173' title='bbox 1108 2238 1372 2297; x_wconf 88' lang='lat' dir='ltr'><strong>incertum</strong></span> <span class='ocrx_word' id='word_1_174' title='bbox 1386 2242 1718 2313; x_wconf 87' lang='lat' dir='ltr'><strong>relinquens,</strong></span> 
     </span>
    </p>
   </div>
   <div class='ocr_carea' id='block_1_25' title="bbox 142 2324 1721 2402">
    <p class='ocr_par' dir='ltr' id='par_1_25' title="bbox 142 2324 1721 2402">
     <span class='ocr_line' id='line_1_25' title="bbox 142 2324 1721 2402; baseline 0.009 -23"><span class='ocrx_word' id='word_1_175' title='bbox 142 2324 293 2394; x_wconf 82' lang='lat' dir='ltr'><strong>ipsum</strong></span> <span class='ocrx_word' id='word_1_176' title='bbox 321 2327 467 2383; x_wconf 91' lang='lat' dir='ltr'><strong>illum</strong></span> <span class='ocrx_word' id='word_1_177' title='bbox 497 2329 765 2389; x_wconf 70' lang='lat' dir='ltr'><strong>naturalis</strong></span> <span class='ocrx_word' id='word_1_178' title='bbox 788 2328 1093 2387; x_wconf 63' lang='lat' dir='ltr'><strong>eﬂicientiaz</strong></span> <span class='ocrx_word' id='word_1_179' title='bbox 1122 2331 1304 2389; x_wconf 87' lang='lat' dir='ltr'><strong>docuit</strong></span> <span class='ocrx_word' id='word_1_180' title='bbox 1327 2332 1603 2402; x_wconf 78' lang='lat' dir='ltr'><strong>eli‘eetum.</strong></span> <span class='ocrx_word' id='word_1_181' title='bbox 1635 2336 1721 2393; x_wconf 91' lang='lat' dir='ltr'><strong>di-</strong></span> 
     </span>
    </p>
   </div>
   <div class='ocr_carea' id='block_1_26' title="bbox 139 2419 1716 2498">
    <p class='ocr_par' dir='ltr' id='par_1_26' title="bbox 139 2419 1716 2498">
     <span class='ocr_line' id='line_1_26' title="bbox 139 2419 1716 2498; baseline 0.008 -24"><span class='ocrx_word' id='word_1_182' title='bbox 139 2433 267 2485; x_wconf 83' lang='lat' dir='ltr'><strong>cens,</strong></span> <span class='ocrx_word' id='word_1_183' title='bbox 295 2419 364 2476; x_wconf 84' lang='lat' dir='ltr'><strong>Ut</strong></span> <span class='ocrx_word' id='word_1_184' title='bbox 388 2422 492 2479; x_wconf 70' lang='lat' dir='ltr'><strong>sint</strong></span> <span class='ocrx_word' id='word_1_185' title='bbox 513 2438 701 2488; x_wconf 72' lang='lat' dir='ltr'><strong>unum,</strong></span> <span class='ocrx_word' id='word_1_186' title='bbox 727 2424 861 2479; x_wconf 81' lang='lat' dir='ltr'><strong>sicut</strong></span> <span class='ocrx_word' id='word_1_187' title='bbox 889 2440 983 2479; x_wconf 83' lang='lat' dir='ltr'><strong>nos</strong></span> <span class='ocrx_word' id='word_1_188' title='bbox 1011 2439 1174 2480; x_wconf 77' lang='lat' dir='ltr'><strong>unum</strong></span> <span class='ocrx_word' id='word_1_189' title='bbox 1189 2441 1387 2495; x_wconf 79' lang='lat' dir='ltr'><strong>sumus,</strong></span> <span class='ocrx_word' id='word_1_190' title='bbox 1417 2441 1510 2498; x_wconf 82' lang='lat' dir='ltr'><strong>ego</strong></span> <span class='ocrx_word' id='word_1_191' title='bbox 1530 2428 1586 2482; x_wconf 89' lang='lat' dir='ltr'><strong>in</strong></span> <span class='ocrx_word' id='word_1_192' title='bbox 1615 2428 1716 2497; x_wconf 82' lang='lat' dir='ltr'><strong>Itis,</strong></span> 
     </span>
    </p>
   </div>
   <div class='ocr_carea' id='block_1_27' title="bbox 139 2516 1720 2590">
    <p class='ocr_par' dir='ltr' id='par_1_27' title="bbox 139 2516 1720 2590">
     <span class='ocr_line' id='line_1_27' title="bbox 139 2516 1720 2590; baseline 0.007 -23"><span class='ocrx_word' id='word_1_193' title='bbox 139 2521 180 2568; x_wconf 82' lang='lat' dir='ltr'><strong>et</strong></span> <span class='ocrx_word' id='word_1_194' title='bbox 196 2516 310 2570; x_wconf 68' lang='lat' dir='ltr'><strong>tuin</strong></span> <span class='ocrx_word' id='word_1_195' title='bbox 332 2530 445 2583; x_wconf 74' lang='lat' dir='ltr'><strong>uls;</strong></span> <span class='ocrx_word' id='word_1_196' title='bbox 477 2524 535 2571; x_wconf 75' lang='lat' dir='ltr'><strong>ut</strong></span> <span class='ocrx_word' id='word_1_197' title='bbox 565 2516 675 2572; x_wconf 81' lang='lat' dir='ltr'><strong>sint</strong></span> <span class='ocrx_word' id='word_1_198' title='bbox 694 2517 905 2587; x_wconf 69' lang='lat' dir='ltr'><strong>perfecti</strong></span> <span class='ocrx_word' id='word_1_199' title='bbox 936 2516 992 2572; x_wconf 84' lang='lat' dir='ltr'><strong>in</strong></span> <span class='ocrx_word' id='word_1_200' title='bbox 1012 2533 1172 2573; x_wconf 79' lang='lat' dir='ltr'><strong>unum</strong></span> <span class='ocrx_word' id='word_1_201' title='bbox 1196 2516 1380 2590; x_wconf 79' lang='lat' dir='ltr'><strong>(Joan.</strong></span> <span class='ocrx_word' id='word_1_202' title='bbox 1412 2535 1546 2588; x_wconf 74' lang='lat' dir='ltr'><strong>xvn,</strong></span> <span class='ocrx_word' id='word_1_203' title='bbox 1568 2521 1640 2578; x_wconf 72' lang='lat'><strong>22</strong></span> <span class='ocrx_word' id='word_1_204' title='bbox 1663 2531 1720 2581; x_wconf 85' lang='lat' dir='ltr'><strong>et</strong></span> 
     </span>
    </p>
   </div>
   <div class='ocr_carea' id='block_1_28' title="bbox 197 2692 1712 2769">
    <p class='ocr_par' dir='ltr' id='par_1_28' title="bbox 197 2692 1712 2769">
     <span class='ocr_line' id='line_1_28' title="bbox 197 2692 1712 2769; baseline 0.005 -18"><span class='ocrx_word' id='word_1_205' title='bbox 197 2692 263 2766; x_wconf 89' lang='lat' dir='ltr'><strong>(a)</strong></span> <span class='ocrx_word' id='word_1_206' title='bbox 282 2694 443 2769; x_wconf 54' lang='lat' dir='ltr'><strong>Lips.</strong></span> <span class='ocrx_word' id='word_1_207' title='bbox 472 2704 531 2769; x_wconf 88' lang='lat' dir='ltr'><strong>et</strong></span> <span class='ocrx_word' id='word_1_208' title='bbox 584 2693 706 2769; x_wconf 83' lang='lat' dir='ltr'><strong>Par.</strong></span> <span class='ocrx_word' id='word_1_209' title='bbox 759 2705 817 2750; x_wconf 83' lang='lat' dir='ltr'><strong>ut</strong></span> <span class='ocrx_word' id='word_1_210' title='bbox 844 2696 982 2751; x_wconf 70' lang='lat' dir='ltr'><strong>idem</strong></span> <span class='ocrx_word' id='word_1_211' title='bbox 1009 2712 1029 2751; x_wconf 90' lang='lat'><strong><em>:</em></strong></span> <span class='ocrx_word' id='word_1_212' title='bbox 1059 2698 1202 2754; x_wconf 87' lang='lat' dir='ltr'><strong>male</strong></span> <span class='ocrx_word' id='word_1_213' title='bbox 1236 2705 1291 2753; x_wconf 90' lang='lat' dir='ltr'><strong>et</strong></span> <span class='ocrx_word' id='word_1_214' title='bbox 1328 2708 1525 2769; x_wconf 65' lang='lat' dir='ltr'><strong>praeter</strong></span> <span class='ocrx_word' id='word_1_215' title='bbox 1552 2700 1712 2757; x_wconf 75' lang='lat' dir='ltr'><strong>[idem</strong></span> 
     </span>
    </p>
   </div>
   <div class='ocr_carea' id='block_1_29' title="bbox 142 2765 1714 2839">
    <p class='ocr_par' dir='ltr' id='par_1_29' title="bbox 142 2765 1714 2839">
     <span class='ocr_line' id='line_1_29' title="bbox 142 2765 1714 2839; baseline 0.004 -17"><span class='ocrx_word' id='word_1_216' title='bbox 142 2765 252 2823; x_wconf 85' lang='lat' dir='ltr'><strong>mss.</strong></span> <span class='ocrx_word' id='word_1_217' title='bbox 281 2766 371 2823; x_wconf 84' lang='lat' dir='ltr'><strong>Hic</strong></span> <span class='ocrx_word' id='word_1_218' title='bbox 396 2765 578 2822; x_wconf 85' lang='lat' dir='ltr'><strong>obiter</strong></span> <span class='ocrx_word' id='word_1_219' title='bbox 599 2766 956 2839; x_wconf 72' lang='lat' dir='ltr'><strong>observantius</strong></span> <span class='ocrx_word' id='word_1_220' title='bbox 983 2773 1230 2839; x_wconf 87' lang='lat' dir='ltr'><strong>superius</strong></span> <span class='ocrx_word' id='word_1_221' title='bbox 1251 2765 1473 2825; x_wconf 79' lang='lat' dir='ltr'><strong>verbum</strong></span> <span class='ocrx_word' id='word_1_222' title='bbox 1505 2789 1714 2839; x_wconf 85' lang='lat' dir='ltr'><strong>sperare</strong></span> 
     </span>
    </p>
   </div>
   <div class='ocr_carea' id='block_1_30' title="bbox 143 2838 1713 2911">
    <p class='ocr_par' dir='ltr' id='par_1_30' title="bbox 143 2838 1713 2911">
     <span class='ocr_line' id='line_1_30' title="bbox 143 2838 1713 2911; baseline 0.004 -19"><span class='ocrx_word' id='word_1_223' title='bbox 143 2838 197 2892; x_wconf 90' lang='lat' dir='ltr'><strong>dc</strong></span> <span class='ocrx_word' id='word_1_224' title='bbox 218 2854 302 2911; x_wconf 85' lang='lat' dir='ltr'><strong>spe</strong></span> <span class='ocrx_word' id='word_1_225' title='bbox 347 2848 396 2911; x_wconf 82' lang='lat' dir='ltr'><strong>et</strong></span> <span class='ocrx_word' id='word_1_226' title='bbox 424 2838 835 2911; x_wconf 77' lang='lat' dir='ltr'><strong>exspectatione</strong></span> <span class='ocrx_word' id='word_1_227' title='bbox 876 2838 1106 2911; x_wconf 86' lang='lat' dir='ltr'><strong>humana</strong></span> <span class='ocrx_word' id='word_1_228' title='bbox 1139 2855 1201 2896; x_wconf 90' lang='lat' dir='ltr'><strong>ac</strong></span> <span class='ocrx_word' id='word_1_229' title='bbox 1233 2842 1463 2896; x_wconf 81' lang='lat' dir='ltr'><strong>naturali</strong></span> <span class='ocrx_word' id='word_1_230' title='bbox 1500 2838 1627 2911; x_wconf 88' lang='lat' dir='ltr'><strong>dici,</strong></span> <span class='ocrx_word' id='word_1_231' title='bbox 1658 2854 1713 2899; x_wconf 89' lang='lat' dir='ltr'><strong>at</strong></span> 
     </span>
    </p>
   </div>
   <div class='ocr_carea' id='block_1_31' title="bbox 142 2908 1712 2981">
    <p class='ocr_par' dir='ltr' id='par_1_31' title="bbox 142 2908 1712 2981">
     <span class='ocr_line' id='line_1_31' title="bbox 142 2908 1712 2981; baseline 0.003 -17"><span class='ocrx_word' id='word_1_232' title='bbox 142 2911 186 2964; x_wconf 92' lang='lat' dir='ltr'><strong>in</strong></span> <span class='ocrx_word' id='word_1_233' title='bbox 210 2909 406 2979; x_wconf 80' lang='lat' dir='ltr'><strong>reliquis</strong></span> <span class='ocrx_word' id='word_1_234' title='bbox 436 2908 705 2981; x_wconf 78' lang='lat' dir='ltr'><strong>vocabulo</strong></span> <span class='ocrx_word' id='word_1_235' title='bbox 734 2911 861 2981; x_wconf 82' lang='lat' dir='ltr'><strong>spei,</strong></span> <span class='ocrx_word' id='word_1_236' title='bbox 894 2910 1077 2981; x_wconf 80' lang='lat' dir='ltr'><strong>etiam</strong></span> <span class='ocrx_word' id='word_1_237' title='bbox 1110 2913 1199 2967; x_wconf 91' lang='lat' dir='ltr'><strong>ubi</strong></span> <span class='ocrx_word' id='word_1_238' title='bbox 1248 2913 1443 2968; x_wconf 88' lang='lat' dir='ltr'><strong>dicitur</strong></span> <span class='ocrx_word' id='word_1_239' title='bbox 1471 2908 1712 2970; x_wconf 71' lang='lat' dir='ltr'><strong>humana:</strong></span> 
     </span>
    </p>
   </div>
   <div class='ocr_carea' id='block_1_32' title="bbox 143 2980 1711 3068">
    <p class='ocr_par' dir='ltr' id='par_1_32' title="bbox 143 2980 1711 3068">
     <span class='ocr_line' id='line_1_32' title="bbox 143 2980 1711 3068; baseline 0.005 -34"><span class='ocrx_word' id='word_1_240' title='bbox 143 2982 232 3061; x_wconf 76' lang='lat' dir='ltr'><strong>spei</strong></span> <span class='ocrx_word' id='word_1_241' title='bbox 257 2997 430 3068; x_wconf 61' lang='lat' dir='ltr'><strong>seruio,</strong></span> <span class='ocrx_word' id='word_1_242' title='bbox 471 2980 993 3068; x_wconf 35' lang='lat' dir='ltr'><strong>hominumquideitn</strong></span> <span class='ocrx_word' id='word_1_243' title='bbox 1028 2984 1326 3068; x_wconf 27' lang='lat' dir='ltr'><strong>speinnsed</strong></span> <span class='ocrx_word' id='word_1_244' title='bbox 1483 2989 1711 3068; x_wconf 81' lang='lat' dir='ltr'><strong>promis-</strong></span> 
     </span>
    </p>
   </div>
   <div class='ocr_carea' id='block_1_33' title="bbox 144 3053 1709 3128">
    <p class='ocr_par' dir='ltr' id='par_1_33' title="bbox 144 3053 1709 3128">
     <span class='ocr_line' id='line_1_33' title="bbox 144 3053 1709 3128; baseline 0.004 -22"><span class='ocrx_word' id='word_1_245' title='bbox 144 3055 206 3106; x_wconf 86' lang='lat' dir='ltr'><strong>sis</strong></span> <span class='ocrx_word' id='word_1_246' title='bbox 231 3069 323 3106; x_wconf 89' lang='lat' dir='ltr'><strong>non</strong></span> <span class='ocrx_word' id='word_1_247' title='bbox 366 3053 842 3128; x_wconf 75' lang='lat' dir='ltr'><strong>humanaratione</strong></span> <span class='ocrx_word' id='word_1_248' title='bbox 874 3053 1061 3128; x_wconf 82' lang='lat' dir='ltr'><strong>fultam</strong></span> <span class='ocrx_word' id='word_1_249' title='bbox 1092 3055 1403 3128; x_wconf 78' lang='lat' dir='ltr'><strong>signilicari.</strong></span> <span class='ocrx_word' id='word_1_250' title='bbox 1440 3053 1574 3111; x_wconf 89' lang='lat' dir='ltr'><strong>llinc</strong></span> <span class='ocrx_word' id='word_1_251' title='bbox 1603 3059 1709 3128; x_wconf 85' lang='lat' dir='ltr'><strong>pri-</strong></span> 
     </span>
    </p>
   </div>
   <div class='ocr_carea' id='block_1_34' title="bbox 144 3124 1708 3198">
    <p class='ocr_par' dir='ltr' id='par_1_34' title="bbox 144 3124 1708 3198">
     <span class='ocr_line' id='line_1_34' title="bbox 144 3124 1708 3198; baseline 0.004 -21"><span class='ocrx_word' id='word_1_252' title='bbox 144 3140 264 3177; x_wconf 87' lang='lat' dir='ltr'><strong>mum</strong></span> <span class='ocrx_word' id='word_1_253' title='bbox 288 3140 486 3194; x_wconf 84' lang='lat' dir='ltr'><strong>sperare</strong></span> <span class='ocrx_word' id='word_1_254' title='bbox 515 3124 717 3178; x_wconf 84' lang='lat' dir='ltr'><strong>dicitur</strong></span> <span class='ocrx_word' id='word_1_255' title='bbox 759 3126 1082 3179; x_wconf 87' lang='lat' dir='ltr'><strong>temerarium</strong></span> <span class='ocrx_word' id='word_1_256' title='bbox 1105 3142 1123 3180; x_wconf 90' lang='lat'><strong><em>:</em></strong></span> <span class='ocrx_word' id='word_1_257' title='bbox 1147 3124 1209 3181; x_wconf 82' lang='lat' dir='ltr'><strong>ac</strong></span> <span class='ocrx_word' id='word_1_258' title='bbox 1232 3126 1427 3182; x_wconf 87' lang='lat' dir='ltr'><strong>deinde</strong></span> <span class='ocrx_word' id='word_1_259' title='bbox 1458 3143 1581 3198; x_wconf 87' lang='lat' dir='ltr'><strong>spes</strong></span> <span class='ocrx_word' id='word_1_260' title='bbox 1604 3124 1708 3183; x_wconf 78' lang='lat' dir='ltr'><strong>non</strong></span> 
     </span>
    </p>
   </div>
   <div class='ocr_carea' id='block_1_35' title="bbox 144 3198 397 3251">
    <p class='ocr_par' dir='ltr' id='par_1_35' title="bbox 144 3198 397 3251">
     <span class='ocr_line' id='line_1_35' title="bbox 144 3198 397 3251; baseline 0.016 -4"><span class='ocrx_word' id='word_1_261' title='bbox 144 3198 397 3251; x_wconf 82' lang='lat' dir='ltr'><strong>temeraria.</strong></span> 
     </span>
    </p>
   </div>
   <div class='ocr_carea' id='block_1_36' title="bbox 171 3266 1704 3390">
    <p class='ocr_par' dir='ltr' id='par_1_36' title="bbox 171 3266 1704 3390">
     <span class='ocr_line' id='line_1_36' title="bbox 171 3266 1704 3390; baseline -0.007 -53"><span class='ocrx_word' id='word_1_262' title='bbox 171 3266 269 3390; x_wconf 45' lang='lat' dir='ltr'><strong>lg)</strong></span> <span class='ocrx_word' id='word_1_263' title='bbox 292 3266 377 3324; x_wconf 87' lang='lat' dir='ltr'><strong>Sic</strong></span> <span class='ocrx_word' id='word_1_264' title='bbox 421 3282 560 3325; x_wconf 88' lang='lat' dir='ltr'><strong>mss.</strong></span> <span class='ocrx_word' id='word_1_265' title='bbox 592 3281 714 3323; x_wconf 90' lang='lat' dir='ltr'><strong>cum</strong></span> <span class='ocrx_word' id='word_1_266' title='bbox 756 3266 888 3324; x_wconf 87' lang='lat' dir='ltr'><strong>Bad.</strong></span> <span class='ocrx_word' id='word_1_267' title='bbox 916 3276 971 3325; x_wconf 91' lang='lat' dir='ltr'><strong>et</strong></span> <span class='ocrx_word' id='word_1_268' title='bbox 1001 3266 1093 3327; x_wconf 86' lang='lat' dir='ltr'><strong>Er.</strong></span> <span class='ocrx_word' id='word_1_269' title='bbox 1147 3270 1219 3325; x_wconf 80' lang='lat' dir='ltr'><strong>At</strong></span> <span class='ocrx_word' id='word_1_270' title='bbox 1259 3267 1522 3327; x_wconf 83' lang='lat' dir='ltr'><strong>editiones</strong></span> <span class='ocrx_word' id='word_1_271' title='bbox 1552 3270 1704 3339; x_wconf 65' lang='lat' dir='ltr'><strong>alim,</strong></span> 
     </span>
     <span class='ocr_line' id='line_1_37' title="bbox 258 3356 330 3390; baseline -0.014 1"><span class='ocrx_word' id='word_1_272' title='bbox 258 3356 330 3390; x_wconf 79' lang='lat' dir='ltr'><strong>tu.</strong></span> 
     </span>
    </p>
   </div>
   <div class='ocr_carea' id='block_1_37' title="bbox 142 3355 330 3405">
    <p class='ocr_par' dir='ltr' id='par_1_37' title="bbox 142 3355 330 3405">
     <span class='ocr_line' id='line_1_38' title="bbox 142 3355 330 3405; baseline 0.005 -15"><span class='ocrx_word' id='word_1_273' title='bbox 142 3355 330 3405; x_wconf 75' lang='lat' dir='ltr'><strong>prmus.</strong></span> 
     </span>
    </p>
   </div>
   <div class='ocr_carea' id='block_1_38' title="bbox 202 3407 1701 3483">
    <p class='ocr_par' dir='ltr' id='par_1_38' title="bbox 202 3407 1701 3483">
     <span class='ocr_line' id='line_1_39' title="bbox 202 3407 1701 3483; baseline 0.003 -21"><span class='ocrx_word' id='word_1_274' title='bbox 202 3412 267 3483; x_wconf 83' lang='lat' dir='ltr'><strong>(c)</strong></span> <span class='ocrx_word' id='word_1_275' title='bbox 294 3412 683 3483; x_wconf 78' lang='lat' dir='ltr'><strong>Argumentum</strong></span> <span class='ocrx_word' id='word_1_276' title='bbox 724 3407 812 3465; x_wconf 87' lang='lat' dir='ltr'><strong>hic</strong></span> <span class='ocrx_word' id='word_1_277' title='bbox 856 3409 1051 3479; x_wconf 80' lang='lat' dir='ltr'><strong>duplex</strong></span> <span class='ocrx_word' id='word_1_278' title='bbox 1099 3410 1153 3466; x_wconf 91' lang='lat' dir='ltr'><strong>in</strong></span> <span class='ocrx_word' id='word_1_279' title='bbox 1197 3428 1359 3467; x_wconf 91' lang='lat' dir='ltr'><strong>unum</strong></span> <span class='ocrx_word' id='word_1_280' title='bbox 1402 3412 1701 3483; x_wconf 86' lang='lat' dir='ltr'><strong>conﬂatur,</strong></span> 
     </span>
    </p>
   </div>
   <div class='ocr_carea' id='block_1_39' title="bbox 145 3481 1704 3553">
    <p class='ocr_par' dir='ltr' id='par_1_39' title="bbox 145 3481 1704 3553">
     <span class='ocr_line' id='line_1_40' title="bbox 145 3481 1704 3553; baseline 0.006 -20"><span class='ocrx_word' id='word_1_281' title='bbox 145 3481 340 3553; x_wconf 82' lang='lat' dir='ltr'><strong>primum</strong></span> <span class='ocrx_word' id='word_1_282' title='bbox 365 3498 428 3536; x_wconf 82' lang='lat' dir='ltr'><strong>ex</strong></span> <span class='ocrx_word' id='word_1_283' title='bbox 446 3481 653 3537; x_wconf 84' lang='lat' dir='ltr'><strong>Christi</strong></span> <span class='ocrx_word' id='word_1_284' title='bbox 672 3484 1051 3552; x_wconf 87' lang='lat' dir='ltr'><strong>corporatione</strong></span> <span class='ocrx_word' id='word_1_285' title='bbox 1070 3486 1316 3553; x_wconf 89' lang='lat' dir='ltr'><strong>petitum,</strong></span> <span class='ocrx_word' id='word_1_286' title='bbox 1333 3501 1436 3553; x_wconf 89' lang='lat' dir='ltr'><strong>qua</strong></span> <span class='ocrx_word' id='word_1_287' title='bbox 1466 3481 1704 3542; x_wconf 81' lang='lat' dir='ltr'><strong>nostram</strong></span> 
     </span>
    </p>
   </div>
   <div class='ocr_carea' id='block_1_40' title="bbox 146 3552 1705 3622">
    <p class='ocr_par' dir='ltr' id='par_1_40' title="bbox 146 3552 1705 3622">
     <span class='ocr_line' id='line_1_41' title="bbox 146 3552 1705 3622; baseline 0.003 -16"><span class='ocrx_word' id='word_1_288' title='bbox 146 3552 219 3607; x_wconf 91' lang='lat' dir='ltr'><strong>ille</strong></span> <span class='ocrx_word' id='word_1_289' title='bbox 250 3564 482 3611; x_wconf 84' lang='lat' dir='ltr'><strong>naturam</strong></span> <span class='ocrx_word' id='word_1_290' title='bbox 516 3568 648 3608; x_wconf 82' lang='lat' dir='ltr'><strong>vere</strong></span> <span class='ocrx_word' id='word_1_291' title='bbox 677 3554 947 3622; x_wconf 83' lang='lat' dir='ltr'><strong>suscepit;</strong></span> <span class='ocrx_word' id='word_1_292' title='bbox 992 3552 1220 3611; x_wconf 84' lang='lat' dir='ltr'><strong>alterum</strong></span> <span class='ocrx_word' id='word_1_293' title='bbox 1251 3570 1314 3609; x_wconf 80' lang='lat' dir='ltr'><strong>ex</strong></span> <span class='ocrx_word' id='word_1_294' title='bbox 1351 3552 1705 3612; x_wconf 65' lang='lat' dir='ltr'><strong>EUCilarislilﬂ</strong></span> 
     </span>
    </p>
   </div>
   <div class='ocr_carea' id='block_1_41' title="bbox 142 3625 1700 3697">
    <p class='ocr_par' dir='ltr' id='par_1_41' title="bbox 142 3625 1700 3697">
     <span class='ocr_line' id='line_1_42' title="bbox 142 3625 1700 3697; baseline 0.003 -20"><span class='ocrx_word' id='word_1_295' title='bbox 142 3635 460 3697; x_wconf 77' lang='lat' dir='ltr'><strong>sacratuento,</strong></span> <span class='ocrx_word' id='word_1_296' title='bbox 494 3640 607 3697; x_wconf 81' lang='lat' dir='ltr'><strong>quo</strong></span> <span class='ocrx_word' id='word_1_297' title='bbox 640 3640 823 3680; x_wconf 80' lang='lat' dir='ltr'><strong>verum</strong></span> <span class='ocrx_word' id='word_1_298' title='bbox 846 3625 989 3679; x_wconf 89' lang='lat' dir='ltr'><strong>illius</strong></span> <span class='ocrx_word' id='word_1_299' title='bbox 1018 3642 1234 3682; x_wconf 86' lang='lat' dir='ltr'><strong>carnem</strong></span> <span class='ocrx_word' id='word_1_300' title='bbox 1263 3641 1389 3682; x_wconf 88' lang='lat' dir='ltr'><strong>vere</strong></span> <span class='ocrx_word' id='word_1_301' title='bbox 1416 3628 1700 3684; x_wconf 86' lang='lat' dir='ltr'><strong>sumimus.</strong></span> 
     </span>
    </p>
   </div>
   <div class='ocr_carea' id='block_1_42' title="bbox 296 3694 1701 3767">
    <p class='ocr_par' dir='ltr' id='par_1_42' title="bbox 296 3694 1701 3767">
     <span class='ocr_line' id='line_1_43' title="bbox 296 3694 1701 3767; baseline 0.004 -16"><span class='ocrx_word' id='word_1_302' title='bbox 296 3695 348 3751; x_wconf 87' lang='lat' dir='ltr'><strong>id</strong></span> <span class='ocrx_word' id='word_1_303' title='bbox 380 3706 480 3767; x_wconf 87' lang='lat' dir='ltr'><strong>est,</strong></span> <span class='ocrx_word' id='word_1_304' title='bbox 513 3694 599 3751; x_wconf 60' lang='lat' dir='ltr'><strong>&#39;ad</strong></span> <span class='ocrx_word' id='word_1_305' title='bbox 634 3705 878 3751; x_wconf 88' lang='lat' dir='ltr'><strong>naturam</strong></span> <span class='ocrx_word' id='word_1_306' title='bbox 914 3696 1224 3754; x_wconf 82' lang='lat' dir='ltr'><strong>divinitatis.</strong></span> <span class='ocrx_word' id='word_1_307' title='bbox 1257 3696 1347 3754; x_wconf 87' lang='lat' dir='ltr'><strong>Sic</strong></span> <span class='ocrx_word' id='word_1_308' title='bbox 1372 3697 1584 3766; x_wconf 81' lang='lat' dir='ltr'><strong>Fragm.</strong></span> <span class='ocrx_word' id='word_1_309' title='bbox 1614 3700 1701 3767; x_wconf 82' lang='lat' dir='ltr'><strong>ll,</strong></span> 
     </span>
    </p>
   </div>
   <div class='ocr_carea' id='block_1_43' title="bbox 145 3766 1701 3837">
    <p class='ocr_par' dir='ltr' id='par_1_43' title="bbox 145 3766 1701 3837">
     <span class='ocr_line' id='line_1_44' title="bbox 145 3766 1701 3837; baseline 0.003 -19"><span class='ocrx_word' id='word_1_310' title='bbox 145 3766 286 3834; x_wconf 70' lang='lat' dir='ltr'><strong>n.32,</strong></span> <span class='ocrx_word' id='word_1_311' title='bbox 314 3766 397 3823; x_wconf 87' lang='lat' dir='ltr'><strong>ubi</strong></span> <span class='ocrx_word' id='word_1_312' title='bbox 421 3769 493 3823; x_wconf 89' lang='lat' dir='ltr'><strong>ait</strong></span> <span class='ocrx_word' id='word_1_313' title='bbox 527 3766 763 3821; x_wconf 76' lang='lat' dir='ltr'><strong>Hilarius</strong></span> <span class='ocrx_word' id='word_1_314' title='bbox 793 3768 863 3822; x_wconf 87' lang='lat' dir='ltr'><strong>ita</strong></span> <span class='ocrx_word' id='word_1_315' title='bbox 895 3768 1278 3824; x_wconf 80' lang='lat' dir='ltr'><strong>immutabilem</strong></span> <span class='ocrx_word' id='word_1_316' title='bbox 1311 3785 1431 3825; x_wconf 88' lang='lat' dir='ltr'><strong>esse</strong></span> <span class='ocrx_word' id='word_1_317' title='bbox 1461 3771 1653 3826; x_wconf 86' lang='lat' dir='ltr'><strong>Filium</strong></span> <span class='ocrx_word' id='word_1_318' title='bbox 1686 3766 1701 3837; x_wconf 87' lang='lat'><strong>,</strong></span> 
     </span>
    </p>
   </div>
   <div class='ocr_carea' id='block_1_44' title="bbox 145 3839 1703 3912">
    <p class='ocr_par' dir='ltr' id='par_1_44' title="bbox 145 3839 1703 3912">
     <span class='ocr_line' id='line_1_45' title="bbox 145 3839 1703 3912; baseline 0.003 -21"><span class='ocrx_word' id='word_1_319' title='bbox 145 3847 188 3912; x_wconf 74' lang='lat' dir='ltr'><strong>ut</strong></span> <span class='ocrx_word' id='word_1_320' title='bbox 229 3839 273 3912; x_wconf 76' lang='lat' dir='ltr'><strong>in</strong></span> <span class='ocrx_word' id='word_1_321' title='bbox 305 3840 908 3912; x_wconf 66' lang='lat' dir='ltr'><strong>assumptionehominis</strong></span> <span class='ocrx_word' id='word_1_322' title='bbox 945 3841 1260 3912; x_wconf 72' lang='grc' dir='ltr'><strong>σοι-ηιριὶοηί</strong></span> <span class='ocrx_word' id='word_1_323' title='bbox 1290 3842 1456 3912; x_wconf 80' lang='lat' dir='ltr'><strong>potius</strong></span> <span class='ocrx_word' id='word_1_324' title='bbox 1485 3843 1703 3912; x_wconf 82' lang='lat' dir='ltr'><strong>gloriam</strong></span> 
     </span>
    </p>
   </div>
   <div class='ocr_carea' id='block_1_45' title="bbox 143 3908 1702 3981">
    <p class='ocr_par' dir='ltr' id='par_1_45' title="bbox 143 3908 1702 3981">
     <span class='ocr_line' id='line_1_46' title="bbox 143 3908 1702 3981; baseline 0.006 -22"><span class='ocrx_word' id='word_1_325' title='bbox 143 3908 370 3975; x_wconf 83' lang='lat' dir='ltr'><strong>intulerit,</strong></span> <span class='ocrx_word' id='word_1_326' title='bbox 400 3908 555 3978; x_wconf 72' lang='lat' dir='ltr'><strong>quam</strong></span> <span class='ocrx_word' id='word_1_327' title='bbox 608 3909 772 3963; x_wconf 83' lang='lat' dir='ltr'><strong>labent</strong></span> <span class='ocrx_word' id='word_1_328' title='bbox 822 3908 1125 3977; x_wconf 68' lang='lat' dir='ltr'><strong>wteriiilati;</strong></span> <span class='ocrx_word' id='word_1_329' title='bbox 1156 3908 1569 3981; x_wconf 49' lang='lat' dir='ltr'><strong>quid&#39;corrup&#39;lio</strong></span> <span class='ocrx_word' id='word_1_330' title='bbox 1601 3914 1702 3968; x_wconf 89' lang='lat' dir='ltr'><strong>nisi</strong></span> 
     </span>
    </p>
   </div>
   <div class='ocr_carea' id='block_1_46' title="bbox 145 3981 1703 4047">
    <p class='ocr_par' dir='ltr' id='par_1_46' title="bbox 145 3981 1703 4047">
     <span class='ocr_line' id='line_1_47' title="bbox 145 3981 1703 4047; baseline 0.004 -16"><span class='ocrx_word' id='word_1_331' title='bbox 145 3988 354 4043; x_wconf 78' lang='lat' dir='ltr'><strong>naturam</strong></span> <span class='ocrx_word' id='word_1_332' title='bbox 401 3981 728 4047; x_wconf 87' lang='lat' dir='ltr'><strong>humanam,</strong></span> <span class='ocrx_word' id='word_1_333' title='bbox 773 3981 896 4047; x_wconf 87' lang='lat' dir='ltr'><strong>quid</strong></span> <span class='ocrx_word' id='word_1_334' title='bbox 930 3982 1030 4035; x_wconf 91' lang='lat' dir='ltr'><strong>nisi</strong></span> <span class='ocrx_word' id='word_1_335' title='bbox 1066 3983 1298 4037; x_wconf 85' lang='lat' dir='ltr'><strong>divinam</strong></span> <span class='ocrx_word' id='word_1_336' title='bbox 1330 3985 1587 4038; x_wconf 80' lang='lat' dir='ltr'><strong>wternitas</strong></span> <span class='ocrx_word' id='word_1_337' title='bbox 1614 4000 1703 4040; x_wconf 87' lang='lat' dir='ltr'><strong>so-</strong></span> 
     </span>
    </p>
   </div>
   <div class='ocr_carea' id='block_1_47' title="bbox 145 4050 1697 4124">
    <p class='ocr_par' dir='ltr' id='par_1_47' title="bbox 145 4050 1697 4124">
     <span class='ocr_line' id='line_1_48' title="bbox 145 4050 1697 4124; baseline 0.002 -17"><span class='ocrx_word' id='word_1_338' title='bbox 145 4050 333 4124; x_wconf 68' lang='lat' dir='ltr'><strong>patlEa</strong></span> <span class='ocrx_word' id='word_1_339' title='bbox 355 4052 513 4121; x_wconf 86' lang='lat' dir='ltr'><strong>hujus</strong></span> <span class='ocrx_word' id='word_1_340' title='bbox 537 4052 682 4124; x_wconf 80' lang='lat' dir='ltr'><strong>vocis</strong></span> <span class='ocrx_word' id='word_1_341' title='bbox 710 4059 946 4121; x_wconf 88' lang='lat' dir='ltr'><strong>potestas</strong></span> <span class='ocrx_word' id='word_1_342' title='bbox 980 4054 1254 4124; x_wconf 88' lang='lat' dir='ltr'><strong>perspicua</strong></span> <span class='ocrx_word' id='word_1_343' title='bbox 1287 4064 1369 4109; x_wconf 88' lang='lat' dir='ltr'><strong>est</strong></span> <span class='ocrx_word' id='word_1_344' title='bbox 1389 4070 1509 4124; x_wconf 85' lang='lat' dir='ltr'><strong>cap.</strong></span> <span class='ocrx_word' id='word_1_345' title='bbox 1532 4057 1621 4114; x_wconf 77' lang='lat' dir='ltr'><strong>3t.</strong></span> <span class='ocrx_word' id='word_1_346' title='bbox 1645 4056 1697 4111; x_wconf 91' lang='lat' dir='ltr'><strong>in</strong></span> 
     </span>
    </p>
   </div>
   <div class='ocr_carea' id='block_1_48' title="bbox 145 4118 1701 4196">
    <p class='ocr_par' dir='ltr' id='par_1_48' title="bbox 145 4118 1701 4196">
     <span class='ocr_line' id='line_1_49' title="bbox 145 4118 1701 4196; baseline 0.004 -19"><span class='ocrx_word' id='word_1_347' title='bbox 145 4118 325 4196; x_wconf 46' lang='grc' dir='ltr'><strong>ἕξειιιιι.³</strong></span> <span class='ocrx_word' id='word_1_348' title='bbox 351 4142 403 4180; x_wconf 86' lang='grc' dir='ltr'>ιι.</span> <span class='ocrx_word' id='word_1_349' title='bbox 426 4118 493 4193; x_wconf 69' lang='grc'><strong>’1,</strong></span> <span class='ocrx_word' id='word_1_350' title='bbox 526 4123 615 4178; x_wconf 91' lang='lat' dir='ltr'><strong>ubi</strong></span> <span class='ocrx_word' id='word_1_351' title='bbox 646 4118 819 4193; x_wconf 55' lang='lat' dir='ltr'><strong>ar&#39;guit</strong></span> <span class='ocrx_word' id='word_1_352' title='bbox 846 4118 1152 4196; x_wconf 68' lang='lat' dir='ltr'><strong>litureticos,</strong></span> <span class='ocrx_word' id='word_1_353' title='bbox 1186 4127 1273 4196; x_wconf 90' lang='lat' dir='ltr'><strong>qui</strong></span> <span class='ocrx_word' id='word_1_354' title='bbox 1302 4118 1471 4196; x_wconf 82' lang='lat' dir='ltr'><strong>ipsam</strong></span> <span class='ocrx_word' id='word_1_355' title='bbox 1496 4125 1701 4183; x_wconf 83' lang='lat' dir='ltr'><strong>Christi</strong></span> 
     </span>
    </p>
   </div>
   <div class='ocr_carea' id='block_1_49' title="bbox 146 4189 1696 4264">
    <p class='ocr_par' dir='ltr' id='par_1_49' title="bbox 146 4189 1696 4264">
     <span class='ocr_line' id='line_1_50' title="bbox 146 4189 1696 4264; baseline 0.005 -20"><span class='ocrx_word' id='word_1_356' title='bbox 146 4189 433 4251; x_wconf 82' lang='lat' dir='ltr'><strong>divinitatem</strong></span> <span class='ocrx_word' id='word_1_357' title='bbox 469 4189 683 4264; x_wconf 81' lang='lat' dir='ltr'><strong>passam</strong></span> <span class='ocrx_word' id='word_1_358' title='bbox 710 4189 828 4249; x_wconf 73' lang='lat' dir='ltr'><strong>esse</strong></span> <span class='ocrx_word' id='word_1_359' title='bbox 861 4189 1232 4261; x_wconf 23' lang='lat' dir='ltr'><strong>volebant,’A&#39;c</strong></span> <span class='ocrx_word' id='word_1_360' title='bbox 1261 4197 1304 4250; x_wconf 83' lang='lat' dir='ltr'><strong>si</strong></span> <span class='ocrx_word' id='word_1_361' title='bbox 1323 4189 1578 4253; x_wconf 68' lang='lat' dir='ltr'><strong>aitet-nitas</strong></span> <span class='ocrx_word' id='word_1_362' title='bbox 1604 4215 1696 4252; x_wconf 85' lang='lat' dir='ltr'><strong>na—</strong></span> 
     </span>
    </p>
   </div>
   <div class='ocr_carea' id='block_1_50' title="bbox 150 4266 1699 4338">
    <p class='ocr_par' dir='ltr' id='par_1_50' title="bbox 150 4266 1699 4338">
     <span class='ocr_line' id='line_1_51' title="bbox 150 4266 1699 4338; baseline 0.003 -19"><span class='ocrx_word' id='word_1_363' title='bbox 150 4272 283 4338; x_wconf 77' lang='lat' dir='ltr'><strong>turam</strong></span> <span class='ocrx_word' id='word_1_364' title='bbox 309 4266 601 4338; x_wconf 72' lang='lat' dir='ltr'><strong>fragilitatis</strong></span> <span class='ocrx_word' id='word_1_365' title='bbox 635 4267 907 4338; x_wconf 71' lang='lat' dir='ltr'><strong>acceperit.</strong></span> <span class='ocrx_word' id='word_1_366' title='bbox 937 4266 1044 4321; x_wconf 81' lang='lat' dir='ltr'><strong>Cur</strong></span> <span class='ocrx_word' id='word_1_367' title='bbox 1070 4278 1245 4322; x_wconf 88' lang='lat' dir='ltr'><strong>autem</strong></span> <span class='ocrx_word' id='word_1_368' title='bbox 1281 4269 1574 4324; x_wconf 75' lang='lat' dir='ltr'><strong>wrernitatis</strong></span> <span class='ocrx_word' id='word_1_369' title='bbox 1602 4286 1699 4324; x_wconf 87' lang='lat' dir='ltr'><strong>vo-</strong></span> 
     </span>
    </p>
   </div>
   <div class='ocr_carea' id='block_1_51' title="bbox 148 4334 1699 4408">
    <p class='ocr_par' dir='ltr' id='par_1_51' title="bbox 148 4334 1699 4408">
     <span class='ocr_line' id='line_1_52' title="bbox 148 4334 1699 4408; baseline 0.006 -22"><span class='ocrx_word' id='word_1_370' title='bbox 148 4334 356 4392; x_wconf 67' lang='lat' dir='ltr'><strong>cabulum</strong></span> <span class='ocrx_word' id='word_1_371' title='bbox 385 4334 610 4408; x_wconf 76' lang='lat' dir='ltr'><strong>usurpet</strong></span> <span class='ocrx_word' id='word_1_372' title='bbox 641 4338 706 4391; x_wconf 86' lang='lat' dir='ltr'><strong>ad</strong></span> <span class='ocrx_word' id='word_1_373' title='bbox 738 4334 1145 4408; x_wconf 68' lang='lat' dir='ltr'><strong>Signini-audam</strong></span> <span class='ocrx_word' id='word_1_374' title='bbox 1178 4340 1508 4394; x_wconf 83' lang='lat' dir='ltr'><strong>divinitatem</strong></span> <span class='ocrx_word' id='word_1_375' title='bbox 1538 4382 1551 4404; x_wconf 89' lang='lat'><strong>,</strong></span> <span class='ocrx_word' id='word_1_376' title='bbox 1585 4340 1699 4408; x_wconf 88' lang='lat' dir='ltr'><strong>pla-</strong></span> 
     </span>
    </p>
   </div>
   <div class='ocr_carea' id='block_1_52' title="bbox 147 4408 1697 4474">
    <p class='ocr_par' dir='ltr' id='par_1_52' title="bbox 147 4408 1697 4474">
     <span class='ocr_line' id='line_1_53' title="bbox 147 4408 1697 4474; baseline 0.005 -16"><span class='ocrx_word' id='word_1_377' title='bbox 147 4418 250 4474; x_wconf 85' lang='lat' dir='ltr'><strong>num</strong></span> <span class='ocrx_word' id='word_1_378' title='bbox 273 4417 434 4465; x_wconf 82' lang='lat' dir='ltr'><strong>estex</strong></span> <span class='ocrx_word' id='word_1_379' title='bbox 467 4425 591 4474; x_wconf 88' lang='lat' dir='ltr'><strong>cap.</strong></span> <span class='ocrx_word' id='word_1_380' title='bbox 629 4408 722 4474; x_wconf 74' lang='lat'><strong>‘25,</strong></span> <span class='ocrx_word' id='word_1_381' title='bbox 756 4426 810 4462; x_wconf 82' lang='grc' dir='ltr'>ιι.</span> <span class='ocrx_word' id='word_1_382' title='bbox 846 4408 900 4463; x_wconf 84' lang='grc'><strong>5.</strong></span> <span class='ocrx_word' id='word_1_383' title='bbox 932 4408 1048 4464; x_wconf 80' lang='grc' dir='ltr'>.1;ιιιι</span> <span class='ocrx_word' id='word_1_384' title='bbox 1076 4411 1143 4464; x_wconf 90' lang='lat' dir='ltr'><strong>ab</strong></span> <span class='ocrx_word' id='word_1_385' title='bbox 1170 4409 1254 4465; x_wconf 91' lang='lat' dir='ltr'><strong>his</strong></span> <span class='ocrx_word' id='word_1_386' title='bbox 1278 4408 1453 4465; x_wconf 84' lang='lat' dir='ltr'><strong>verbis</strong></span> <span class='ocrx_word' id='word_1_387' title='bbox 1480 4408 1697 4466; x_wconf 86' lang='lat' dir='ltr'><strong>cludere</strong></span> 
     </span>
    </p>
   </div>
   <div class='ocr_carea' id='block_1_53' title="bbox 148 4473 1695 4549">
    <p class='ocr_par' dir='ltr' id='par_1_53' title="bbox 148 4473 1695 4549">
     <span class='ocr_line' id='line_1_54' title="bbox 148 4473 1695 4549; baseline 0.004 -21"><span class='ocrx_word' id='word_1_388' title='bbox 148 4473 308 4549; x_wconf 71' lang='lat' dir='ltr'><strong>frustra</strong></span> <span class='ocrx_word' id='word_1_389' title='bbox 335 4489 500 4537; x_wconf 83' lang='lat' dir='ltr'><strong>tenlat</strong></span> <span class='ocrx_word' id='word_1_390' title='bbox 530 4473 804 4537; x_wconf 81' lang='lat' dir='ltr'><strong>Scultetus</strong></span> <span class='ocrx_word' id='word_1_391' title='bbox 830 4480 1143 4549; x_wconf 67' lang='lat' dir='ltr'><strong>praeclarum</strong></span> <span class='ocrx_word' id='word_1_392' title='bbox 1174 4476 1357 4537; x_wconf 87' lang='lat' dir='ltr'><strong>Hilarii</strong></span> <span class='ocrx_word' id='word_1_393' title='bbox 1387 4481 1452 4536; x_wconf 89' lang='lat' dir='ltr'><strong>de</strong></span> <span class='ocrx_word' id='word_1_394' title='bbox 1488 4481 1695 4537; x_wconf 84' lang='lat' dir='ltr'><strong>Eucha-</strong></span> 
     </span>
    </p>
   </div>
   <div class='ocr_carea' id='block_1_54' title="bbox 148 4546 1693 4624">
    <p class='ocr_par' dir='ltr' id='par_1_54' title="bbox 148 4546 1693 4624">
     <span class='ocr_line' id='line_1_55' title="bbox 148 4546 1693 4624; baseline 0.006 -26"><span class='ocrx_word' id='word_1_395' title='bbox 148 4546 268 4607; x_wconf 84' lang='lat' dir='ltr'><strong>ristia</strong></span> <span class='ocrx_word' id='word_1_396' title='bbox 292 4552 670 4624; x_wconf 82' lang='lat' dir='ltr'><strong>testimonium.</strong></span> <span class='ocrx_word' id='word_1_397' title='bbox 698 4546 880 4623; x_wconf 82' lang='lat' dir='ltr'><strong>Neque</strong></span> <span class='ocrx_word' id='word_1_398' title='bbox 902 4567 1031 4606; x_wconf 83' lang='lat' dir='ltr'><strong>vero</strong></span> <span class='ocrx_word' id='word_1_399' title='bbox 1057 4552 1156 4606; x_wconf 88' lang='lat' dir='ltr'><strong>sibi</strong></span> <span class='ocrx_word' id='word_1_400' title='bbox 1179 4562 1409 4618; x_wconf 88' lang='lat' dir='ltr'><strong>constat,</strong></span> <span class='ocrx_word' id='word_1_401' title='bbox 1432 4552 1556 4608; x_wconf 90' lang='lat' dir='ltr'><strong>dum</strong></span> <span class='ocrx_word' id='word_1_402' title='bbox 1582 4554 1693 4624; x_wconf 86' lang='lat' dir='ltr'><strong>pri-</strong></span> 
     </span>
    </p>
   </div>
   <div class='ocr_carea' id='block_1_55' title="bbox 148 4620 1698 4694">
    <p class='ocr_par' dir='ltr' id='par_1_55' title="bbox 148 4620 1698 4694">
     <span class='ocr_line' id='line_1_56' title="bbox 148 4620 1698 4694; baseline 0.006 -25"><span class='ocrx_word' id='word_1_403' title='bbox 148 4620 354 4694; x_wconf 84' lang='lat' dir='ltr'><strong>mo_vult,</strong></span> <span class='ocrx_word' id='word_1_404' title='bbox 380 4623 466 4679; x_wconf 90' lang='lat' dir='ltr'><strong>hic</strong></span> <span class='ocrx_word' id='word_1_405' title='bbox 492 4633 696 4678; x_wconf 83' lang='lat' dir='ltr'><strong>tantum</strong></span> <span class='ocrx_word' id='word_1_406' title='bbox 729 4620 850 4680; x_wconf 70' lang='lat' dir='ltr'><strong>cSSe</strong></span> <span class='ocrx_word' id='word_1_407' title='bbox 870 4624 1246 4692; x_wconf 86' lang='lat' dir='ltr'><strong>repetitionem</strong></span> <span class='ocrx_word' id='word_1_408' title='bbox 1279 4620 1698 4694; x_wconf 68' lang='lat' dir='ltr'><strong>argumentisu-</strong></span> 
     </span>
    </p>
   </div>
   <div class='ocr_carea' id='block_1_56' title="bbox 147 4689 1695 4762">
    <p class='ocr_par' dir='ltr' id='par_1_56' title="bbox 147 4689 1695 4762">
     <span class='ocr_line' id='line_1_57' title="bbox 147 4689 1695 4762; baseline 0.005 -20"><span class='ocrx_word' id='word_1_409' title='bbox 147 4689 358 4760; x_wconf 79' lang='lat' dir='ltr'><strong>perieris,</strong></span> <span class='ocrx_word' id='word_1_410' title='bbox 382 4695 480 4751; x_wconf 83' lang='lat' dir='ltr'><strong>hoc</strong></span> <span class='ocrx_word' id='word_1_411' title='bbox 505 4704 610 4759; x_wconf 87' lang='lat' dir='ltr'><strong>est,</strong></span> <span class='ocrx_word' id='word_1_412' title='bbox 639 4710 756 4750; x_wconf 86' lang='lat' dir='ltr'><strong>eam</strong></span> <span class='ocrx_word' id='word_1_413' title='bbox 786 4689 991 4750; x_wconf 81' lang='lat' dir='ltr'><strong>tantum</strong></span> <span class='ocrx_word' id='word_1_414' title='bbox 1020 4689 1383 4751; x_wconf 74' lang='lat' dir='ltr'><strong>demoostrari</strong></span> <span class='ocrx_word' id='word_1_415' title='bbox 1415 4697 1695 4762; x_wconf 87' lang='lat' dir='ltr'><strong>unitatem,</strong></span> 
     </span>
    </p>
   </div>
   <div class='ocr_carea' id='block_1_57' title="bbox 147 4763 1698 4839">
    <p class='ocr_par' dir='ltr' id='par_1_57' title="bbox 147 4763 1698 4839">
     <span class='ocr_line' id='line_1_58' title="bbox 147 4763 1698 4839; baseline 0.003 -21"><span class='ocrx_word' id='word_1_416' title='bbox 147 4773 277 4839; x_wconf 68' lang='lat' dir='ltr'><strong>quain</strong></span> <span class='ocrx_word' id='word_1_417' title='bbox 305 4779 394 4839; x_wconf 85' lang='lat' dir='ltr'><strong>per</strong></span> <span class='ocrx_word' id='word_1_418' title='bbox 418 4766 746 4839; x_wconf 78' lang='lat' dir='ltr'><strong>Consortium</strong></span> <span class='ocrx_word' id='word_1_419' title='bbox 764 4763 1213 4839; x_wconf 11' lang='lat' dir='ltr'><strong>‘gloridehristi</strong></span> <span class='ocrx_word' id='word_1_420' title='bbox 1249 4766 1553 4839; x_wconf 68' lang='lat' dir='ltr'><strong>obtinemus</strong></span> <span class='ocrx_word' id='word_1_421' title='bbox 1589 4784 1599 4821; x_wconf 92' lang='lat'><strong>:</strong></span> <span class='ocrx_word' id='word_1_422' title='bbox 1635 4783 1698 4823; x_wconf 86' lang='lat' dir='ltr'><strong>ac</strong></span> 
     </span>
    </p>
   </div>
   <div class='ocr_carea' id='block_1_58' title="bbox 149 4830 1697 4911">
    <p class='ocr_par' dir='ltr' id='par_1_58' title="bbox 149 4830 1697 4911">
     <span class='ocr_line' id='line_1_59' title="bbox 149 4830 1697 4911; baseline 0.003 -24"><span class='ocrx_word' id='word_1_423' title='bbox 149 4830 348 4911; x_wconf 54' lang='lat' dir='ltr'><strong>tandem,</strong></span> <span class='ocrx_word' id='word_1_424' title='bbox 380 4838 526 4908; x_wconf 85' lang='lat' dir='ltr'><strong>quasi</strong></span> <span class='ocrx_word' id='word_1_425' title='bbox 547 4838 732 4911; x_wconf 78' lang='lat' dir='ltr'><strong>procul</strong></span> <span class='ocrx_word' id='word_1_426' title='bbox 753 4830 886 4911; x_wconf 69' lang='lat' dir='ltr'><strong>hinc</strong></span> <span class='ocrx_word' id='word_1_427' title='bbox 912 4837 1147 4911; x_wconf 85' lang='lat' dir='ltr'><strong>Hilarius</strong></span> <span class='ocrx_word' id='word_1_428' title='bbox 1169 4838 1388 4911; x_wconf 79' lang='lat' dir='ltr'><strong>dixisset</strong></span> <span class='ocrx_word' id='word_1_429' title='bbox 1411 4856 1424 4892; x_wconf 86' lang='lat'>:</span> <span class='ocrx_word' id='word_1_430' title='bbox 1456 4836 1581 4911; x_wconf 73' lang='lat' dir='ltr'><strong>Vere</strong></span> <span class='ocrx_word' id='word_1_431' title='bbox 1607 4855 1697 4911; x_wconf 87' lang='lat' dir='ltr'><strong>nos</strong></span> 
     </span>
    </p>
   </div>
   <div class='ocr_carea' id='block_1_59' title="bbox 154 4896 1697 4975">
    <p class='ocr_par' dir='ltr' id='par_1_59' title="bbox 154 4896 1697 4975">
     <span class='ocr_line' id='line_1_60' title="bbox 154 4896 1697 4975; baseline 0.005 -19"><span class='ocrx_word' id='word_1_432' title='bbox 154 4896 346 4975; x_wconf 63' lang='lat' dir='ltr'><strong>Yet-bum</strong></span> <span class='ocrx_word' id='word_1_433' title='bbox 366 4896 565 4963; x_wconf 66' lang='lat' dir='ltr'><strong>Camerti</strong></span> <span class='ocrx_word' id='word_1_434' title='bbox 587 4908 697 4963; x_wconf 88' lang='lat' dir='ltr'><strong>cibo</strong></span> <span class='ocrx_word' id='word_1_435' title='bbox 728 4908 981 4962; x_wconf 79' lang='lat' dir='ltr'><strong>dominico</strong></span> <span class='ocrx_word' id='word_1_436' title='bbox 1009 4911 1274 4975; x_wconf 84' lang='lat' dir='ltr'><strong>sumimus,</strong></span> <span class='ocrx_word' id='word_1_437' title='bbox 1309 4908 1423 4963; x_wconf 67' lang='lat' dir='ltr'><strong>h‘ec</strong></span> <span class='ocrx_word' id='word_1_438' title='bbox 1447 4909 1604 4963; x_wconf 83' lang='lat' dir='ltr'><strong>verba</strong></span> <span class='ocrx_word' id='word_1_439' title='bbox 1630 4909 1697 4964; x_wconf 84' lang='lat' dir='ltr'><strong>de</strong></span> 
     </span>
    </p>
   </div>
   <div class='ocr_carea' id='block_1_60' title="bbox 149 4967 1697 5049">
    <p class='ocr_par' dir='ltr' id='par_1_60' title="bbox 149 4967 1697 5049">
     <span class='ocr_line' id='line_1_61' title="bbox 149 4967 1697 5049; baseline 0.003 -18"><span class='ocrx_word' id='word_1_440' title='bbox 149 4967 284 5033; x_wconf 66' lang='lat' dir='ltr'><strong>Coena</strong></span> <span class='ocrx_word' id='word_1_441' title='bbox 307 4991 450 5034; x_wconf 73' lang='lat' dir='ltr'><strong>Sacra</strong></span> <span class='ocrx_word' id='word_1_442' title='bbox 478 4982 882 5049; x_wconf 86' lang='lat' dir='ltr'><strong>interpretatur.</strong></span> <span class='ocrx_word' id='word_1_443' title='bbox 904 4978 1065 5035; x_wconf 87' lang='lat' dir='ltr'><strong>Certe</strong></span> <span class='ocrx_word' id='word_1_444' title='bbox 1091 4996 1157 5034; x_wconf 82' lang='lat' dir='ltr'><strong>ex</strong></span> <span class='ocrx_word' id='word_1_445' title='bbox 1180 4967 1622 5036; x_wconf 77' lang='lat' dir='ltr'><strong>antecedentibus</strong></span> <span class='ocrx_word' id='word_1_446' title='bbox 1645 4990 1697 5035; x_wconf 89' lang='lat' dir='ltr'><strong>et</strong></span> 
     </span>
    </p>
   </div>
   <div class='ocr_carea' id='block_1_61' title="bbox 149 5049 1695 5121">
    <p class='ocr_par' dir='ltr' id='par_1_61' title="bbox 149 5049 1695 5121">
     <span class='ocr_line' id='line_1_62' title="bbox 149 5049 1695 5121; baseline 0.006 -22"><span class='ocrx_word' id='word_1_447' title='bbox 149 5051 560 5119; x_wconf 74' lang='lat' dir='ltr'><strong>touseqnentibus</strong></span> <span class='ocrx_word' id='word_1_448' title='bbox 605 5051 807 5121; x_wconf 85' lang='lat' dir='ltr'><strong>liquido</strong></span> <span class='ocrx_word' id='word_1_449' title='bbox 854 5060 1085 5117; x_wconf 84' lang='lat' dir='ltr'><strong>constat,</strong></span> <span class='ocrx_word' id='word_1_450' title='bbox 1120 5066 1423 5106; x_wconf 82' lang='lat' dir='ltr'><strong>sermonem</strong></span> <span class='ocrx_word' id='word_1_451' title='bbox 1456 5049 1542 5106; x_wconf 88' lang='lat' dir='ltr'><strong>hic</strong></span> <span class='ocrx_word' id='word_1_452' title='bbox 1583 5050 1695 5121; x_wconf 81' lang='lat' dir='ltr'><strong>jam</strong></span> 
     </span>
    </p>
   </div>
   <div class='ocr_carea' id='block_1_62' title="bbox 152 5120 1695 5206">
    <p class='ocr_par' dir='ltr' id='par_1_62' title="bbox 152 5120 1695 5206">
     <span class='ocr_line' id='line_1_63' title="bbox 152 5120 1695 5206; baseline 0.004 -35"><span class='ocrx_word' id='word_1_453' title='bbox 152 5128 369 5206; x_wconf 34' lang='lat' dir='ltr'><strong>genussic</strong></span> <span class='ocrx_word' id='word_1_454' title='bbox 396 5120 461 5204; x_wconf 80' lang='lat' dir='ltr'><strong>de</strong></span> <span class='ocrx_word' id='word_1_455' title='bbox 483 5120 673 5206; x_wconf 11' lang='lat' dir='ltr'><strong>gloria,</strong></span> <span class='ocrx_word' id='word_1_456' title='bbox 699 5122 897 5177; x_wconf 86' lang='lat' dir='ltr'><strong>Christi</strong></span> <span class='ocrx_word' id='word_1_457' title='bbox 943 5122 1099 5178; x_wconf 89' lang='lat' dir='ltr'><strong>nobis</strong></span> <span class='ocrx_word' id='word_1_458' title='bbox 1128 5124 1519 5206; x_wconf 68' lang='lat' dir='ltr'><strong>communicata</strong></span> <span class='ocrx_word' id='word_1_459' title='bbox 1541 5120 1695 5206; x_wconf 16' lang='lat' dir='ltr'><strong>,Jscd</strong></span> 
     </span>
    </p>
   </div>
   <div class='ocr_carea' id='block_1_63' title="bbox 151 5182 1702 5249">
    <p class='ocr_par' dir='ltr' id='par_1_63' title="bbox 151 5182 1702 5249">
     <span class='ocr_line' id='line_1_64' title="bbox 151 5182 1702 5249; baseline 0.003 -5"><span class='ocrx_word' id='word_1_460' title='bbox 151 5182 205 5240; x_wconf 83' lang='lat' dir='ltr'><strong>de</strong></span> <span class='ocrx_word' id='word_1_461' title='bbox 229 5182 557 5249; x_wconf 55' lang='lat' dir='ltr'><strong>Eucharistize</strong></span> <span class='ocrx_word' id='word_1_462' title='bbox 595 5204 969 5249; x_wconf 86' lang='lat' dir='ltr'><strong>sacramento:</strong></span> <span class='ocrx_word' id='word_1_463' title='bbox 1003 5209 1121 5247; x_wconf 87' lang='lat' dir='ltr'><strong>cum</strong></span> <span class='ocrx_word' id='word_1_464' title='bbox 1158 5192 1259 5248; x_wconf 88' lang='lat' dir='ltr'><strong>hoc</strong></span> <span class='ocrx_word' id='word_1_465' title='bbox 1290 5182 1574 5249; x_wconf 79' lang='lat' dir='ltr'><strong>bimembri</strong></span> <span class='ocrx_word' id='word_1_466' title='bbox 1615 5210 1702 5248; x_wconf 84' lang='lat' dir='ltr'><strong>ar-</strong></span> 
     </span>
    </p>
   </div>
   <div class='ocr_carea' id='block_1_64' title="bbox 152 5264 1700 5344">
    <p class='ocr_par' dir='ltr' id='par_1_64' title="bbox 152 5264 1700 5344">
     <span class='ocr_line' id='line_1_65' title="bbox 152 5264 1700 5344; baseline 0.001 -25"><span class='ocrx_word' id='word_1_467' title='bbox 152 5268 368 5344; x_wconf 59' lang='grc' dir='ltr'>ινξιιῳιο</span> <span class='ocrx_word' id='word_1_468' title='bbox 395 5264 1083 5344; x_wconf 56' lang='lat' dir='ltr'><strong>comprolretunChristum</strong></span> <span class='ocrx_word' id='word_1_469' title='bbox 1127 5280 1250 5319; x_wconf 85' lang='lat' dir='ltr'><strong>vere</strong></span> <span class='ocrx_word' id='word_1_470' title='bbox 1274 5274 1344 5344; x_wconf 88' lang='lat' dir='ltr'><strong>_et</strong></span> <span class='ocrx_word' id='word_1_471' title='bbox 1367 5265 1700 5344; x_wconf 66' lang='lat' dir='ltr'><strong>naturaliter</strong></span> 
     </span>
    </p>
   </div>
   <div class='ocr_carea' id='block_1_65' title="bbox 153 5334 1701 5406">
    <p class='ocr_par' dir='ltr' id='par_1_65' title="bbox 153 5334 1701 5406">
     <span class='ocr_line' id='line_1_66' title="bbox 153 5334 1701 5406; baseline 0.001 -17"><span class='ocrx_word' id='word_1_472' title='bbox 153 5334 321 5389; x_wconf 76' lang='lat' dir='ltr'><strong>essein</strong></span> <span class='ocrx_word' id='word_1_473' title='bbox 352 5334 531 5404; x_wconf 90' lang='lat' dir='ltr'><strong>nobis,</strong></span> <span class='ocrx_word' id='word_1_474' title='bbox 561 5338 684 5403; x_wconf 86' lang='lat' dir='ltr'><strong>quia</strong></span> <span class='ocrx_word' id='word_1_475' title='bbox 716 5335 833 5391; x_wconf 91' lang='lat' dir='ltr'><strong>scil.</strong></span> <span class='ocrx_word' id='word_1_476' title='bbox 862 5343 917 5392; x_wconf 88' lang='lat' dir='ltr'><strong>et</strong></span> <span class='ocrx_word' id='word_1_477' title='bbox 943 5335 1408 5406; x_wconf 75' lang='lat' dir='ltr'><strong>inlncarnntionis</strong></span> <span class='ocrx_word' id='word_1_478' title='bbox 1440 5336 1701 5406; x_wconf 84' lang='lat' dir='ltr'><strong>mysterio</strong></span> 
     </span>
    </p>
   </div>
   <div class='ocr_carea' id='block_1_66' title="bbox 156 5404 1699 5471">
    <p class='ocr_par' dir='ltr' id='par_1_66' title="bbox 156 5404 1699 5471">
     <span class='ocr_line' id='line_1_67' title="bbox 156 5404 1699 5471; baseline 0.003 -12"><span class='ocrx_word' id='word_1_479' title='bbox 156 5411 259 5459; x_wconf 74' lang='lat' dir='ltr'><strong>caro</strong></span> <span class='ocrx_word' id='word_1_480' title='bbox 280 5411 449 5461; x_wconf 81' lang='lat' dir='ltr'><strong>nastra</strong></span> <span class='ocrx_word' id='word_1_481' title='bbox 488 5414 569 5465; x_wconf 83' lang='lat' dir='ltr'><strong>est</strong></span> <span class='ocrx_word' id='word_1_482' title='bbox 599 5408 652 5463; x_wconf 90' lang='lat' dir='ltr'><strong>iu</strong></span> <span class='ocrx_word' id='word_1_483' title='bbox 695 5423 780 5471; x_wconf 89' lang='lat' dir='ltr'><strong>eo,</strong></span> <span class='ocrx_word' id='word_1_484' title='bbox 812 5417 860 5462; x_wconf 86' lang='lat' dir='ltr'><strong>et</strong></span> <span class='ocrx_word' id='word_1_485' title='bbox 892 5406 944 5461; x_wconf 89' lang='lat' dir='ltr'><strong>in</strong></span> <span class='ocrx_word' id='word_1_486' title='bbox 975 5404 1330 5463; x_wconf 75' lang='lat' dir='ltr'><strong>Ettcliaristim</strong></span> <span class='ocrx_word' id='word_1_487' title='bbox 1362 5404 1699 5464; x_wconf 78' lang='lat' dir='ltr'><strong>sacramento</strong></span> 
     </span>
    </p>
   </div>
   <div class='ocr_carea' id='block_1_67' title="bbox 156 5472 1698 5548">
    <p class='ocr_par' dir='ltr' id='par_1_67' title="bbox 156 5472 1698 5548">
     <span class='ocr_line' id='line_1_68' title="bbox 156 5472 1698 5548; baseline 0.005 -23"><span class='ocrx_word' id='word_1_488' title='bbox 156 5482 261 5548; x_wconf 55' lang='lat' dir='ltr'><strong>garo</strong></span> <span class='ocrx_word' id='word_1_489' title='bbox 290 5472 424 5548; x_wconf 67' lang='lat' dir='ltr'><strong>illius</strong></span> <span class='ocrx_word' id='word_1_490' title='bbox 444 5485 525 5533; x_wconf 87' lang='lat' dir='ltr'><strong>est</strong></span> <span class='ocrx_word' id='word_1_491' title='bbox 559 5478 611 5534; x_wconf 87' lang='lat' dir='ltr'><strong>in</strong></span> <span class='ocrx_word' id='word_1_492' title='bbox 639 5478 813 5535; x_wconf 84' lang='lat' dir='ltr'><strong>nobis.</strong></span> <span class='ocrx_word' id='word_1_493' title='bbox 850 5476 912 5534; x_wconf 86' lang='lat' dir='ltr'><strong>Et</strong></span> <span class='ocrx_word' id='word_1_494' title='bbox 935 5478 1072 5533; x_wconf 76' lang='lat' dir='ltr'><strong>sicut</strong></span> <span class='ocrx_word' id='word_1_495' title='bbox 1105 5477 1276 5548; x_wconf 87' lang='lat' dir='ltr'><strong>primo</strong></span> <span class='ocrx_word' id='word_1_496' title='bbox 1309 5478 1383 5532; x_wconf 90' lang='lat' dir='ltr'><strong>illi</strong></span> <span class='ocrx_word' id='word_1_497' title='bbox 1416 5479 1660 5533; x_wconf 85' lang='lat' dir='ltr'><strong>membro</strong></span> <span class='ocrx_word' id='word_1_498' title='bbox 1682 5520 1698 5542; x_wconf 87' lang='lat'><strong>,</strong></span> 
     </span>
    </p>
   </div>
   <div class='ocr_carea' id='block_1_68' title="bbox 160 5538 1709 5621">
    <p class='ocr_par' dir='ltr' id='par_1_68' title="bbox 160 5538 1709 5621">
     <span class='ocr_line' id='line_1_69' title="bbox 160 5538 1709 5621; baseline 0.001 -20"><span class='ocrx_word' id='word_1_499' title='bbox 160 5538 571 5621; x_wconf 44' lang='grc' dir='ltr'><strong>δΙ-υετε-γαὺιιηι</strong></span> <span class='ocrx_word' id='word_1_500' title='bbox 593 5552 918 5620; x_wconf 74' lang='lat' dir='ltr'><strong>rarefactum</strong></span> <span class='ocrx_word' id='word_1_501' title='bbox 946 5558 1041 5614; x_wconf 86' lang='lat' dir='ltr'><strong>est,</strong></span> <span class='ocrx_word' id='word_1_502' title='bbox 1068 5538 1358 5618; x_wconf 77' lang='lat' dir='ltr'><strong>respondet</strong></span> <span class='ocrx_word' id='word_1_503' title='bbox 1382 5549 1496 5602; x_wconf 79' lang='lat' dir='ltr'><strong>haec</strong></span> <span class='ocrx_word' id='word_1_504' title='bbox 1516 5538 1709 5621; x_wconf 48' lang='lat' dir='ltr'><strong>propol-</strong></span> 
     </span>
    </p>
   </div>
   <div class='ocr_carea' id='block_1_69' title="bbox 163 5612 1711 5694">
    <p class='ocr_par' dir='ltr' id='par_1_69' title="bbox 163 5612 1711 5694">
     <span class='ocr_line' id='line_1_70' title="bbox 163 5612 1711 5694; baseline 0 -21"><span class='ocrx_word' id='word_1_505' title='bbox 163 5612 291 5694; x_wconf 57' lang='lat' dir='ltr'><strong>lilio}</strong></span> <span class='ocrx_word' id='word_1_506' title='bbox 321 5616 416 5687; x_wconf 74' lang='lat' dir='ltr'><strong>Qui</strong></span> <span class='ocrx_word' id='word_1_507' title='bbox 443 5628 487 5675; x_wconf 81' lang='lat' dir='ltr'><strong>et</strong></span> <span class='ocrx_word' id='word_1_508' title='bbox 515 5612 754 5676; x_wconf 75' lang='lat' dir='ltr'><strong>naturam</strong></span> <span class='ocrx_word' id='word_1_509' title='bbox 784 5621 951 5694; x_wconf 80' lang='lat' dir='ltr'><strong>carnis</strong></span> <span class='ocrx_word' id='word_1_510' title='bbox 981 5612 1171 5675; x_wconf 57' lang='lat' dir='ltr'><strong>nostra?</strong></span> <span class='ocrx_word' id='word_1_511' title='bbox 1181 5622 1294 5694; x_wconf 84' lang='lat' dir='ltr'><strong>jam</strong></span> <span class='ocrx_word' id='word_1_512' title='bbox 1318 5612 1711 5694; x_wconf 67' lang='lat' dir='ltr'><strong>inseparabilem</strong></span> 
     </span>
    </p>
   </div>
   <div class='ocr_carea' id='block_1_70' title="bbox 164 5678 1712 5762">
    <p class='ocr_par' dir='ltr' id='par_1_70' title="bbox 164 5678 1712 5762">
     <span class='ocr_line' id='line_1_71' title="bbox 164 5678 1712 5762; baseline 0.006 -26"><span class='ocrx_word' id='word_1_513' title='bbox 164 5678 238 5737; x_wconf 79' lang='lat' dir='ltr'><strong>sibi</strong></span> <span class='ocrx_word' id='word_1_514' title='bbox 263 5678 407 5745; x_wconf 60' lang='lat' dir='ltr'><strong>[tanta</strong></span> <span class='ocrx_word' id='word_1_515' title='bbox 432 5701 577 5751; x_wconf 85' lang='lat' dir='ltr'><strong>natus</strong></span> <span class='ocrx_word' id='word_1_516' title='bbox 606 5692 919 5762; x_wconf 77' lang='lat' dir='ltr'><strong>assumpsit;</strong></span> <span class='ocrx_word' id='word_1_517' title='bbox 946 5694 1013 5747; x_wconf 81' lang='lat' dir='ltr'><strong>ita</strong></span> <span class='ocrx_word' id='word_1_518' title='bbox 1038 5701 1093 5748; x_wconf 88' lang='lat' dir='ltr'><strong>et</strong></span> <span class='ocrx_word' id='word_1_519' title='bbox 1121 5678 1453 5762; x_wconf 67' lang='lat' dir='ltr'><strong>subsequens</strong></span> <span class='ocrx_word' id='word_1_520' title='bbox 1479 5692 1566 5762; x_wconf 86' lang='lat' dir='ltr'><strong>illa</strong></span> <span class='ocrx_word' id='word_1_521' title='bbox 1602 5708 1613 5741; x_wconf 82' lang='lat'><strong>:</strong></span> <span class='ocrx_word' id='word_1_522' title='bbox 1646 5691 1712 5745; x_wconf 79' lang='lat' dir='ltr'><strong>Et</strong></span> 
     </span>
    </p>
   </div>
   <div class='ocr_carea' id='block_1_71' title="bbox 170 5761 1715 5822">
    <p class='ocr_par' dir='ltr' id='par_1_71' title="bbox 170 5761 1715 5822">
     <span class='ocr_line' id='line_1_72' title="bbox 170 5761 1715 5822; baseline 0.006 -12"><span class='ocrx_word' id='word_1_523' title='bbox 170 5762 373 5815; x_wconf 68' lang='lat' dir='ltr'><strong>timaram</strong></span> <span class='ocrx_word' id='word_1_524' title='bbox 402 5764 569 5820; x_wconf 85' lang='lat' dir='ltr'><strong>carnis</strong></span> <span class='ocrx_word' id='word_1_525' title='bbox 598 5778 707 5819; x_wconf 75' lang='lat' dir='ltr'><strong>stuc</strong></span> <span class='ocrx_word' id='word_1_526' title='bbox 732 5763 800 5818; x_wconf 85' lang='lat' dir='ltr'><strong>ad</strong></span> <span class='ocrx_word' id='word_1_527' title='bbox 831 5773 1068 5819; x_wconf 85' lang='lat' dir='ltr'><strong>naturam</strong></span> <span class='ocrx_word' id='word_1_528' title='bbox 1100 5761 1398 5822; x_wconf 69' lang='lat' dir='ltr'><strong>calamitatis</strong></span> <span class='ocrx_word' id='word_1_529' title='bbox 1428 5761 1519 5818; x_wconf 77' lang='lat' dir='ltr'><strong>sub</strong></span> <span class='ocrx_word' id='word_1_530' title='bbox 1545 5777 1715 5820; x_wconf 78' lang='lat' dir='ltr'><strong>sacra-</strong></span> 
     </span>
    </p>
   </div>
   <div class='ocr_carea' id='block_1_72' title="bbox 1723 4594 1777 4655">
    <p class='ocr_par' dir='ltr' id='par_1_72' title="bbox 1723 4594 1777 4655">
     <span class='ocr_line' id='line_1_73' title="bbox 1723 4594 1777 4655; baseline 0 0"><span class='ocrx_word' id='word_1_531' title='bbox 1723 4594 1777 4655; x_wconf 94' lang='lat' dir='ltr'><strong>D</strong></span> 
     </span>
    </p>
   </div>
   <div class='ocr_carea' id='block_1_73' title="bbox 1838 464 3438 541">
    <p class='ocr_par' dir='ltr' id='par_1_73' title="bbox 1838 464 3438 541">
     <span class='ocr_line' id='line_1_74' title="bbox 1838 464 3438 541; baseline 0.004 -21"><span class='ocrx_word' id='word_1_532' title='bbox 1838 464 2093 536; x_wconf 72' lang='lat' dir='ltr'><strong>ingerunt</strong></span> <span class='ocrx_word' id='word_1_533' title='bbox 2133 464 2427 535; x_wconf 84' lang='lat' dir='ltr'><strong>unitatem,</strong></span> <span class='ocrx_word' id='word_1_534' title='bbox 2477 466 2752 539; x_wconf 75' lang='lat' dir='ltr'><strong>interrogo</strong></span> <span class='ocrx_word' id='word_1_535' title='bbox 2795 477 3051 526; x_wconf 87' lang='lat' dir='ltr'><strong>utrumne</strong></span> <span class='ocrx_word' id='word_1_536' title='bbox 3091 484 3188 541; x_wconf 79' lang='lat' dir='ltr'><strong>per</strong></span> <span class='ocrx_word' id='word_1_537' title='bbox 3230 479 3438 528; x_wconf 73' lang='lat' dir='ltr'><strong>natura:</strong></span> 
     </span>
    </p>
   </div>
   <div class='ocr_carea' id='block_1_74' title="bbox 1839 554 3441 634">
    <p class='ocr_par' dir='ltr' id='par_1_74' title="bbox 1839 554 3441 634">
     <span class='ocr_line' id='line_1_75' title="bbox 1839 554 3441 634; baseline 0.005 -21"><span class='ocrx_word' id='word_1_538' title='bbox 1839 557 2125 614; x_wconf 75' lang='lat' dir='ltr'><strong>veritatem</strong></span> <span class='ocrx_word' id='word_1_539' title='bbox 2156 556 2316 614; x_wconf 89' lang='lat' dir='ltr'><strong>hodie</strong></span> <span class='ocrx_word' id='word_1_540' title='bbox 2338 554 2588 627; x_wconf 83' lang='lat' dir='ltr'><strong>Christus</strong></span> <span class='ocrx_word' id='word_1_541' title='bbox 2609 560 2665 615; x_wconf 91' lang='lat' dir='ltr'><strong>in</strong></span> <span class='ocrx_word' id='word_1_542' title='bbox 2694 560 2853 617; x_wconf 84' lang='lat' dir='ltr'><strong>nobis</strong></span> <span class='ocrx_word' id='word_1_543' title='bbox 2871 562 2962 628; x_wconf 90' lang='lat' dir='ltr'><strong>sit,</strong></span> <span class='ocrx_word' id='word_1_544' title='bbox 2994 575 3062 617; x_wconf 87' lang='lat' dir='ltr'><strong>an</strong></span> <span class='ocrx_word' id='word_1_545' title='bbox 3094 575 3191 634; x_wconf 91' lang='lat' dir='ltr'><strong>per</strong></span> <span class='ocrx_word' id='word_1_546' title='bbox 3209 578 3441 620; x_wconf 84' lang='lat' dir='ltr'><strong>concor-</strong></span> 
     </span>
    </p>
   </div>
   <div class='ocr_carea' id='block_1_75' title="bbox 1836 651 3436 725">
    <p class='ocr_par' dir='ltr' id='par_1_75' title="bbox 1836 651 3436 725">
     <span class='ocr_line' id='line_1_76' title="bbox 1836 651 3436 725; baseline 0.006 -17"><span class='ocrx_word' id='word_1_547' title='bbox 1836 652 1980 708; x_wconf 86' lang='lat' dir='ltr'><strong>diam</strong></span> <span class='ocrx_word' id='word_1_548' title='bbox 2011 651 2344 709; x_wconf 85' lang='lat' dir='ltr'><strong>voluntatis?</strong></span> <span class='ocrx_word' id='word_1_549' title='bbox 2371 651 2443 725; x_wconf 84' lang='lat' dir='ltr'><strong>(c)</strong></span> <span class='ocrx_word' id='word_1_550' title='bbox 2467 652 2525 709; x_wconf 91' lang='lat' dir='ltr'><strong>Si</strong></span> <span class='ocrx_word' id='word_1_551' title='bbox 2551 656 2695 710; x_wconf 88' lang='lat' dir='ltr'><strong>enim</strong></span> <span class='ocrx_word' id='word_1_552' title='bbox 2722 671 2848 711; x_wconf 88' lang='lat' dir='ltr'><strong>vere</strong></span> <span class='ocrx_word' id='word_1_553' title='bbox 2878 655 3115 717; x_wconf 79' lang='lat' dir='ltr'><strong>Verbum</strong></span> <span class='ocrx_word' id='word_1_554' title='bbox 3143 673 3274 715; x_wconf 87' lang='lat' dir='ltr'><strong>caro</strong></span> <span class='ocrx_word' id='word_1_555' title='bbox 3321 659 3436 717; x_wconf 80' lang='lat' dir='ltr'><strong>fac-</strong></span> 
     </span>
    </p>
   </div>
   <div class='ocr_carea' id='block_1_76' title="bbox 1837 745 3434 810">
    <p class='ocr_par' dir='ltr' id='par_1_76' title="bbox 1837 745 3434 810">
     <span class='ocr_line' id='line_1_77' title="bbox 1837 745 3434 810; baseline 0.004 -10"><span class='ocrx_word' id='word_1_556' title='bbox 1837 754 1951 801; x_wconf 86' lang='lat' dir='ltr'><strong>tum</strong></span> <span class='ocrx_word' id='word_1_557' title='bbox 1994 752 2099 810; x_wconf 86' lang='lat' dir='ltr'><strong>est,</strong></span> <span class='ocrx_word' id='word_1_558' title='bbox 2125 752 2183 800; x_wconf 85' lang='lat' dir='ltr'><strong>et</strong></span> <span class='ocrx_word' id='word_1_559' title='bbox 2212 759 2337 800; x_wconf 89' lang='lat' dir='ltr'><strong>vere</strong></span> <span class='ocrx_word' id='word_1_560' title='bbox 2375 759 2475 801; x_wconf 89' lang='lat' dir='ltr'><strong>nos</strong></span> <span class='ocrx_word' id='word_1_561' title='bbox 2500 745 2736 802; x_wconf 83' lang='lat' dir='ltr'><strong>Verbum</strong></span> <span class='ocrx_word' id='word_1_562' title='bbox 2768 761 2987 803; x_wconf 85' lang='lat' dir='ltr'><strong>carnem</strong></span> <span class='ocrx_word' id='word_1_563' title='bbox 3012 748 3136 804; x_wconf 88' lang='lat' dir='ltr'><strong>cibo</strong></span> <span class='ocrx_word' id='word_1_564' title='bbox 3160 749 3434 807; x_wconf 83' lang='lat' dir='ltr'><strong>dominico</strong></span> 
     </span>
    </p>
   </div>
   <div class='ocr_carea' id='block_1_77' title="bbox 1834 836 3434 906">
    <p class='ocr_par' dir='ltr' id='par_1_77' title="bbox 1834 836 3434 906">
     <span class='ocr_line' id='line_1_78' title="bbox 1834 836 3434 906; baseline 0.006 -15"><span class='ocrx_word' id='word_1_565' title='bbox 1834 836 2132 901; x_wconf 85' lang='lat' dir='ltr'><strong>sumimus;</strong></span> <span class='ocrx_word' id='word_1_566' title='bbox 2161 836 2434 906; x_wconf 88' lang='lat' dir='ltr'><strong>quomodo</strong></span> <span class='ocrx_word' id='word_1_567' title='bbox 2470 853 2578 893; x_wconf 78' lang='lat' dir='ltr'><strong>non</strong></span> <span class='ocrx_word' id='word_1_568' title='bbox 2602 839 2919 897; x_wconf 84' lang='lat' dir='ltr'><strong>naturaliter</strong></span> <span class='ocrx_word' id='word_1_569' title='bbox 2943 855 3165 899; x_wconf 86' lang='lat' dir='ltr'><strong>manere</strong></span> <span class='ocrx_word' id='word_1_570' title='bbox 3196 842 3247 898; x_wconf 91' lang='lat' dir='ltr'><strong>in</strong></span> <span class='ocrx_word' id='word_1_571' title='bbox 3277 847 3434 901; x_wconf 83' lang='lat' dir='ltr'><strong>nobis</strong></span> 
     </span>
    </p>
   </div>
   <div class='ocr_carea' id='block_1_78' title="bbox 1833 927 3433 1007">
    <p class='ocr_par' dir='ltr' id='par_1_78' title="bbox 1833 927 3433 1007">
     <span class='ocr_line' id='line_1_79' title="bbox 1833 927 3433 1007; baseline 0.005 -22"><span class='ocrx_word' id='word_1_572' title='bbox 1833 927 2227 985; x_wconf 73' lang='lat' dir='ltr'><strong>existimandus</strong></span> <span class='ocrx_word' id='word_1_573' title='bbox 2266 938 2374 993; x_wconf 87' lang='lat' dir='ltr'><strong>est,</strong></span> <span class='ocrx_word' id='word_1_574' title='bbox 2406 930 2497 999; x_wconf 88' lang='lat' dir='ltr'><strong>qui</strong></span> <span class='ocrx_word' id='word_1_575' title='bbox 2524 940 2580 986; x_wconf 89' lang='lat' dir='ltr'><strong>et</strong></span> <span class='ocrx_word' id='word_1_576' title='bbox 2606 939 2854 989; x_wconf 82' lang='lat' dir='ltr'><strong>naturam</strong></span> <span class='ocrx_word' id='word_1_577' title='bbox 2889 934 3069 990; x_wconf 89' lang='lat' dir='ltr'><strong>carnis</strong></span> <span class='ocrx_word' id='word_1_578' title='bbox 3098 945 3299 991; x_wconf 68' lang='lat' dir='ltr'><strong>nostra:</strong></span> <span class='ocrx_word' id='word_1_579' title='bbox 3319 936 3433 1007; x_wconf 87' lang='lat' dir='ltr'><strong>jam</strong></span> 
     </span>
    </p>
   </div>
   <div class='ocr_carea' id='block_1_79' title="bbox 1833 1020 3432 1095">
    <p class='ocr_par' dir='ltr' id='par_1_79' title="bbox 1833 1020 3432 1095">
     <span class='ocr_line' id='line_1_80' title="bbox 1833 1020 3432 1095; baseline 0.005 -18"><span class='ocrx_word' id='word_1_580' title='bbox 1833 1021 2250 1091; x_wconf 86' lang='lat' dir='ltr'><strong>inseparabilem</strong></span> <span class='ocrx_word' id='word_1_581' title='bbox 2272 1020 2376 1079; x_wconf 83' lang='lat' dir='ltr'><strong>sibi</strong></span> <span class='ocrx_word' id='word_1_582' title='bbox 2405 1021 2567 1077; x_wconf 89' lang='lat' dir='ltr'><strong>homo</strong></span> <span class='ocrx_word' id='word_1_583' title='bbox 2586 1031 2744 1081; x_wconf 88' lang='lat' dir='ltr'><strong>natus</strong></span> <span class='ocrx_word' id='word_1_584' title='bbox 2769 1027 3086 1095; x_wconf 87' lang='lat' dir='ltr'><strong>assumpsit,</strong></span> <span class='ocrx_word' id='word_1_585' title='bbox 3104 1036 3159 1083; x_wconf 88' lang='lat' dir='ltr'><strong>et</strong></span> <span class='ocrx_word' id='word_1_586' title='bbox 3184 1038 3432 1087; x_wconf 84' lang='lat' dir='ltr'><strong>naturam</strong></span> 
     </span>
    </p>
   </div>
   <div class='ocr_carea' id='block_1_80' title="bbox 1828 1114 3432 1188">
    <p class='ocr_par' dir='ltr' id='par_1_80' title="bbox 1828 1114 3432 1188">
     <span class='ocr_line' id='line_1_81' title="bbox 1828 1114 3432 1188; baseline 0.007 -17"><span class='ocrx_word' id='word_1_587' title='bbox 1828 1116 2013 1173; x_wconf 87' lang='lat' dir='ltr'><strong>carnis</strong></span> <span class='ocrx_word' id='word_1_588' title='bbox 2036 1130 2149 1171; x_wconf 66' lang='lat' dir='ltr'><strong>sua:</strong></span> <span class='ocrx_word' id='word_1_589' title='bbox 2173 1114 2243 1173; x_wconf 88' lang='lat' dir='ltr'><strong>ad</strong></span> <span class='ocrx_word' id='word_1_590' title='bbox 2265 1123 2510 1171; x_wconf 85' lang='lat' dir='ltr'><strong>naturam</strong></span> <span class='ocrx_word' id='word_1_591' title='bbox 2537 1115 2618 1188; x_wconf 81' lang='lat' dir='ltr'><strong>(tt)</strong></span> <span class='ocrx_word' id='word_1_592' title='bbox 2637 1118 2955 1177; x_wconf 76' lang='lat' dir='ltr'><strong>mternitatis</strong></span> <span class='ocrx_word' id='word_1_593' title='bbox 2970 1121 3072 1175; x_wconf 88' lang='lat' dir='ltr'><strong>sub</strong></span> <span class='ocrx_word' id='word_1_594' title='bbox 3091 1135 3432 1181; x_wconf 85' lang='lat' dir='ltr'><strong>sacramento</strong></span> 
     </span>
    </p>
   </div>
   <div class='ocr_carea' id='block_1_81' title="bbox 1832 1207 3431 1281">
    <p class='ocr_par' dir='ltr' id='par_1_81' title="bbox 1832 1207 3431 1281">
     <span class='ocr_line' id='line_1_82' title="bbox 1832 1207 3431 1281; baseline 0.008 -19"><span class='ocrx_word' id='word_1_595' title='bbox 1832 1208 1997 1281; x_wconf 65' lang='lat'><strong>233</strong></span> <span class='ocrx_word' id='word_1_596' title='bbox 2048 1207 2208 1265; x_wconf 87' lang='lat' dir='ltr'><strong>nobis</strong></span> <span class='ocrx_word' id='word_1_597' title='bbox 2252 1209 2719 1267; x_wconf 75' lang='lat' dir='ltr'><strong>communicandas</strong></span> <span class='ocrx_word' id='word_1_598' title='bbox 2761 1213 2944 1268; x_wconf 89' lang='lat' dir='ltr'><strong>carnis</strong></span> <span class='ocrx_word' id='word_1_599' title='bbox 2992 1212 3315 1272; x_wconf 77' lang='lat' dir='ltr'><strong>admiscuit?</strong></span> <span class='ocrx_word' id='word_1_600' title='bbox 3356 1219 3431 1275; x_wconf 89' lang='lat' dir='ltr'><strong>Ita</strong></span> 
     </span>
    </p>
   </div>
   <div class='ocr_carea' id='block_1_82' title="bbox 1831 1302 3431 1372">
    <p class='ocr_par' dir='ltr' id='par_1_82' title="bbox 1831 1302 3431 1372">
     <span class='ocr_line' id='line_1_83' title="bbox 1831 1302 3431 1372; baseline 0.005 -16"><span class='ocrx_word' id='word_1_601' title='bbox 1831 1304 1978 1356; x_wconf 88' lang='lat' dir='ltr'><strong>enim</strong></span> <span class='ocrx_word' id='word_1_602' title='bbox 2023 1314 2213 1355; x_wconf 87' lang='lat' dir='ltr'><strong>omnes</strong></span> <span class='ocrx_word' id='word_1_603' title='bbox 2260 1315 2426 1356; x_wconf 91' lang='lat' dir='ltr'><strong>unum</strong></span> <span class='ocrx_word' id='word_1_604' title='bbox 2473 1314 2683 1366; x_wconf 87' lang='lat' dir='ltr'><strong>sumus,</strong></span> <span class='ocrx_word' id='word_1_605' title='bbox 2713 1302 2835 1372; x_wconf 87' lang='lat' dir='ltr'><strong>quia</strong></span> <span class='ocrx_word' id='word_1_606' title='bbox 2861 1311 2920 1358; x_wconf 90' lang='lat' dir='ltr'><strong>et</strong></span> <span class='ocrx_word' id='word_1_607' title='bbox 2942 1303 2995 1360; x_wconf 91' lang='lat' dir='ltr'><strong>in</strong></span> <span class='ocrx_word' id='word_1_608' title='bbox 3025 1304 3243 1362; x_wconf 89' lang='lat' dir='ltr'><strong>Christo</strong></span> <span class='ocrx_word' id='word_1_609' title='bbox 3274 1308 3431 1367; x_wconf 85' lang='lat' dir='ltr'><strong>Pater</strong></span> 
     </span>
    </p>
   </div>
   <div class='ocr_carea' id='block_1_83' title="bbox 1828 1392 3429 1469">
    <p class='ocr_par' dir='ltr' id='par_1_83' title="bbox 1828 1392 3429 1469">
     <span class='ocr_line' id='line_1_84' title="bbox 1828 1392 3429 1469; baseline 0.006 -21"><span class='ocrx_word' id='word_1_610' title='bbox 1828 1400 1936 1456; x_wconf 86' lang='lat' dir='ltr'><strong>est,</strong></span> <span class='ocrx_word' id='word_1_611' title='bbox 1968 1401 2023 1447; x_wconf 91' lang='lat' dir='ltr'><strong>et</strong></span> <span class='ocrx_word' id='word_1_612' title='bbox 2046 1392 2296 1447; x_wconf 85' lang='lat' dir='ltr'><strong>Christus</strong></span> <span class='ocrx_word' id='word_1_613' title='bbox 2326 1393 2380 1447; x_wconf 93' lang='lat' dir='ltr'><strong>in</strong></span> <span class='ocrx_word' id='word_1_614' title='bbox 2425 1394 2583 1449; x_wconf 87' lang='lat' dir='ltr'><strong>nobis</strong></span> <span class='ocrx_word' id='word_1_615' title='bbox 2606 1402 2709 1449; x_wconf 86' lang='lat' dir='ltr'><strong>est.</strong></span> <span class='ocrx_word' id='word_1_616' title='bbox 2735 1395 2987 1466; x_wconf 79' lang='lat' dir='ltr'><strong>Quisquis</strong></span> <span class='ocrx_word' id='word_1_617' title='bbox 3008 1412 3140 1469; x_wconf 74' lang='lat' dir='ltr'><strong>ergo</strong></span> <span class='ocrx_word' id='word_1_618' title='bbox 3166 1402 3429 1456; x_wconf 84' lang='lat' dir='ltr'><strong>naturali-</strong></span> 
     </span>
    </p>
   </div>
   <div class='ocr_carea' id='block_1_84' title="bbox 1831 1484 3433 1559">
    <p class='ocr_par' dir='ltr' id='par_1_84' title="bbox 1831 1484 3433 1559">
     <span class='ocr_line' id='line_1_85' title="bbox 1831 1484 3433 1559; baseline 0.006 -18"><span class='ocrx_word' id='word_1_619' title='bbox 1831 1495 1913 1541; x_wconf 90' lang='lat' dir='ltr'><strong>ter</strong></span> <span class='ocrx_word' id='word_1_620' title='bbox 1933 1485 2150 1541; x_wconf 86' lang='lat' dir='ltr'><strong>Patrem</strong></span> <span class='ocrx_word' id='word_1_621' title='bbox 2190 1486 2243 1541; x_wconf 91' lang='lat' dir='ltr'><strong>in</strong></span> <span class='ocrx_word' id='word_1_622' title='bbox 2268 1484 2481 1541; x_wconf 88' lang='lat' dir='ltr'><strong>Christo</strong></span> <span class='ocrx_word' id='word_1_623' title='bbox 2508 1486 2745 1557; x_wconf 74' lang='lat' dir='ltr'><strong>negabit.</strong></span> <span class='ocrx_word' id='word_1_624' title='bbox 2776 1496 2933 1558; x_wconf 76' lang='lat' dir='ltr'><strong>neget</strong></span> <span class='ocrx_word' id='word_1_625' title='bbox 2964 1492 3111 1559; x_wconf 90' lang='lat' dir='ltr'><strong>prius</strong></span> <span class='ocrx_word' id='word_1_626' title='bbox 3138 1507 3245 1548; x_wconf 88' lang='lat' dir='ltr'><strong>non</strong></span> <span class='ocrx_word' id='word_1_627' title='bbox 3277 1504 3433 1550; x_wconf 87' lang='lat' dir='ltr'><strong>natu-</strong></span> 
     </span>
    </p>
   </div>
   <div class='ocr_carea' id='block_1_85' title="bbox 1833 1578 3515 1656">
    <p class='ocr_par' dir='ltr' id='par_1_85' title="bbox 1833 1578 3515 1656">
     <span class='ocr_line' id='line_1_86' title="bbox 1833 1578 3515 1656; baseline 0.009 -24"><span class='ocrx_word' id='word_1_628' title='bbox 1833 1578 2021 1634; x_wconf 85' lang='lat' dir='ltr'><strong>raliter</strong></span> <span class='ocrx_word' id='word_1_629' title='bbox 2050 1578 2123 1650; x_wconf 73' lang='grc' dir='ltr'><strong>(ε)</strong></span> <span class='ocrx_word' id='word_1_630' title='bbox 2150 1578 2236 1634; x_wconf 90' lang='lat' dir='ltr'><strong>vel</strong></span> <span class='ocrx_word' id='word_1_631' title='bbox 2261 1594 2321 1634; x_wconf 88' lang='lat' dir='ltr'><strong>se</strong></span> <span class='ocrx_word' id='word_1_632' title='bbox 2350 1580 2404 1634; x_wconf 91' lang='lat' dir='ltr'><strong>in</strong></span> <span class='ocrx_word' id='word_1_633' title='bbox 2430 1579 2667 1644; x_wconf 88' lang='lat' dir='ltr'><strong>Christo.</strong></span> <span class='ocrx_word' id='word_1_634' title='bbox 2692 1580 2776 1637; x_wconf 84' lang='lat' dir='ltr'><strong>vel</strong></span> <span class='ocrx_word' id='word_1_635' title='bbox 2805 1579 3084 1639; x_wconf 87' lang='lat' dir='ltr'><strong>Christum</strong></span> <span class='ocrx_word' id='word_1_636' title='bbox 3105 1585 3206 1642; x_wconf 86' lang='lat' dir='ltr'><strong>sibi</strong></span> <span class='ocrx_word' id='word_1_637' title='bbox 3224 1586 3425 1656; x_wconf 86' lang='lat' dir='ltr'><strong>inesse;</strong></span> <span class='ocrx_word' id='word_1_638' title='bbox 3512 1586 3515 1589; x_wconf 35' lang='grc'>¹</span> 
     </span>
    </p>
   </div>
   <div class='ocr_carea' id='block_1_86' title="bbox 1827 1668 3483 1746">
    <p class='ocr_par' dir='ltr' id='par_1_86' title="bbox 1827 1668 3483 1746">
     <span class='ocr_line' id='line_1_87' title="bbox 1827 1668 3483 1746; baseline 0.005 -17"><span class='ocrx_word' id='word_1_639' title='bbox 1827 1675 1954 1743; x_wconf 84' lang='lat' dir='ltr'><strong>quia</strong></span> <span class='ocrx_word' id='word_1_640' title='bbox 1982 1674 2035 1730; x_wconf 91' lang='lat' dir='ltr'><strong>in</strong></span> <span class='ocrx_word' id='word_1_641' title='bbox 2064 1672 2280 1729; x_wconf 88' lang='lat' dir='ltr'><strong>Christo</strong></span> <span class='ocrx_word' id='word_1_642' title='bbox 2308 1673 2487 1741; x_wconf 87' lang='lat' dir='ltr'><strong>Pater,</strong></span> <span class='ocrx_word' id='word_1_643' title='bbox 2532 1684 2587 1731; x_wconf 94' lang='lat' dir='ltr'><strong>et</strong></span> <span class='ocrx_word' id='word_1_644' title='bbox 2611 1674 2860 1733; x_wconf 86' lang='lat' dir='ltr'><strong>Christus</strong></span> <span class='ocrx_word' id='word_1_645' title='bbox 2887 1678 2944 1732; x_wconf 91' lang='lat' dir='ltr'><strong>in</strong></span> <span class='ocrx_word' id='word_1_646' title='bbox 2966 1678 3146 1746; x_wconf 87' lang='lat' dir='ltr'><strong>nobis,</strong></span> <span class='ocrx_word' id='word_1_647' title='bbox 3176 1696 3343 1738; x_wconf 89' lang='lat' dir='ltr'><strong>unum</strong></span> <span class='ocrx_word' id='word_1_648' title='bbox 3372 1683 3426 1738; x_wconf 89' lang='lat' dir='ltr'><strong>itt</strong></span> <span class='ocrx_word' id='word_1_649' title='bbox 3478 1668 3483 1687; x_wconf 65' lang='grc'><em>“</em></span> 
     </span>
    </p>
   </div>
   <div class='ocr_carea' id='block_1_87' title="bbox 1098 1764 3428 1844">
    <p class='ocr_par' dir='ltr' id='par_1_87' title="bbox 1098 1764 3428 1844">
     <span class='ocr_line' id='line_1_88' title="bbox 1098 1764 3428 1844; baseline 0.001 -17"><span class='ocrx_word' id='word_1_650' title='bbox 1098 1770 1197 1827; x_wconf 83' lang='lat' dir='ltr'><strong>sed</strong></span> <span class='ocrx_word' id='word_1_651' title='bbox 1244 1770 1482 1828; x_wconf 89' lang='lat' dir='ltr'><strong>nondum</strong></span> <span class='ocrx_word' id='word_1_652' title='bbox 1529 1786 1720 1843; x_wconf 74' lang='lat' dir='ltr'><strong>appro.</strong></span> <span class='ocrx_word' id='word_1_653' title='bbox 1750 1764 1801 1831; x_wconf 80' lang='grc' dir='ltr'><strong><em>Β</em></strong></span> <span class='ocrx_word' id='word_1_654' title='bbox 1829 1767 1914 1823; x_wconf 91' lang='lat' dir='ltr'><strong>his</strong></span> <span class='ocrx_word' id='word_1_655' title='bbox 1934 1781 2058 1824; x_wconf 87' lang='lat' dir='ltr'><strong>esse</strong></span> <span class='ocrx_word' id='word_1_656' title='bbox 2088 1780 2187 1822; x_wconf 89' lang='lat' dir='ltr'><strong>nos</strong></span> <span class='ocrx_word' id='word_1_657' title='bbox 2218 1765 2438 1825; x_wconf 74' lang='lat' dir='ltr'><strong>iaciunt.</strong></span> <span class='ocrx_word' id='word_1_658' title='bbox 2497 1766 2555 1823; x_wconf 90' lang='lat' dir='ltr'><strong>Si</strong></span> <span class='ocrx_word' id='word_1_659' title='bbox 2593 1781 2720 1823; x_wconf 82' lang='lat' dir='ltr'><strong>vere</strong></span> <span class='ocrx_word' id='word_1_660' title='bbox 2752 1766 2913 1837; x_wconf 71' lang='lat' dir='ltr'><strong>igitur</strong></span> <span class='ocrx_word' id='word_1_661' title='bbox 2935 1783 3153 1826; x_wconf 84' lang='lat' dir='ltr'><strong>carnem</strong></span> <span class='ocrx_word' id='word_1_662' title='bbox 3181 1774 3428 1844; x_wconf 86' lang='lat' dir='ltr'><strong>corporis</strong></span> 
     </span>
    </p>
   </div>
   <div class='ocr_carea' id='block_1_88' title="bbox 1825 1857 3427 1937">
    <p class='ocr_par' dir='ltr' id='par_1_88' title="bbox 1825 1857 3427 1937">
     <span class='ocr_line' id='line_1_89' title="bbox 1825 1857 3427 1937; baseline 0.004 -22"><span class='ocrx_word' id='word_1_663' title='bbox 1825 1860 1996 1915; x_wconf 87' lang='lat' dir='ltr'><strong>nostri</strong></span> <span class='ocrx_word' id='word_1_664' title='bbox 2039 1857 2284 1915; x_wconf 87' lang='lat' dir='ltr'><strong>Christus</strong></span> <span class='ocrx_word' id='word_1_665' title='bbox 2310 1859 2622 1929; x_wconf 78' lang='lat' dir='ltr'><strong>assumpsit,</strong></span> <span class='ocrx_word' id='word_1_666' title='bbox 2653 1867 2711 1914; x_wconf 89' lang='lat' dir='ltr'><strong>et</strong></span> <span class='ocrx_word' id='word_1_667' title='bbox 2737 1874 2866 1917; x_wconf 85' lang='lat' dir='ltr'><strong>vere</strong></span> <span class='ocrx_word' id='word_1_668' title='bbox 2895 1860 3060 1917; x_wconf 90' lang='lat' dir='ltr'><strong>homo</strong></span> <span class='ocrx_word' id='word_1_669' title='bbox 3092 1862 3203 1929; x_wconf 88' lang='lat' dir='ltr'><strong>ille,</strong></span> <span class='ocrx_word' id='word_1_670' title='bbox 3233 1864 3309 1937; x_wconf 72' lang='grc' dir='ltr'><strong>(ι)</strong></span> <span class='ocrx_word' id='word_1_671' title='bbox 3333 1867 3427 1937; x_wconf 90' lang='lat' dir='ltr'><strong>qui</strong></span> 
     </span>
    </p>
   </div>
   <div class='ocr_carea' id='block_1_89' title="bbox 1825 1949 3424 2025">
    <p class='ocr_par' dir='ltr' id='par_1_89' title="bbox 1825 1949 3424 2025">
     <span class='ocr_line' id='line_1_90' title="bbox 1825 1949 3424 2025; baseline 0.004 -16"><span class='ocrx_word' id='word_1_672' title='bbox 1825 1968 1893 2009; x_wconf 77' lang='lat' dir='ltr'><strong>ex</strong></span> <span class='ocrx_word' id='word_1_673' title='bbox 1937 1951 2107 2011; x_wconf 82' lang='lat' dir='ltr'><strong>Maria</strong></span> <span class='ocrx_word' id='word_1_674' title='bbox 2155 1962 2314 2007; x_wconf 86' lang='lat' dir='ltr'><strong>natus</strong></span> <span class='ocrx_word' id='word_1_675' title='bbox 2359 1950 2478 2019; x_wconf 89' lang='lat' dir='ltr'><strong>luit,</strong></span> <span class='ocrx_word' id='word_1_676' title='bbox 2505 1949 2753 2009; x_wconf 89' lang='lat' dir='ltr'><strong>Christus</strong></span> <span class='ocrx_word' id='word_1_677' title='bbox 2792 1960 2911 2022; x_wconf 88' lang='lat' dir='ltr'><strong>est,</strong></span> <span class='ocrx_word' id='word_1_678' title='bbox 2940 1969 3147 2025; x_wconf 87' lang='lat' dir='ltr'><strong>nosque</strong></span> <span class='ocrx_word' id='word_1_679' title='bbox 3169 1970 3299 2014; x_wconf 86' lang='lat' dir='ltr'><strong>vere</strong></span> <span class='ocrx_word' id='word_1_680' title='bbox 3323 1959 3424 2015; x_wconf 84' lang='lat' dir='ltr'><strong>sub</strong></span> 
     </span>
    </p>
   </div>
   <div class='ocr_carea' id='block_1_90' title="bbox 1824 2043 3426 2121">
    <p class='ocr_par' dir='ltr' id='par_1_90' title="bbox 1824 2043 3426 2121">
     <span class='ocr_line' id='line_1_91' title="bbox 1824 2043 3426 2121; baseline 0.003 -21"><span class='ocrx_word' id='word_1_681' title='bbox 1824 2046 2089 2117; x_wconf 86' lang='lat' dir='ltr'><strong>mysterio</strong></span> <span class='ocrx_word' id='word_1_682' title='bbox 2116 2044 2193 2119; x_wconf 75' lang='grc' dir='ltr'><strong>(θ)</strong></span> <span class='ocrx_word' id='word_1_683' title='bbox 2223 2058 2445 2100; x_wconf 87' lang='lat' dir='ltr'><strong>carnem</strong></span> <span class='ocrx_word' id='word_1_684' title='bbox 2474 2043 2720 2114; x_wconf 88' lang='lat' dir='ltr'><strong>corporis</strong></span> <span class='ocrx_word' id='word_1_685' title='bbox 2758 2044 2844 2101; x_wconf 88' lang='lat' dir='ltr'><strong>sui</strong></span> <span class='ocrx_word' id='word_1_686' title='bbox 2895 2045 3159 2103; x_wconf 90' lang='lat' dir='ltr'><strong>sumimus</strong></span> <span class='ocrx_word' id='word_1_687' title='bbox 3202 2046 3283 2120; x_wconf 87' lang='lat' dir='ltr'><strong>(et</strong></span> <span class='ocrx_word' id='word_1_688' title='bbox 3329 2064 3426 2121; x_wconf 86' lang='lat' dir='ltr'><strong>per</strong></span> 
     </span>
    </p>
   </div>
   <div class='ocr_carea' id='block_1_91' title="bbox 1826 2136 3422 2207">
    <p class='ocr_par' dir='ltr' id='par_1_91' title="bbox 1826 2136 3422 2207">
     <span class='ocr_line' id='line_1_92' title="bbox 1826 2136 3422 2207; baseline 0.004 -13"><span class='ocrx_word' id='word_1_689' title='bbox 1826 2138 1932 2194; x_wconf 90' lang='lat' dir='ltr'><strong>hoc</strong></span> <span class='ocrx_word' id='word_1_690' title='bbox 1956 2153 2121 2193; x_wconf 90' lang='lat' dir='ltr'><strong>unum</strong></span> <span class='ocrx_word' id='word_1_691' title='bbox 2150 2138 2377 2204; x_wconf 83' lang='lat' dir='ltr'><strong>erimus,</strong></span> <span class='ocrx_word' id='word_1_692' title='bbox 2398 2138 2525 2207; x_wconf 89' lang='lat' dir='ltr'><strong>quia</strong></span> <span class='ocrx_word' id='word_1_693' title='bbox 2553 2136 2712 2195; x_wconf 84' lang='lat' dir='ltr'><strong>Pater</strong></span> <span class='ocrx_word' id='word_1_694' title='bbox 2740 2138 2796 2193; x_wconf 90' lang='lat' dir='ltr'><strong>in</strong></span> <span class='ocrx_word' id='word_1_695' title='bbox 2826 2151 2896 2195; x_wconf 85' lang='lat' dir='ltr'><strong>eo</strong></span> <span class='ocrx_word' id='word_1_696' title='bbox 2920 2147 3025 2207; x_wconf 86' lang='lat' dir='ltr'><strong>est,</strong></span> <span class='ocrx_word' id='word_1_697' title='bbox 3056 2148 3113 2197; x_wconf 89' lang='lat' dir='ltr'><strong>et</strong></span> <span class='ocrx_word' id='word_1_698' title='bbox 3130 2140 3224 2198; x_wconf 90' lang='lat' dir='ltr'><strong>ille</strong></span> <span class='ocrx_word' id='word_1_699' title='bbox 3244 2142 3299 2198; x_wconf 90' lang='lat' dir='ltr'><strong>in</strong></span> <span class='ocrx_word' id='word_1_700' title='bbox 3321 2159 3393 2201; x_wconf 90' lang='lat' dir='ltr'><strong>no</strong></span> <span class='ocrx_word' id='word_1_701' title='bbox 3409 2174 3422 2186; x_wconf 91' lang='lat'><strong>-</strong></span> 
     </span>
    </p>
   </div>
   <div class='ocr_carea' id='block_1_92' title="bbox 1826 2229 3425 2304">
    <p class='ocr_par' dir='ltr' id='par_1_92' title="bbox 1826 2229 3425 2304">
     <span class='ocr_line' id='line_1_93' title="bbox 1826 2229 3425 2304; baseline 0.003 -16"><span class='ocrx_word' id='word_1_702' title='bbox 1826 2231 1955 2304; x_wconf 89' lang='lat' dir='ltr'><strong>his)</strong></span> <span class='ocrx_word' id='word_1_703' title='bbox 1986 2248 2002 2299; x_wconf 88' lang='lat'><strong>;</strong></span> <span class='ocrx_word' id='word_1_704' title='bbox 2030 2229 2301 2302; x_wconf 91' lang='lat' dir='ltr'><strong>quomodo</strong></span> <span class='ocrx_word' id='word_1_705' title='bbox 2323 2230 2617 2286; x_wconf 87' lang='lat' dir='ltr'><strong>voluntatis</strong></span> <span class='ocrx_word' id='word_1_706' title='bbox 2645 2230 2824 2286; x_wconf 85' lang='lat' dir='ltr'><strong>unitas</strong></span> <span class='ocrx_word' id='word_1_707' title='bbox 2861 2232 3144 2300; x_wconf 83' lang='lat' dir='ltr'><strong>asseritur,</strong></span> <span class='ocrx_word' id='word_1_708' title='bbox 3171 2247 3296 2291; x_wconf 85' lang='lat' dir='ltr'><strong>cum</strong></span> <span class='ocrx_word' id='word_1_709' title='bbox 3328 2248 3425 2293; x_wconf 85' lang='lat' dir='ltr'><strong>na-</strong></span> 
     </span>
    </p>
   </div>
   <div class='ocr_carea' id='block_1_93' title="bbox 1825 2320 3422 2395">
    <p class='ocr_par' dir='ltr' id='par_1_93' title="bbox 1825 2320 3422 2395">
     <span class='ocr_line' id='line_1_94' title="bbox 1825 2320 3422 2395; baseline 0.002 -13"><span class='ocrx_word' id='word_1_710' title='bbox 1825 2326 2014 2383; x_wconf 86' lang='lat' dir='ltr'><strong>turalis</strong></span> <span class='ocrx_word' id='word_1_711' title='bbox 2036 2339 2131 2394; x_wconf 89' lang='lat' dir='ltr'><strong>per</strong></span> <span class='ocrx_word' id='word_1_712' title='bbox 2155 2334 2554 2379; x_wconf 87' lang='lat' dir='ltr'><strong>sacramentum</strong></span> <span class='ocrx_word' id='word_1_713' title='bbox 2590 2320 2671 2394; x_wconf 84' lang='lat' dir='ltr'><strong>(It)</strong></span> <span class='ocrx_word' id='word_1_714' title='bbox 2696 2323 3023 2394; x_wconf 88' lang='lat' dir='ltr'><strong>proprietas,</strong></span> <span class='ocrx_word' id='word_1_715' title='bbox 3046 2323 3304 2395; x_wconf 64' lang='lat' dir='ltr'><strong>perfecta:</strong></span> <span class='ocrx_word' id='word_1_716' title='bbox 3333 2342 3422 2385; x_wconf 89' lang='lat' dir='ltr'><strong>sa-</strong></span> 
     </span>
    </p>
   </div>
   <div class='ocr_carea' id='block_1_94' title="bbox 1822 2414 2519 2477">
    <p class='ocr_par' dir='ltr' id='par_1_94' title="bbox 1822 2414 2519 2477">
     <span class='ocr_line' id='line_1_95' title="bbox 1822 2414 2519 2477; baseline -0.009 0"><span class='ocrx_word' id='word_1_717' title='bbox 1822 2428 2160 2477; x_wconf 88' lang='lat' dir='ltr'><strong>cramentum</strong></span> <span class='ocrx_word' id='word_1_718' title='bbox 2184 2418 2255 2473; x_wconf 88' lang='lat' dir='ltr'><strong>sit</strong></span> <span class='ocrx_word' id='word_1_719' title='bbox 2277 2414 2519 2472; x_wconf 88' lang='lat' dir='ltr'><strong>unitatis.</strong></span> 
     </span>
    </p>
   </div>
   <div class='ocr_carea' id='block_1_95' title="bbox 1896 2507 3424 2585">
    <p class='ocr_par' dir='ltr' id='par_1_95' title="bbox 1896 2507 3424 2585">
     <span class='ocr_line' id='line_1_96' title="bbox 1896 2507 3424 2585; baseline -0.009 -10"><span class='ocrx_word' id='word_1_720' title='bbox 1896 2521 1986 2577; x_wconf 75' lang='grc'><strong>14.</strong></span> <span class='ocrx_word' id='word_1_721' title='bbox 2021 2517 2212 2573; x_wconf 81' lang='lat' dir='ltr'><strong>Verum</strong></span> <span class='ocrx_word' id='word_1_722' title='bbox 2240 2510 2435 2567; x_wconf 76' lang='lat' dir='ltr'><strong>Christi</strong></span> <span class='ocrx_word' id='word_1_723' title='bbox 2464 2523 2652 2580; x_wconf 79' lang='lat' dir='ltr'><strong>corpus</strong></span> <span class='ocrx_word' id='word_1_724' title='bbox 2681 2507 2738 2565; x_wconf 82' lang='lat' dir='ltr'><strong>in</strong></span> <span class='ocrx_word' id='word_1_725' title='bbox 2769 2508 2867 2567; x_wconf 78' lang='lat' dir='ltr'><strong>hoc</strong></span> <span class='ocrx_word' id='word_1_726' title='bbox 2895 2508 3234 2571; x_wconf 80' lang='lat' dir='ltr'><strong>Sacramenta</strong></span> <span class='ocrx_word' id='word_1_727' title='bbox 3256 2515 3424 2585; x_wconf 69' lang='grc' dir='ltr'><strong>ρετσί.</strong></span> 
     </span>
    </p>
   </div>
   <div class='ocr_carea' id='block_1_96' title="bbox 1821 2687 3416 2771">
    <p class='ocr_par' dir='ltr' id='par_1_96' title="bbox 1821 2687 3416 2771">
     <span class='ocr_line' id='line_1_97' title="bbox 1821 2687 3416 2771; baseline -0.009 -14"><span class='ocrx_word' id='word_1_728' title='bbox 1821 2709 1991 2757; x_wconf 84' lang='lat' dir='ltr'><strong>mento</strong></span> <span class='ocrx_word' id='word_1_729' title='bbox 2018 2695 2161 2753; x_wconf 85' lang='lat' dir='ltr'><strong>nobis</strong></span> <span class='ocrx_word' id='word_1_730' title='bbox 2185 2687 2623 2771; x_wconf 54' lang='lat' dir='ltr'><strong>communicandis</strong></span> <span class='ocrx_word' id='word_1_731' title='bbox 2647 2689 3145 2771; x_wconf 45' lang='lat' dir='ltr'><strong>carnis&#39;adntiseuit,</strong></span> <span class='ocrx_word' id='word_1_732' title='bbox 3185 2712 3383 2771; x_wconf 70' lang='grc' dir='ltr'><strong>ηεροη</strong></span> <span class='ocrx_word' id='word_1_733' title='bbox 3401 2733 3416 2744; x_wconf 90' lang='grc'><strong>.</strong></span> 
     </span>
    </p>
   </div>
   <div class='ocr_carea' id='block_1_97' title="bbox 1820 2758 3415 2831">
    <p class='ocr_par' dir='ltr' id='par_1_97' title="bbox 1820 2758 3415 2831">
     <span class='ocr_line' id='line_1_98' title="bbox 1820 2758 3415 2831; baseline -0.008 -1"><span class='ocrx_word' id='word_1_734' title='bbox 1820 2775 1907 2829; x_wconf 89' lang='lat' dir='ltr'><strong>del</strong></span> <span class='ocrx_word' id='word_1_735' title='bbox 1935 2771 2092 2826; x_wconf 87' lang='lat' dir='ltr'><strong>alteri</strong></span> <span class='ocrx_word' id='word_1_736' title='bbox 2122 2763 2397 2820; x_wconf 86' lang='lat' dir='ltr'><strong>membro:</strong></span> <span class='ocrx_word' id='word_1_737' title='bbox 2434 2758 2502 2813; x_wconf 88' lang='lat' dir='ltr'><strong>Et</strong></span> <span class='ocrx_word' id='word_1_738' title='bbox 2542 2776 2634 2813; x_wconf 85' lang='lat' dir='ltr'><strong>nos</strong></span> <span class='ocrx_word' id='word_1_739' title='bbox 2660 2775 2772 2831; x_wconf 84' lang='lat' dir='ltr'><strong>vere</strong></span> <span class='ocrx_word' id='word_1_740' title='bbox 2806 2759 3030 2816; x_wconf 84' lang='lat' dir='ltr'><strong>Verbum</strong></span> <span class='ocrx_word' id='word_1_741' title='bbox 3057 2758 3415 2831; x_wconf 52' lang='lat' dir='ltr'><strong>carnem-cibo</strong></span> 
     </span>
    </p>
   </div>
   <div class='ocr_carea' id='block_1_98' title="bbox 1818 2829 3417 2913">
    <p class='ocr_par' dir='ltr' id='par_1_98' title="bbox 1818 2829 3417 2913">
     <span class='ocr_line' id='line_1_99' title="bbox 1818 2829 3417 2913; baseline -0.004 -15"><span class='ocrx_word' id='word_1_742' title='bbox 1818 2842 2076 2897; x_wconf 80' lang='lat' dir='ltr'><strong>dominico</strong></span> <span class='ocrx_word' id='word_1_743' title='bbox 2105 2837 2374 2893; x_wconf 82' lang='lat' dir='ltr'><strong>sumimus.</strong></span> <span class='ocrx_word' id='word_1_744' title='bbox 2398 2832 2467 2913; x_wconf 69' lang='lat' dir='ltr'><strong>Et</strong></span> <span class='ocrx_word' id='word_1_745' title='bbox 2492 2831 2628 2913; x_wconf 71' lang='lat' dir='ltr'><strong>hanc</strong></span> <span class='ocrx_word' id='word_1_746' title='bbox 2649 2829 2864 2912; x_wconf 77' lang='lat' dir='ltr'><strong>quidem</strong></span> <span class='ocrx_word' id='word_1_747' title='bbox 2895 2844 3101 2913; x_wconf 78' lang='lat' dir='ltr'><strong>partem</strong></span> <span class='ocrx_word' id='word_1_748' title='bbox 3129 2840 3194 2893; x_wconf 90' lang='lat' dir='ltr'><strong>ad</strong></span> <span class='ocrx_word' id='word_1_749' title='bbox 3213 2829 3417 2913; x_wconf 77' lang='lat' dir='ltr'><strong>myste-</strong></span> 
     </span>
    </p>
   </div>
   <div class='ocr_carea' id='block_1_99' title="bbox 1819 2900 3412 2979">
    <p class='ocr_par' dir='ltr' id='par_1_99' title="bbox 1819 2900 3412 2979">
     <span class='ocr_line' id='line_1_100' title="bbox 1819 2900 3412 2979; baseline -0.006 -9"><span class='ocrx_word' id='word_1_750' title='bbox 1819 2917 1957 2970; x_wconf 90' lang='lat' dir='ltr'><strong>rium</strong></span> <span class='ocrx_word' id='word_1_751' title='bbox 1982 2923 2269 2978; x_wconf 80' lang='lat' dir='ltr'><strong>assumpta:</strong></span> <span class='ocrx_word' id='word_1_752' title='bbox 2294 2900 2694 2979; x_wconf 79' lang='lat' dir='ltr'><strong>carnis_referri</strong></span> <span class='ocrx_word' id='word_1_753' title='bbox 2725 2917 2830 2957; x_wconf 92' lang='lat' dir='ltr'><strong>non</strong></span> <span class='ocrx_word' id='word_1_754' title='bbox 2868 2900 3027 2973; x_wconf 80' lang='lat' dir='ltr'><strong>posse</strong></span> <span class='ocrx_word' id='word_1_755' title='bbox 3054 2908 3220 2979; x_wconf 88' lang='lat' dir='ltr'><strong>liquet</strong></span> <span class='ocrx_word' id='word_1_756' title='bbox 3252 2900 3412 2970; x_wconf 51' lang='lat' dir='ltr'><strong>{cum</strong></span> 
     </span>
    </p>
   </div>
   <div class='ocr_carea' id='block_1_100' title="bbox 1817 2974 3411 3042">
    <p class='ocr_par' dir='ltr' id='par_1_100' title="bbox 1817 2974 3411 3042">
     <span class='ocr_line' id='line_1_101' title="bbox 1817 2974 3411 3042; baseline 0.012 -18"><span class='ocrx_word' id='word_1_757' title='bbox 1817 2987 2061 3041; x_wconf 62' lang='lat' dir='ltr'><strong>Christus</strong></span> <span class='ocrx_word' id='word_1_758' title='bbox 2075 2974 2289 3037; x_wconf 84' lang='lat' dir='ltr'><strong>carnem</strong></span> <span class='ocrx_word' id='word_1_759' title='bbox 2304 2974 2628 3042; x_wconf 87' lang='lat' dir='ltr'><strong>suscipiens,</strong></span> <span class='ocrx_word' id='word_1_760' title='bbox 2649 2987 2755 3026; x_wconf 89' lang='lat' dir='ltr'><strong>non</strong></span> <span class='ocrx_word' id='word_1_761' title='bbox 2772 2984 3014 3029; x_wconf 87' lang='lat' dir='ltr'><strong>naturam</strong></span> <span class='ocrx_word' id='word_1_762' title='bbox 3030 2974 3206 3036; x_wconf 78' lang='lat' dir='ltr'><strong>carnis</strong></span> <span class='ocrx_word' id='word_1_763' title='bbox 3219 2998 3329 3041; x_wconf 81' lang='lat' dir='ltr'><strong>suae</strong></span> <span class='ocrx_word' id='word_1_764' title='bbox 3343 2986 3411 3042; x_wconf 86' lang='lat' dir='ltr'><strong>ad</strong></span> 
     </span>
    </p>
   </div>
   <div class='ocr_carea' id='block_1_101' title="bbox 1818 3044 3412 3113">
    <p class='ocr_par' dir='ltr' id='par_1_101' title="bbox 1818 3044 3412 3113">
     <span class='ocr_line' id='line_1_102' title="bbox 1818 3044 3412 3113; baseline -0.009 0"><span class='ocrx_word' id='word_1_765' title='bbox 1818 3068 2062 3113; x_wconf 89' lang='lat' dir='ltr'><strong>naturam</strong></span> <span class='ocrx_word' id='word_1_766' title='bbox 2082 3050 2317 3107; x_wconf 86' lang='lat' dir='ltr'><strong>divinam</strong></span> <span class='ocrx_word' id='word_1_767' title='bbox 2335 3045 2430 3100; x_wconf 91' lang='lat' dir='ltr'><strong>sed</strong></span> <span class='ocrx_word' id='word_1_768' title='bbox 2445 3045 2677 3099; x_wconf 84' lang='lat' dir='ltr'><strong>divinam</strong></span> <span class='ocrx_word' id='word_1_769' title='bbox 2695 3045 2873 3113; x_wconf 84' lang='lat' dir='ltr'><strong>potius</strong></span> <span class='ocrx_word' id='word_1_770' title='bbox 2886 3044 2951 3100; x_wconf 90' lang='lat' dir='ltr'><strong>ad</strong></span> <span class='ocrx_word' id='word_1_771' title='bbox 2968 3057 3213 3108; x_wconf 85' lang='lat' dir='ltr'><strong>naturam</strong></span> <span class='ocrx_word' id='word_1_772' title='bbox 3233 3058 3412 3113; x_wconf 69' lang='lat' dir='ltr'><strong>carnis</strong></span> 
     </span>
    </p>
   </div>
   <div class='ocr_carea' id='block_1_102' title="bbox 1817 3117 3408 3197">
    <p class='ocr_par' dir='ltr' id='par_1_102' title="bbox 1817 3117 3408 3197">
     <span class='ocr_line' id='line_1_103' title="bbox 1817 3117 3408 3197; baseline -0.001 -14"><span class='ocrx_word' id='word_1_773' title='bbox 1817 3137 2015 3183; x_wconf 76' lang='lat' dir='ltr'><strong>nostrze</strong></span> <span class='ocrx_word' id='word_1_774' title='bbox 2046 3119 2589 3197; x_wconf 77' lang='lat' dir='ltr'><strong>admiscuerit,quatn</strong></span> <span class='ocrx_word' id='word_1_775' title='bbox 2612 3124 2669 3197; x_wconf 86' lang='lat' dir='ltr'><strong>et</strong></span> <span class='ocrx_word' id='word_1_776' title='bbox 2693 3129 2845 3197; x_wconf 88' lang='lat' dir='ltr'><strong>suam</strong></span> <span class='ocrx_word' id='word_1_777' title='bbox 2876 3127 2985 3171; x_wconf 91' lang='lat' dir='ltr'><strong>tum</strong></span> <span class='ocrx_word' id='word_1_778' title='bbox 3018 3117 3194 3197; x_wconf 78' lang='lat' dir='ltr'><strong>facere</strong></span> <span class='ocrx_word' id='word_1_779' title='bbox 3224 3129 3408 3197; x_wconf 65' lang='lat' dir='ltr'><strong>carpit.</strong></span> 
     </span>
    </p>
   </div>
   <div class='ocr_carea' id='block_1_103' title="bbox 1735 3172 3408 3257">
    <p class='ocr_par' dir='ltr' id='par_1_103' title="bbox 1735 3172 3408 3257">
     <span class='ocr_line' id='line_1_104' title="bbox 1735 3172 3408 3257; baseline 0.001 -2"><span class='ocrx_word' id='word_1_780' title='bbox 1735 3172 1779 3235; x_wconf 80' lang='lat' dir='ltr'>C</span> <span class='ocrx_word' id='word_1_781' title='bbox 2373 3172 2711 3257; x_wconf 64' lang='lat' dir='ltr'><strong>sacramento</strong></span> <span class='ocrx_word' id='word_1_782' title='bbox 2728 3195 2973 3243; x_wconf 83' lang='lat' dir='ltr'><strong>naturam</strong></span> <span class='ocrx_word' id='word_1_783' title='bbox 2998 3172 3408 3257; x_wconf 42' lang='lat' dir='ltr'><strong>cartii—s&#39;suavtrt&#39;td</strong></span> 
     </span>
    </p>
   </div>
   <div class='ocr_carea' id='block_1_104' title="bbox 1813 3256 3408 3329">
    <p class='ocr_par' dir='ltr' id='par_1_104' title="bbox 1813 3256 3408 3329">
     <span class='ocr_line' id='line_1_105' title="bbox 1813 3256 3408 3329; baseline 0.013 -18"><span class='ocrx_word' id='word_1_784' title='bbox 1813 3273 2048 3326; x_wconf 70' lang='lat' dir='ltr'><strong>divinam</strong></span> <span class='ocrx_word' id='word_1_785' title='bbox 2071 3265 2353 3323; x_wconf 89' lang='lat' dir='ltr'><strong>admiscet,</strong></span> <span class='ocrx_word' id='word_1_786' title='bbox 2372 3268 2429 3312; x_wconf 89' lang='lat' dir='ltr'><strong>ut</strong></span> <span class='ocrx_word' id='word_1_787' title='bbox 2446 3272 2664 3313; x_wconf 87' lang='lat' dir='ltr'><strong>carnem</strong></span> <span class='ocrx_word' id='word_1_788' title='bbox 2686 3256 2833 3312; x_wconf 90' lang='lat' dir='ltr'><strong>illam</strong></span> <span class='ocrx_word' id='word_1_789' title='bbox 2849 3275 2968 3314; x_wconf 89' lang='lat' dir='ltr'><strong>cum</strong></span> <span class='ocrx_word' id='word_1_790' title='bbox 2984 3260 3261 3325; x_wconf 87' lang='lat' dir='ltr'><strong>divinitate</strong></span> <span class='ocrx_word' id='word_1_791' title='bbox 3274 3256 3408 3329; x_wconf 12' lang='lat' dir='ltr'><strong>coni-7</strong></span> 
     </span>
    </p>
   </div>
   <div class='ocr_carea' id='block_1_105' title="bbox 1807 3331 3407 3413">
    <p class='ocr_par' dir='ltr' id='par_1_105' title="bbox 1807 3331 3407 3413">
     <span class='ocr_line' id='line_1_106' title="bbox 1807 3331 3407 3413; baseline -0.004 -22"><span class='ocrx_word' id='word_1_792' title='bbox 1807 3340 2051 3413; x_wconf 74' lang='lat' dir='ltr'><strong>junctum</strong></span> <span class='ocrx_word' id='word_1_793' title='bbox 2080 3335 2456 3413; x_wconf 76' lang='lat' dir='ltr'><strong>suscipientes,</strong></span> <span class='ocrx_word' id='word_1_794' title='bbox 2484 3344 2543 3384; x_wconf 83' lang='lat' dir='ltr'><strong>ea</strong></span> <span class='ocrx_word' id='word_1_795' title='bbox 2572 3331 3051 3413; x_wconf 50' lang='lat' dir='ltr'><strong>carne-inediante,</strong></span> <span class='ocrx_word' id='word_1_796' title='bbox 3078 3351 3201 3393; x_wconf 83' lang='lat' dir='ltr'><strong>cum</strong></span> <span class='ocrx_word' id='word_1_797' title='bbox 3226 3340 3407 3401; x_wconf 59' lang='lat' dir='ltr'><strong>divina</strong></span> 
     </span>
    </p>
   </div>
   <div class='ocr_carea' id='block_1_106' title="bbox 1812 3401 3403 3473">
    <p class='ocr_par' dir='ltr' id='par_1_106' title="bbox 1812 3401 3403 3473">
     <span class='ocr_line' id='line_1_107' title="bbox 1812 3401 3403 3473; baseline 0 -4"><span class='ocrx_word' id='word_1_798' title='bbox 1812 3401 2009 3469; x_wconf 75' lang='lat' dir='ltr'><strong>Christi</strong></span> <span class='ocrx_word' id='word_1_799' title='bbox 2060 3401 2355 3466; x_wconf 79' lang='lat' dir='ltr'><strong>substantia</strong></span> <span class='ocrx_word' id='word_1_800' title='bbox 2378 3446 2392 3469; x_wconf 92' lang='lat'><strong>,</strong></span> <span class='ocrx_word' id='word_1_801' title='bbox 2426 3416 2547 3473; x_wconf 74' lang='lat' dir='ltr'><strong>qua:</strong></span> <span class='ocrx_word' id='word_1_802' title='bbox 2581 3415 2701 3455; x_wconf 90' lang='lat' dir='ltr'><strong>cum</strong></span> <span class='ocrx_word' id='word_1_803' title='bbox 2733 3401 2961 3458; x_wconf 86' lang='lat' dir='ltr'><strong>Paterna</strong></span> <span class='ocrx_word' id='word_1_804' title='bbox 2992 3420 3093 3460; x_wconf 82' lang='lat' dir='ltr'><strong>una</strong></span> <span class='ocrx_word' id='word_1_805' title='bbox 3130 3418 3186 3464; x_wconf 90' lang='lat' dir='ltr'><strong>et</strong></span> <span class='ocrx_word' id='word_1_806' title='bbox 3213 3413 3403 3472; x_wconf 86' lang='lat' dir='ltr'><strong>eadem</strong></span> 
     </span>
    </p>
   </div>
   <div class='ocr_carea' id='block_1_107' title="bbox 1811 3479 3403 3554">
    <p class='ocr_par' dir='ltr' id='par_1_107' title="bbox 1811 3479 3403 3554">
     <span class='ocr_line' id='line_1_108' title="bbox 1811 3479 3403 3554; baseline 0 -13"><span class='ocrx_word' id='word_1_807' title='bbox 1811 3496 1915 3553; x_wconf 89' lang='lat' dir='ltr'><strong>est,</strong></span> <span class='ocrx_word' id='word_1_808' title='bbox 1965 3486 2246 3549; x_wconf 88' lang='lat' dir='ltr'><strong>nniamur;</strong></span> <span class='ocrx_word' id='word_1_809' title='bbox 2291 3480 2433 3550; x_wconf 90' lang='lat' dir='ltr'><strong>quod</strong></span> <span class='ocrx_word' id='word_1_810' title='bbox 2479 3479 2812 3554; x_wconf 83' lang='lat' dir='ltr'><strong>probandum</strong></span> <span class='ocrx_word' id='word_1_811' title='bbox 2846 3482 3083 3554; x_wconf 90' lang='lat' dir='ltr'><strong>suscepit</strong></span> <span class='ocrx_word' id='word_1_812' title='bbox 3122 3482 3403 3541; x_wconf 86' lang='lat' dir='ltr'><strong>Hilarius:</strong></span> 
     </span>
    </p>
   </div>
   <div class='ocr_carea' id='block_1_108' title="bbox 1809 3553 3404 3627">
    <p class='ocr_par' dir='ltr' id='par_1_108' title="bbox 1809 3553 3404 3627">
     <span class='ocr_line' id='line_1_109' title="bbox 1809 3553 3404 3627; baseline 0.001 -16"><span class='ocrx_word' id='word_1_813' title='bbox 1809 3560 1901 3627; x_wconf 88' lang='lat' dir='ltr'><strong>qui</strong></span> <span class='ocrx_word' id='word_1_814' title='bbox 1925 3558 2065 3613; x_wconf 88' lang='lat' dir='ltr'><strong>velut</strong></span> <span class='ocrx_word' id='word_1_815' title='bbox 2093 3565 2299 3612; x_wconf 89' lang='lat' dir='ltr'><strong>certum</strong></span> <span class='ocrx_word' id='word_1_816' title='bbox 2321 3564 2374 3610; x_wconf 91' lang='lat' dir='ltr'><strong>et</strong></span> <span class='ocrx_word' id='word_1_817' title='bbox 2403 3553 2759 3627; x_wconf 87' lang='lat' dir='ltr'><strong>indubitatum</strong></span> <span class='ocrx_word' id='word_1_818' title='bbox 2785 3557 2956 3624; x_wconf 91' lang='lat' dir='ltr'><strong>ponit,</strong></span> <span class='ocrx_word' id='word_1_819' title='bbox 2985 3553 3085 3612; x_wconf 86' lang='lat' dir='ltr'><strong>nos</strong></span> <span class='ocrx_word' id='word_1_820' title='bbox 3114 3557 3166 3611; x_wconf 91' lang='lat' dir='ltr'><strong>in</strong></span> <span class='ocrx_word' id='word_1_821' title='bbox 3193 3560 3295 3613; x_wconf 91' lang='lat' dir='ltr'><strong>hoc</strong></span> <span class='ocrx_word' id='word_1_822' title='bbox 3316 3572 3404 3619; x_wconf 80' lang='lat' dir='ltr'><strong>sa-</strong></span> 
     </span>
    </p>
   </div>
   <div class='ocr_carea' id='block_1_109' title="bbox 1809 3626 3402 3695">
    <p class='ocr_par' dir='ltr' id='par_1_109' title="bbox 1809 3626 3402 3695">
     <span class='ocr_line' id='line_1_110' title="bbox 1809 3626 3402 3695; baseline 0.001 -10"><span class='ocrx_word' id='word_1_823' title='bbox 1809 3626 2086 3685; x_wconf 77' lang='lat' dir='ltr'><strong>cramento</strong></span> <span class='ocrx_word' id='word_1_824' title='bbox 2108 3638 2345 3683; x_wconf 83' lang='lat' dir='ltr'><strong>naturam</strong></span> <span class='ocrx_word' id='word_1_825' title='bbox 2372 3629 2541 3682; x_wconf 85' lang='lat' dir='ltr'><strong>carnis</strong></span> <span class='ocrx_word' id='word_1_826' title='bbox 2569 3626 2765 3682; x_wconf 88' lang='lat' dir='ltr'><strong>Christi</strong></span> <span class='ocrx_word' id='word_1_827' title='bbox 2796 3638 2847 3680; x_wconf 90' lang='lat' dir='ltr'><strong>et</strong></span> <span class='ocrx_word' id='word_1_828' title='bbox 2872 3628 3173 3695; x_wconf 82' lang='lat' dir='ltr'><strong>veritatem,</strong></span> <span class='ocrx_word' id='word_1_829' title='bbox 3202 3644 3308 3685; x_wconf 92' lang='lat' dir='ltr'><strong>non</strong></span> <span class='ocrx_word' id='word_1_830' title='bbox 3337 3628 3402 3686; x_wconf 86' lang='lat' dir='ltr'><strong>il-</strong></span> 
     </span>
    </p>
   </div>
   <div class='ocr_carea' id='block_1_110' title="bbox 1808 3695 3401 3771">
    <p class='ocr_par' dir='ltr' id='par_1_110' title="bbox 1808 3695 3401 3771">
     <span class='ocr_line' id='line_1_111' title="bbox 1808 3695 3401 3771; baseline 0.001 -16"><span class='ocrx_word' id='word_1_831' title='bbox 1808 3715 1993 3770; x_wconf 81' lang='lat' dir='ltr'><strong>guram</strong></span> <span class='ocrx_word' id='word_1_832' title='bbox 2026 3704 2289 3771; x_wconf 87' lang='lat' dir='ltr'><strong>accipere.</strong></span> <span class='ocrx_word' id='word_1_833' title='bbox 2317 3695 2552 3771; x_wconf 83' lang='lat' dir='ltr'><strong>Carnem</strong></span> <span class='ocrx_word' id='word_1_834' title='bbox 2585 3704 2772 3771; x_wconf 78' lang='lat' dir='ltr'><strong>autem</strong></span> <span class='ocrx_word' id='word_1_835' title='bbox 2794 3695 2997 3754; x_wconf 85' lang='lat' dir='ltr'><strong>Christi</strong></span> <span class='ocrx_word' id='word_1_836' title='bbox 3026 3699 3081 3754; x_wconf 90' lang='lat' dir='ltr'><strong>in</strong></span> <span class='ocrx_word' id='word_1_837' title='bbox 3113 3699 3401 3757; x_wconf 83' lang='lat' dir='ltr'><strong>Eucharis-</strong></span> 
     </span>
    </p>
   </div>
   <div class='ocr_carea' id='block_1_111' title="bbox 1809 3767 3399 3840">
    <p class='ocr_par' dir='ltr' id='par_1_111' title="bbox 1809 3767 3399 3840">
     <span class='ocr_line' id='line_1_112' title="bbox 1809 3767 3399 3840; baseline 0.002 -15"><span class='ocrx_word' id='word_1_838' title='bbox 1809 3767 1878 3825; x_wconf 71' lang='lat' dir='ltr'><strong>tiii</strong></span> <span class='ocrx_word' id='word_1_839' title='bbox 1909 3767 2175 3827; x_wconf 79' lang='lat' dir='ltr'><strong>divinitaii</strong></span> <span class='ocrx_word' id='word_1_840' title='bbox 2207 3769 2551 3840; x_wconf 88' lang='lat' dir='ltr'><strong>conjunctam</strong></span> <span class='ocrx_word' id='word_1_841' title='bbox 2579 3767 2802 3840; x_wconf 77' lang='lat' dir='ltr'><strong>dixerit</strong></span> <span class='ocrx_word' id='word_1_842' title='bbox 2852 3785 2959 3827; x_wconf 85' lang='lat' dir='ltr'><strong>non</strong></span> <span class='ocrx_word' id='word_1_843' title='bbox 3005 3772 3117 3826; x_wconf 91' lang='lat' dir='ltr'><strong>sola</strong></span> <span class='ocrx_word' id='word_1_844' title='bbox 3170 3771 3399 3828; x_wconf 88' lang='lat' dir='ltr'><strong>rationis</strong></span> 
     </span>
    </p>
   </div>
   <div class='ocr_carea' id='block_1_112' title="bbox 1808 3838 3400 3910">
    <p class='ocr_par' dir='ltr' id='par_1_112' title="bbox 1808 3838 3400 3910">
     <span class='ocr_line' id='line_1_113' title="bbox 1808 3838 3400 3910; baseline 0.003 -14"><span class='ocrx_word' id='word_1_845' title='bbox 1808 3841 1926 3897; x_wconf 89' lang='lat' dir='ltr'><strong>luce</strong></span> <span class='ocrx_word' id='word_1_846' title='bbox 1957 3843 2275 3902; x_wconf 88' lang='lat' dir='ltr'><strong>illustratus.</strong></span> <span class='ocrx_word' id='word_1_847' title='bbox 2305 3838 2447 3910; x_wconf 79' lang='lat' dir='ltr'><strong>quod</strong></span> <span class='ocrx_word' id='word_1_848' title='bbox 2493 3838 2617 3896; x_wconf 88' lang='lat' dir='ltr'><strong>scil.</strong></span> <span class='ocrx_word' id='word_1_849' title='bbox 2664 3855 2790 3895; x_wconf 88' lang='lat' dir='ltr'><strong>caro</strong></span> <span class='ocrx_word' id='word_1_850' title='bbox 2821 3840 2962 3896; x_wconf 91' lang='lat' dir='ltr'><strong>illius</strong></span> <span class='ocrx_word' id='word_1_851' title='bbox 2991 3856 3113 3897; x_wconf 93' lang='lat' dir='ltr'><strong>cum</strong></span> <span class='ocrx_word' id='word_1_852' title='bbox 3156 3857 3188 3896; x_wconf 89' lang='lat' dir='ltr'><strong>a</strong></span> <span class='ocrx_word' id='word_1_853' title='bbox 3222 3842 3400 3900; x_wconf 85' lang='lat' dir='ltr'><strong>Verbo</strong></span> 
     </span>
    </p>
   </div>
   <div class='ocr_carea' id='block_1_113' title="bbox 1800 3912 3399 3985">
    <p class='ocr_par' dir='ltr' id='par_1_113' title="bbox 1800 3912 3399 3985">
     <span class='ocr_line' id='line_1_114' title="bbox 1800 3912 3399 3985; baseline 0.001 -18"><span class='ocrx_word' id='word_1_854' title='bbox 1800 3913 1910 3985; x_wconf 87' lang='lat' dir='ltr'><strong>jam</strong></span> <span class='ocrx_word' id='word_1_855' title='bbox 1945 3914 2316 3985; x_wconf 80' lang='lat' dir='ltr'><strong>inseparabilis</strong></span> <span class='ocrx_word' id='word_1_856' title='bbox 2336 3912 2446 3985; x_wconf 80' lang='lat' dir='ltr'><strong>sit,</strong></span> <span class='ocrx_word' id='word_1_857' title='bbox 2481 3912 2616 3985; x_wconf 82' lang='lat' dir='ltr'><strong>tradi</strong></span> <span class='ocrx_word' id='word_1_858' title='bbox 2659 3912 2814 3985; x_wconf 87' lang='lat' dir='ltr'><strong>nobis</strong></span> <span class='ocrx_word' id='word_1_859' title='bbox 2844 3920 3074 3984; x_wconf 87' lang='lat' dir='ltr'><strong>nequeat</strong></span> <span class='ocrx_word' id='word_1_860' title='bbox 3111 3913 3227 3969; x_wconf 87' lang='lat' dir='ltr'><strong>sine</strong></span> <span class='ocrx_word' id='word_1_861' title='bbox 3272 3914 3399 3981; x_wconf 87' lang='lat' dir='ltr'><strong>illo;</strong></span> 
     </span>
    </p>
   </div>
   <div class='ocr_carea' id='block_1_114' title="bbox 1805 3982 3399 4056">
    <p class='ocr_par' dir='ltr' id='par_1_114' title="bbox 1805 3982 3399 4056">
     <span class='ocr_line' id='line_1_115' title="bbox 1805 3982 3399 4056; baseline 0.001 -17"><span class='ocrx_word' id='word_1_862' title='bbox 1805 3982 1899 4040; x_wconf 67' lang='lat' dir='ltr'><strong>Sed</strong></span> <span class='ocrx_word' id='word_1_863' title='bbox 1944 3995 1996 4056; x_wconf 65' lang='lat' dir='ltr'><strong>et</strong></span> <span class='ocrx_word' id='word_1_864' title='bbox 2034 3982 2210 4040; x_wconf 80' lang='lat' dir='ltr'><strong>metus</strong></span> <span class='ocrx_word' id='word_1_865' title='bbox 2243 3982 2406 4056; x_wconf 87' lang='lat' dir='ltr'><strong>divini</strong></span> <span class='ocrx_word' id='word_1_866' title='bbox 2436 3982 2953 4056; x_wconf 71' lang='lat' dir='ltr'><strong>verbiauctoritate,</strong></span> <span class='ocrx_word' id='word_1_867' title='bbox 2988 3986 3111 4054; x_wconf 89' lang='lat' dir='ltr'><strong>quia</strong></span> <span class='ocrx_word' id='word_1_868' title='bbox 3138 3985 3399 4056; x_wconf 90' lang='lat' dir='ltr'><strong>scriptum</strong></span> 
     </span>
    </p>
   </div>
   <div class='ocr_carea' id='block_1_115' title="bbox 1805 4052 3401 4127">
    <p class='ocr_par' dir='ltr' id='par_1_115' title="bbox 1805 4052 3401 4127">
     <span class='ocr_line' id='line_1_116' title="bbox 1805 4052 3401 4127; baseline 0.001 -19"><span class='ocrx_word' id='word_1_869' title='bbox 1805 4064 1924 4112; x_wconf 82' lang='lat' dir='ltr'><strong>est:</strong></span> <span class='ocrx_word' id='word_1_870' title='bbox 1953 4052 2085 4111; x_wconf 87' lang='lat' dir='ltr'><strong>Caro</strong></span> <span class='ocrx_word' id='word_1_871' title='bbox 2115 4072 2217 4110; x_wconf 87' lang='lat' dir='ltr'><strong>non</strong></span> <span class='ocrx_word' id='word_1_872' title='bbox 2249 4055 2454 4125; x_wconf 85' lang='lat' dir='ltr'><strong>prodest</strong></span> <span class='ocrx_word' id='word_1_873' title='bbox 2478 4053 2777 4127; x_wconf 80' lang='lat' dir='ltr'><strong>quidquam,</strong></span> <span class='ocrx_word' id='word_1_874' title='bbox 2810 4052 3039 4127; x_wconf 75' lang='lat' dir='ltr'><strong>Spiritus</strong></span> <span class='ocrx_word' id='word_1_875' title='bbox 3063 4063 3140 4127; x_wconf 82' lang='lat' dir='ltr'><strong>est</strong></span> <span class='ocrx_word' id='word_1_876' title='bbox 3155 4052 3401 4127; x_wconf 55' lang='lat' dir='ltr'><strong>qui&#39;vivi-</strong></span> 
     </span>
    </p>
   </div>
   <div class='ocr_carea' id='block_1_116' title="bbox 1804 4125 3398 4253">
    <p class='ocr_par' dir='ltr' id='par_1_116' title="bbox 1804 4125 3398 4253">
     <span class='ocr_line' id='line_1_117' title="bbox 1804 4125 3398 4253; baseline 0.002 -73"><span class='ocrx_word' id='word_1_877' title='bbox 1804 4128 1926 4253; x_wconf 61' lang='lat' dir='ltr'><strong>{icui</strong></span> <span class='ocrx_word' id='word_1_878' title='bbox 1958 4144 1976 4182; x_wconf 90' lang='lat'><strong><em>:</em></strong></span> <span class='ocrx_word' id='word_1_879' title='bbox 2004 4144 2125 4182; x_wconf 87' lang='lat' dir='ltr'><strong>nam</strong></span> <span class='ocrx_word' id='word_1_880' title='bbox 2156 4126 2380 4197; x_wconf 83' lang='lat' dir='ltr'><strong>Spiritus</strong></span> <span class='ocrx_word' id='word_1_881' title='bbox 2408 4125 2666 4182; x_wconf 86' lang='lat' dir='ltr'><strong>vocabulo</strong></span> <span class='ocrx_word' id='word_1_882' title='bbox 2692 4125 3021 4180; x_wconf 86' lang='lat' dir='ltr'><strong>divinitatem</strong></span> <span class='ocrx_word' id='word_1_883' title='bbox 3049 4126 3118 4179; x_wconf 90' lang='lat' dir='ltr'><strong>ab</strong></span> <span class='ocrx_word' id='word_1_884' title='bbox 3145 4125 3210 4180; x_wconf 85' lang='lat' dir='ltr'><strong>eo</strong></span> <span class='ocrx_word' id='word_1_885' title='bbox 3234 4127 3398 4183; x_wconf 81' lang='lat' dir='ltr'><strong>intel-</strong></span> 
     </span>
     <span class='ocr_line' id='line_1_118' title="bbox 1829 4195 3398 4253; baseline 0.001 -1"><span class='ocrx_word' id='word_1_886' title='bbox 1829 4198 1899 4253; x_wconf 79' lang='lat' dir='ltr'><strong>iui</strong></span> <span class='ocrx_word' id='word_1_887' title='bbox 1929 4199 2125 4253; x_wconf 88' lang='lat' dir='ltr'><strong>solere.</strong></span> <span class='ocrx_word' id='word_1_888' title='bbox 2150 4199 2251 4253; x_wconf 89' lang='lat' dir='ltr'><strong>iam</strong></span> <span class='ocrx_word' id='word_1_889' title='bbox 2280 4196 2475 4253; x_wconf 82' lang='lat' dir='ltr'><strong>saeuius</strong></span> <span class='ocrx_word' id='word_1_890' title='bbox 2500 4205 2582 4250; x_wconf 91' lang='lat' dir='ltr'><strong>est</strong></span> <span class='ocrx_word' id='word_1_891' title='bbox 2607 4197 2977 4251; x_wconf 83' lang='lat' dir='ltr'><strong>observatum.</strong></span> <span class='ocrx_word' id='word_1_892' title='bbox 3002 4195 3274 4253; x_wconf 79' lang='lat' dir='ltr'><strong>Videndus</strong></span> <span class='ocrx_word' id='word_1_893' title='bbox 3296 4196 3398 4253; x_wconf 90' lang='lat' dir='ltr'><strong>Cv-</strong></span> 
     </span>
    </p>
   </div>
   <div class='ocr_carea' id='block_1_117' title="bbox 1829 4195 3401 4269">
    <p class='ocr_par' dir='ltr' id='par_1_117' title="bbox 1829 4195 3401 4269">
     <span class='ocr_line' id='line_1_119' title="bbox 1829 4195 3401 4269; baseline 0.001 -18"><span class='ocrx_word' id='word_1_894' title='bbox 1829 4198 1899 4267; x_wconf 76' lang='lat' dir='ltr'><strong>igi</strong></span> <span class='ocrx_word' id='word_1_895' title='bbox 1929 4199 2125 4266; x_wconf 88' lang='lat' dir='ltr'><strong>solere,</strong></span> <span class='ocrx_word' id='word_1_896' title='bbox 2143 4195 2582 4269; x_wconf 71' lang='lat' dir='ltr'><strong>jamsmpiusest</strong></span> <span class='ocrx_word' id='word_1_897' title='bbox 2607 4197 2977 4269; x_wconf 69' lang='lat' dir='ltr'><strong>observatum.</strong></span> <span class='ocrx_word' id='word_1_898' title='bbox 3002 4195 3274 4269; x_wconf 80' lang='lat' dir='ltr'><strong>Videndus</strong></span> <span class='ocrx_word' id='word_1_899' title='bbox 3296 4196 3401 4269; x_wconf 50' lang='lat' dir='ltr'><strong>Cyg-</strong></span> 
     </span>
    </p>
   </div>
   <div class='ocr_carea' id='block_1_118' title="bbox 1802 4266 3402 4339">
    <p class='ocr_par' dir='ltr' id='par_1_118' title="bbox 1802 4266 3402 4339">
     <span class='ocr_line' id='line_1_120' title="bbox 1802 4266 3402 4339; baseline 0 -14"><span class='ocrx_word' id='word_1_900' title='bbox 1802 4266 1955 4325; x_wconf 85' lang='lat' dir='ltr'><strong>rillus</strong></span> <span class='ocrx_word' id='word_1_901' title='bbox 1984 4266 2397 4334; x_wconf 61' lang='lat' dir='ltr'><strong>Alexandrinus,</strong></span> <span class='ocrx_word' id='word_1_902' title='bbox 2431 4266 2563 4339; x_wconf 77' lang='lat' dir='ltr'><strong>Dial.</strong></span> <span class='ocrx_word' id='word_1_903' title='bbox 2598 4282 2613 4320; x_wconf 91' lang='lat' dir='ltr'><strong>t</strong></span> <span class='ocrx_word' id='word_1_904' title='bbox 2638 4309 2653 4334; x_wconf 89' lang='lat'><strong>,</strong></span> <span class='ocrx_word' id='word_1_905' title='bbox 2682 4266 2749 4321; x_wconf 90' lang='lat' dir='ltr'><strong>de</strong></span> <span class='ocrx_word' id='word_1_906' title='bbox 2774 4267 2994 4331; x_wconf 77' lang='lat' dir='ltr'><strong>&#39;l‘rittit.,</strong></span> <span class='ocrx_word' id='word_1_907' title='bbox 3015 4281 3137 4339; x_wconf 74' lang='lat' dir='ltr'><strong>pag.</strong></span> <span class='ocrx_word' id='word_1_908' title='bbox 3158 4268 3285 4332; x_wconf 67' lang='lat'><strong>407.</strong></span> <span class='ocrx_word' id='word_1_909' title='bbox 3313 4266 3402 4325; x_wconf 80' lang='lat' dir='ltr'><strong>ubi</strong></span> 
     </span>
    </p>
   </div>
   <div class='ocr_carea' id='block_1_119' title="bbox 1802 4338 3397 4409">
    <p class='ocr_par' dir='ltr' id='par_1_119' title="bbox 1802 4338 3397 4409">
     <span class='ocr_line' id='line_1_121' title="bbox 1802 4338 3397 4409; baseline 0 -15"><span class='ocrx_word' id='word_1_910' title='bbox 1802 4355 1901 4396; x_wconf 87' lang='lat' dir='ltr'><strong>nos</strong></span> <span class='ocrx_word' id='word_1_911' title='bbox 1932 4355 2053 4395; x_wconf 90' lang='lat' dir='ltr'><strong>cum</strong></span> <span class='ocrx_word' id='word_1_912' title='bbox 2092 4339 2309 4395; x_wconf 90' lang='lat' dir='ltr'><strong>Christo</strong></span> <span class='ocrx_word' id='word_1_913' title='bbox 2350 4353 2457 4393; x_wconf 91' lang='lat' dir='ltr'><strong>non</strong></span> <span class='ocrx_word' id='word_1_914' title='bbox 2488 4338 2602 4392; x_wconf 87' lang='lat' dir='ltr'><strong>sola</strong></span> <span class='ocrx_word' id='word_1_915' title='bbox 2639 4338 2971 4394; x_wconf 84' lang='lat' dir='ltr'><strong>voluntatum</strong></span> <span class='ocrx_word' id='word_1_916' title='bbox 3002 4340 3359 4395; x_wconf 85' lang='lat' dir='ltr'><strong>consensione</strong></span> <span class='ocrx_word' id='word_1_917' title='bbox 3379 4380 3397 4409; x_wconf 92' lang='lat'><strong>,</strong></span> 
     </span>
    </p>
   </div>
   <div class='ocr_carea' id='block_1_120' title="bbox 1802 4409 3400 4480">
    <p class='ocr_par' dir='ltr' id='par_1_120' title="bbox 1802 4409 3400 4480">
     <span class='ocr_line' id='line_1_122' title="bbox 1802 4409 3400 4480; baseline 0.003 -15"><span class='ocrx_word' id='word_1_918' title='bbox 1802 4411 1897 4466; x_wconf 88' lang='lat' dir='ltr'><strong>sed</strong></span> <span class='ocrx_word' id='word_1_919' title='bbox 1929 4423 2116 4467; x_wconf 83' lang='lat' dir='ltr'><strong>natura</strong></span> <span class='ocrx_word' id='word_1_920' title='bbox 2149 4426 2311 4465; x_wconf 90' lang='lat' dir='ltr'><strong>unum</strong></span> <span class='ocrx_word' id='word_1_921' title='bbox 2340 4423 2460 4467; x_wconf 86' lang='lat' dir='ltr'><strong>esse</strong></span> <span class='ocrx_word' id='word_1_922' title='bbox 2483 4409 2683 4480; x_wconf 90' lang='lat' dir='ltr'><strong>pariter</strong></span> <span class='ocrx_word' id='word_1_923' title='bbox 2709 4410 3028 4467; x_wconf 81' lang='lat' dir='ltr'><strong>ostenditex</strong></span> <span class='ocrx_word' id='word_1_924' title='bbox 3060 4421 3400 4471; x_wconf 85' lang='lat' dir='ltr'><strong>sacramento</strong></span> 
     </span>
    </p>
   </div>
   <div class='ocr_carea' id='block_1_121' title="bbox 1803 4480 2177 4538">
    <p class='ocr_par' dir='ltr' id='par_1_121' title="bbox 1803 4480 2177 4538">
     <span class='ocr_line' id='line_1_123' title="bbox 1803 4480 2177 4538; baseline 0.003 -2"><span class='ocrx_word' id='word_1_925' title='bbox 1803 4480 2177 4538; x_wconf 76' lang='lat' dir='ltr'><strong>Euchztristiuc.</strong></span> 
     </span>
    </p>
   </div>
   <div class='ocr_carea' id='block_1_122' title="bbox 1876 4550 3395 4625">
    <p class='ocr_par' dir='ltr' id='par_1_122' title="bbox 1876 4550 3395 4625">
     <span class='ocr_line' id='line_1_124' title="bbox 1876 4550 3395 4625; baseline 0.003 -18"><span class='ocrx_word' id='word_1_926' title='bbox 1876 4552 1947 4625; x_wconf 85' lang='grc' dir='ltr'><strong>(ε)</strong></span> <span class='ocrx_word' id='word_1_927' title='bbox 1972 4552 2299 4609; x_wconf 80' lang='lat' dir='ltr'><strong>Naturalitcr</strong></span> <span class='ocrx_word' id='word_1_928' title='bbox 2314 4567 2503 4625; x_wconf 85' lang='lat' dir='ltr'><strong>sumus</strong></span> <span class='ocrx_word' id='word_1_929' title='bbox 2527 4551 2579 4608; x_wconf 91' lang='lat' dir='ltr'><strong>in</strong></span> <span class='ocrx_word' id='word_1_930' title='bbox 2602 4550 2838 4619; x_wconf 85' lang='lat' dir='ltr'><strong>Christo,</strong></span> <span class='ocrx_word' id='word_1_931' title='bbox 2863 4558 3129 4623; x_wconf 86' lang='lat' dir='ltr'><strong>quatenus</strong></span> <span class='ocrx_word' id='word_1_932' title='bbox 3158 4560 3395 4611; x_wconf 86' lang='lat' dir='ltr'><strong>nostram</strong></span> 
     </span>
    </p>
   </div>
   <div class='ocr_carea' id='block_1_123' title="bbox 1800 4624 3391 4696">
    <p class='ocr_par' dir='ltr' id='par_1_123' title="bbox 1800 4624 3391 4696">
     <span class='ocr_line' id='line_1_125' title="bbox 1800 4624 3391 4696; baseline 0 -18"><span class='ocrx_word' id='word_1_933' title='bbox 1800 4624 2020 4696; x_wconf 84' lang='lat' dir='ltr'><strong>carnem</strong></span> <span class='ocrx_word' id='word_1_934' title='bbox 2064 4624 2393 4696; x_wconf 62' lang='lat' dir='ltr'><strong>assumpsit,</strong></span> <span class='ocrx_word' id='word_1_935' title='bbox 2444 4633 2504 4679; x_wconf 89' lang='lat' dir='ltr'><strong>ut</strong></span> <span class='ocrx_word' id='word_1_936' title='bbox 2543 4625 2633 4696; x_wconf 85' lang='lat' dir='ltr'><strong>ille</strong></span> <span class='ocrx_word' id='word_1_937' title='bbox 2673 4626 2988 4681; x_wconf 83' lang='lat' dir='ltr'><strong>naturaliter</strong></span> <span class='ocrx_word' id='word_1_938' title='bbox 3021 4626 3160 4683; x_wconf 89' lang='lat' dir='ltr'><strong>inest</strong></span> <span class='ocrx_word' id='word_1_939' title='bbox 3194 4626 3349 4681; x_wconf 90' lang='lat' dir='ltr'><strong>nobis</strong></span> <span class='ocrx_word' id='word_1_940' title='bbox 3374 4665 3391 4695; x_wconf 86' lang='lat'><strong>,</strong></span> 
     </span>
    </p>
   </div>
   <div class='ocr_carea' id='block_1_124' title="bbox 1801 4694 2769 4766">
    <p class='ocr_par' dir='ltr' id='par_1_124' title="bbox 1801 4694 2769 4766">
     <span class='ocr_line' id='line_1_126' title="bbox 1801 4694 2769 4766; baseline 0 -16"><span class='ocrx_word' id='word_1_941' title='bbox 1801 4695 2016 4766; x_wconf 79' lang='lat' dir='ltr'><strong>quando</strong></span> <span class='ocrx_word' id='word_1_942' title='bbox 2040 4694 2263 4752; x_wconf 83' lang='lat' dir='ltr'><strong>carnem</strong></span> <span class='ocrx_word' id='word_1_943' title='bbox 2288 4696 2429 4751; x_wconf 88' lang='lat' dir='ltr'><strong>illius</strong></span> <span class='ocrx_word' id='word_1_944' title='bbox 2460 4694 2769 4766; x_wconf 82' lang='lat' dir='ltr'><strong>accipimus.</strong></span> 
     </span>
    </p>
   </div>
   <div class='ocr_carea' id='block_1_125' title="bbox 1876 4764 3397 4841">
    <p class='ocr_par' dir='ltr' id='par_1_125' title="bbox 1876 4764 3397 4841">
     <span class='ocr_line' id='line_1_127' title="bbox 1876 4764 3397 4841; baseline -0.007 -14"><span class='ocrx_word' id='word_1_945' title='bbox 1876 4766 1944 4841; x_wconf 72' lang='grc' dir='ltr'><strong>(ί)</strong></span> <span class='ocrx_word' id='word_1_946' title='bbox 1977 4768 2217 4841; x_wconf 66' lang='lat' dir='ltr'><strong>Pessime</strong></span> <span class='ocrx_word' id='word_1_947' title='bbox 2260 4766 2398 4838; x_wconf 89' lang='lat' dir='ltr'><strong>apud</strong></span> <span class='ocrx_word' id='word_1_948' title='bbox 2447 4764 2722 4841; x_wconf 28' lang='lat' dir='ltr'><strong>Par.‘quiu</strong></span> <span class='ocrx_word' id='word_1_949' title='bbox 2751 4782 2813 4820; x_wconf 82' lang='lat' dir='ltr'><strong>ea:</strong></span> <span class='ocrx_word' id='word_1_950' title='bbox 2864 4764 3038 4841; x_wconf 66' lang='lat' dir='ltr'><strong>Marja</strong></span> <span class='ocrx_word' id='word_1_951' title='bbox 3064 4780 3083 4819; x_wconf 92' lang='lat'><strong><em>:</em></strong></span> <span class='ocrx_word' id='word_1_952' title='bbox 3112 4779 3232 4820; x_wconf 90' lang='lat' dir='ltr'><strong>cum</strong></span> <span class='ocrx_word' id='word_1_953' title='bbox 3265 4765 3397 4821; x_wconf 82' lang='lat' dir='ltr'><strong>sub-</strong></span> 
     </span>
    </p>
   </div>
   <div class='ocr_carea' id='block_1_126' title="bbox 1799 4835 3399 4902">
    <p class='ocr_par' dir='ltr' id='par_1_126' title="bbox 1799 4835 3399 4902">
     <span class='ocr_line' id='line_1_128' title="bbox 1799 4835 3399 4902; baseline -0.001 -8"><span class='ocrx_word' id='word_1_954' title='bbox 1799 4835 1936 4894; x_wconf 73' lang='lat' dir='ltr'><strong>inde</strong></span> <span class='ocrx_word' id='word_1_955' title='bbox 1962 4841 2021 4895; x_wconf 85' lang='grc' dir='ltr'><strong>τὸ</strong></span> <span class='ocrx_word' id='word_1_956' title='bbox 2049 4837 2282 4895; x_wconf 80' lang='lat' dir='ltr'><strong>Christus</strong></span> <span class='ocrx_word' id='word_1_957' title='bbox 2297 4835 2385 4893; x_wconf 70' lang='grc' dir='ltr'><strong>ἐει</strong></span> <span class='ocrx_word' id='word_1_958' title='bbox 2410 4880 2423 4902; x_wconf 85' lang='lat'><strong>,</strong></span> <span class='ocrx_word' id='word_1_959' title='bbox 2476 4835 2621 4892; x_wconf 86' lang='lat' dir='ltr'><strong>idem</strong></span> <span class='ocrx_word' id='word_1_960' title='bbox 2648 4846 2803 4892; x_wconf 88' lang='lat' dir='ltr'><strong>sonet</strong></span> <span class='ocrx_word' id='word_1_961' title='bbox 2852 4851 2916 4890; x_wconf 87' lang='lat' dir='ltr'><strong>ac</strong></span> <span class='ocrx_word' id='word_1_962' title='bbox 2954 4835 3093 4890; x_wconf 85' lang='lat' dir='ltr'><strong>Deus</strong></span> <span class='ocrx_word' id='word_1_963' title='bbox 3116 4847 3213 4899; x_wconf 81' lang='lat' dir='ltr'><strong>est,</strong></span> <span class='ocrx_word' id='word_1_964' title='bbox 3248 4847 3302 4891; x_wconf 90' lang='lat' dir='ltr'><strong>ut</strong></span> <span class='ocrx_word' id='word_1_965' title='bbox 3332 4853 3399 4893; x_wconf 78' lang='lat' dir='ltr'><strong>cx</strong></span> 
     </span>
    </p>
   </div>
   <div class='ocr_carea' id='block_1_127' title="bbox 1801 4905 3396 4980">
    <p class='ocr_par' dir='ltr' id='par_1_127' title="bbox 1801 4905 3396 4980">
     <span class='ocr_line' id='line_1_129' title="bbox 1801 4905 3396 4980; baseline -0.003 -15"><span class='ocrx_word' id='word_1_966' title='bbox 1801 4912 1917 4966; x_wconf 89' lang='lat' dir='ltr'><strong>his:</strong></span> <span class='ocrx_word' id='word_1_967' title='bbox 1944 4911 2002 4967; x_wconf 88' lang='lat' dir='ltr'><strong>Si</strong></span> <span class='ocrx_word' id='word_1_968' title='bbox 2031 4911 2182 4965; x_wconf 84' lang='lat' dir='ltr'><strong>homo</strong></span> <span class='ocrx_word' id='word_1_969' title='bbox 2205 4912 2312 4974; x_wconf 86' lang='lat' dir='ltr'><strong>ille,</strong></span> <span class='ocrx_word' id='word_1_970' title='bbox 2337 4910 2420 4980; x_wconf 85' lang='lat' dir='ltr'><strong>qui</strong></span> <span class='ocrx_word' id='word_1_971' title='bbox 2445 4925 2507 4963; x_wconf 73' lang='lat' dir='ltr'><strong>ea:</strong></span> <span class='ocrx_word' id='word_1_972' title='bbox 2531 4908 2703 4963; x_wconf 79' lang='lat' dir='ltr'><strong>Maria</strong></span> <span class='ocrx_word' id='word_1_973' title='bbox 2726 4918 2876 4962; x_wconf 85' lang='lat' dir='ltr'><strong>natus</strong></span> <span class='ocrx_word' id='word_1_974' title='bbox 2888 4918 2983 4975; x_wconf 88' lang='lat' dir='ltr'><strong>est,</strong></span> <span class='ocrx_word' id='word_1_975' title='bbox 3007 4921 3120 4962; x_wconf 75' lang='lat' dir='ltr'><strong>vere</strong></span> <span class='ocrx_word' id='word_1_976' title='bbox 3141 4905 3281 4963; x_wconf 86' lang='lat' dir='ltr'><strong>Deus</strong></span> <span class='ocrx_word' id='word_1_977' title='bbox 3304 4918 3396 4977; x_wconf 80' lang='lat' dir='ltr'><strong>est,</strong></span> 
     </span>
    </p>
   </div>
   <div class='ocr_carea' id='block_1_128' title="bbox 1800 4981 2645 5039">
    <p class='ocr_par' dir='ltr' id='par_1_128' title="bbox 1800 4981 2645 5039">
     <span class='ocr_line' id='line_1_130' title="bbox 1800 4981 2645 5039; baseline -0.007 0"><span class='ocrx_word' id='word_1_978' title='bbox 1800 4992 2055 5039; x_wconf 81' lang='lat' dir='ltr'><strong>sentiatur</strong></span> <span class='ocrx_word' id='word_1_979' title='bbox 2086 4984 2295 5037; x_wconf 83' lang='lat' dir='ltr'><strong>l’atrem</strong></span> <span class='ocrx_word' id='word_1_980' title='bbox 2328 4994 2447 5035; x_wconf 88' lang='lat' dir='ltr'><strong>esse</strong></span> <span class='ocrx_word' id='word_1_981' title='bbox 2478 4981 2531 5033; x_wconf 91' lang='lat' dir='ltr'><strong>in</strong></span> <span class='ocrx_word' id='word_1_982' title='bbox 2560 4994 2645 5034; x_wconf 91' lang='lat' dir='ltr'><strong>eo.</strong></span> 
     </span>
    </p>
   </div>
   <div class='ocr_carea' id='block_1_129' title="bbox 1862 5000 3403 5126">
    <p class='ocr_par' dir='ltr' id='par_1_129' title="bbox 1862 5000 3403 5126">
     <span class='ocr_line' id='line_1_131' title="bbox 1902 5000 2645 5037; baseline -0.001 -3"><span class='ocrx_word' id='word_1_983' title='bbox 1902 5000 2055 5035; x_wconf 75' lang='lat' dir='ltr'><strong>liallll&#39;</strong></span> <span class='ocrx_word' id='word_1_984' title='bbox 2086 5000 2295 5037; x_wconf 77' lang='lat' dir='ltr'><strong>l&#39;all‘enl</strong></span> <span class='ocrx_word' id='word_1_985' title='bbox 2328 5000 2447 5035; x_wconf 81' lang='lat' dir='ltr'><strong>esse</strong></span> <span class='ocrx_word' id='word_1_986' title='bbox 2479 5000 2531 5033; x_wconf 84' lang='lat' dir='ltr'><strong>Ill</strong></span> <span class='ocrx_word' id='word_1_987' title='bbox 2560 5000 2645 5034; x_wconf 71' lang='lat'><strong>80.</strong></span> 
     </span>
     <span class='ocr_line' id='line_1_132' title="bbox 1862 5000 3403 5126; baseline 0 -18"><span class='ocrx_word' id='word_1_988' title='bbox 1862 5000 1956 5126; x_wconf 42' lang='grc' dir='ltr'><strong>Ἔα)</strong></span> <span class='ocrx_word' id='word_1_989' title='bbox 1991 5053 2046 5126; x_wconf 87' lang='lat' dir='ltr'><strong>Id</strong></span> <span class='ocrx_word' id='word_1_990' title='bbox 2074 5064 2178 5120; x_wconf 90' lang='lat' dir='ltr'><strong>est,</strong></span> <span class='ocrx_word' id='word_1_991' title='bbox 2208 5054 2308 5108; x_wconf 88' lang='lat' dir='ltr'><strong>sub</strong></span> <span class='ocrx_word' id='word_1_992' title='bbox 2335 5050 2575 5126; x_wconf 69' lang='lat' dir='ltr'><strong>mysticis</strong></span> <span class='ocrx_word' id='word_1_993' title='bbox 2604 5047 3164 5126; x_wconf 75' lang='lat' dir='ltr'><strong>speciebusvelatam.</strong></span> <span class='ocrx_word' id='word_1_994' title='bbox 3207 5046 3403 5126; x_wconf 83' lang='lat' dir='ltr'><strong>Nescio</strong></span> 
     </span>
    </p>
   </div>
   <div class='ocr_carea' id='block_1_130' title="bbox 1803 5119 3399 5195">
    <p class='ocr_par' dir='ltr' id='par_1_130' title="bbox 1803 5119 3399 5195">
     <span class='ocr_line' id='line_1_133' title="bbox 1803 5119 3399 5195; baseline 0.002 -19"><span class='ocrx_word' id='word_1_995' title='bbox 1803 5119 2074 5193; x_wconf 67' lang='lat' dir='ltr'><strong>qtio&#39;modo</strong></span> <span class='ocrx_word' id='word_1_996' title='bbox 2104 5139 2162 5177; x_wconf 84' lang='lat' dir='ltr'><strong>se</strong></span> <span class='ocrx_word' id='word_1_997' title='bbox 2192 5131 2341 5195; x_wconf 80' lang='lat' dir='ltr'><strong>putet</strong></span> <span class='ocrx_word' id='word_1_998' title='bbox 2371 5119 2647 5195; x_wconf 60' lang='lat' dir='ltr'><strong>Scultetus</strong></span> <span class='ocrx_word' id='word_1_999' title='bbox 2683 5120 2768 5175; x_wconf 90' lang='lat' dir='ltr'><strong>his</strong></span> <span class='ocrx_word' id='word_1_1000' title='bbox 2792 5121 2971 5176; x_wconf 87' lang='lat' dir='ltr'><strong>verbis</strong></span> <span class='ocrx_word' id='word_1_1001' title='bbox 3016 5120 3244 5195; x_wconf 79' lang='lat' dir='ltr'><strong>elusisse</strong></span> <span class='ocrx_word' id='word_1_1002' title='bbox 3272 5123 3399 5195; x_wconf 75' lang='lat' dir='ltr'><strong>vim</strong></span> 
     </span>
    </p>
   </div>
   <div class='ocr_carea' id='block_1_131' title="bbox 1803 5188 3398 5264">
    <p class='ocr_par' dir='ltr' id='par_1_131' title="bbox 1803 5188 3398 5264">
     <span class='ocr_line' id='line_1_134' title="bbox 1803 5188 3398 5264; baseline -0.001 -15"><span class='ocrx_word' id='word_1_1003' title='bbox 1803 5188 2142 5264; x_wconf 77' lang='lat' dir='ltr'><strong>superiorum</strong></span> <span class='ocrx_word' id='word_1_1004' title='bbox 2169 5188 2210 5264; x_wconf 50' lang='grc' dir='ltr'><strong>,ί</strong></span> <span class='ocrx_word' id='word_1_1005' title='bbox 2243 5192 2369 5247; x_wconf 83' lang='lat' dir='ltr'><strong>Vere</strong></span> <span class='ocrx_word' id='word_1_1006' title='bbox 2396 5207 2487 5264; x_wconf 81' lang='lat' dir='ltr'><strong>nos</strong></span> <span class='ocrx_word' id='word_1_1007' title='bbox 2521 5188 2743 5264; x_wconf 56' lang='lat' dir='ltr'><strong>Verbum</strong></span> <span class='ocrx_word' id='word_1_1008' title='bbox 2775 5207 2981 5247; x_wconf 83' lang='lat' dir='ltr'><strong>carnem</strong></span> <span class='ocrx_word' id='word_1_1009' title='bbox 3006 5191 3116 5264; x_wconf 71' lang='lat' dir='ltr'><strong>cibo</strong></span> <span class='ocrx_word' id='word_1_1010' title='bbox 3143 5193 3398 5264; x_wconf 81' lang='lat' dir='ltr'><strong>dominico</strong></span> 
     </span>
    </p>
   </div>
   <div class='ocr_carea' id='block_1_132' title="bbox 1803 5261 3403 5333">
    <p class='ocr_par' dir='ltr' id='par_1_132' title="bbox 1803 5261 3403 5333">
     <span class='ocr_line' id='line_1_135' title="bbox 1803 5261 3403 5333; baseline 0.001 -14"><span class='ocrx_word' id='word_1_1011' title='bbox 1803 5261 2057 5319; x_wconf 72' lang='lat' dir='ltr'><strong>sutninus.</strong></span> <span class='ocrx_word' id='word_1_1012' title='bbox 2081 5263 2216 5332; x_wconf 77' lang='lat' dir='ltr'><strong>Quid</strong></span> <span class='ocrx_word' id='word_1_1013' title='bbox 2246 5264 2386 5317; x_wconf 89' lang='lat' dir='ltr'><strong>enim</strong></span> <span class='ocrx_word' id='word_1_1014' title='bbox 2415 5261 2546 5317; x_wconf 87' lang='lat' dir='ltr'><strong>illud</strong></span> <span class='ocrx_word' id='word_1_1015' title='bbox 2578 5262 2669 5316; x_wconf 88' lang='lat' dir='ltr'><strong>sub</strong></span> <span class='ocrx_word' id='word_1_1016' title='bbox 2698 5264 2938 5333; x_wconf 71' lang='lat' dir='ltr'><strong>mysterio</strong></span> <span class='ocrx_word' id='word_1_1017' title='bbox 2959 5263 3278 5318; x_wconf 80' lang='lat' dir='ltr'><strong>adversatur</strong></span> <span class='ocrx_word' id='word_1_1018' title='bbox 3300 5262 3403 5320; x_wconf 89' lang='lat' dir='ltr'><strong>Ec-</strong></span> 
     </span>
    </p>
   </div>
   <div class='ocr_carea' id='block_1_133' title="bbox 1803 5334 3402 5406">
    <p class='ocr_par' dir='ltr' id='par_1_133' title="bbox 1803 5334 3402 5406">
     <span class='ocr_line' id='line_1_136' title="bbox 1803 5334 3402 5406; baseline -0.001 -15"><span class='ocrx_word' id='word_1_1019' title='bbox 1803 5335 2003 5398; x_wconf 69' lang='lat' dir='ltr'><strong>Clesitu,</strong></span> <span class='ocrx_word' id='word_1_1020' title='bbox 2036 5352 2156 5406; x_wconf 80' lang='lat' dir='ltr'><strong>qua:</strong></span> <span class='ocrx_word' id='word_1_1021' title='bbox 2189 5349 2312 5388; x_wconf 88' lang='lat' dir='ltr'><strong>num</strong></span> <span class='ocrx_word' id='word_1_1022' title='bbox 2338 5346 2476 5401; x_wconf 69' lang='lat' dir='ltr'><strong>mam</strong></span> <span class='ocrx_word' id='word_1_1023' title='bbox 2523 5334 2728 5406; x_wconf 71' lang='lat' dir='ltr'><strong>iuliae</strong></span> <span class='ocrx_word' id='word_1_1024' title='bbox 2755 5342 3097 5390; x_wconf 83' lang='lat' dir='ltr'><strong>sacramento</strong></span> <span class='ocrx_word' id='word_1_1025' title='bbox 3145 5335 3402 5390; x_wconf 76' lang='lat' dir='ltr'><strong>manifes-</strong></span> 
     </span>
    </p>
   </div>
   <div class='ocr_carea' id='block_1_134' title="bbox 1805 5402 3405 5474">
    <p class='ocr_par' dir='ltr' id='par_1_134' title="bbox 1805 5402 3405 5474">
     <span class='ocr_line' id='line_1_137' title="bbox 1805 5402 3405 5474; baseline 0 -12"><span class='ocrx_word' id='word_1_1026' title='bbox 1805 5417 1912 5463; x_wconf 86' lang='lat' dir='ltr'><strong>tam</strong></span> <span class='ocrx_word' id='word_1_1027' title='bbox 1941 5402 2139 5462; x_wconf 57' lang='lat' dir='ltr'><strong>Christi</strong></span> <span class='ocrx_word' id='word_1_1028' title='bbox 2167 5410 2390 5474; x_wconf 84' lang='lat' dir='ltr'><strong>carnem</strong></span> <span class='ocrx_word' id='word_1_1029' title='bbox 2409 5402 2673 5459; x_wconf 88' lang='lat' dir='ltr'><strong>credidit?</strong></span> <span class='ocrx_word' id='word_1_1030' title='bbox 2700 5405 2836 5472; x_wconf 81' lang='lat' dir='ltr'><strong>Quid</strong></span> <span class='ocrx_word' id='word_1_1031' title='bbox 2870 5421 2995 5461; x_wconf 88' lang='lat' dir='ltr'><strong>vero</strong></span> <span class='ocrx_word' id='word_1_1032' title='bbox 3018 5407 3173 5474; x_wconf 86' lang='lat' dir='ltr'><strong>juvat</strong></span> <span class='ocrx_word' id='word_1_1033' title='bbox 3197 5406 3405 5462; x_wconf 83' lang='lat' dir='ltr'><strong>Sculte—</strong></span> 
     </span>
    </p>
   </div>
   <div class='ocr_carea' id='block_1_135' title="bbox 1811 5472 3409 5547">
    <p class='ocr_par' dir='ltr' id='par_1_135' title="bbox 1811 5472 3409 5547">
     <span class='ocr_line' id='line_1_138' title="bbox 1811 5472 3409 5547; baseline 0.001 -15"><span class='ocrx_word' id='word_1_1034' title='bbox 1811 5486 1947 5544; x_wconf 86' lang='lat' dir='ltr'><strong>tum,</strong></span> <span class='ocrx_word' id='word_1_1035' title='bbox 1982 5477 2123 5547; x_wconf 76' lang='lat' dir='ltr'><strong>quod</strong></span> <span class='ocrx_word' id='word_1_1036' title='bbox 2149 5479 2219 5530; x_wconf 86' lang='lat' dir='ltr'><strong>ita</strong></span> <span class='ocrx_word' id='word_1_1037' title='bbox 2249 5472 2571 5547; x_wconf 59' lang='lat' dir='ltr'><strong>praedicatur</strong></span> <span class='ocrx_word' id='word_1_1038' title='bbox 2601 5475 2693 5529; x_wconf 86' lang='lat' dir='ltr'><strong>sub</strong></span> <span class='ocrx_word' id='word_1_1039' title='bbox 2725 5477 2984 5546; x_wconf 86' lang='lat' dir='ltr'><strong>mysterio,</strong></span> <span class='ocrx_word' id='word_1_1040' title='bbox 3014 5472 3271 5532; x_wconf 74' lang='lat' dir='ltr'><strong>tutamen</strong></span> <span class='ocrx_word' id='word_1_1041' title='bbox 3294 5493 3409 5535; x_wconf 83' lang='lat' dir='ltr'><strong>vere</strong></span> 
     </span>
    </p>
   </div>
   <div class='ocr_carea' id='block_1_136' title="bbox 1815 5544 3404 5615">
    <p class='ocr_par' dir='ltr' id='par_1_136' title="bbox 1815 5544 3404 5615">
     <span class='ocr_line' id='line_1_139' title="bbox 1815 5544 3404 5615; baseline -0.001 -10"><span class='ocrx_word' id='word_1_1042' title='bbox 1815 5544 2020 5605; x_wconf 74' lang='lat' dir='ltr'><strong>carnem</strong></span> <span class='ocrx_word' id='word_1_1043' title='bbox 2060 5544 2289 5615; x_wconf 79' lang='lat' dir='ltr'><strong>corporis</strong></span> <span class='ocrx_word' id='word_1_1044' title='bbox 2318 5544 2514 5599; x_wconf 71' lang='lat' dir='ltr'><strong>Christi</strong></span> <span class='ocrx_word' id='word_1_1045' title='bbox 2546 5544 2858 5604; x_wconf 80' lang='lat' dir='ltr'><strong>sumamus?</strong></span> <span class='ocrx_word' id='word_1_1046' title='bbox 2898 5548 3034 5613; x_wconf 79' lang='lat' dir='ltr'><strong>Quid</strong></span> <span class='ocrx_word' id='word_1_1047' title='bbox 3065 5557 3148 5603; x_wconf 83' lang='lat' dir='ltr'><strong>est</strong></span> <span class='ocrx_word' id='word_1_1048' title='bbox 3175 5565 3271 5604; x_wconf 83' lang='lat' dir='ltr'><strong>cur</strong></span> <span class='ocrx_word' id='word_1_1049' title='bbox 3298 5559 3404 5603; x_wconf 88' lang='lat' dir='ltr'><strong>tam</strong></span> 
     </span>
    </p>
   </div>
   <div class='ocr_carea' id='block_1_137' title="bbox 1816 5617 3406 5685">
    <p class='ocr_par' dir='ltr' id='par_1_137' title="bbox 1816 5617 3406 5685">
     <span class='ocr_line' id='line_1_140' title="bbox 1816 5617 3406 5685; baseline -0.002 -7"><span class='ocrx_word' id='word_1_1050' title='bbox 1816 5622 2039 5678; x_wconf 79' lang='lat' dir='ltr'><strong>sollicite</strong></span> <span class='ocrx_word' id='word_1_1051' title='bbox 2074 5619 2309 5674; x_wconf 86' lang='lat' dir='ltr'><strong>Hilarius</strong></span> <span class='ocrx_word' id='word_1_1052' title='bbox 2336 5632 2518 5685; x_wconf 62' lang='lat' dir='ltr'><strong>supra,</strong></span> <span class='ocrx_word' id='word_1_1053' title='bbox 2547 5618 2654 5685; x_wconf 90' lang='lat' dir='ltr'><strong>hic,</strong></span> <span class='ocrx_word' id='word_1_1054' title='bbox 2688 5617 2822 5673; x_wconf 82' lang='lat' dir='ltr'><strong>infra</strong></span> <span class='ocrx_word' id='word_1_1055' title='bbox 2848 5619 2976 5673; x_wconf 88' lang='lat' dir='ltr'><strong>illud</strong></span> <span class='ocrx_word' id='word_1_1056' title='bbox 3001 5635 3113 5674; x_wconf 83' lang='lat' dir='ltr'><strong>vere</strong></span> <span class='ocrx_word' id='word_1_1057' title='bbox 3142 5619 3406 5676; x_wconf 78' lang='lat' dir='ltr'><strong>inculcat?</strong></span> 
     </span>
    </p>
   </div>
   <div class='ocr_carea' id='block_1_138' title="bbox 1889 5686 3408 5761">
    <p class='ocr_par' dir='ltr' id='par_1_138' title="bbox 1889 5686 3408 5761">
     <span class='ocr_line' id='line_1_141' title="bbox 1889 5686 3408 5761; baseline 0.001 -16"><span class='ocrx_word' id='word_1_1058' title='bbox 1889 5690 1973 5759; x_wconf 83' lang='lat' dir='ltr'><strong>(Ii)</strong></span> <span class='ocrx_word' id='word_1_1059' title='bbox 1999 5690 2123 5746; x_wconf 67' lang='lat' dir='ltr'><strong>Haec</strong></span> <span class='ocrx_word' id='word_1_1060' title='bbox 2154 5689 2388 5761; x_wconf 72' lang='lat' dir='ltr'><strong>pressius</strong></span> <span class='ocrx_word' id='word_1_1061' title='bbox 2414 5686 2555 5761; x_wconf 77' lang='lat' dir='ltr'><strong>dicta</strong></span> <span class='ocrx_word' id='word_1_1062' title='bbox 2578 5691 2655 5743; x_wconf 77' lang='lat' dir='ltr'><strong>sit:</strong></span> <span class='ocrx_word' id='word_1_1063' title='bbox 2684 5689 2808 5746; x_wconf 85' lang='lat' dir='ltr'><strong>licet</strong></span> <span class='ocrx_word' id='word_1_1064' title='bbox 2836 5690 3108 5761; x_wconf 68' lang='lat' dir='ltr'><strong>esplicare</strong></span> <span class='ocrx_word' id='word_1_1065' title='bbox 3134 5711 3147 5747; x_wconf 85' lang='lat'><strong>:</strong></span> <span class='ocrx_word' id='word_1_1066' title='bbox 3171 5707 3290 5747; x_wconf 91' lang='lat' dir='ltr'><strong>cum</strong></span> <span class='ocrx_word' id='word_1_1067' title='bbox 3320 5708 3408 5746; x_wconf 81' lang='lat' dir='ltr'><strong>rui-</strong></span> 
     </span>
    </p>
   </div>
   <div class='ocr_carea' id='block_1_139' title="bbox 1816 5760 3409 5834">
    <p class='ocr_par' dir='ltr' id='par_1_139' title="bbox 1816 5760 3409 5834">
     <span class='ocr_line' id='line_1_142' title="bbox 1816 5760 3409 5834; baseline 0 -17"><span class='ocrx_word' id='word_1_1068' title='bbox 1816 5763 2005 5819; x_wconf 85' lang='lat' dir='ltr'><strong>turalls</strong></span> <span class='ocrx_word' id='word_1_1069' title='bbox 2034 5760 2336 5834; x_wconf 84' lang='lat' dir='ltr'><strong>proprietas</strong></span> <span class='ocrx_word' id='word_1_1070' title='bbox 2358 5760 2536 5815; x_wconf 84' lang='lat' dir='ltr'><strong>carnis</strong></span> <span class='ocrx_word' id='word_1_1071' title='bbox 2556 5765 2669 5818; x_wconf 91' lang='lat' dir='ltr'><strong>tum</strong></span> <span class='ocrx_word' id='word_1_1072' title='bbox 2691 5776 2722 5818; x_wconf 90' lang='lat' dir='ltr'><strong>a</strong></span> <span class='ocrx_word' id='word_1_1073' title='bbox 2749 5760 3190 5834; x_wconf 33' lang='lat' dir='ltr'><strong>nobis’susceptae</strong></span> <span class='ocrx_word' id='word_1_1074' title='bbox 3220 5777 3315 5833; x_wconf 90' lang='lat' dir='ltr'><strong>per</strong></span> <span class='ocrx_word' id='word_1_1075' title='bbox 3331 5776 3409 5818; x_wconf 86' lang='lat' dir='ltr'><strong>sa-</strong></span> 
     </span>
    </p>
   </div>
  </div>
