3930 6194
484 219 588 277 247

1683 210 1928 269 SANCTI
1965 209 2224 269 HILARII
2260 208 2572 269 EPISCOPI

3654 215 3753 275 Eis

486 332 873 409 pimus—Non
901 342 986 391 est
1003 334 1238 390 humano
1267 340 1359 387 aut
1383 328 1568 387 saeculi
1593 343 1755 386 sensu
1784 329 1836 385 in
1868 329 1963 384 Dei
1994 344 2085 385 re-
2111 328 2167 390 Α
2190 328 2347 400 etc.).
2376 328 2434 386 Si
2478 329 2768 387 voluntatis
2798 336 3002 386 tantum
3034 330 3295 387 unitatem
3326 329 3548 401 intelligi
3576 331 3752 390 vellet:

484 429 591 486 bus
612 428 937 501 loquendum
963 426 1060 498 (V.
1086 427 1173 481 lib.
1198 442 1271 491 tv,
1301 443 1359 480 u.
1391 423 1483 495 M)
1512 438 1722 494 :neque
1743 422 1820 498 (α)
1848 438 1944 495 per
1968 422 2088 480 vio-

486 523 688 580 lentam
734 519 818 590 (1)
847 527 1007 590 atque
1034 518 1435 590 imprudentem
1467 516 1944 588 praedicationem;
1975 530 2088 573 ca:-

487 616 705 673 lestium
736 614 1003 673 dictorum
1033 611 1270 679 sanitati,
1301 612 1493 667 alienas
1518 619 1682 681 atque
1711 610 1891 680 impiae
1930 608 2089 664 intel-

486 706 721 779 ligentiae
748 704 1117 776 extorquenda
1142 703 1219 779 (b)
1251 704 1584 775 perversitas
1604 714 1708 759 est.
1737 702 1869 772 Quae
1889 702 2087 772 scripta

485 808 616 854 sunt
640 799 901 868 legamus,
929 808 983 854 et
1007 813 1125 869 quae
1152 796 1442 870 legerimus
1470 797 1871 868 intelligamus:
1899 805 1953 851 et
1975 805 2088 851 tum

485 891 744 965 perfectae
768 891 894 947 ﬁdei
923 891 1106 947 ofﬁcio
1145 892 1452 963 fungemur.
1488 892 1562 947 De
1599 891 1831 946 naturali
1858 889 2002 946 enim
2034 890 2088 945 in

487 987 646 1043 nobis
673 984 875 1041 Christi
899 984 1128 1041 veritate
1166 1000 1287 1055 quae
1307 984 1558 1051 dicimus,
1583 984 1684 1039 nisi
1719 983 1789 1039 ab
1813 997 1880 1039 eo
1901 981 2090 1037 didici-

486 1094 633 1147 mus,
663 1078 828 1134 stulte
859 1086 1018 1148 atque
1044 1076 1208 1148 impie
1228 1075 1479 1132 dicimus.
1519 1076 1637 1147 Ipse
1661 1075 1802 1131 enim
1834 1075 1929 1143 ait,
1955 1072 2089 1130 Caro

487 1187 601 1226 mea
629 1186 745 1226 vere
790 1178 863 1225 est
897 1186 1032 1237 esca,
1058 1178 1106 1225 et
1134 1172 1346 1239 sanguis
1373 1186 1515 1225 meus
1543 1186 1657 1224 vere
1683 1179 1757 1225 est
1784 1179 1955 1242 potus.
1989 1167 2090 1235 Qui

487 1264 594 1318 edit
634 1279 840 1318 carnem
869 1279 1038 1318 meam
1060 1305 1075 1329 ,
1116 1272 1164 1318 et
1193 1262 1317 1316 bibit
1344 1262 1648 1334 sanguinem
1679 1278 1849 1316 meum
1868 1303 1883 1326 ,
1931 1261 1987 1315 iu
2010 1244 2091 1314 ine

487 1365 681 1423 manet,
724 1364 773 1410 et
811 1371 906 1426 ego
950 1356 1005 1409 in
1047 1371 1106 1409 eo
1133 1353 1312 1426 (Joan.
1347 1371 1420 1423 vr,
1464 1354 1561 1421 56,
1615 1355 1730 1424 57).
1765 1356 1840 1411 De
1860 1356 2093 1410 veritate

489 1448 674 1503 carnis
699 1455 755 1502 et
780 1447 1059 1518 sanguinis
1085 1463 1193 1503 non
1220 1446 1447 1503 relictus
1470 1455 1558 1503 est
1585 1447 1890 1519 ambigendi
1917 1447 2089 1506 locus.

485 1536 644 1595 Nunc
668 1538 812 1594 enim
844 1546 901 1593 et
928 1537 998 1611 (ε)
1021 1538 1193 1608 ipsius
1238 1538 1449 1593 Domini
1491 1538 1830 1608 professione
1851 1581 1866 1608 ,
1905 1548 1960 1595 et
1987 1539 2093 1596 ﬁde

487 1639 673 1688 nostra
695 1647 826 1688 vere
848 1646 978 1688 caro
1002 1641 1108 1699 est,
1136 1640 1192 1688 et
1220 1648 1348 1689 vere
1376 1633 1597 1705 sanguis
1631 1643 1735 1691 est.
1769 1634 1835 1691 Et
1862 1635 1977 1692 haec
2002 1651 2093 1692 ac-

2187 435 2285 477 cur
2307 421 2529 492 gradum
2566 420 2856 493 quemdam
2884 431 3047 494 atque
3072 422 3318 480 ordinem
3342 425 3756 483 consummantia

2189 514 2408 570 unitatis
2433 516 2685 586 exposuit
2712 535 2725 569 :
2756 515 2858 572 nisi
2883 524 2941 571 ut
2965 532 3087 572 cum
3123 516 3214 573 ille
3237 515 3293 572 in
3314 515 3477 573 Patre
3506 532 3598 587 per
3612 528 3754 575 natu-

2191 625 2305 665 ram
2333 609 2627 665 divinitatis
2651 619 2824 675 esset;
2851 624 2951 665 nos
2969 618 3158 666 contra
3185 610 3239 664 in
3270 624 3340 665 co
3370 626 3466 681 per
3485 609 3557 684 (e)
3585 625 3758 683 corpo-

2189 703 2357 760 ralem
2389 702 2507 773 ejus
2551 703 2908 768 nativitatem,
2939 712 2994 758 et
3023 702 3115 759 ille
3155 716 3389 758 rursum.
3423 703 3478 757 in
3504 705 3649 759 nobis
3674 719 3761 776 per

2190 803 2653 853 sacramentorum
2683 797 2860 852 inesse
2890 797 3209 868 mysterium
3225 795 3545 852 crederetur
3572 815 3585 852 :
3611 812 3672 852 ac
3691 799 3762 855 sic

2190 886 2429 962 perfecta
2450 903 2547 958 per
2576 887 2922 944 Mediatorem
2946 889 3129 944 unitas
3150 887 3455 955 doceretur,
3481 903 3599 945 cum
3622 890 3765 947 nobis

2164 981 2245 1037 ~in
2268 996 2328 1038 se
2357 981 2699 1037 manentibus
2727 981 2843 1051 ipse
2884 989 3130 1036 maneret
3149 982 3203 1035 in
3226 979 3386 1036 Patre
3406 1021 3422 1046 ,
3465 989 3521 1036 et
3541 981 3594 1036 in
3617 981 3764 1039 Patre

2192 1091 2419 1133 manens
2447 1084 2694 1132 maneret
2722 1075 2776 1131 in
2810 1075 3000 1141 nobis;
3033 1083 3090 1131 et
3123 1075 3194 1130 ita
3224 1074 3291 1130 ad
3319 1076 3580 1132 unitatem
3604 1075 3765 1132 Patris

2190 1169 2608 1242 proﬁceremus,
2638 1168 2706 1243 (μ’)
2720 1184 2842 1225 cum
2868 1170 2958 1241 qui
2978 1169 3030 1224 in
3058 1184 3125 1226 eo
3151 1169 3470 1226 naturaliter
3490 1170 3765 1226 secundum

2192 1262 2527 1319 nativitatem
2558 1263 2720 1330 inest,
2748 1277 2850 1319 nos
2874 1278 3092 1335 quoque
3119 1264 3172 1319 in
3198 1278 3265 1320 eo
3295 1263 3614 1321 naturaliter
3639 1264 3770 1323 ines-

2192 1372 2397 1421 semus,
2430 1358 2548 1427 ipso
2576 1358 2632 1413 in
2658 1357 2810 1413 nobis
2840 1356 3161 1414 naturaliter
3182 1359 3577 1427 permanente?

2267 1452 2356 1509 16.
2395 1450 2580 1508 Unitas
2609 1452 2719 1508 hinc
2755 1468 2910 1523 quant
2949 1453 3224 1510 naturalis.
3276 1451 3463 1509 Unitas
3508 1450 3629 1506 Filii
3667 1467 3772 1506 cum

2197 1544 2376 1601 Patre.
2404 1576 2478 1589 -—
2504 1544 2676 1613 Quam
2695 1554 2873 1599 autem
2898 1544 3155 1600 naturalis
3181 1545 3236 1600 in
3277 1544 3436 1600 nobis
3468 1544 3584 1600 btrc
3614 1543 3773 1599 unitas

2194 1638 2283 1705 sit,
2312 1638 2426 1709 ipse
2469 1638 2541 1693 ita
2583 1644 2813 1694 testatus
2839 1646 2925 1693 est
2950 1655 2966 1694 :
2996 1637 3098 1704 Qui
3129 1636 3231 1692 edit
3274 1653 3485 1693 carnem
3521 1652 3712 1703 nteant,
3734 1644 3776 1691 et

485 1736 641 1796 cepta
686 1735 848 1798 atque
876 1727 1064 1782 hausta
1095 1726 1148 1782 id
1176 1726 1419 1783 efﬁciunt
1443 1770 1457 1793 ,
1508 1727 1675 1801 224
1710 1738 1767 1784 ut
1795 1739 1848 1785 et
1893 1744 1994 1785 nos
2033 1731 2087 1786 in
2117 1725 2168 1788 B
2194 1731 2317 1788 bibit
2343 1732 2642 1803 sanguinem
2670 1746 2856 1796 meum,
2880 1731 3029 1785 inme
3052 1740 3243 1798 manet,
3263 1740 3311 1784 et
3335 1745 3432 1803 ego
3461 1730 3515 1783 in
3537 1725 3775 1800 eoum.

488 1817 710 1876 Christo
731 1860 747 1886 ,
793 1828 851 1876 et
883 1818 1132 1877 Christus
1162 1821 1213 1875 in
1245 1820 1400 1876 nobis
1428 1820 1518 1875 sit.
1550 1826 1705 1877 Anne
1750 1821 1855 1878 hoc
1894 1823 2093 1879 veritas

490 1928 598 1969 non
626 1913 742 1967 est?
771 1906 1061 1984 Contingat
1095 1912 1252 1983 plane
1297 1912 1383 1968 his
1411 1927 1597 1968 verum
1640 1928 1749 1968 non
1783 1928 1906 1970 esse
1930 1956 1946 1983 ,
2000 1915 2093 1985 qui

492 2005 768 2063 Christum
795 2006 983 2064 Jesum
1013 2022 1200 2063 verum
1227 2021 1349 2062 esse
1380 2007 1549 2063 Deum
1570 2007 1860 2080 denegant.
1889 2009 1986 2064 Est
2006 2023 2096 2063 er-

492 2116 564 2173 go
612 2101 665 2155 in
697 2101 854 2157 nobis
881 2100 999 2172 ipse
1025 2115 1123 2172 per
1149 2114 1389 2168 carnem,
1415 2109 1470 2156 et
1507 2114 1695 2157 sumus
1736 2100 1789 2156 in
1829 2114 1896 2156 eo
1924 2119 1939 2157 :
1970 2099 2099 2156 dum

2199 1844 2274 1896 vr,
2303 1826 2419 1899 57).
2444 1825 2561 1882 Non
2583 1826 2727 1881 enim
2755 1825 2876 1897 quis
2904 1824 2957 1880 in
2976 1840 3043 1881 eo
3063 1824 3186 1891 erit,
3211 1823 3314 1879 nisi
3339 1824 3390 1878 in
3414 1838 3522 1893 quo
3548 1823 3659 1892 ipse
3675 1823 3780 1877 fue-

2201 1924 2304 1980 rit:
2334 1922 2453 1991 ejus
2481 1927 2685 1976 tantum
2713 1919 2790 1991 (2)
2818 1920 2869 1975 iu
2901 1935 2959 1975 se
2974 1929 3307 1990 assumptam
3332 1916 3541 1975 habens
3559 1931 3778 1985 carnem,

2202 2019 2291 2089 qui
2320 2030 2472 2072 suam
2514 2014 2824 2086 sumpserit.
2872 2011 3133 2068 Perfecta:
3178 2021 3358 2067 autem
3392 2010 3555 2081 hujus
3582 2008 3785 2065 unitatis

2204 2110 2367 2184 225
2402 2115 2800 2165 sacramentum
2828 2103 2908 2179 (g)
2948 2102 3198 2175 superius
3240 2103 3352 2175 jam
3383 2102 3676 2166 docuerat,
3715 2099 3786 2156 di-

2204 2217 2368 2259 cens:
2394 2200 2542 2256 Sicut
2564 2199 2705 2253 misit
2730 2214 2813 2252 me
2836 2197 3006 2252 vivens
3035 2195 3211 2260 Pater,
3241 2204 3289 2249 et
3317 2211 3413 2269 ego
3446 2196 3561 2249 vivo
3581 2211 3669 2267 per
3695 2191 3789 2247 Pa-
3814 2188 3824 2203 '

2206 2308 2334 2354 trem
2355 2315 2375 2353 :
2405 2306 2453 2351 et
2490 2297 2579 2367 qui
2605 2293 2986 2349 manducauerit
3007 2307 3175 2344 meam
3202 2304 3428 2356 carnem,
3472 2299 3519 2344 et
3548 2289 3655 2362 ipse
3678 2288 3789 2343 viret

2204 2408 2297 2465 per
2324 2406 2404 2445 me
2440 2386 2603 2461 (Ibid.
2635 2384 2750 2456 58).
2799 2384 2939 2440 Vivit
2982 2397 3116 2454 ergo
3155 2396 3253 2452 per
3298 2381 3518 2438 Patrem
3549 2399 3564 2436 :
3594 2390 3650 2437 et
3695 2394 3790 2452 quo

2210 2484 2373 2543 modo
2399 2498 2494 2555 per
2514 2482 2729 2537 Patrem
2753 2478 2907 2545 vivit,
2935 2476 3129 2533 eodem
3147 2475 3313 2531 modo
3333 2489 3436 2530 nos
3464 2488 3562 2545 per
3589 2485 3787 2529 tument

2209 2579 2329 2650 ejus
2358 2576 2438 2649 (5)
2466 2575 2716 2630 vivimus.
2745 2570 2938 2627 Omnis
2980 2568 3124 2625 enim
3154 2565 3492 2637 comparatio
3517 2564 3589 2621 ad
3609 2562 3788 2620 intelli-

2208 2670 2402 2743 gentiae
2431 2668 2655 2723 formam
2684 2662 3029 2736 praesumitur
3056 2680 3070 2715 :
3100 2669 3159 2715 ut
3202 2659 3254 2714 id
3276 2701 3291 2725 ,
3324 2658 3393 2715 tle
3428 2674 3540 2731 quo
3593 2658 3755 2730 agitur
3774 2696 3789 2723 ,

2208 2761 2508 2821 secundum
2556 2757 2892 2831 propositum
2944 2751 3252 2823 exemplum
3303 2750 3382 2826 (4)
3432 2764 3788 2822 assequamur.

496 2194 578 2267 (ἀ)
602 2208 788 2250 secum
811 2194 935 2262 hoc,
960 2193 1103 2264 quod
1136 2208 1236 2249 nos
1263 2207 1471 2261 sumus,
1505 2194 1558 2250 in
1586 2194 1698 2252 Deo
1720 2203 1825 2251 est.
1918 2268 1925 2273 λ

568 2288 656 2343 i5.
681 2286 925 2359 Perfecta
957 2289 1126 2356 nobis,
1150 2288 1355 2344 Christo
1383 2288 1670 2355 mediante,
1702 2304 1819 2344 cum
1846 2290 1958 2345 Deo
1981 2291 2072 2345 uni
2081 2318 2105 2333 -

496 2380 848 2451 tas.—Quam
874 2390 1054 2439 autem
1082 2382 1135 2438 in
1165 2397 1233 2439 eo
1255 2398 1352 2453 per
1376 2395 1771 2439 sacramentum
1801 2386 2103 2441 communi-

498 2482 636 2530 catae
664 2475 846 2530 carnis
873 2485 929 2531 et
954 2476 1234 2547 sanguinis
1264 2476 1455 2541 simus,
1486 2477 1604 2547 ipse
1627 2485 1856 2533 testatur
1881 2478 2101 2550 dicens,

497 2567 571 2622 Et
596 2568 681 2622 hic
708 2569 929 2623 mundus
957 2584 1037 2622 me
1048 2568 1164 2640 jam
1187 2584 1289 2623 non
1310 2568 1478 2635 videt;
1507 2585 1596 2625 vos
1621 2580 1791 2625 autem
1812 2586 1895 2625 me
1918 2571 2107 2625 videbi-

497 2662 565 2720 tis
586 2703 604 2730 ,
651 2664 891 2733 quoniam
933 2679 1025 2735 ego
1051 2664 1195 2731 vivo,
1227 2672 1274 2719 et
1301 2680 1389 2719 vos
1415 2664 1626 2732 vivetis;
1655 2666 1899 2735 quoniam
1928 2682 2021 2736 ego
2048 2667 2106 2721 in

497 2756 665 2815 Patre
692 2773 825 2827 meo,
843 2768 892 2815 et
912 2773 1000 2814 vos
1029 2760 1084 2815 in
1104 2774 1199 2826 me,
1226 2769 1274 2814 et
1296 2758 1465 2831 ego_in
1493 2757 1634 2814 vobis
1659 2755 1843 2831 (Joan.
1875 2774 1990 2830 XIV,
2013 2758 2101 2827 i9,

593 2899 647 2975 i)
673 2901 837 2975 atque
862 2898 1221 2973 impudentem.
2280 2899 2363 2975 (4)
2415 2899 2572 2975 Prius
2608 2896 2888 2967 legebatur
2916 2932 2932 2959 ,
2985 2898 3303 2964 assequatur.
3362 2889 3591 2949 Rectius
3639 2888 3792 2947 codex

593 2902 647 2974 l)
673 2902 837 2972 Atque
862 2902 1221 2973 impudentem.
2280 2902 2363 2975 (4)
2415 2902 2572 2955 Prius
2608 2902 2888 2967 legebatur
2916 2932 2932 2959 ,

679 2972 949 3100 {Ilaec-mm.
2206 2971 2560 3038 Veronensis,
2600 2980 2948 3040 assequuntur.

494 3194 834 3246 cramentum
880 3180 1269 3254 Incarnationis
1287 3222 1307 3254 _,
1354 3176 1467 3254 tum
1495 3182 1651 3239 nobis
1682 3184 2091 3242 communicata:
2119 3187 2167 3252 (ι
2268 3181 2340 3254 (e)
2371 3180 2428 3237 id
2456 3187 2698 3254 est,_pet;
2711 3189 2909 3254 corpus
2934 3172 3076 3243 quod
3103 3187 3166 3228 ex
3197 3171 3364 3227 Maria
3386 3171 3665 3230 nascendo
3687 3187 3791 3230 sus-

496 3273 598 3331 per
623 3261 1020 3331 sacramentum
1069 3251 1453 3331 Eucharistiae,
1486 3256 1557 3309 sit
1595 3265 1989 3331 sacramentum
2039 3266 2097 3314 et
2132 3248 2167 3252 r
2204 3248 2347 3331 cepit
2373 3269 2446 3331 εξ
2463 3248 2639 3331 nobis.
2663 3248 2869 3331 Deinde
2889 3254 3187 3331 aoutetnper
3211 3254 3655 3331 sacramentorum
3678 3261 3795 3331 rays-

499 3316 776 3398 lvincnlum
807 3322 1058 3394 perfectae
1089 3323 1308 3379 unitatis
1332 3332 1534 3398 nostra:
1567 3326 1800 3398 primum
1828 3341 1892 3382 ac
1919 3342 2014 3398 per
2041 3343 2102 3385 se
2206 3316 2389 3382 teriam
2407 3321 2799 3398 Eucharistiam
2813 3318 3080 3398 designari
3107 3316 3325 3398 planum
3348 3326 3452 3398 est.
3478 3325 3542 3372 ut
3559 3327 3792 3373 constan-

499 3415 623 3459 cum
648 3387 888 3462 Christo,
920 3411 987 3452 eo
1015 3405 1193 3451 autem
1228 3394 1496 3468 mediante
1517 3387 1640 3451 cum
1662 3396 1842 3468 Patre.
1919 3387 1934 3398 ’
2201 3407 2288 3454 ter
2315 3403 2668 3468 prosequatur
2710 3390 2942 3446 Hilarius
2973 3402 3131 3444 suum
3171 3387 3473 3444 bimembre
3512 3402 3790 3461 argumen-

576 3469 651 3544 (a)
680 3467 927 3527 Nonnulli
959 3483 1088 3544 mss.
1121 3484 1211 3544 per
1237 3467 1530 3544 violentiam
1556 3482 1576 3521 :
1601 3475 1656 3521 et
1681 3467 1907 3544 deinde,
1949 3478 2102 3544 atque
2202 3479 2339 3544 tum.

497 3529 847 3610 impudentem
881 3555 901 3595 :
931 3540 1072 3610 quod
1101 3529 1261 3615 etiam
1308 3538 1606 3615 praeferunt
1634 3538 1821 3592 excusi
1841 3580 1855 3604 ,
1893 3529 2100 3615 subse-
2276 3542 2357 3615 (1')!
2377 3536 2617 3615 Hoc_sibi
2654 3535 2803 3591 vult:
2832 3548 2952 3615 cum
2979 3532 3031 3587 in
3062 3530 3302 3615 Christo,
3329 3529 3505 3615 quiin
3526 3532 3687 3589 Patre
3708 3547 3790 3588 na-

502 3605 794 3685 quentibus
820 3615 890 3666 ita
941 3605 1254 3685 perturbate
1291 3605 1622 3685 expressis,
1666 3618 1725 3662 ut
1775 3611 2098 3685 vocabulum
2204 3605 2447 3685 turaliter
2492 3611 2632 3664 inest
2675 3605 2972 3662 secundum
3000 3605 3336 3685 nativitatem
3363 3613 3663 3672 aeternam,
3703 3618 3788 3660 nos

501 3679 687 3741 alienae
712 3679 977 3739 referatur
1003 3682 1069 3736 ad
1091 3681 1321 3735 sanitati.
1350 3679 1446 3734 Hic
1468 3679 1789 3750 sugillantur
1819 3681 2095 3751 haeretici,

502 3758 592 3825 qui
619 3769 833 3825 errores
855 3768 982 3808 suos
1007 3762 1099 3825 aut
1126 3753 1372 3825 humanis
1405 3751 1721 3807 ratiunculis
1747 3764 1839 3808 aut
1870 3754 2098 3815 detortis

504 3823 573 3882 ad
595 3827 786 3895 placita
813 3823 1106 3895 Scripturis
1127 3823 1261 3895 tueri
1292 3831 1577 3895 conantur.

582 3892 657 3964 (ὁ)
686 3896 844 3952 Solus
866 3894 1033 3951 codex
1058 3893 1177 3947 Vat.
1209 3892 1323 3949 bas.
1348 3893 1615 3949 diversitas
1646 3912 1665 3950 :
1694 3897 1852 3952 male.
1881 3896 2098 3953 Perver-

506 3970 631 4026 sitas
689 3968 977 4037 opponitur
1024 3964 1251 4037 sanitati.
1284 3964 1384 4032 Qui
1436 3967 1712 4037 exemplar
1760 3968 2099 4027 Carnutense

506 4035 813 4098 emendavit
841 4080 855 4102 ,
907 4037 993 4108 hic
1021 4036 1088 4090 ad
1127 4036 1422 4108 marginem
1460 4035 1768 4108 adscripsit,
1805 4038 1909 4093 Per
1936 4050 2097 4095 totum

505 4114 604 4168 hoc
624 4110 907 4179 capitulum
927 4107 1172 4178 Corporis
1197 4117 1243 4162 et
1269 4107 1552 4178 Sanguinis
1572 4107 1817 4163 dominici
1839 4112 2099 4167 veritatem

505 4184 819 4253 exsequitur.
854 4182 921 4236 At
960 4196 1090 4253 vero
1134 4188 1245 4233 tum
1273 4195 1338 4253 ex
1378 4180 1645 4253 scriptura
1678 4181 1929 4253 secunda:
1954 4183 2096 4238 illius

503 4251 719 4315 manus,
751 4264 862 4308 tum
877 4268 941 4306 ex
962 4251 1179 4319 antiquo
1190 4252 1375 4306 codice
1395 4251 1526 4305 alias
1549 4251 1930 4318 Floriacensis,
1954 4268 2098 4311 nunc

505 4324 828 4380 Colbertina:
850 4322 1209 4396 bibliothecae,
1226 4331 1338 4396 not.
1365 4324 1388 4375 l
1405 4321 1629 4396 i94(_qui
1653 4325 1705 4377 in
1721 4335 1925 4392 septem
1947 4326 2066 4396 prio
2079 4357 2091 4364 -

503 4397 659 4452 ribus
679 4396 831 4450 libris
853 4394 923 4447 ita
948 4392 1015 4448 ad
1044 4392 1203 4447 tidem
1226 4392 1576 4448 Carnutensis
1598 4409 1887 4462 expressus
1909 4392 2010 4455 est.
2041 4404 2098 4451 ut

503 4481 695 4522 omnes
725 4480 787 4519 ac
807 4465 950 4519 solas
980 4464 1239 4534 lectiones
1262 4463 1532 4534 praeferat,
1556 4481 1676 4534 qua:
1697 4465 1749 4520 in
1781 4466 1873 4520 illo
1904 4481 2099 4522 secun-

503 4539 589 4593 dis
615 4538 759 4592 curis
802 4535 1024 4605 adjectae
1063 4531 1272 4606 sunt),
1298 4533 1452 4588 facile
1498 4531 1756 4606 probatur
1782 4538 2093 4606 prtudictum

502 4626 609 4666 ms.
634 4619 760 4665 ante
780 4604 952 4661 annos
983 4604 1107 4667 700,
1143 4604 1307 4659 fuisse
1336 4605 1703 4659 emendatum.

575 4679 650 4753 (ε)
670 4679 807 4753 Quid
830 4686 912 4753 est
928 4678 1110 4753 ipsius
1130 4676 1334 4753 Domini
1360 4678 1700 4753 professione,
1731 4678 1829 4753 nisi
1853 4680 2096 4753 ipsismet

501 4747 712 4808 Christi
732 4747 1112 4818 verbisTQuitl
1140 4747 1337 4802 deinde
1363 4756 1408 4799 et
1430 4747 1533 4815 ﬁde
1559 4759 1752 4808 nostra.
1778 4749 1876 4802 nisi
1901 4766 1967 4804 ex
1991 4750 2095 4806 ﬁde

499 4824 788 4891 Ecclesizc,
836 4820 1051 4875 Domini
1083 4819 1321 4891 verbagut
1356 4832 1551 4891 sonant
1583 4820 1966 4889 iutelligentis?
2012 4822 2094 4879 Ex

500 4910 609 4966 quo
638 4889 1108 4966 liquetllilariutu
1122 4889 1357 4966 sensisse
1387 4889 1546 4966 ﬁdem
1582 4900 1817 4966 nostrain
1837 4891 2090 4966 Deiror-

500 4961 587 5023 bis
613 4961 766 5020 inniti
798 4964 1027 5028 debere,
1076 4962 1172 5016 Dei
1198 4973 1378 5016 autem
1413 4961 1573 5016 verba
1602 4977 1664 5018 ex
1698 4961 1803 5016 ﬁde
1834 4962 2091 5019 Ecclesia:

498 5037 855 5105 explicanda;
884 5050 1045 5103 atque
1070 5049 1134 5088 ex
1158 5041 1383 5105 utroque
1404 5032 1497 5105 illo
1527 5034 1700 5103 capite
1737 5032 2044 5089 conﬁrmari
2070 5076 2086 5100 ,

498 5104 601 5165 nos
633 5109 684 5161 in
714 5105 1045 5162 Eucharistia
1076 5120 1258 5161 verant
1298 5104 1504 5160 Christi
1540 5120 1758 5161 carnem
1798 5121 2091 5171 verumque

498 5179 814 5250 sanguinem
855 5178 1119 5250 accipere.
1150 5175 1456 5245 Quamlibet
1483 5176 1640 5231 aliam
1688 5176 2093 5250 interpretatio-

496 5245 626 5306 ιιεηῖ
648 5249 933 5305 verborum
967 5245 986 5302 ε’
1014 5245 1147 5303 Caro
1177 5262 1292 5302 mea
1318 5264 1431 5302 vere
1463 5259 1538 5302 est
1566 5265 1702 5316 esca,
1732 5245 1864 5316 etc.,
1892 5248 2089 5304 violeno

494 5333 598 5377 tam
625 5335 745 5376 esse
776 5332 1069 5390 praemonet
1089 5329 1238 5385 atque
1257 5320 1649 5390 imprudentem.

570 5393 650 5463 (ά)
677 5388 802 5463 Mss.
829 5390 959 5463 Vat.
990 5393 1102 5445 bas.
1131 5390 1344 5445 Martin.
1373 5388 1536 5463 Carn.
1571 5391 1898 5450 Sorbonicus
1922 5409 2082 5462 unus,

500 5460 699 5517 ac'duo
728 5460 1045 5525 Colbt-rtini,
1093 5477 1197 5516 non
1222 5468 1402 5517 tamen
1430 5462 1720 5531 antiquior,
1749 5466 1872 5520 dum
1898 5460 2083 5521 secuné

503 5533 626 5586 dum
668 5535 808 5604 hoc:
838 5548 943 5604 non
972 5532 1221 5604 videntur
1247 5532 1364 5588 aliis
1412 5533 1562 5589 libris
1594 5536 1911 5604 praeierendi
1937 5579 1953 5604 ,
1986 5536 2082 5593 sed

501 5605 617 5657 haec
664 5603 733 5655 ita
764 5602 1105 5670 intelligenda
1140 5622 1153 5657 :
1183 5603 1309 5658 dum
1364 5605 1523 5661 simul
1566 5602 1687 5661 cum
1727 5602 1960 5669 Christo.
1994 5609 2082 5665 cui

494 5672 767 5730 con'uncti
814 5689 1038 5739 sumus,
1090 5676 1192 5730 hoc
1239 5676 1381 5745 quod
1430 5690 1529 5735 nos
1569 5693 1754 5739 sumus
1779 5681 1942 5738 estin
1970 5679 2081 5741 Deo

494 5690 666 5807 paulo.
694 5760 817 5803 eum
842 5759 948 5807 quo
974 5745 1065 5804 ille
1095 5760 1259 5803 unum
1287 5756 1389 5805 ρει.

494 5745 666 5818 patt‘c,
694 5760 817 5803 eum
842 5759 948 5817 quo
974 5745 1065 5804 ille
1095 5760 1259 5803 unum
1287 5756 1389 5805 ρει.

2123 4580 2174 4640 ‘D
2200 4625 2298 4665 me.

2202 3685 2406 3755 pariter
2436 3683 2734 3755 ingessemus
2767 3692 2863 3755 per
2890 3685 3195 3755 susceptam
3237 3675 3307 3755 a_b
3332 3688 3400 3730 eo
3428 3690 3652 3755 carnem
3675 3691 3785 3755 nos-

2202 3746 2361 3817 tram,
2394 3753 2585 3809 eodem
2632 3751 2751 3821 ipso
2769 3746 2993 3803 Christo
3021 3762 3235 3821 rursum
3250 3746 3315 3821 in
3357 3746 3519 3802 nobis
3548 3747 3788 3821 naturali-

2202 3838 2287 3883 ter
2318 3817 2668 3895 permanente
2702 3836 2796 3893 per
2824 3819 3092 3890 impertita
3116 3818 3294 3873 carnis
3320 3824 3375 3872 ct
3402 3818 3685 3890 Sanguinis
3712 3817 3784 3874 sui

2201 3905 2560 3954 sacramenta.

2274 3969 2351 4042 (g)
2382 3967 2697 4042 Cum__locus
2732 3963 3006 4042 subjectus
3047 3962 3100 4016 in
3141 3959 3438 4042 Evangelio
3477 3962 3700 4019 inferior
3724 3962 3785 4042 sit

2203 4032 2447 4108 proxime
2476 4036 2640 4093 allato
2663 4051 2727 4091 ex
2754 4032 2909 4108 Joan.
2949 4049 3022 4101 vi,
3055 4048 3175 4108 non,
3193 4032 3354 4108 hujus
3382 4043 3635 4103 respectu
3657 4076 3674 4104 ,
3700 4034 3782 4090 sed

2202 4103 2450 4182 respectu
2477 4109 2698 4182 alterius
2724 4122 2791 4162 ex
2821 4106 2980 4162 Joan.
3011 4121 3120 4182 xiv.
3154 4105 3243 4170 i9,
3266 4103 3352 4182 hic
3380 4108 3635 4182 superior
3655 4122 3781 4160 nuu-

2201 4177 2457 4253 culpatur;
2499 4180 2615 4234 Mox
2658 4194 2689 4253 9
2717 4194 2846 4253 ""55-
2895 4177 3226 4253 rgs‘imimus
3268 4178 3410 4253 vi?”
3448 4177 3656 4244 Pam,
3696 4192 3783 4253 Pro

2201 4247 2391 4310 vivens.
2424 4252 2561 4308 Tum
2581 4249 2748 4305 codex
2774 4248 2895 4304 Vat.
2931 4250 3048 4304 bas.
3080 4258 3127 4301 et
3154 4263 3246 4319 ego
3270 4247 3396 4319 vivo
3440 4260 3652 4319 propter
3690 4250 3784 4303 Pa-

2202 4336 2349 4379 trem.
2383 4324 2588 4379 Deinde
2615 4322 2667 4377 iu
2708 4321 2931 4376 Joannis
2966 4318 3367 4390 exemplaribus
3412 4318 3607 4390 graecas
3632 4329 3684 4375 et
3708 4320 3779 4374 la-

2202 4397 2329 4451 tinis
2357 4410 2500 4450 nunc
2528 4390 2924 4455 circumfertur,
2956 4401 3003 4447 et
3023 4392 3107 4460 qui
3136 4389 3427 4445 mandncat
3442 4407 3547 4450 me.
3577 4407 3699 4457 non,
3738 4399 3781 4445 et

2200 4470 2290 4537 qui
2310 4464 2689 4537 manducaverit
2708 4479 2911 4537 carnem
2950 4478 3133 4537 meum.
3186 4460 3413 4537 Quibus
3431 4463 3711 4537 subjicitur
3730 4462 3778 4517 in

2203 4534 2304 4593 ius.
2339 4537 2550 4592 Martia.
2584 4545 2632 4590 et
2656 4536 2764 4604 ipse
2801 4535 2914 4587 vivit
2952 4535 3007 4589 in
3035 4550 3132 4598 me,
3162 4548 3293 4593 non,
3323 4541 3370 4585 et
3396 4534 3508 4596 ipse
3547 4536 3671 4591 viret
3701 4548 3779 4602 per

2349 4609 2501 4676 Quod
2543 4623 2610 4662 ex
2651 4606 2752 4659 hoc
2782 4605 3055 4675 Evangelii
3104 4604 3224 4659 loco
3267 4605 3487 4676 conﬁcit
3519 4605 3771 4671 Hilarius,

2201 4674 2619 4735 Sacramentarii
2649 4677 2813 4747 probe
2840 4674 3145 4747 expendaut
3169 4676 3348 4747 velim.
3394 4674 3487 4732 Sic
3530 4677 3670 4733 enim
3700 4690 3777 4730 ra-

2199 4752 2517 4807 tiocinator:
2573 4745 2661 4804 lta‘
2692 4745 2939 4803 Christus
2980 4747 3110 4802 vivit
3157 4762 3253 4816 per
3290 4745 3512 4817 Patrem
3571 4757 3774 4817 accepta

2198 4823 2342 4877 illius
2373 4832 2581 4887 natura,
2611 4821 2749 4874 sicut
2781 4833 2878 4873 uos
2899 4820 3127 4874 vivimus
3154 4834 3252 4887 per
3270 4816 3547 4874 Christum
3569 4816 3771 4889 accepta

2197 4893 2368 4963 ipsius
2397 4908 2578 4948 carne.
2610 4890 2745 4945 Tum
2774 4890 2937 4963 sumit
2956 4891 3107 4963 quasi
3137 4904 3252 4963 rem
3279 4890 3451 4963 magis
3476 4887 3772 4963 inotam,'de

2236 4979 2300 5019 ua
2332 4964 2551 5019 minime
2580 4961 2971 5017 contenderent
2995 4960 3181 5016 Ariani
3224 4978 3236 5013 :
3271 4962 3413 5030 atqui
3438 4962 3665 5016 vivimus
3687 4974 3773 5031 per

2236 4979 2300 5019 ua
2332 4978 2551 5019 minime
2580 4978 2971 5017 contenderent
2995 4978 3181 5016 ariam
3224 4978 3236 5013 :
3271 4978 3413 5030 atqui
3438 4978 3665 5016 vivimus
3687 4978 3768 5031 per

2196 4978 2466 5089 ghristum
2497 5044 2739 5089 naturam
2770 5033 2910 5087 illius
2934 5038 3112 5102 carnis
3138 5031 3316 5102 adepti
3344 5046 3360 5095 ;
3406 5032 3545 5087 adeo
3591 5042 3646 5087 ut
3683 5045 3768 5101 per

2197 5106 2376 5161 carnis
2416 5107 2555 5161 illius
2584 5103 3046 5159 manducationem
3076 5101 3348 5158 Christum
3378 5103 3431 5157 in
3464 5103 3619 5159 nobis
3658 5116 3769 5157 car-

2196 5178 2408 5233 nalibus
2444 5176 2732 5232 carnaliter
2761 5185 3066 5230 manentem
3100 5173 3410 5228 habeamus.
3459 5175 3537 5231 Ac
3564 5174 3763 5231 demum

2194 5249 2456 5304 adversus
2482 5247 2710 5304 Arianos
2736 5261 2852 5302 rem
2879 5289 2892 5311 ,
2935 5245 3075 5299 unde
3104 5245 3386 5316 litigabant
3411 5288 3424 5308 ,
3466 5243 3761 5307 concludit:

2195 5318 2339 5391 Ergo
2365 5330 2414 5375 et
2441 5318 2685 5391 Christus
2711 5318 2963 5391 vivit‘per
2993 5316 3228 5391 Patrem,
3258 5318 3763 5391 accepta‘ipsiusmet

2194 5387 2384 5447 natura
2410 5390 2587 5445 divina
2613 5408 2627 5456 ;
2658 5391 2727 5444 ita
2758 5400 2808 5443 ut
2838 5388 2997 5445 Pater
3017 5389 3312 5443 secundum
3341 5388 3601 5459 Spiritum
3629 5387 3760 5459 ,rhoc

2188 5472 2290 5525 est,
2325 5462 2616 5519 secundum
2643 5470 2886 5516 naturam
2914 5459 3146 5514 divinam
3170 5459 3218 5514 ei
3239 5458 3439 5525 datam,
3464 5458 3760 5514 naturaliter

2187 5535 2240 5589 in
2269 5552 2334 5590 eo
2363 5544 2596 5589 maneat.
2645 5533 2744 5602 Qui
2776 5542 3086 5603 argumenta
3131 5539 3236 5585 tam
3282 5534 3426 5587 clara
3457 5532 3562 5586 alio
3589 5530 3758 5603 detorf

2184 5621 2349 5675 quere
2375 5599 2925 5675 conanturfindicaut
2953 5603 3036 5657 vel
3063 5617 3123 5658 se
3174 5602 3312 5657 mala
3341 5603 3447 5659 ﬁde
3472 5617 3648 5675 agere,
3676 5599 3753 5653 vel

2182 5673 2370 5732 saltem
2412 5687 2672 5748 quantum
2718 5675 2859 5748 apud
2898 5674 3146 5734 homines
3173 5674 3384 5746 possint
3409 5673 3755 5748 praejudicata:

2182 5749 2381 5808 mentis
2405 5749 2705 5822 opiniones.
