3930 6194
126 264 227 321 εις)

1286 267 1372 323 DE
1410 267 1781 325 ΤΒΙΝΙΤΑἸῈ
1822 271 2024 327 LIBER
2073 273 2199 329 VIII.

3297 283 3408 344 250

129 380 247 436 lla-.c
273 394 404 451 ergo
433 378 552 434 vitm
581 387 784 436 nostra:
809 394 966 436 causa
993 389 1108 448 est,
1135 381 1277 452 quod
1308 383 1359 437 in
1405 383 1560 438 nobis
1589 399 1705 439 car-
1732 388 1786 448 Α
1811 385 1862 450 7,
1897 385 1952 452 9,
1985 387 2070 453 10,
2105 387 2216 459 12).
2248 387 2359 445 Hoc
2385 391 2460 460 (ὁ)
2491 404 2596 446 ηοη
2627 401 2850 462 praestat
2872 402 3140 462 creatura,
3179 395 3272 452 sed
3311 412 3406 454 na-

129 472 332 529 ualibus
370 481 676 528 manentem
707 488 804 543 per
839 487 1057 528 carnem
1082 472 1354 530 Christum
1405 475 1700 532 habemus:

129 565 340 621 victuris
367 565 522 619 nobis
560 580 656 634 per
695 580 815 619 eum
847 581 908 619 ea
933 567 1239 622 conditione
1263 609 1277 634 ,
1322 583 1424 638 qua
1457 569 1579 623 vivit
1613 569 1703 625 ille

129 673 215 728 per
243 657 475 711 Patrem.
508 655 564 712 Si
608 671 737 728 ergo
767 671 865 713 nos
905 659 1218 714 naturaliter
1247 661 1543 716 secundum
1584 678 1702 719 car-

129 764 240 805 nem
267 764 360 820 per
387 763 510 803 eum
548 749 778 805 vivimus
802 789 819 816 ,
868 749 919 804 id
952 760 1066 816 est,
1097 762 1341 808 naturam
1378 756 1557 810 carnis
1589 771 1702 812 suae

129 843 294 912 adepti
327 841 639 912 :quomodo
680 858 788 899 non
839 844 1156 900 naturaliter
1200 846 1497 902 secundum
1542 849 1704 918 Spiri-

127 945 226 991 tum
249 935 300 990 in
330 949 389 988 se
411 934 623 989 Patrem
647 935 872 1005 habeat,
890 952 1012 992 cum
1033 938 1178 992 vivat
1198 939 1314 1008 ipse
1335 956 1430 1010 per
1447 941 1701 997 Patrem?

125 1029 216 1084 Per
243 1028 451 1083 Patrem
481 1035 660 1083 autem
688 1030 840 1097 vivit,
874 1030 1000 1085 dum
1045 1032 1293 1088 nativitas
1323 1050 1429 1089 tton
1469 1035 1700 1091 alienam

121 1123 166 1180 ei
191 1123 362 1178 intulit
385 1121 764 1194 diversamque
795 1133 1064 1192 naturam,
1097 1127 1222 1181 dum
1251 1128 1396 1198 quod
1424 1137 1529 1195 est,
1560 1130 1700 1187 etab

121 1231 179 1271 eo
201 1228 297 1279 est,
330 1231 430 1270 nec
464 1225 642 1272 tamen
671 1218 740 1272 ab
765 1233 831 1272 eo
856 1234 952 1287 per
980 1219 1213 1290 aliquam
1246 1219 1578 1278 incidentem
1602 1239 1699 1278 na-

121 1320 238 1365 tura:
265 1309 756 1367 dissimilitudinem
789 1321 1091 1382 separatur;
1123 1315 1250 1369 dum
1278 1315 1328 1369 in
1359 1329 1418 1370 se
1446 1331 1542 1386 per
1561 1318 1699 1372 nati-

118 1405 316 1460 vitatem
339 1404 500 1459 habet
529 1405 743 1460 Patrem
766 1404 823 1460 in
853 1405 1053 1462 virtute
1080 1416 1304 1462 naturai.

183 1498 264 1552 i7.
296 1495 559 1567 Epilogus.
595 1497 723 1553 Hatc
748 1507 930 1553 autem
961 1498 1164 1555 idcirco
1205 1515 1234 1554 a
1266 1500 1422 1554 nobis
1453 1516 1694 1557 comme-

114 1600 305 1646 morata
351 1601 518 1655 sunt,
567 1591 689 1661 quia
721 1591 1016 1647 voluntatis
1060 1601 1265 1647 tantum
1313 1593 1455 1649 inter
1480 1594 1693 1650 Patrem

113 1693 161 1741 et
179 1685 361 1740 Filium
387 1685 647 1740 unitatem
679 1685 922 1742 haeretici
956 1687 1300 1755 mentientes,
1330 1689 1551 1744 unitatis
1590 1706 1691 1746 no-

1811 477 2026 544 tivitas;
2073 495 2180 535 non
2210 479 2374 538 cl‘ticit
2402 482 2689 551 voluntas,
2719 485 2812 542 sed
2849 496 3126 556 potestas;
3178 503 3285 543 non
3325 488 3406 544 Io-

1806 571 1990 640 quitur
2020 572 2348 629 unanimitas
2375 617 2390 640 ,
2423 575 2498 648 (c)
2528 578 2624 632 sed
2661 588 2884 634 natura:
2931 581 3056 648 quia
3099 595 3207 636 non
3237 597 3402 638 unum

1806 671 1890 716 est
1918 663 2125 730 creari,
2158 673 2212 718 et
2251 667 2432 734 nasci;
2467 683 2640 738 neque
2670 669 2807 726 velle
2829 669 2881 724 id
2912 670 3086 742 ipsum
3115 682 3228 738 est,
3259 671 3401 743 quod

1805 763 1860 811 et
1888 771 2083 827 posse;
2118 773 2292 830 neque
2317 761 2652 817 concordare
2678 761 2820 818 idem
2847 770 2950 824 est,
2981 765 3124 835 quod
3157 779 3396 821 manere.

1881 849 1969 905 I9.
2020 849 2346 906 Unantmitas
2374 870 2474 907 non
2503 865 2749 925 negatur,
2783 857 2906 910 dum
2931 858 3178 912 asseritur
3207 859 3397 912 unitas.

1804 937 1885 995 De
1929 940 2100 995 Patris
2137 951 2185 995 et
2235 942 2360 997 Filii
2397 945 2588 1000 unitate
2627 956 2864 1017 apertum
2911 950 3274 1004 testimonium.
3326 978 3400 992 —

1803 1032 1921 1088 Non
1953 1049 2214 1104 negamus
2259 1036 2423 1107 igitur
2454 1037 2862 1094 unanimitatem
2907 1041 3046 1095 inter
3089 1041 3301 1097 Patrem
3345 1050 3400 1097 et

1804 1124 2032 1180 Filium:
2077 1142 2200 1181 nam
2248 1127 2347 1182 hoc
2393 1129 2571 1185 solent
2603 1131 2843 1188 haeretici
2874 1133 3130 1200 mentiri,
3172 1143 3233 1188 ut
3275 1149 3396 1189 cum

1801 1218 1973 1274 solam
2019 1219 2361 1275 concordiam
2407 1222 2486 1294 (τι)
2527 1222 2592 1277 ad
2624 1224 2884 1280 unitatem
2917 1241 3022 1280 non
3069 1227 3355 1296 recipimus
3380 1268 3394 1293 ,

1801 1311 2078 1370 discordes
2119 1329 2214 1369 eos
2252 1331 2279 1368 a
2314 1315 2467 1371 nobis
2495 1318 2754 1373 aiiirmari
2801 1319 3107 1391 loquantur.
3163 1321 3269 1377 Sed
3298 1336 3397 1376 au-

1801 1404 1950 1461 diant
1978 1422 2189 1476 quama
2221 1408 2374 1463 nobis
2404 1410 2730 1465 unanimitas
2773 1425 2878 1466 non
2920 1421 3162 1482 negetur.
3217 1411 3395 1469 Unum

1799 1511 1925 1555 sunt
1952 1501 2110 1556 Pater
2135 1512 2190 1558 et
2221 1502 2389 1558 Filius
2431 1511 2617 1558 natura
2647 1545 2662 1571 ,
2712 1504 2917 1560 honore
2941 1547 2955 1570 ,
2983 1507 3184 1562 virtute
3233 1524 3244 1559 :
3296 1521 3395 1563 nec

1801 1602 1992 1648 natura
2016 1595 2205 1649 eadem
2240 1605 2422 1666 potest
2448 1596 2588 1652 velle
2611 1597 2844 1652 diversa.
2884 1597 2951 1652 Et
2976 1599 3196 1655 audiant
3217 1599 3394 1656 adhuc

1799 1695 2004 1742 natura:
2043 1689 2143 1742 sihi
2175 1703 2296 1743 cum
2338 1689 2501 1744 Patre
2546 1689 2806 1746 unitatem
2836 1690 3030 1746 Filium
3061 1701 3389 1757 testantem;

114 1789 225 1836 stra:
249 1780 311 1834 ad
339 1780 505 1835 Deum
536 1779 831 1835 utebantur
873 1782 1122 1852 exemplo
1146 1823 1162 1849 ,
1216 1793 1486 1854 tamquam
1539 1785 1694 1842 nobis
1725 1788 1770 1850 B
1799 1782 1874 1836 ait
1894 1783 2036 1837 ρηὶιιι
2059 1801 2071 1837 :
2095 1781 2220 1838 Cum
2247 1786 2432 1839 venerit
2459 1784 2736 1840 advocatus
2756 1787 2861 1854 ille,
2896 1803 3044 1858 quem
3075 1804 3164 1858 ego
3190 1795 3392 1844 mittam

113 1873 169 1929 ad
194 1874 378 1930 Filium
408 1916 421 1938 ,
455 1883 512 1929 et
545 1890 644 1945 per
665 1874 859 1930 Filium
891 1877 955 1930 ad
999 1877 1212 1932 Patrem
1240 1919 1255 1945 ,
1286 1878 1544 1950 obsequio
1575 1886 1696 1935 tan-

115 1976 208 2022 tum
236 1982 293 2022 ac
319 1969 600 2022 voluntate
632 1967 912 2039 religionis
938 1970 1101 2024 uuitis
1127 2012 1141 2034 ,
1191 1971 1336 2025 nulla
1379 1987 1474 2042 per
1516 1987 1694 2028 sacra-

111 2071 326 2115 mentum
371 2061 560 2116 carnis
602 2071 654 2114 ct
692 2062 972 2132 sanguinis
1005 2063 1267 2119 naturalis
1294 2065 1694 2121 communionis

112 2156 386 2226 proprietas
418 2154 826 2226 indulgeretur:
877 2170 996 2211 cum
1039 2167 1090 2212 et
1118 2172 1216 2228 per
1247 2157 1508 2213 honorem
1539 2159 1694 2214 nobis

113 2248 269 2301 datum
293 2247 435 2309 Filii,
465 2258 522 2303 et
556 2263 652 2318 per
675 2259 985 2305 manentem
1017 2250 1069 2304 in
1101 2251 1256 2304 nobis
1295 2251 1370 2321 (a)
1402 2252 1695 2309 carnaliter

114 2341 304 2410 Filium,
337 2352 390 2399 et
420 2343 476 2397 in
507 2358 579 2398 eo
609 2345 765 2399 nobis
795 2345 1149 2414 corporaliter
1179 2354 1230 2399 et
1263 2345 1695 2415 inseparabiliter

113 2437 271 2503 unitis,
299 2438 625 2511 mysterium
657 2453 802 2494 verte
833 2452 898 2494 ac
919 2438 1180 2494 naturalis
1206 2439 1426 2494 unitatis
1454 2439 1525 2494 sit
1555 2456 1692 2511 pra:-

113 2529 394 2587 dicandum.

172 2624 248 2679 18.
285 2623 470 2680 [Irritus
509 2623 640 2678 Filii
670 2634 715 2679 et
759 2623 932 2678 Patris
977 2625 1166 2679 diserte
1205 2625 1258 2678 iu
1291 2625 1575 2696 Scripturis
1603 2643 1691 2680 as-

111 2725 240 2770 serta.
267 2747 333 2757 -—
360 2716 712 2788 Responsum
750 2719 912 2786 igitur
950 2733 979 2772 a
1013 2717 1168 2772 nobis
1207 2726 1289 2773 est
1328 2719 1566 2773 stultitim
1612 2719 1693 2773 fu-

113 2810 337 2874 rentium,
365 2809 433 2864 ad
455 2809 984 2865 demonstrationem
1015 2819 1223 2864 tantum
1255 2811 1432 2866 inanis
1469 2810 1694 2866 menda-

113 2901 198 2956 cii:
241 2917 305 2958 ne
350 2901 643 2973 imperitos
691 2901 941 2958 fallerent
973 2918 1123 2958 vanae
1153 2917 1214 2958 ac
1243 2903 1482 2958 ridiculae
1509 2918 1687 2960 asser-

113 2993 250 3049 tionis
294 3009 500 3052 errore.
562 2993 832 3050 Caeterum
873 2994 1006 3051 ﬁdes
1043 2997 1355 3068 evangelica
1381 2998 1689 3069 responsio-

113 3084 179 3140 nis
202 3095 388 3142 nostra:
419 3087 754 3142 necessitate
786 3102 892 3142 non
928 3088 1092 3158 eguit.
1143 3088 1416 3145 Unitatcm
1448 3100 1686 3146 nostram

1801 1873 1937 1930 vobis
1962 1893 1993 1929 a
2028 1874 2202 1942 Patre,
2239 1875 2491 1949 Spiritum
2515 1878 2756 1943 veritatis,
2789 1880 2874 1948 qui
2897 1896 2927 1933 a
2954 1878 3114 1934 Patre
3140 1896 3247 1934 meo
3269 1897 3392 1952 pro-

1796 1967 1949 2032 cedit,
1979 1968 2086 2039 ipse
2117 1969 2470 2038 testi/imbitur
2499 1969 2561 2022 de
2584 1986 2664 2024 me
2686 1971 2702 2040 (
2725 1969 2883 2024 Joan.
2916 1986 3007 2036 xv,
3034 1970 3168 2043 26).
3214 1971 3394 2027 Advo-

1797 2071 1948 2116 cntus
1977 2062 2190 2128 veniet,
2224 2073 2274 2118 et
2308 2065 2449 2118 hunc
2475 2064 2651 2118 mittet
2673 2063 2838 2120 Filius
2861 2079 2890 2118 a
2925 2063 3103 2132 Patre,
3147 2074 3201 2121 et
3227 2065 3394 2136 Spiri-

1799 2163 1882 2208 tus
1911 2155 2152 2210 veritatis
2175 2166 2275 2220 cst,
2310 2157 2400 2227 qui
2431 2172 2462 2211 a
2491 2157 2648 2214 Patre
2680 2156 2939 2226 procedit.
2979 2158 3225 2212 Excutiat
3252 2157 3396 2228 inge—

1796 2247 1868 2301 nii
1898 2252 1977 2302 sui
2001 2249 2217 2303 aculeos
2239 2250 2416 2304 omnis
2443 2250 2823 2306 hmreticornm
2855 2251 3040 2306 schola
3068 2269 3079 2302 :
3111 2259 3165 2304 et
3188 2260 3394 2321 quierat

1795 2357 1938 2397 nunc
1963 2384 1978 2409 ,
2026 2342 2170 2414 quod
2206 2344 2286 2397 vel
2319 2344 2537 2399 mentiri
2577 2342 2649 2416 (e)
2683 2345 3054 2414 ignorantibus
3085 2345 3293 2414 possit,
3338 2354 3393 2401 et

1796 2435 1988 2491 doceat
2017 2436 2142 2507 quid
2176 2437 2246 2490 sit
2288 2436 2391 2492 hoc
2420 2437 2562 2509 quod
2593 2436 2761 2491 Filius
2806 2437 2968 2492 mittit
2993 2451 3023 2490 a
3055 2436 3235 2491 Patre.
3288 2437 3391 2506 Qui

1796 2528 1997 2592 mittit,
2053 2536 2374 2597 potestatem
2404 2545 2554 2583 suam
2590 2529 2640 2582 in
2669 2544 2735 2582 co
2762 2527 2904 2598 quod
2938 2528 3103 2584 mittit
3128 2529 3386 2584 ostendit.

1795 2623 1900 2678 Sed
1933 2621 2075 2692 quod
2104 2636 2131 2674 a
2165 2621 2322 2677 Patre
2349 2622 2510 2676 mittit
2535 2663 2549 2688 ,
2600 2621 2728 2692 quid
2776 2621 3139 2691 intelligemus
3165 2662 3178 2686 ,
3211 2631 3390 2677 utrum

1795 2727 2103 2787 acceptum,
2135 2725 2227 2771 aut
2253 2716 2532 2770 dimissum
2560 2757 2574 2782 ,
2618 2726 2711 2771 aut
2739 2715 3016 2785 genitum?
3047 2731 3170 2772 nam
3199 2716 3390 2772 horum

1796 2824 2020 2866 necesse
2049 2818 2132 2864 est
2162 2824 2325 2864 unum
2373 2809 2573 2880 aliquid
2620 2808 2923 2877 signiﬁcet.
2976 2808 3118 2878 quod
3163 2824 3192 2862 a
3231 2808 3390 2865 Patre

1794 2902 2061 2958 missurus
2093 2909 2195 2958 est.
2243 2902 2311 2957 Et
2339 2903 2604 2956 missurus
2629 2915 2657 2954 a
2685 2901 2842 2956 Patre
2869 2909 2954 2956 est
2977 2916 3098 2956 eum
3129 2900 3386 2971 Spiritum

1793 2994 2039 3050 veritatis
2067 3036 2081 3061 ,
2129 2995 2276 3066 quia
2310 2993 2468 3048 Patre
2499 2992 2775 3064 procedit:
2817 2993 2926 3060 jam
2979 3007 3110 3063 ergo
3149 3007 3258 3048 non
3305 3001 3390 3048 est

1793 3089 2039 3158 acceptio
2064 3130 2078 3153 ,
2127 3088 2218 3142 ubi
2248 3087 2616 3143 demonstrata
2652 3086 2925 3154 processio
2973 3094 3075 3140 est.
3129 3085 3388 3156 Superest

111 3181 162 3234 ad
191 3182 340 3236 Deum
363 3182 638 3237 Dominus
661 3197 758 3252 pro
782 3183 937 3237 nobis
967 3193 1214 3252 precatus
1237 3195 1350 3240 est:
1385 3200 1535 3240 suam
1561 3201 1686 3240 vero
1713 3185 1758 3248 C
1793 3195 1851 3240 ut
1898 3183 2284 3240 coniirmemus
2334 3183 2386 3236 itt
2435 3196 2500 3237 eo
2531 3181 2854 3238 sententiam
2893 3189 3132 3236 nostram
3158 3221 3174 3247 ,
3223 3181 3383 3253 227

112 3274 247 3346 226
271 3275 474 3330 obtinet
499 3276 616 3339 ille,
645 3286 698 3330 et
727 3277 780 3330 in
802 3291 863 3330 ea
895 3286 1094 3334 manet.
1129 3277 1240 3334 Nec
1265 3294 1358 3347 per
1376 3295 1686 3336 sacramen-

112 3375 200 3418 tum
228 3367 651 3436 dispensationis
677 3384 840 3422 unum
878 3379 1034 3436 sunt,
1065 3370 1158 3426 sed
1183 3386 1280 3442 per
1311 3381 1516 3426 natura:
1548 3375 1683 3428 nati-

109 3460 297 3515 vitatem
327 3503 340 3526 ,
390 3461 525 3517 dum
575 3461 707 3516 nihil
737 3462 788 3517 in
823 3478 889 3518 eo
913 3481 975 3519 ex
1005 3479 1064 3519 se
1094 3466 1235 3522 Deus
1259 3481 1381 3522 cum
1412 3469 1682 3538 gignendo

109 3552 384 3623 degenerat.
429 3555 617 3610 Unum
647 3565 773 3609 sunt
800 3597 813 3620 ,
838 3556 964 3611 dum
996 3573 1116 3627 qum
1147 3558 1214 3613 de
1242 3575 1403 3614 manu
1431 3564 1547 3632 ejus
1571 3575 1677 3617 non

106 3645 355 3714 rapiuntur
376 3689 391 3714 ,
428 3663 540 3702 non
579 3647 863 3716 rapiuntur
891 3648 959 3704 de
990 3665 1150 3704 manu
1182 3651 1356 3707 Patris
1387 3652 1584 3720 (Joan.
1619 3670 1676 3722 κ,

107 3736 232 3808 28);
277 3741 398 3795 dum
448 3757 518 3797 eo
565 3743 782 3812 cognito
813 3742 971 3798 Pater
995 3745 1244 3814 cognitus
1275 3755 1394 3811 est;
1443 3746 1568 3801 dum
1614 3763 1680 3803 eo

110 3829 208 3884 viso
233 3830 384 3888 Pater
411 3834 570 3888 visus
599 3845 680 3887 est
705 3849 718 3896 ;
749 3833 874 3887 dum
903 3850 1022 3904 quae
1064 3835 1322 3907 loquitur,
1371 3853 1594 3893 manens
1627 3839 1678 3894 in

107 3937 154 3978 se
177 3924 317 3979 Pater
347 3926 595 3998 loquitur
619 3941 634 3990 ;
683 3924 810 3979 dttttt
848 3927 898 3980 in
929 3937 1189 3996 operante
1215 3945 1273 3985 se
1300 3939 1554 3998 operatur
1582 3931 1680 3985 Pa-

106 4025 198 4083 ter;
217 4019 333 4076 dum
352 4021 468 4092 ipse
487 4019 544 4074 in
564 4017 724 4074 Patre
735 4027 839 4086 est,
859 4030 910 4074 et
930 4020 984 4076 in
1004 4036 1070 4076 eo
1085 4021 1243 4076 Pater
1259 4033 1342 4079 est
1363 4023 1545 4094 (Joatt.
1566 4041 1675 4093 xrv,

161 4161 228 4233 (i)
251 4162 313 4216 In
337 4163 576 4236 ejusdem
599 4162 918 4217 consistentis
945 4166 1304 4236 egressionem.

161 4299 224 4372 (α)
248 4301 394 4368 Quod
424 4303 698 4372 superiori
728 4317 954 4357 numero
980 4301 1179 4356 dictum
1203 4310 1307 4363 est.
1338 4317 1436 4358 nos
1461 4302 1672 4358 Eucha-

106 4368 249 4446 ristiit:
261 4368 535 4446 beneﬁt-io
567 4377 619 4429 in
647 4375 791 4429 nobis
821 4372 1115 4446 carnalibus
1134 4384 1414 4428 mmtentem
1437 4392 1526 4446 per
1556 4392 1670 4429 car-

106 4456 194 4493 nem
214 4441 464 4500 Christum
489 4446 696 4502 habere
722 4488 736 4507 ,
770 4461 909 4498 nunc
936 4445 1188 4500 disertius
1214 4441 1525 4501 enuntiatur
1556 4462 1669 4502 ma-

107 4526 209 4566 nere
232 4517 278 4568 in
304 4518 458 4572 nobis
481 4519 761 4578 carnaliter
793 4517 1009 4571 Filium.

161 4584 224 4652 (lt)
254 4587 305 4641 In
332 4605 432 4642 ms.
469 4589 686 4644 Martin.
716 4589 866 4654 lucc;
910 4587 1051 4657 quod
1083 4603 1205 4642 mox
1233 4587 1374 4642 dicta
1412 4589 1667 4645 disertius

104 4660 609 4724 comprehcndith
662 4673 844 4728 postea
889 4669 944 4713 ιιι
988 4661 1041 4714 in
1088 4659 1208 4716 aliis
1237 4661 1626 4716 vetustioribus
1653 4703 1666 4726 ,

105 4730 419 4796 unianimitas,
453 4733 882 4786 unianimitatem.

158 4797 356 4871 (c)Vat.
387 4804 505 4858 has.
539 4818 640 4858 ms.
700 4807 790 4859 sed
831 4803 1086 4871 nativitas,
1131 4803 1287 4858 nobis
1333 4819 1436 4858 non
1481 4803 1673 4873 proba-

106 4875 188 4922 tur.

157 4939 225 5010 (ά)
251 4942 366 4998 Par.
399 4954 525 5014 post
559 4944 797 5014 Lipsium
823 4988 837 5011 ,
883 4947 952 4999 ad
978 4947 1364 5000 mmnimitatem
1401 4963 1418 4999 :
1447 4948 1586 5001 male
1617 4956 1670 5000 et

103 5023 266 5075 printer
296 5015 453 5071 Iidem
485 5033 618 5071 mss.
669 5017 801 5072 Natn
832 5019 956 5072 illud
990 5019 1056 5070 ad
1101 5019 1342 5071 unitatem
1365 5060 1378 5083 ,
1413 5017 1462 5071 id
1494 5026 1575 5071 est
1601 5018 1666 5072 ad

102 5085 411 5159 explicandus
442 5089 616 5154 lucos,
653 5089 702 5142 in
726 5091 918 5159 quibus
947 5091 1120 5142 unitas
1144 5089 1571 5143 commendatur.

159 5156 218 5227 (ε)
245 5155 298 5231 In
325 5159 578 5231 vulgatis,
609 5160 672 5213 ab
703 5155 1074 5229 ignorantibus;
1104 5161 1299 5214 rectius
1331 5162 1380 5213 itt
1417 5174 1545 5214 mss.
1579 5161 1659 5231 ig-

103 5229 379 5300 norantibus,
413 5229 520 5286 hoc
549 5243 652 5295 est,
680 5233 818 5299 apud
851 5231 1154 5299 ignorantes
1182 5247 1241 5286 ac
1274 5231 1565 5300 simplices.

157 5296 213 5373 (ι’)
246 5296 728 5373 Cumvocalntluui
760 5296 982 5372 egressio
1010 5345 1023 5364 ,
1069 5303 1186 5373 ejus
1227 5303 1315 5370 qui
1349 5296 1460 5357 e'xit
1487 5303 1554 5357 ab
1597 5317 1662 5356 eo

103 5371 217 5444 unde
237 5373 342 5426 exit
370 5371 1070 5444 distinctionem’signilicet
1094 5371 1108 5439 ς
1136 5385 1290 5429 caute
1329 5378 1376 5429 ei
1417 5374 1665 5443 adjicitur

105 5439 294 5516 verbum
326 5445 650 5516 consistentis
675 5487 687 5508 ,
737 5461 844 5516 quo
860 5439 1078 5500 'naturte
1108 5448 1284 5501 unitas
1312 5439 1496 5501 eidem'
1515 5459 1662 5500 asse-

104 5520 236 5588 [ῖιιυε.
260 5514 406 5588 Quod
438 5514 946 5588 illustraturiverhis
964 5517 1168 5588 Cyrilli,
1195 5518 1229 5572 Ι.
1257 5535 1313 5572 tt.
1340 5517 1391 5571 in
1420 5516 1656 5588 Joan._c.

189 5576 344 5660 Exibit
365 5587 502 5660 enim
525 5603 590 5642 ex
619 5585 776 5643 Patre
812 5589 864 5642 in
895 5576 1166 5660 propriam
1190 5591 1536 5644 exsistentiam
1569 5586 1663 5642 Fi-

105 5649 180 5730 lius
201 5695 214 5718 ,
255 5659 342 5730 etsi
369 5657 420 5711 in
449 5659 568 5730 ipso
595 5671 664 5714 est
689 5649 968 5714 secundum
990 5649 1262 5716 'naturam.
1314 5662 1378 5715 It't
1417 5660 1550 5729 quod
1575 5661 1661 5730 ibi

105 5725 252 5804 egisse,
276 5725 500 5804 idipsunt
527 5727 616 5804 hic
642 5732 851 5786 missum
875 5747 982 5785 esse
1022 5734 1292 5803 significat.
1341 5725 1524 5802 Itaque
1556 5729 1659 5801 Cy-

107 5793 201 5852 rilto
223 5813 320 5856 non
337 5793 518 5861 differt
536 5803 674 5858 exire
702 5804 937 5876 etgmittr‘.
969 5793 1234 5862 Prcé'tcr'ea
1268 5807 1367 5864 hoc
1394 5793 1660 5874 cgt'cssibé

1789 3286 1968 3332 utrum
1999 3277 2051 3330 in
2085 3275 2185 3330 hoc
2229 3274 2308 3346 (l)
2341 3273 2410 3345 (ι’)
2453 3275 2801 3328 censistentis
2845 3272 3216 3345 egressionem
3247 3314 3262 3338 ,
3314 3289 3385 3329 an

1787 3371 1954 3444 geniti
1984 3371 2388 3441 processionem
2415 3369 2810 3424 existimemus.

1856 3464 1948 3520 20.
1983 3465 2213 3534 Spiritus
2239 3472 2444 3518 sanctus
2470 3479 2500 3516 a
2539 3479 2638 3532 quo
2667 3462 2730 3514 sit
2760 3477 2862 3514 non
2907 3463 3180 3516 incertum.
3232 3459 3384 3527 Quod

1784 3574 1816 3612 a
1845 3556 1984 3612 Filio
2006 3557 2190 3627 accipit
2221 3599 2233 3621 ,
2266 3557 2450 3625 accipit
2473 3566 2517 3608 et
2539 3572 2570 3608 α
2605 3554 2782 3608 Patre.
2844 3552 2980 3607 Hinc
3006 3570 3167 3606 unum
3196 3562 3383 3607 natura

1783 3663 1900 3706 sunt
1919 3650 2076 3706 Pater
2098 3661 2141 3706 et
2169 3649 2356 3704 Filius.
2388 3677 2461 3689 —-
2492 3649 2674 3720 Neque
2707 3649 2758 3702 in
2786 3648 2888 3703 hoc
2920 3663 3062 3702 nuttc
3083 3646 3383 3702 calmnnior

1783 3743 1861 3816 (g)
1886 3744 2119 3800 libertati
2145 3745 2534 3814 intelligentiae,
2559 3752 2736 3798 utrmn
2761 3758 2824 3796 cx
2847 3740 3029 3806 Patre,
3055 3756 3123 3794 an
3150 3755 3217 3794 ex
3246 3739 3382 3796 Filio

1784 3838 1866 3910 (‘2)
1912 3837 2171 3908 Spiritum
2218 3837 2546 3907 paracletum
2591 3843 2782 3907 putent
2812 3849 2956 3890 esse.
3008 3833 3122 3888 Non
3149 3833 3292 3888 enim
3327 3833 3379 3888 in

1782 3932 1990 3988 incerto
2045 3933 2303 3988 Dominus
2350 3932 2569 4001 reliquit
2613 3951 2625 3988 :
2673 3946 2795 3984 nam
2835 3928 2936 3984 sub
2985 3927 3177 3982 iisdem
3223 3925 3380 3982 dictis

1783 4026 1898 4082 haec
1929 4027 2000 4082 ita
2031 4031 2242 4082 locutus
2271 4035 2354 4083 est
2379 4045 2392 4082 :
2436 4025 2620 4080 Adhuc
2648 4024 2810 4078 nmlta
2840 4021 2998 4078 habeo
3024 4021 3162 4076 vobis
3189 4020 3376 4087 dicere,

1848 4168 1926 4241 (2)
1957 4169 2214 4240 Spiritum
2237 4178 2488 4224 sanctum.

1779 4305 1862 4359 nis
1895 4306 2168 4373 proprium
2203 4313 2308 4368 est,
2340 4314 2396 4358 ut
2425 4303 2628 4358 nullum
2664 4301 3008 4372 procedentis
3038 4299 3250 4357 initium
3280 4317 3374 4358 so-

1776 4385 1886 4431 net.
1920 4375 2075 4431 Unde
2099 4376 2351 4438 Hilarius,
2378 4376 2470 4430 lib.
2493 4391 2564 4441 tv,
2598 4393 2651 4431 Il.
2680 4377 2767 4434 3i.
2801 4373 2918 4428 Filii
2944 4373 3278 4428 nativitatem
3308 4391 3375 4430 eo

1775 4448 2036 4501 vocabulo
2064 4457 2187 4510 apte
2218 4461 2528 4516 expressam
2553 4446 2794 4502 dixerat:
2840 4447 2960 4515 quia
3001 4461 3104 4498 non
3150 4455 3207 4498 ut
3248 4456 3375 4502 esset

1774 4519 1922 4585 coepit
1948 4535 2010 4571 ea:-
2035 4517 2217 4583 nihilo,
2245 4520 2332 4572 sed
2360 4521 2479 4573 exiit
2499 4538 2530 4574 α
2559 4528 2792 4572 manente
2815 4533 2833 4580 ,'
2871 4527 2916 4570 et
2955 4517 3139 4570 exiisse
3167 4518 3372 4589 signiﬁ-

1773 4591 2021 4643 cationem
2048 4590 2196 4644 habet
2221 4592 2499 4644 nativitatis
2525 4597 2541 4657 (
2571 4605 2664 4641 seu
2715 4590 3078 4658 processionis
3105 4589 3372 4644 distinctae

1775 4663 1842 4715 ab
1867 4677 1932 4715 eo
1957 4677 1986 4715 a
2017 4679 2122 4732 quo
2151 4660 2349 4732 exitur)
2369 4703 2380 4722 ,
2418 4679 2518 4716 non
2551 4661 2700 4714 habet
2736 4659 3093 4732 inchoationis.
3132 4659 3247 4714 Non
3275 4660 3372 4732 de-

1775 4733 1944 4786 clarat
1975 4730 2189 4803 quidem
2222 4735 2304 4788 hic
2331 4730 2562 4788 Ililaritts
2587 4749 2652 4784 an
2683 4731 2838 4803 geniti
2861 4730 3368 4803 processioAnemexi-

1773 4801 2004 4859 stimare
2036 4805 2348 4860 debeamus.
2405 4805 2474 4859 At
2503 4821 2621 4858 cum
2657 4802 2732 4856 lih
2787 4818 2856 4863 tt,
2899 4818 2951 4854 n.
3003 4801 3054 4863 1,
3104 4801 3365 4868 Spiritum

1773 4886 2016 4930 sanctum
2043 4877 2232 4929 donum
2263 4885 2532 4944 nuncupet
2559 4917 2572 4938 ,
2621 4873 2697 4927 ttti
2729 4873 2852 4944 licet
2881 4873 3230 4944 responsione
3256 4871 3366 4926 Au-

1773 4948 1991 5024 gustini,
2026 4949 2119 5001 lib.
2151 4965 2180 5000 v
2211 4947 2278 5024 de
2309 4941 2582 5024 Trinit._c.
2610 4944 2684 5024 AM
2716 4963 2728 4997 :
2759 4941 3073 5024 Exiitenim,
3103 4958 3364 5024 noun-quo-

1772 5013 1922 5088 modo
1950 5029 2100 5072 natus
2126 5059 2140 5083 ,
2181 5018 2270 5073 sed
2305 5019 2560 5088 quomodo
2586 5017 2768 5088 datus;
2816 5026 2860 5066 et
2906 5015 3018 5067 ideo
3046 5013 3366 5088 northdicitur

1773 5085 1962 5141 Filius.
1997 5089 2101 5143 Sed
2125 5083 2413 5158 aperta'est
2439 5089 2623 5142 Hilarii
2647 5087 2814 5155 ipsius
2831 5085 3118 5158 sententia,
3145 5083 3240 5138 lib.
3267 5101 3360 5150 xtl,

1768 5174 1821 5212 n.
1852 5161 1939 5220 54,
1971 5157 2198 5212 dicentis
2224 5177 2234 5210 :
2274 5158 2599 5229 Unigenitunt
2630 5173 2690 5210 ea:
2718 5169 2765 5211 te
2787 5166 2962 5209 natum
2991 5157 3153 5229 sciens
3181 5197 3195 5222 ,
3225 5159 3364 5225 getti-

1768 5239 1872 5282 tum
1897 5239 2065 5302 tamen.
2095 5231 2346 5302 Spiritum
2363 5228 2601 5302 sanctum
2628 5245 2729 5280 non.
2755 5229 2986 5302 dicturus
3003 5228 3119 5280 sint.

1838 5302 1913 5370 (g)
1943 5301 2030 5354 Sic
2057 5298 2187 5356 mss.
2223 5305 2290 5354 At
2313 5300 2460 5363 editi,
2495 5299 2792 5352 libertatem.
2825 5298 2902 5352 Ex
2939 5299 3020 5351 his
3051 5312 3112 5352 ac
3134 5313 3363 5366 sequen-

1767 5372 1906 5426 tibus
1941 5371 2127 5426 Hilarii
2158 5372 2314 5428 dictis
2359 5371 2528 5425 videri
2577 5380 2798 5440 posset.
2847 5370 2954 5436 jam
3005 5379 3113 5422 tum
3160 5377 3361 5426 motam

1767 5458 1890 5499 esse
1936 5444 2004 5498 de
2047 5445 2277 5513 Spiritus
2306 5443 2476 5498 sancti
2522 5441 2873 5511 proccssione
2912 5441 3357 5495 controversiam.

1767 5515 1976 5585 Quippe
1997 5527 2183 5584 aperte
2215 5517 2413 5570 indicat
2439 5513 2659 5585 minime
2687 5513 2787 5585 sibi
2829 5513 3092 5585 incertum
3122 5553 3136 5575 ,
3169 5513 3299 5585 quin
3330 5529 3360 5569 a

1768 5584 1928 5642 Patre
1960 5598 2010 5641 et
2038 5587 2174 5641 Filio
2202 5587 2293 5649 sit,
2327 5589 2571 5656 quamvis
2597 5584 2663 5637 de
2691 5584 2942 5654 loquendi
2973 5584 3180 5638 ratione
3210 5584 3359 5651 plus-

1765 5659 1944 5713 culum
1974 5659 2181 5729 litigare
2213 5659 2365 5713 nolit.
2391 5657 2510 5712 Jatn
2537 5671 2663 5729 vero
2687 5656 3024 5710 observatum
3045 5657 3272 5729 _est,lih.
3296 5671 3357 5724 tt,

1765 5745 1912 5784 num.
1969 5729 2022 5793 4,
2060 5727 2193 5784 ‘not.
2250 5729 2442 5784 Filium
2495 5727 2728 5797 Spiritus
2756 5729 2923 5784 sancti
2951 5734 3006 5785 et
3035 5727 3353 5800 largitorem,

1763 5810 1816 5858 ct
1845 5812 2101 5859 auctorem
2129 5804 2195 5862 ab
2221 5815 2286 5861 co
2308 5799 2659 5874 appellatum,
