3930 6194
544 257 647 313 251

1727 248 1975 309 SANCTI
2014 244 2270 304 lllLABll
2309 246 2621 305 EPISCOPI
3722 254 3807 311 ’,δε

545 372 638 427 sed
681 386 783 426 non
828 369 1041 441 potestis
1068 376 1271 439 portare
1296 367 1390 421 illa
1434 367 1610 422 modo.
1661 366 1790 421 Cum
1827 365 2016 431 verterit
2060 363 2151 418 ille
2178 364 2231 424 Α
2256 372 2528 434 talemque
2557 363 2855 423 divinitatis
2887 363 3215 436 signiﬁcatio
3258 372 3380 421 est:
3430 378 3557 422 cum
3597 366 3647 423 id
3688 372 3805 439 quod

546 464 780 537 Spiritus
800 462 1059 528 veritatis,
1093 460 1277 533 diriget
1302 476 1389 515 vos
1417 458 1500 531 (1)
1533 459 1612 532 (α)
1644 460 1697 514 in
1729 474 1929 515 onlnem
1964 458 2150 515 verita-

2254 457 2485 527 accipiet
2511 471 2543 511 a
2571 457 2736 515 Patre
2765 456 2997 528 Spiritus
3021 456 3262 513 veritatis
3284 497 3300 523 ,
3330 456 3385 515 id
3413 456 3582 513 Filius
3606 457 3806 521 dandum

553 567 677 614 tem.
713 556 833 615 Non
861 556 998 615 enim
1029 553 1264 623 loquetur
1295 570 1327 608 a
1355 554 1628 625 semetipso
1655 595 1670 620 ,
1711 553 1802 608 sed
1823 568 2153 625 quotcumque
2253 566 2285 607 a
2315 566 2375 608 se
2397 566 2519 609 esse
2540 550 2794 608 fateatur.
2836 550 2954 607 Non
2982 550 3342 622 permittenda
3371 550 3557 621 itaque
3573 551 3638 607 ad
3662 553 3809 623 impie

544 656 768 712 audierit
795 655 1027 722 loquetur
1047 693 1063 719 ,
1094 661 1140 707 et
1182 655 1362 722 futura
1391 650 1712 705 annuntiabit
1738 649 1896 704 vobis.
1941 647 2044 703 Ille
2071 662 2151 701 me

545 746 943 817 houoriﬁcabit;
972 745 1215 811 quoniam
1240 747 1306 799 de
1335 759 1447 798 meo
1482 744 1719 813 accipiet,
1757 753 1802 796 et
1825 740 2150 797 annuntiabit

545 840 703 895 vobis.
763 838 953 893 Omnia
996 852 1327 907 quiscumque
1374 832 1525 889 habet
1579 833 1771 899 Pater,
1827 848 1940 888 mea
1986 842 2149 887 sunt:

546 941 816 1004 propterea
839 930 950 985 dixi
976 970 989 992 .
1022 929 1099 983 l)e
1129 946 1239 984 meo
1265 929 1518 997 accipiet,
1563 937 1611 987 et
1645 925 1968 983 aununtiabit
2012 925 2149 980 vobis

542 1026 724 1096 (Joan.
744 1038 853 1088 xvi,
886 1024 974 1092 ﬂ,
1005 1022 1191 1095 seqq.).
1226 1024 1265 1077 Α
1298 1021 1434 1078 Filio
1463 1021 1621 1092 igitur
1645 1020 1863 1089 accipit,
1887 1019 1978 1089 qui
2000 1028 2054 1075 et
2080 1017 2148 1074 ab

542 1135 611 1177 eo
640 1119 892 1183 mittitur,
924 1128 979 1172 et
999 1133 1028 1171 a
1054 1117 1211 1171 Patre
1241 1116 1501 1186 procedit.
1534 1115 1601 1170 Et
1628 1116 1927 1184 interrogo,
1955 1121 2139 1168 utrum

542 1213 595 1269 id
626 1212 800 1282 ipsum
826 1212 899 1265 sit
923 1225 951 1264 a
978 1209 1122 1265 Filio
1148 1209 1397 1279 accipere
1424 1248 1437 1271 ,
1490 1206 1637 1278 quod
1677 1220 1706 1260 a
1748 1206 1906 1261 Patre
1958 1219 2147 1275 proce-

542 1309 695 1364 dere.
751 1307 906 1375 Quod
952 1306 998 1361 si
1038 1305 1116 1373 (b)
1153 1303 1375 1359 diﬂ'erre
1423 1303 1679 1358 credetur
1723 1301 1864 1355 inter
1898 1300 2147 1369 accipere

542 1416 572 1456 a
604 1399 747 1456 Filio
768 1440 783 1464 ,
816 1407 872 1453 et
898 1414 927 1452 ι
955 1398 1115 1453 Patre
1151 1394 1483 1465 procedere;
1518 1401 1666 1450 certe
1698 1392 1747 1448 id
1781 1393 1952 1463 ipsum
1984 1399 2146 1459 atque

542 1509 710 1547 unum
738 1505 862 1547 esse
889 1489 1321 1555 existimabitnr,
1349 1504 1379 1543 a
1408 1487 1548 1544 Filio
1578 1487 1827 1556 accipere
1850 1527 1866 1553 ,
1899 1482 1972 1558 (ι)
2002 1484 2145 1556 quod

542 1585 615 1640 sit
656 1584 908 1656 accipere
934 1598 963 1636 a
993 1582 1173 1638 Patre.
1225 1578 1347 1650 Ipse
1375 1581 1522 1636 enim
1550 1578 1813 1634 Dominus
1843 1579 1949 1633 ait:
1999 1578 2143 1646 Quo-

542 1677 683 1731 niam
704 1676 767 1730 de
795 1691 906 1729 meo
928 1674 1166 1743 accipiet,
1197 1681 1244 1728 et
1264 1671 1589 1727 annuutiabit
1609 1671 1769 1725 vobis.
1796 1669 1985 1724 Omnia
2007 1686 2143 1739 qua:-

2254 645 2628 717 intelligentize
2673 645 2975 702 libertatem
3033 645 3289 700 haeretica
3350 644 3672 713 perversitas
3711 657 3806 703 est:

2253 748 2311 794 ut
2333 739 2538 795 dictum
2571 739 2673 797 hoc
2700 737 2935 804 Domini,
2965 737 3108 806 quod
3137 737 3261 807 quia
3303 737 3485 793 omnia
3511 753 3631 806 quas
3662 737 3809 795 Patris

2250 845 2396 900 sunt,
2442 848 2537 889 sua
2568 841 2697 887 sunt
2714 871 2730 897 ,
2770 832 2974 889 ideirco
2999 846 3030 885 a
3055 845 3115 887 se
3139 830 3372 901 accipiet
3398 828 3627 898 Spiritus
3650 832 3814 886 verita-

2252 928 2358 989 tis.
2411 940 2518 985 non
2561 926 2630 980 ad
2678 924 2941 985 unitatem
2982 923 3307 987 conﬁteatur
3353 920 3693 979 referendum
3714 938 3813 980 esse

2250 1029 2473 1075 natura}.

2319 1117 2409 1171 21.
2466 1115 2561 1171 Dei
2604 1126 2649 1171 et
2687 1115 2882 1172 Christi
2907 1132 3040 1171 unus
3079 1123 3154 1171 est
3196 1114 3448 1187 Spiritus.
3475 1144 3549 1158 --
3574 1113 3817 1185 Loquatur

2247 1208 2392 1266 enim
2421 1208 2511 1265 illo
2537 1249 2551 1275 ,
2579 1208 2673 1280 qui
2703 1209 2987 1288 electionis
3006 1217 3097 1264 est
3124 1222 3219 1263 vas
3246 1218 3305 1263 et
3344 1206 3589 1277 gentium
3620 1207 3815 1269 doctor.

2246 1300 2543 1357 secundum
2576 1302 2819 1361 veritatis
2863 1300 3276 1370 intelligentiam
3307 1300 3414 1357 ﬁde
3443 1301 3696 1356 Romanae
3720 1300 3816 1369 ple-

2247 1395 2331 1453 bis
2373 1404 2498 1450 ante
2547 1395 2779 1450 laudata.
2830 1395 3030 1451 Valens
3077 1395 3222 1450 enim
3266 1406 3478 1451 naturae
3506 1395 3746 1450 unitatem
3772 1396 3816 1450 in

2248 1489 2410 1544 Patre
2438 1496 2492 1543 et
2516 1489 2653 1544 Filio
2690 1487 2907 1555 docere,
2932 1490 3002 1542 ita
3026 1488 3101 1542 ait
3132 1487 3311 1558 (Rom.
3359 1504 3480 1555 vui,
3531 1487 3588 1555 9,
3639 1487 3819 1558 seqq):

2257 1578 2360 1635 Vos
2387 1590 2556 1636 autem
2577 1596 2678 1637 non
2702 1581 2820 1637 estis
2848 1582 2900 1635 in
2928 1596 3084 1635 carne
3109 1622 3125 1646 ,
3159 1578 3249 1635 sed
3273 1580 3327 1635 its
3368 1579 3573 1650 Spiritu
3600 1578 3675 1650 (ὅ)
3704 1578 3759 1651 (Ω
3782 1579 3820 1637 si

2247 1672 2453 1743 quidem
2485 1672 2717 1740 Spiritus
2742 1671 2838 1728 Dei
2852 1672 2905 1727 iu
2916 1664 3058 1727 (vobis
3078 1681 3171 1728 est.
3198 1672 3258 1729 Si
3275 1672 3388 1743 quis
3404 1682 3576 1727 autent
3594 1671 3818 1741 Spiritum

541 1785 757 1839 curaque
783 1768 933 1823 habet
963 1766 1137 1833 Pater,
1159 1781 1273 1820 mea
1300 1775 1419 1822 sunt
1443 1782 1460 1821 ε
1488 1773 1756 1837 propterea
1777 1761 1906 1828 disi,
1932 1760 2011 1817 De
2036 1779 2145 1816 meo
2174 1752 2220 1815 B
2250 1762 2442 1818 Christi
2473 1780 2573 1818 non
2596 1764 2765 1831 habet,
2796 1765 2878 1819 hic
2896 1780 3001 1820 non
3018 1773 3090 1818 est
3116 1768 3248 1838 ejus.
3271 1763 3333 1819 Si
3353 1774 3524 1823 autem
3544 1763 3759 1823 Christus
3775 1765 3820 1817 in

540 1865 760 1932 accipiet
787 1905 800 1929 ,
841 1871 887 1919 et
931 1859 1259 1915 annuutiabit
1286 1859 1425 1914 vobis
1454 1858 1473 1928 (
1500 1856 1639 1912 Ibid.
1673 1856 1741 1912 14
1768 1867 1818 1911 et
1845 1857 1914 1912 15
1935 1854 1975 1929 ).
2033 1855 2146 1913 Hoc

541 1954 685 2027 quod
738 1954 966 2023 accipiet
1014 1951 1166 2020 (sive
1207 1960 1448 2023 potestas
1487 1960 1567 2007 est
1595 1991 1610 2017 ,
1644 1952 1758 2004 sive
1789 1949 1958 2003 virtus
1985 1990 1998 2015 ,
2031 1949 2146 2005 sive

546 2047 793 2105 doctrina
820 2045 949 2115 est),
979 2043 1150 2105 Filius
1178 2059 1207 2097 a
1236 2058 1298 2100 se
1326 2042 1699 2113 accipiendum
1727 2055 1851 2096 esse
1879 2040 2051 2095 dixit:
2092 2049 2147 2096 et

542 2152 759 2195 rursum
805 2134 907 2192 hoc
947 2135 1124 2206 ipsum
1171 2134 1443 2205 signiﬁcat
1480 2131 1853 2202 accipiendum
1899 2146 2021 2187 esse
2077 2131 2146 2188 de

544 2231 729 2288 Patre.
775 2227 912 2284 Cum
939 2228 1084 2284 enim
1117 2226 1193 2282 ait
1216 2267 1232 2292 ,
1264 2225 1444 2281 omnia
1474 2239 1830 2296 qumcumque
1856 2223 2018 2278 habet
2047 2223 2141 2278 Pa.

544 2334 628 2381 ter
655 2364 670 2388 ,
695 2338 789 2381 sua
815 2337 943 2380 esse
965 2362 981 2389 ,
1027 2331 1084 2378 et
1105 2320 1310 2377 idcirco
1340 2318 1545 2379 dixisse
1572 2333 1632 2374 se
1654 2317 1721 2373 de
1749 2330 1848 2374 suo
1876 2317 2147 2388 accipien-

543 2418 670 2475 dum
700 2433 852 2475 esse:
893 2416 1054 2473 docet
1083 2415 1246 2470 etiam
1271 2428 1302 2468 a
1331 2412 1490 2468 Patre
1522 2409 1836 2482 accipienda
1863 2452 1878 2477 ,
1921 2425 1951 2466 a
1979 2425 2039 2466 se
2067 2419 2145 2466 ta-

545 2527 670 2569 men
698 2510 909 2582 accipi;
953 2510 1079 2581 quia
1108 2509 1289 2565 omnia
1316 2523 1436 2577 quae
1464 2507 1639 2567 Patris
1669 2515 1793 2560 sunt
1818 2545 1834 2572 ,
1881 2518 1975 2559 sua
2013 2505 2142 2559 sint.

544 2604 661 2663 Non
696 2603 859 2659 habet
881 2604 996 2659 haec
1023 2603 1204 2657 unitas
1224 2599 1629 2655 diversitatem:
1660 2612 1762 2653 nec
1783 2595 1963 2653 diﬁ'ert
1985 2612 2015 2651 a
2036 2611 2144 2666 quo

542 2708 827 2770 acceptum
858 2698 972 2765 sit,
997 2695 1141 2768 quod
1170 2695 1358 2751 datum
1383 2709 1411 2747 a
1440 2693 1599 2749 Patre
1618 2732 1634 2759 ,
1666 2690 1849 2746 datum
1880 2689 2145 2746 referatur

544 2808 574 2848 a
604 2792 768 2848 Filio.
817 2789 1086 2861 Numquid
1115 2798 1170 2845 et
1197 2788 1287 2843 hic
1325 2785 1621 2841 voluntatis
1649 2785 1826 2840 unitas
1855 2782 2145 2839 atl’eretur?

542 2887 735 2944 Omnia
779 2901 899 2955 quas
931 2884 1095 2939 habet
1126 2882 1324 2945 Pater,
1356 2878 1479 2934 Filii
1504 2885 1664 2933 sunt:
1709 2884 1763 2933 et
1804 2876 1985 2939 omnia
2022 2891 2145 2947 quae

550 2979 675 3038 Filii
702 2980 868 3052 323
893 2986 1037 3040 sunt,
1068 2974 1245 3036 Patris
1270 2982 1419 3028 sunt.
1448 2969 1569 3041 Ipse
1596 2971 1741 3029 enim
1771 2968 1846 3025 ait
1872 2986 1883 3022 :
1935 2966 2003 3033 Et
2034 2986 2144 3023 mea

541 3072 717 3127 omnia
738 3082 831 3126 tua
851 3078 994 3133 sunt,
1026 3076 1074 3122 et
1104 3075 1192 3120 tua
1211 3081 1325 3121 mea
1348 3062 1534 3137 (locu.
1566 3079 1697 3131 xvtt,
1734 3065 1846 3135 10).
1894 3062 2142 3121 Nondum

2248 1856 2385 1910 vobis
2407 1864 2501 1920 est,
2531 1872 2715 1927 corpus
2742 1856 2947 1926 quidem
2961 1866 3219 1910 mortuum
3246 1865 3321 1911 est
3343 1853 3424 1930 (g)
3450 1873 3542 1925 per
3558 1866 3817 1924 peccatum,

2247 1948 2457 2020 spiritus
2484 1956 2653 2002 autem
2679 1949 2783 2002 vita
2811 1959 2883 2003 est
2909 1947 2985 2019 (4)
3011 1965 3101 2018 per
3110 1949 3403 2022 justitiam.
3435 1949 3498 2005 Si
3527 1959 3691 2003 autem
3714 1947 3822 2017 Spi-

2245 2044 2375 2099 ritus
2387 2047 2521 2117 ejus,
2534 2043 2621 2113 qui
2636 2044 2897 2099 suscitavit
2911 2041 2945 2096 J
2951 2059 3094 2097 esum
3104 2043 3379 2110 emortuis,
3399 2043 3591 2101 habitat
3609 2044 3791 2103 iuvabit
3804 2061 3820 2110 ;

2245 2136 2336 2208 qui
2346 2136 2609 2191 suscitavit
2624 2134 2701 2205 (h)
2711 2136 2965 2191 Christum
2977 2153 3009 2190 a
3020 2137 3251 2202 mortuis,
3266 2137 3545 2208 viviﬁcabit
3553 2146 3601 2193 et
3610 2139 3823 2195 mortalia

2244 2244 2465 2299 corpora
2492 2238 2661 2285 vestra
2678 2239 2887 2302 propter
2906 2230 3072 2302 πω
3092 2229 3347 2299 Spiritum
3360 2246 3535 2300 suum,
3554 2232 3638 2299 qui
3651 2232 3822 2289 habitat

2245 2323 2302 2376 in
2329 2322 2490 2376 vobis.
2544 2320 2826 2391 Spiritales
2866 2336 3058 2379 omnes
3097 2338 3288 2378 sumus
3311 2363 3329 2389 ,
3375 2323 3422 2378 si
3470 2324 3525 2379 in
3571 2325 3721 2380 nobis
3754 2333 3824 2381 est

2246 2413 2483 2484 Spiritus
2510 2412 2631 2469 Dei.
2679 2413 2785 2469 Sed
2816 2414 2904 2470 hic
2946 2412 3182 2486 Spiritus
3229 2415 3324 2470 Dei
3348 2456 3364 2483 ,
3403 2415 3473 2487 (i)
3520 2427 3576 2472 et
3614 2415 3824 2486 Spiritus

2244 2504 2445 2562 Christi
2468 2514 2570 2562 est.
2624 2508 2688 2561 Et
2717 2522 2840 2563 cum
2877 2508 3078 2563 Christi
3110 2509 3343 2579 Spiritus
3377 2509 3450 2584 (j)
3483 2511 3537 2565 in
3568 2511 3722 2567 nobis
3748 2513 3823 2575 sit,

2245 2598 2364 2668 ejus
2397 2608 2577 2653 tamen
2601 2598 2835 2668 Spiritus
2860 2600 2913 2656 in
2942 2598 3100 2656 nobis
3123 2610 3209 2657 est
3231 2642 3247 2669 ,
3294 2603 3386 2672 qui
3416 2601 3693 2665 Christum
3717 2619 3826 2659 sus-

2244 2690 2430 2747 citavit
2454 2704 2485 2755 a
2512 2692 2739 2747 mortuis
2767 2709 2780 2746 :
2816 2702 2871 2747 et
2896 2693 2985 2763 qui
3013 2694 3295 2748 suscitavit
3337 2694 3611 2751 Christum
3643 2711 3675 2750 a
3704 2712 3830 2752 mor-

2249 2783 2392 2850 tuis,
2461 2798 2687 2855 corpora
2751 2800 2965 2857 quoque
3014 2795 3197 2843 nostra
3245 2788 3494 2844 mortalia
3553 2789 3828 2846 viviﬁcahit

2244 2886 2464 2947 propter
2509 2877 2837 2935 habitantem
2893 2880 3151 2949 Spiritum
3200 2880 3319 2951 ejus
3363 2882 3416 2939 in
3469 2884 3648 2943 nobis.
3703 2884 3825 2939 Viri

2246 2973 2470 3029 ﬁcamur
2494 2987 2623 3043 ergo
2649 3014 2664 3040 ,
2701 2984 2921 3045 propter
2948 2975 3280 3035 habitantem
3314 2978 3366 3035 in
3398 2979 3554 3037 nobis
3586 2978 3828 3048 Spiritum

2248 3062 2479 3135 Chrisﬁ,
2507 3080 2603 3136 per
2631 3081 2754 3121 eum
2778 3066 2868 3137 qui
2896 3063 3171 3127 Christum
3204 3071 3487 3127 suscitavit
3531 3086 3563 3127 a
3592 3074 3827 3129 mortuis.

541 3164 651 3220 loci
681 3170 768 3221 est
794 3203 810 3227 ,
843 3168 905 3219 ut
934 3160 1302 3215 demonstrem
1331 3197 1347 3225 ,
1379 3173 1479 3213 cur
1506 3157 1580 3212 ita
1605 3157 1836 3212 dixerit:
1886 3156 2140 3224 Quoniam
2172 3139 2217 3205 C
2252 3156 2319 3212 Et
2347 3172 2470 3212 cum
2498 3161 2616 3228 ejus
2644 3198 2659 3224 ,
2691 3159 2779 3228 qui
2805 3159 3085 3215 suscitavit
3111 3159 3384 3223 Christum
3412 3179 3441 3218 a
3474 3165 3708 3221 mortuis
3730 3207 3744 3232 ,
3788 3168 3830 3221 in

542 3255 608 3309 de
630 3268 739 3315 meo
765 3251 1015 3321 accipiet:
1047 3249 1208 3305 futuri
1235 3248 1380 3305 enim
1415 3249 1675 3317 temporis
1698 3248 2018 3318 signiﬁcatio
2035 3257 2139 3314 est,

543 3348 632 3405 ubi
656 3354 976 3417 accepturus
1006 3342 1331 3401 ostenditur.
1385 3343 1538 3399 Nunc
1568 3352 1718 3398 certe
1756 3342 1880 3399 ideo
1905 3357 1935 3397 a
1959 3356 2020 3401 se
2049 3357 2137 3407 ac-

543 3450 829 3511 cepturum
857 3438 950 3500 ait.
981 3437 1107 3508 quia
1137 3436 1320 3492 omnia
1348 3435 1523 3491 Patris
1545 3449 1638 3490 sua
1671 3443 1874 3491 essent.
1924 3433 2144 3491 Disseca

546 3545 753 3590 natura:
787 3532 945 3601 hujus
971 3573 987 3594 ,
1015 3528 1063 3585 si
1092 3538 1269 3599 potes,
1294 3528 1558 3584 unitatem
1583 3544 1595 3580 :
1639 3534 1694 3582 et
1719 3525 1952 3597 aliquam
1981 3526 2142 3581 dissi-

542 3628 869 3687 militudinis
901 3625 1038 3682 infer
1069 3625 1446 3681 necessitatem
1474 3664 1489 3688 ,
1522 3638 1616 3691 per
1646 3636 1805 3691 quam
1838 3620 2004 3679 Filius
2035 3638 2140 3678 non

542 3721 614 3779 sit
640 3718 697 3773 in
730 3719 936 3773 unitate
965 3726 1196 3773 natnrze.
1249 3717 1287 3770 Α
1321 3716 1480 3773 Patre
1503 3715 1646 3769 enim
1683 3711 1927 3784 procedit
1973 3713 2142 3783 Spiri-

551 3822 637 3869 tus
664 3810 906 3868 veritatis
933 3828 945 3863 :
972 3809 1067 3865 sed
1096 3809 1177 3878 (d)
1204 3824 1232 3863 a
1254 3808 1396 3865 Filio
1419 3824 1449 3862 a
1481 3807 1641 3863 Patre
1672 3807 1917 3863 tnittitnr.
1949 3806 2140 3863 Omnia

542 3923 661 3977 qua:
694 3907 866 3962 Patris
894 3913 1021 3963 sunt
1045 3945 1061 3969 ,
1094 3904 1219 3959 Filii
1249 3913 1408 3960 sunt:
1449 3912 1503 3959 et
1530 3903 1730 3961 idcirco
1759 3903 2017 3974 quidquid
2045 3919 2140 3961 ac-

542 3998 739 4065 cipiet,
786 4012 816 4052 a
860 3995 999 4052 Filio
1021 3993 1104 4069 (2)
1136 3993 1204 4066 (e)
1235 3996 1461 4066 accipiet
1500 3994 1592 4051 ille
1624 3995 1919 4051 mittendus
1943 4036 1958 4062 ,
2015 3998 2138 4066 quia

542 4089 663 4146 Filii
713 4100 839 4144 sunt
882 4088 1133 4143 universa
1161 4103 1281 4158 quae
1307 4087 1487 4142 Patris
1517 4096 1663 4142 sunt.
1714 4086 1915 4142 Natura
1957 4088 2141 4163 itaque

542 4185 596 4240 in
625 4184 876 4240 omnibus
907 4194 1051 4239 tenet
1076 4198 1225 4237 suam
1260 4182 1434 4252 legem
1461 4222 1477 4249 ,
1522 4191 1576 4236 et
1606 4179 1748 4252 quod
1784 4197 1947 4236 unttm
1979 4183 2140 4238 ambo

540 4289 666 4337 sunt
692 4319 707 4346 ,
759 4278 1002 4347 ejusdem
1028 4278 1078 4331 in
1112 4287 1343 4347 utroque
1371 4264 1477 4346 ι)εέ
1490 4275 1898 4347 generationem
1948 4277 2143 4333 nativi-

612 4416 692 4489 (1)
724 4415 791 4473 In
813 4420 950 4489 omni
976 4417 1199 4472 veritate.
1228 4416 1372 4484 Mox,
1405 4416 1647 4487 loquitur.
1687 4417 1901 4489 Postea,
1934 4437 2141 4478 annun-

541 4492 683 4546 tialu't
709 4494 825 4545 sine
849 4488 1008 4543 vobis.

614 4560 694 4634 (ἢ)
718 4562 938 4632 Accipit.

2248 3252 2405 3308 nobis
2430 3260 2514 3307 est
2537 3252 2805 3323 Spiritus;
2830 3265 2885 3308 et
2911 3253 3145 3325 Spiritus
3176 3254 3253 3327 (lt)
3292 3268 3473 3312 tamen
3502 3259 3557 3314 in
3590 3260 3746 3318 nobis
3765 3269 3834 3314 est

2248 3346 2469 3413 Christi,
2501 3363 2601 3404 nec
2624 3357 2801 3402 tamen
2825 3362 2930 3403 non
2960 3347 3055 3403 Dei
3082 3358 3166 3404 est
3186 3350 3420 3420 Spiritus
3440 3392 3455 3417 ,
3485 3353 3576 3422 qui
3607 3352 3669 3408 in
3698 3353 3834 3407 nobis

2248 3448 2349 3495 est.
2400 3440 2657 3501 Discerne
2695 3442 2856 3511 igitur
2878 3483 2894 3508 ,
2925 3456 2959 3495 ο
2989 3440 3239 3497 Ιιωιθιὶςθ
3261 3483 3278 3509 ,
3331 3442 3594 3512 Spiritum
3642 3446 3832 3503 Christi

2249 3548 2277 3585 a
2304 3533 2503 3601 Spiritu
2531 3534 2625 3590 Dei
2652 3578 2668 3605 ,
2710 3543 2770 3591 et
2794 3533 3015 3590 excitati
3046 3550 3077 3591 a
3103 3536 3332 3592 mortuis
3356 3536 3621 3609 Spiritum
3650 3541 3835 3599 Christi

2245 3626 2315 3689 ab
2347 3627 2550 3699 Spiritu
2576 3628 2671 3684 Dei
2702 3626 2977 3684 Christum
3021 3644 3050 3683 a
3095 3630 3323 3686 mortuis
3352 3632 3682 3699 exeitantis;
3730 3648 3835 3691 cum

2245 3721 2561 3781 inhabitans
2591 3721 2646 3781 in
2676 3721 2832 3779 nobis
2860 3723 3095 3792 Spiritus
3116 3722 3341 3788 Christi,
3373 3725 3611 3796 Spiritus
3636 3728 3728 3784 Dei
3748 3729 3833 3793 sit;

2244 3822 2298 3870 et
2329 3830 2449 3869 cum
2479 3815 2709 3884 Spiritus
2740 3815 2938 3870 Christi
2971 3832 3000 3869 a
3035 3817 3261 3873 mortuis
3295 3819 3516 3875 excitati
3548 3862 3563 3884 ,
3619 3821 3836 3893 Spiritus

2245 3913 2423 3971 tamen
2450 3905 2547 3961 Dei
2575 3906 2646 3965 sit
2674 3905 2946 3962 Christum
2979 3924 3007 3962 a
3036 3909 3266 3965 mortuis
3292 3912 3606 3969 exeitantis.

2315 3997 2405 4055 22.
2434 3998 2661 4070 Spiritus
2699 3998 2797 4055 Dei
2823 4017 2892 4056 an
2941 4012 3151 4069 natura,
3197 4020 3266 4059 an
3310 4021 3392 4060 res
3422 4017 3650 4064 naturai.
3676 4036 3746 4051 --
3779 4008 3838 4062 Et

2246 4107 2432 4162 qurere
2460 4106 2600 4145 nunc
2629 4093 2680 4146 in
2710 4090 2913 4161 Spiritu
2974 4094 3065 4149 Dei
3114 4102 3293 4151 utrum
3341 4108 3618 4166 naturam,
3645 4117 3709 4156 an
3736 4115 3835 4155 rem

2245 4195 2453 4240 natura:
2475 4184 2826 4256 signiﬁcatam
2850 4185 3153 4243 existimes.
3182 4187 3302 4243 Non
3332 4188 3473 4244 idem
3493 4200 3577 4246 est
3602 4191 3667 4264 (Ι)
3708 4191 3834 4245 enim

2250 4291 2465 4350 natura,
2489 4280 2632 4353 quod
2655 4288 2863 4337 natura:
2893 4296 2982 4337 res
3008 4300 3021 4338 :
3049 4282 3209 4339 sicuti
3237 4299 3344 4341 non
3371 4284 3515 4345 idem
3538 4296 3627 4343 est
3666 4287 3835 4347 homo.

2324 4423 2402 4495 (5)
2435 4422 2497 4479 Si
2537 4424 2742 4496 quidem
2771 4423 2999 4494 Spiritus
3040 4422 3137 4479 Dei
3174 4423 3369 4481 habitat
3397 4425 3454 4481 in
3490 4426 3671 4495 vobis,
3698 4426 3837 4497 juxta

2248 4509 2486 4565 grmcum
2520 4504 2745 4550 textum.

2317 4565 2397 4639 (4)
2435 4565 2652 4638 Propter
2663 4565 3112 4639 justiﬁcatiouem.

610 4698 685 4773 (a)
715 4698 788 4756 Ita
818 4696 969 4766 juxta
995 4709 1228 4766 grmcum
1261 4692 1431 4749 codex
1460 4692 1582 4749 Vat.
1614 4693 1729 4750 bas.
1762 4708 1884 4751 cum
1920 4694 2132 4753 Martin.
2165 4696 2215 4757 D
2313 4698 2363 4771 (ε
2418 4698 2546 4754 Mss.
2579 4698 2784 4768 accipit.
3235 4720 3240 4725 -

610 4770 892 4837 steris,lib.
920 4785 977 4833 It,
1013 4786 1065 4843 ιι.
1099 4768 1190 4835 55,
1212 4765 1684 4843 consentientibus
1712 4784 1724 4820 :
1755 4766 1806 4822 in
1834 4765 2028 4838 quibus
2059 4778 2136 4823 ta-
2290 4695 2388 4843 if;
2414 4770 2531 4826 Lib.
2565 4786 2601 4826 ιι
2624 4787 2725 4843 ιιι.
2750 4769 2824 4841 ,29
2850 4811 2865 4838 ,
2904 4785 3027 4829 cum
3075 4768 3240 4843 pluril

540 4765 892 4837 caiiérisJih.
920 4785 977 4833 It,
1009 4765 1065 4822 ιι.
1099 4768 1190 4835 55,
1222 4765 1684 4822 consentientibus
1712 4784 1724 4820 :
1755 4766 1806 4822 in
1834 4765 2028 4838 quibus
2059 4778 2136 4823 ta-

538 4860 663 4902 men
695 4844 779 4897 hic
808 4851 985 4897 exstat
1009 4841 1065 4893 in
1086 4838 1225 4894 omni
1254 4839 1482 4894 veritate.

609 4912 686 4989 (b)
716 4911 1068 4989 ln‘vnlgatis,
1112 4908 1244 4989 nihil
1274 4908 1500 4989 diﬂ'erre.
1548 4907 1772 4989 Decrius
1812 4907 1966 4989 abest
2005 4907 2138 4965 nihil

538 5002 568 5042 a
600 4980 732 5041 nisa.
766 4980 1093 5041 Conceditur
1118 4981 1442 5037 adversariis
1472 4980 1729 5052 quidquid
1756 4980 2040 5047 voluerint,
2080 4990 2138 5036 ut

541 5058 929 5113 invinciliilitcr
952 5055 1318 5112 revincantnr.

2414 4770 2531 4826 Lib.
2565 4786 2601 4826 lt
2624 4787 2725 4843 ,rn.
2750 4769 2824 4841 29
2850 4811 2865 4838 ,
2904 4785 3027 4829 cum
3075 4768 3320 4843 pluribus
3350 4784 3480 4827 mss.
3510 4779 3568 4828 et
3598 4768 3835 4839 omnibus

2315 4775 2364 4843 (ί

2241 4839 2371 4896 edit.
2401 4843 2594 4912 legitur
2615 4842 2658 4895 si
2686 4839 2876 4896 tamen.

2316 4912 2392 4987 (g)
2433 4912 2656 4987 Cnrnttl.
2708 4913 2877 4968 codex
2907 4954 2924 4982 ,
2973 4923 3184 4987 prapter
3228 4926 3494 4987 peccatum
3522 4931 3542 4969 :
3572 4924 3630 4970 ct
3676 4928 3792 4971 mox
3818 4954 3831 4979 ,

2244 4985 2451 5058 propter
2464 4985 2741 5058 justitiam.

2320 5053 2398 5127 (h)
2431 5053 2586 5119 Editi,
2622 5055 2882 5111 suscitavit
2923 5055 3135 5112 Iesum:
3180 5053 3567 5113 dissidentibus
3612 5072 3741 5112 mss.
3788 5060 3837 5109 tt

606 5130 683 5252 (Ic)
716 5129 844 5185 Mss.
877 5129 991 5183 bas.
1028 5127 1173 5193 Vat.,
1202 5123 1439 5189 Martin.,
1468 5123 1630 5179 Caro.
1660 5123 1857 5194 aliique
1880 5165 1894 5188 ,
1917 5121 2054 5192 quod
2074 5124 2141 5179 sit
2241 5121 2421 5198 graeco
2454 5137 2599 5182 textu
2628 5169 2640 5189 ,
2674 5127 2856 5197 utjam
2888 5138 3127 5184 notatum
3156 5127 3248 5182 lib.
3276 5141 3348 5192 ιι,
3392 5146 3444 5185 n.
3475 5129 3569 5185 29.
3616 5128 3735 5184 Mox
3784 5127 3828 5179 in

540 5219 573 5256 a
652 5211 758 5253 atre
786 5197 1071 5256 procedere.
1136 5196 1434 5252 tletinenda
1476 5197 1638 5252 lectio
1673 5194 1883 5256 vulgata
1911 5235 1926 5256 .
1972 5211 2132 5256 quam
2238 5209 2431 5255 vetere
2464 5214 2566 5253 ms.
2600 5197 2751 5253 Colb.
2781 5197 3017 5256 spiritum
3047 5202 3179 5256 eius.
3213 5213 3318 5253 non
3342 5215 3515 5254 suum.

652 5194 758 5253 atro
786 5197 1071 5268 procedere.
1136 5196 1434 5252 Retineuda
1476 5197 1638 5268 lectio
1673 5194 1883 5266 vulgata
1909 5235 1926 5261 ,
1972 5211 2132 5266 quam

540 5287 661 5327 cum
684 5267 888 5335 Optimo
916 5270 1069 5325 Colb.
1100 5268 1357 5323 exhibent
1385 5278 1436 5322 et
1468 5267 1649 5337 plures
1680 5282 1812 5321 mss.

613 5342 693 5415 (ά)
719 5332 774 5415 _ln
804 5343 1053 5412 vulgatis,
1097 5356 1129 5415 tt
1164 5338 1301 5394 Filio
1331 5332 1548 5415 iitittiiur
1576 5348 1623 5415 e_t
1650 5354 1695 5415 ᾳ.
1717 5332 1992 5415 Ραιτςεωῐιι
2026 5355 2128 5415 ms.

548 5406 841 5476 bas.'Vat.,
871 5406 977 5467 u'no
1007 5406 1239 5467 Sorbon.
1290 5420 1340 5465 et
1385 5411 1555 5465 altero
1584 5408 1737 5465 Colb.
1772 5428 1802 5465 a
1838 5406 1972 5465 Filio
1993 5409 2128 5467 acci-

2238 5197 2566 5273 vetere.ms.
2600 5197 2751 5273 Colb.
2776 5197 3017 5273 spiritum
3047 5202 3179 5273 ejus,
3212 5213 3515 5273 unusunus.

2337 5269 2385 5351 ᾖ).
2430 5269 2549 5324 Par.
2606 5269 2848 5351 sed__liic
2910 5269 3183 5351 Spiritum.
3212 5269 3397 5351 hlelius
3452 5270 3546 5325 alii
3599 5269 3743 5337 libri,
3790 5277 3833 5321 et

2239 5338 2494 5411 SpNitus,
2527 5340 2677 5411 quasi
2705 5341 2840 5395 idem
2868 5338 3065 5411 quoque
3090 5338 3337 5411 Spiritus.

2278 5410 2388 5493 :(j)
2412 5411 2501 5493 Sic
2548 5410 2681 5468 mss.
2716 5414 2784 5471 At
2811 5410 3023 5480 excusi,
3056 5414 3111 5467 iu
3137 5410 3299 5467 nobis
3322 5420 3420 5483 est,
3444 5413 3558 5488 ejus
3579 5423 3690 5471 tum
3721 5410 3836 5483 Spi—

544 5485 667 5555 piet.
698 5502 731 5540 a
761 5483 915 5539 Patre
941 5484 1194 5555 mittitur;
1238 5481 1295 5536 In
1322 5482 1533 5555 Martin.
1578 5498 1625 5555 u_
1653 5478 1791 5534 Filio
1823 5482 2005 5555 accipit
2035 5495 2079 5555 et
2108 5499 2141 5539 tt
2241 5478 2394 5555 ritu's'.
2428 5488 2531 5555 etc.

553 5550 716 5609 Patre
744 5556 982 5609 mittitur.
1021 5554 1208 5611 Verius
1239 5555 1290 5607 in
1315 5554 1554 5622 pluribus
1581 5552 1724 5616 aliis,
1753 5569 1784 5606 a
1816 5550 1952 5608 Filio
1975 5572 2006 5607 a
2034 5551 2141 5609 Pae

556 5636 632 5678 tre
658 5626 912 5690 mittitur;
947 5641 1067 5680 cum
1102 5625 1241 5680 haud
1268 5623 1429 5679 dubie
1457 5623 1780 5690 t'eSpiciatnr
1806 5624 1964 5685 illud,
1998 5642 2143 5688 quem

562 5695 878 5766 egami'tam
906 5696 1041 5759 vobis
1071 5714 1100 5757 a
1141 5696 1320 5751 Patre.
1365 5695 1688 5766 Scrupulose
1732 5695 1868 5751 adeo
1916 5695 2150 5757 Hilarius

561 5764 745 5827 omnia
770 5766 839 5823 de
863 5765 1064 5840 Spiritu
1096 5777 1282 5823 sancto
1305 5767 1467 5824 verba
1488 5764 1627 5824 suae
1648 5764 1938 5841 Scripturis
1962 5769 2149 5840 exigit.

2327 5552 2406 5629 (lt)
2432 5553 2667 5629 llursum
2696 5552 2751 5629 in
2781 5555 2868 5613 hic
2890 5553 3103 5615 excusis
3132 5564 3236 5610 tum
3270 5571 3366 5624 pro
3397 5565 3565 5629 tamen
3597 5563 3736 5629 erat.

2335 5624 2396 5697 (ι)
2425 5624 2597 5697 Abest
2637 5626 2771 5697 enim
2800 5644 2827 5681 a
2884 5629 3269 5682 vetustioribus
3307 5642 3440 5687 mss.
3465 5626 3735 5696 Quzeritur
3756 5624 3833 5681 hic

2252 5695 2430 5761 utrum
2456 5695 2684 5770 Spiritus
2712 5695 2812 5752 Dei
2822 5701 3057 5770 (nomine
3083 5695 3548 5770 propriamAPatris
3571 5706 3832 5762 naturam,

2255 5784 2325 5825 an
2356 5783 2474 5825 rem
2502 5762 2671 5826 "illius
2709 5769 2927 5842 quidem
2960 5762 3252 5845 propriam,
3279 5762 3376 5829 sed
3412 5768 3485 5827 ab
3519 5770 3640 5846 ipso
3666 5778 3832 5828 tamen
