3930 6194
110 260 197 315 9ῧῖ

1289 273 1375 329 DE
1415 272 1785 333 TRINITATE
1826 279 2026 335 LIBER
2071 281 2199 340 VIII.

3266 299 3370 354 951

109 389 156 433 ct
193 380 328 448 quod
371 378 609 438 hominis
639 392 743 453 est,
774 399 876 441 nec
928 386 1067 442 idem
1122 398 1206 445 est
1260 391 1420 463 ignis,
1459 401 1514 450 et
1539 395 1679 466 quod
1708 397 1764 457 A
1786 397 1887 452 rali
1912 399 2092 468 modo,
2117 415 2236 467 eum
2266 401 2464 459 alicubi
2495 404 2641 474 insit,
2674 421 2779 462 non
2811 415 2865 464 et
2894 409 3088 480 ubique
3117 427 3236 467 esse
3260 430 3378 469 cre-

109 471 229 543 ignis
254 473 419 542 ipsius
439 484 554 531 est:
578 485 633 531 et
659 478 954 534 secundum
982 479 1086 537 hoc
1106 496 1213 538 non
1241 482 1381 540 idem
1410 495 1490 541 est
1513 487 1675 555 Deus,

109 572 157 618 et
176 564 306 635 quod
347 565 438 621 Dei
468 576 572 623 est.
1080 632 1093 647 κ

169 658 249 712 23.
280 657 434 713 Modo
458 658 689 727 Patrem,
714 665 865 720 modo
884 666 1050 737 filium
1080 668 1431 742 signiﬁcat.——
1458 672 1674 731 Memini

107 752 232 807 enim
256 752 308 806 in
352 753 557 823 Spiritu
611 756 701 811 Dei
751 758 820 812 ita
854 759 1020 814 ﬁlium
1073 762 1164 818 Dei
1210 766 1520 835 signiﬁcari,
1542 768 1673 825 utin

104 858 167 898 eo
188 842 253 912 (α)
283 845 419 901 Deus
470 858 625 917 pater
651 848 1053 908 demonstratus
1079 869 1200 911 esse
1238 856 1587 931 intelligatur,
1622 869 1677 918 et

106 938 166 990 ad
192 938 416 1007 cujusvis
442 938 960 1000 demonstrationem
1005 961 1166 1017 posse
1193 950 1551 1019 signiﬁcatum
1579 953 1673 1010 Dei

105 1030 334 1100 Spiritum
368 1034 639 1102 pertinere
663 1052 676 1089 :
698 1051 873 1108 neque
891 1048 1096 1095 tantum
1126 1041 1225 1096 hoc
1248 1058 1313 1097 ex
1339 1045 1670 1114 prepuetica,

105 1123 189 1180 sed
216 1140 275 1180 ex
310 1126 615 1197 evangeliea
648 1133 968 1188 auctoritate
1016 1138 1328 1204 monstrari,
1384 1153 1504 1193 cum
1536 1139 1671 1194 dici-

103 1227 204 1272 tur:
222 1218 435 1291 Spiritus
453 1218 664 1276 Domini
677 1240 833 1291 super
852 1243 952 1293 me,
968 1237 1237 1297 prapterea
1258 1231 1404 1285 unxit
1418 1249 1497 1286 me
1516 1232 1667 1303 (Luc.

101 1323 165 1375 tv,
186 1310 297 1381 l8);
324 1318 378 1366 et
404 1327 619 1368 rursum
652 1314 890 1385 (Matth,
925 1334 1021 1387 xu,
1052 1320 1140 1393 18)
1177 1339 1190 1376 :
1224 1321 1354 1376 Ecce
1384 1339 1510 1389 puer
1532 1342 1673 1380 meus

99 1420 225 1474 quem
242 1405 381 1477 elegi,
400 1405 616 1461 dilectus
634 1426 771 1464 meus
795 1412 845 1465 in
864 1428 962 1482 quo
990 1418 1299 1483 complacuit
1322 1419 1508 1474 animo:
1526 1436 1665 1487 mete,

98 1513 268 1566 ponant
293 1513 434 1568 super
456 1514 572 1552 eum
602 1497 852 1573 Spiritum
876 1504 1040 1579 230
1067 1524 1233 1561 meum
1258 1521 1348 1575 ;et
1370 1511 1486 1580 ipso
1516 1512 1583 1567 de
1611 1529 1671 1569 se

97 1591 302 1646 Domino
331 1600 563 1650 testante
592 1613 606 1649 :
630 1595 692 1652 Si
735 1607 903 1652 autem
932 1601 988 1654 in
1040 1600 1242 1670 Spiritu
1263 1601 1360 1659 Dei
1387 1600 1479 1677 eg'o
1518 1608 1671 1680 ejicio

94 1685 342 1752 demetrio,
371 1688 545 1758 utique
568 1691 892 1761 appmpiavit
931 1694 983 1747 in
1013 1694 1151 1750 vobis
1179 1713 1389 1770 regnum
1415 1697 1508 1753 Dei
1535 1699 1667 1774 1b.,

1780 491 1979 549 datur:
2009 509 2130 550 cum
2165 511 2262 567 per
2287 514 2381 553 sua
2428 498 2482 554 in
2534 502 2784 556 omnibus
2822 517 2944 559 esse
2986 520 3092 560 non
3121 507 3330 563 desinat
3360 528 3374 571 ;

1779 603 1886 642 non
1920 588 2062 643 aliud
2108 601 2287 647 autem
2337 591 2466 658 sint,
2513 609 2674 663 quam
2725 595 2866 665 quod
2920 604 3003 651 est
3047 598 3202 667 ipse,
3256 616 3375 670 qua:

1782 696 1879 737 sua
1907 691 2050 738 sunt.
2106 682 2171 742 Et
2196 684 2313 741 htec
2352 686 2567 758 quidem
2600 687 2666 743 ad
2714 698 2921 745 naturzn
2965 692 3374 766 intelligentiam

1780 775 1919 832 dicta
1949 789 2093 834 sunt.

1847 870 1941 927 25.
1974 870 2040 926 In
2083 872 2285 945 Spiritu
2339 872 2438 929 Dei
2484 876 2804 948 signiﬁcatur
2829 875 3003 933 Pater.
3032 878 3367 954 Signiﬁcatur

1778 962 1969 1020 Filius.
2003 960 2342 1037 Signiﬁcatur
2388 980 2435 1022 et
2481 967 2709 1034 Spiritus
2748 973 3110 1027 sanctus—In
3161 973 3364 1043 Spiritu

1779 1066 1958 1113 autem
2010 1060 2100 1115 Dei
2133 1060 2205 1133 (ε)
2233 1073 2436 1129 patrem
2489 1062 2652 1117 Deum
2681 1062 2994 1134 signiﬁcari,
3020 1065 3091 1120 ita
3122 1070 3373 1123 existimo

1778 1153 2004 1224 intelligi
2048 1164 2321 1225 oportere,
2353 1156 2492 1227 quod
2546 1157 2803 1225 Spiritum
2844 1158 3054 1213 Domini
3103 1173 3265 1229 super
3313 1177 3372 1216 se

1775 1262 1896 1302 esse
1941 1247 2199 1303 Dominus
2234 1246 2395 1304 Jesus
2421 1249 2670 1307 Christus
2715 1250 2989 1323 professus
3032 1256 3123 1317 sit,
3154 1261 3372 1324 propter

1776 1337 1918 1408 quod
1951 1353 2073 1392 eum
2107 1349 2290 1409 ungat,
2320 1351 2373 1394 et
2404 1342 2578 1396 mittat
2620 1340 2687 1397 ad
2739 1343 3237 1413 evangt-lizandum.
3272 1344 3370 1399 Pa-

1778 1440 1942 1487 terna:
1971 1431 2113 1487 enim
2146 1444 2351 1487 natura:
2369 1434 2541 1490 virtus
2564 1436 2617 1491 in
2636 1453 2701 1491 eo
2725 1436 3135 1505 manifestatur;
3167 1448 3372 1495 naturae

1781 1539 1893 1580 sua:
1919 1526 2357 1583 communionem
2410 1528 2460 1587 in
2495 1528 2633 1584 Filio
2662 1529 2819 1584 etiam
2851 1531 2920 1605 (ί)
2954 1532 3006 1586 in
3050 1548 3214 1591 carne
3244 1543 3371 1590 nato

1776 1634 1872 1689 per
1894 1630 2287 1674 sacramentum
2314 1622 2576 1690 spiritalis
2600 1625 2757 1694 hujus
2782 1606 3049 1681 ιιιίριίιιιιῑς
3078 1627 3370 1683 ostendens

1780 1709 2025 1784 (Mutth.,
2053 1728 2131 1777 ιιι,
2162 1713 2278 1779 17),
2312 1728 2431 1768 cum
2466 1724 2585 1784 post
2622 1719 2976 1771 consummati
2998 1718 3247 1789 baptismi
3278 1736 3373 1775 na-

97 1773 182 1881 2_8)
207 1794 220 1829 =
245 1779 353 1833 haec
373 1780 517 1834 enim
548 1781 804 1881 videntur
834 1782 906 1857 (ὁ)
934 1801 1039 1841 non
1071 1787 1320 1859 ambigue
1342 1791 1423 1845 vel
1454 1773 1665 1848 Patrem
1698 1797 1746 1858 B
1776 1773 2036 1859 l‘ivitatem
2058 1773 2164 1859 tutu
2197 1773 2314 1862 tunc
2337 1804 2413 1878 (g)
2443 1773 2657 1878 quoque
2681 1809 3021 1879 proprietatis
3047 1773 3366 1881 signilICatio

92 1872 387 1942 signiﬁcare,
425 1877 509 1930 vel
561 1875 749 1946 lilium,
807 1882 1057 1937 virtutem
1089 1891 1268 1940 tamen
1315 1895 1517 1943 natum
1547 1904 1664 1943 ma-

91 1965 370 2023 nilestantia
397 1967 501 2041 (l).

148 2059 229 2113 24.
251 2059 354 2114 Cur
378 2072 592 2134 uterque
642 2064 810 2141 dictus
838 2068 902 2122 sit
936 2066 1258 2140 Spiritus.—
1291 2071 1534 2145 Namque
1578 2074 1661 2129 ιι.

89 2152 213 2207 circo
235 2152 431 2209 dictum
460 2152 719 2214 existimo
746 2160 800 2215 in
830 2169 1055 2233 utroque
1082 2162 1153 2234 (c)
1179 2162 1408 2234 Spiritus
1441 2164 1566 2230 Dei,
1596 2182 1665 2221 ne

90 2249 355 2304 secundum
387 2256 702 2324 corporales
727 2256 921 2312 modos
954 2260 1021 2313 ila
1060 2260 1238 2316 inesse
1264 2260 1459 2316 Filium
1482 2260 1534 2315 in
1562 2263 1662 2318 Pa-

91 2343 157 2394 tre
179 2340 254 2395 vel
296 2341 514 2399 Patrem
545 2346 598 2400 in
630 2346 767 2403 Filio
798 2348 1142 2407 crederemus
1173 2370 1185 2405 :
1212 2353 1418 2408 scilicet
1448 2370 1514 2410 ne
1542 2354 1663 2410 loco

90 2432 210 2489 Deus
233 2447 475 2501 manetis.
500 2455 762 2510 nusquam
785 2442 914 2499 alibi
935 2456 1151 2502 exstare
1170 2446 1445 2503 videretur
1465 2465 1493 2503 a
1517 2466 1659 2505 sese.

88 2525 237 2584 Homo
260 2530 430 2596 enim,
463 2542 557 2586 aut
585 2534 787 2605 aliquid
834 2537 982 2593 aliud
1014 2539 1063 2594 ei
1094 2540 1291 2607 simile,
1315 2555 1437 2598 cum
1467 2544 1661 2600 alicubi

90 2622 192 2689 erit,
218 2630 395 2680 tamen
427 2626 555 2682 alibi
606 2644 709 2683 non
759 2630 906 2686 erit:
940 2632 1066 2701 quia
1098 2631 1173 2697 id,
1205 2635 1347 2703 quod
1400 2645 1483 2691 est
1528 2638 1659 2706 illic,

89 2716 366 2771 continetur
393 2719 483 2774 ubi
538 2719 696 2776 luerit
725 2737 739 2788 ;
767 2722 848 2792 (ἀ)
881 2725 1093 2780 inﬁrma
1124 2725 1192 2780 ad
1216 2726 1268 2782 id
1301 2738 1489 2784 natura
1520 2729 1658 2801 ejus,

90 2816 136 2860 ut
159 2809 340 2880 ubique
368 2812 463 2877 sit,
494 2814 584 2883 qui
616 2813 874 2871 insistens
921 2817 1115 2874 alicubi
1172 2820 1261 2875 sit.
1318 2821 1453 2877 Deus
1480 2834 1658 2880 autem

89 2900 334 2959 immensae
361 2906 582 2963 virtutis
608 2910 793 2965 vivens
830 2920 1090 2982 potestas.
1115 2929 1235 2985 quae
1259 2931 1519 2988 nusquam
1554 2922 1659 2975 non

89 2992 219 3061 adsit,
247 3012 345 3053 nec
376 2997 520 3055 desit
549 3015 796 3072 usquam,
830 3018 889 3059 se
919 3021 1135 3060 omnem
1163 3022 1262 3078 per
1309 3023 1407 3063 sua
1445 3010 1658 3078 edocet,

90 3092 131 3138 et
152 3101 232 3140 sua
257 3106 361 3144 non
392 3090 535 3146 aliud
567 3108 729 3164 quam
762 3110 819 3151 se
859 3110 984 3153 esse
1025 3100 1292 3169 signiﬁcat
1320 3117 1333 3154 :
1362 3099 1443 3175 (2)
1475 3111 1533 3157 ut
1571 3104 1659 3160 ubi

1771 1898 1948 1953 audita
1978 1907 2080 1965 est,
2114 1914 2246 1955 voce
2277 1908 2510 1956 testante
2548 1900 2616 1956 de
2646 1902 2783 1956 coelo
2811 1919 2829 1957 :
2856 1900 3022 1958 Filius
3051 1918 3190 1957 meus
3215 1920 3265 1958 es
3292 1912 3366 1971 tu,

1770 2008 1861 2064 ego
1890 1990 2040 2046 hodie
2065 1991 2216 2062 genui
2247 2001 2292 2046 te
2321 1990 2439 2065 (Ps.
2462 2008 2521 2060 ιι,
2546 1993 2624 2064 7).
2644 1993 2757 2047 Non
2785 1993 2925 2049 enim
2958 1993 3039 2048 vel
3068 1993 3182 2064 ipse
3210 2009 3372 2061 snper

1768 2098 1828 2138 se
1858 2097 2000 2148 esse,
2033 2083 2112 2137 vel
2157 2082 2259 2137 sibi
2286 2083 2355 2138 de
2382 2084 2533 2139 caelis
2573 2084 2784 2146 adesse.
2810 2085 2895 2140 vel
2920 2086 3093 2156 ipsum
3123 2100 3180 2141 se
3207 2084 3366 2159 231

1766 2177 2180 2248 cognominasse
2199 2176 2307 2243 sibi
2330 2177 2492 2232 ﬁlium
2519 2177 2900 2250 intelligendus
2928 2189 3010 2234 est
3034 2197 3046 2233 ε
3079 2180 3171 2235 sed
3196 2181 3370 2235 omnis

1765 2268 1881 2324 haec
1907 2268 2028 2324 lidei
2075 2277 2274 2324 nostrae
2305 2267 2401 2324 fuit
2442 2271 2853 2339 demonstratio,
2890 2281 2945 2326 ut
2974 2272 3073 2326 sub
3107 2269 3368 2341 perfectae

1766 2378 1828 2417 ac
1857 2378 1999 2416 verte
2029 2361 2320 2416 nativitatis
2349 2372 2711 2429 sacramento,
2759 2362 3021 2417 unitatem
3054 2360 3133 2436 (It)
3161 2373 3369 2419 natura:

1765 2444 2033 2508 manentis
2056 2454 2108 2507 in
2140 2452 2296 2516 Filio,
2317 2453 2404 2524 qui
2429 2455 2590 2509 etiam
2616 2452 2780 2509 homo
2806 2469 2928 2510 esse
2950 2463 3212 2526 coeperat,
3244 2471 3371 2511 nos-

1765 2562 2035 2605 ceremus.
2064 2548 2130 2602 Et
2153 2547 2367 2603 Patrem
2391 2548 2607 2619 quidem
2659 2548 2710 2602 in
2745 2549 2837 2604 Dei
2864 2548 3069 2619 Spiritu
3101 2550 3171 2604 ita
3201 2550 3368 2622 signi-

1766 2641 1912 2697 ﬁcari
1944 2650 2220 2711 repertum
2246 2652 2349 2695 est.
2392 2639 2585 2695 Filium
2620 2654 2747 2694 vero
2778 2640 2879 2695 hoc
2908 2640 3068 2695 modo
3113 2640 3367 2697 demons-

1766 2745 1964 2790 tratum
2013 2732 2396 2803 intelligimus,
2425 2747 2546 2787 cum
2592 2732 2721 2787 dicit
2763 2747 2776 2786 :
2812 2732 2964 2798 Quod
3006 2735 3051 2787 si
3081 2733 3135 2787 in
3163 2732 3367 2801 Spiritu

1765 2824 1862 2881 Dei
1883 2842 1974 2897 ego
2001 2824 2148 2895 ejicio
2172 2824 2448 2890 dwmones,
2480 2823 2657 2892 utique
2681 2825 3004 2896 apprOpiuvit
3033 2825 3085 2878 in
3115 2822 3253 2878 vobis
3283 2841 3365 2877 re-

1763 2935 1921 2993 gnum
1956 2916 2092 2972 Dei:
2123 2930 2181 2972 se
2206 2916 2431 2980 scilicet,
2464 2914 2515 2969 id
2570 2925 2674 2982 est,
2706 2923 2911 2970 naturae
2960 2930 3070 2971 sua:
3099 2924 3364 2986 potestate

1763 3012 2037 3066 duunones
2064 3010 2261 3081 ejicere
2291 3009 2692 3074 demonstrans,
2721 3010 2809 3079 qui
2841 3023 2947 3063 non
2980 3008 3080 3063 nisi
3116 3009 3206 3063 Dei
3230 3008 3358 3077 Spl-

1761 3107 1866 3162 ritu
1910 3105 2032 3176 ejici
2086 3103 2315 3175 possint.
2366 3103 2461 3157 Est
2496 3111 2673 3157 autem
2724 3113 2777 3157 et
2807 3102 2860 3157 in
2888 3101 3091 3172 Spiritu
3121 3101 3214 3156 Dei
3240 3100 3362 3171 Spi-

88 3191 163 3232 sua
188 3181 359 3250 insint,
396 3182 514 3257 ipse
558 3200 679 3242 esse
728 3188 1081 3263 intelligatur.
1117 3191 1232 3249 Non
1262 3202 1439 3252 autem
1467 3190 1730 3269 corpo-C
1765 3199 1901 3254 ritus
1949 3196 2206 3269 paracleti
2262 3195 2623 3269 signiﬁcatio;
2675 3210 2850 3266 neque
2895 3194 3069 3251 solum
3125 3194 3361 3268 preplte-

142 3345 209 3417 (ι)
248 3344 612 3417 Manifestum.

86 3506 354 3565 distinctam
411 3508 589 3588 velint
618 3508 932 3588 signiﬁcari.
965 3509 1040 3567 ita
1074 3510 1169 3588 lib.
1199 3528 1256 3580 ιι,
1282 3529 1335 3569 ιι.
1369 3515 1456 3581 52,
1483 3515 1654 3588 Spiri-

90 3591 154 3630 lus
179 3592 390 3654 sanctus
434 3596 463 3634 a
500 3580 728 3654 Domino
756 3580 1044 3654 distinctus
1074 3587 1326 3654 tiocetur,
1350 3588 1471 3653 quia
1514 3580 1652 3643 alius

87 3662 151 3702 est
174 3650 417 3721 Spiritus,
449 3653 589 3706 alius
620 3652 773 3723 cujus
803 3659 883 3706 est
913 3651 1165 3723 Spiritus.
1201 3659 1266 3710 At
1297 3650 1424 3711 vero
1448 3668 1652 3713 utrum-

88 3725 154 3775 vis
166 3723 373 3792 eligant,
393 3723 558 3779 Pater
584 3733 638 3778 et
658 3721 833 3778 Filius
854 3721 1014 3779 unius
1027 3728 1385 3782 ostenduntur
1406 3740 1610 3785 natura:
1635 3748 1647 3786 :

87 3794 387 3871 cuntCln‘isti
416 3794 713 3871 Patrisque
732 3811 871 3871 unus
894 3807 949 3850 et
972 3796 1115 3855 idem
1139 3799 1208 3853 sit
1239 3799 1494 3868 Spiritus,
1524 3818 1649 3871 pro-

90 3864 282 3937 ipdcquc
309 3875 502 3922 natura
534 3882 546 3927 :
581 3877 636 3922 et
680 3864 911 3937 Spiritus
937 3882 1155 3925 sanctus
1184 3880 1236 3922 ut
1274 3864 1565 3935 Patrisfiia
1598 3885 1652 3928 et

87 3933 252 3991 Christi
275 3940 363 4000 sit,
393 3936 645 4015 adeoque
661 3933 749 3993 res
772 3948 978 3994 naturae
1001 3942 1176 4007 unius,
1204 3956 1299 3997 seu
1315 3933 1500 3999 eorum
1521 3960 1653 4015 quo-

91 4020 183 4059 rum
206 4019 383 4063 natura
418 4024 526 4062 una
559 4010 649 4063 sit.
812 4069 825 4072 ο

161 4080 207 4152 ᾳ)
230 4079 492 4152 Nimier
515 4080 784 4152 vocabulo
813 4079 1042 4152 Spiritus
1069 4080 1188 4138 Dei.

165 4147 288 4222 blla
314 4151 507 4206 codice
555 4156 671 4206 has.
712 4151 829 4206 Vat.
858 4147 1011 4207 nobis
1060 4169 1156 4222 pro
1203 4171 1325 4221 non,
1357 4170 1420 4211 ac
1468 4167 1653 4222 postea

89 4231 183 4271 cum
206 4221 408 4277 Martia.
442 4224 779 4291 manifestam
801 4238 899 4291 pro
924 4221 1312 4287 manifestantia
1336 4242 1354 4281 :
1383 4221 1541 4283 male.
1569 4228 1656 4283 Iu-

89 4290 259 4367 stituta:
288 4290 843 4367 qtttestioniprimutn
889 4295 976 4367 hic
1021 4294 1253 4367 habetur
1308 4313 1652 4367 responsum,

89 4370 187 4439 pota
229 4362 461 4439 Spiritus
508 4365 769 4439 vocabulo
820 4366 993 4439 Patris
1036 4378 1084 4421 et
1138 4366 1261 4425 Filii
1297 4362 1569 4439 virtutem,
1601 4362 1655 4428 et

88 4434 289 4510 perinde
307 4446 555 4490 naturam
587 4435 923 4510 signiﬁcari;
952 4434 1084 4502 Quia
1109 4449 1307 4493 natura:
1330 4441 1489 4495 virtus
1520 4434 1654 4510 pra:-

88 4511 167 4579 {tat
195 4507 471 4579 reritgtem,
504 4516 561 4561 ut
589 4507 838 4579 legimus,
871 4506 964 4563 lib.
999 4525 1055 4574 v,
1087 4526 1141 4563 ιι.
1182 4511 1238 4567 5.
1267 4506 1654 4569 Tunt‘subinde

88 4570 277 4651 docetur
301 4576 398 4633 Dei
451 4570 697 4651 naturain
750 4570 975 4650 spiritus
1006 4570 1223 4636 nomine
1270 4582 1392 4637 ideo
1436 4584 1650 4651 donari,

89 4644 184 4711 quia
220 4663 424 4705 summe
454 4640 817 4723 simplex'esi,
851 4659 905 4706 et
959 4666 1026 4708 ne
1055 4651 1123 4706 de
1152 4653 1264 4711 Deo
1309 4653 1376 4709 ad
1431 4640 1650 4712 modum
1678 4649 1734 4710 D
1758 4640 2052 4715 sitaﬂest.‘
2068 4640 2136 4714 Se

89 4726 335 4786 corporum
368 4721 692 4792 cogitemus.

139 4808 203 4883 (c)
231 4811 302 4883 Ita
334 4828 468 4869 mss.
489 4813 703 4883 Martia.
720 4811 899 4879 Colb.,
921 4814 1358 4880 Germ.,necuon
1384 4818 1544 4876 Corb.
1565 4836 1654 4877 sc-

86 4881 432 4958 cutttliscuris.
468 4885 535 4958 At
565 4881 786 4957 vulgati,
817 4888 1055 4958 spiritum
1078 4886 1198 4945 Dei.

140 4953 210 5035 id)
238 4954 346 5035 Hoc
376 4967 483 5021 est,
516 4953 810 5035 impttiente
838 4953 902 5035 ad
942 4958 991 5014 itl
1017 4970 1083 5035 ut
1108 4958 1303 5035 ubique
1331 4960 1420 5025 sit.
1468 4961 1650 5035 Neque

85 5022 300 5108 audiendi
329 5022 668 5108 recentiores
697 5044 827 5099 mss.
859 5029 910 5091 in
940 5022 1135 5103 quibus
1159 5022 1407 5100 habetur,
1448 5042 1504 5103 ut
1538 5022 1651 5090 ubi-

84 5107 158 5157 ’1η
180 5113 272 5159 που
299 5107 388 5161 ιιι.

139 5186 202 5266 (ο)
226 5187 280 5245 ιιι
303 5200 418 5266 get,
443 5191 1056 5266 itrverliisEsaize‘ut,
1086 5195 1135 5261 I,
1162 5195 1303 5266 apud
1334 5195 1533 5252 Lucam
1556 5213 1645 5254 re-

86 5251 200 5339 Ia‘tis,
230 5251 423 5329 quibus
465 5264 541 5317 ait
576 5263 860 5339 Dominus,
904 5251 1164 5339 Spiritum
1198 5251 1308 5322 'Dei
1370 5251 1534 5337 super
1557 5251 1643 5339 se,

88 5325 283 5409 ideoque
303 5345 646 5409 seAuncttrm
665 5345 718 5390 et
764 5325 990 5409 missum
1020 5336 1087 5392 ad
1143 5325 1641 5409 evangelizantlutu,

87 5401 270 5458 nomine
293 5402 528 5470 Spiritus
551 5404 649 5460 Dei
678 5416 803 5476 puto
817 5407 1109 5477 signiﬁcari
1138 5401 1310 5464 Donni
1338 5421 1568 5481 patrem.

138 5488 195 5614 (1)
220 5492 305 5548 Sic
358 5496 598 5566 potiores
657 5512 789 5552 mss.
832 5488 937 5553 Alii
984 5514 1113 5565 vero
1164 5502 1301 5567 libri,
1356 5503 1640 5567 incantato.

138 5574 370 5614 Illoanle
413 5566 469 5614 in
517 5582 617 5614 me.
647 5568 763 5614 Vat-
800 5570 913 5614 Ima-
943 5573 1260 5614 manifestat-5
1288 5575 1483 5614 srirlohn-
1534 5590 1637 5614 llnn

90 5553 225 5645 Paule
244 5553 373 5623 anu-3
413 5566 471 5622 in
517 5553 617 5623 ms.
647 5568 765 5625 Vat.
800 5570 914 5625 has.
943 5553 1638 5645 ωηῆιίεεεᾶἑι’ὗξιιὲέιλὶλξῦόιὶ

88 5632 457 5715 panguntur;
480 5647 533 5715 c_t
560 5645 683 5715 post
709 5652 896 5709 pauca,
921 5632 1340 5715 ponsuinmomm,
1374 5632 1500 5699 loco
1517 5662 1640 5700 con-

338 5708 475 5763 ﬂuit:
506 5705 626 5781 loco
670 5705 838 5766 lucem
866 5705 1085 5781 praestat
1119 5705 1432 5779 sunilis'lib.
1469 5730 1546 5781 ιιι,
1580 5733 1635 5773 ιι.

89 5767 156 5838 18,
182 5777 266 5835 ubi
291 5793 465 5852 prope
506 5779 740 5854 idipsum
784 5767 906 5839 aliis
962 5767 1632 5847 verbisiia‘en‘uutiatur'i

1830 3357 1913 3431 (2)
1935 3357 2003 3413 Et
2027 3358 2135 3413 ubi.
2161 3357 2282 3415 Mox
2309 3358 2633 3430 intelligitur.

1762 3518 2202 3587 Quemadmodum
2239 3515 2441 3590 Spiritu
2487 3517 2582 3575 Dei
2623 3525 2669 3571 et
2697 3517 2881 3573 uirtute
2901 3518 2965 3590 sit
3014 3525 3230 3590 _unctus,
3255 3535 3357 3575 non

1756 3585 2051 3662 (pubignunt
2079 3585 2304 3662 est.gtun't
2331 3605 2445 3662 cunt
2476 3589 2777 3662 ascendente
2806 3606 2862 3641 eo
2890 3589 2954 3643 de
3000 3585 3352 3646 Jordnne'vox

1759 3660 1858 3716 Dei
1885 3658 2045 3731 putris
2067 3660 2244 3713 audita
2272 3670 2363 3721 est,
2398 3658 2564 3713 Filius
2585 3676 2726 3713 meus
2747 3676 2797 3714 es
2820 3671 2901 3733 tu,
2923 3677 3013 3733 ego
3041 3661 3192 3714 hodie
3204 3664 3356 3731 genui

1757 3740 1808 3786 te
1835 3750 1853 3786 .°
1884 3743 1943 3787 ut
1972 3748 2063 3804 per
2101 3733 2197 3785 Itoc
2229 3733 2572 3785 testimonium
2626 3732 2961 3801 sauctiﬁcntrc
2989 3734 3041 3786 in
3069 3748 3129 3785 eo
3160 3734 3353 3798 carnis,

1756 3806 1933 3870 unctio
1955 3804 2202 3876 spiritalis
2226 3804 2426 3858 virtutis
2450 3817 2859 3876 cognosceretur.
2889 3804 3006 3876 Quo
3038 3805 3088 3857 in
3121 3805 3239 3857 loco
3260 3821 3356 3859 un-

1756 3877 1856 3930 ctio
1882 3874 2127 3945 spiritalis
2151 3875 2347 3935 virtutis
2385 3874 2709 3947 appellatur,
2738 3877 2880 3945 quod
2914 3874 2999 3930 hic
3026 3884 3223 3930 natura:
3248 3892 3357 3930 suae

1756 3949 2061 4001 communio.

1829 4018 1906 4091 (g)
1934 4019 2088 4073 Bad..
2136 4017 2230 4091 Er.
2262 4027 2318 4073 et
2345 4017 2493 4087 Lips.
2539 4018 2795 4091 omittunt
2823 4034 3037 4091 quoque,
3074 4028 3125 4091 c_t
3154 4033 3356 4089 praece-

1756 4088 1978 4145 dentem
2013 4089 2325 4160 particttlam
2377 4106 2491 4142 cum
2520 4105 2538 4143 :
2567 4089 2721 4157 cujus
2753 4088 2871 4142 loco
2900 4090 3039 4159 apud
3096 4088 3219 4160 Par.
3257 4106 3355 4160 po-

1755 4162 1916 4215 situm
1945 4171 2211 4215 eratcum.
2241 4159 2457 4233 Deinde
2471 4159 2797 4233 proprietatis
2814 4175 2909 4212 vox
2940 4159 3232 4233 opponitur
3258 4159 3355 4216 atl-

1759 4233 1985 4299 optiuni.
2019 4234 2143 4287 Sive
2188 4224 2369 4286 autem
2400 4224 2617 4285 Christo
2649 4224 2916 4299 baptizata
2946 4224 3142 4288 (ἥξει-ιι
3168 4231 3350 4298 Pater,

1769 4302 1874 4357 Hic
1900 4313 1974 4357 est
1994 4304 2135 4373 ﬁlius
2157 4318 2318 4370 meus,
2338 4315 2470 4367 etc.,
2492 4300 2762 4372 quomodo
2788 4301 2908 4372 legit
2928 4301 3349 4369 Hilariuslib.vt,

1760 4390 1813 4428 ιι.
1834 4374 1926 4439 25;
1947 4376 2058 4428 sive
2080 4374 2299 4445 dixerit,
2323 4373 2493 4429 Filius
2514 4389 2655 4428 meus
2677 4390 2728 4445 es
2750 4381 2801 4427 tu
2820 4417 2827 4433 .
2844 4391 2934 4445 ego
2952 4375 3102 4428 hodie
3119 4376 3269 4444 genui
3284 4384 3349 4441 te,

1758 4447 2030 4515 quomodo
2059 4445 2166 4509 hic,
2200 4443 2294 4511 lib.
2326 4462 2397 4511 vt,
2429 4463 2480 4501 ιι.
2512 4444 2620 4507 25,
2657 4443 2749 4500 lib.
2786 4443 3029 4507 x1,'n.18
3061 4443 3350 4510 ιηιιηιιιιη

1756 4529 1807 4570 c.
1841 4531 1898 4583 ιι,
1932 4533 1986 4571 ιι.
2024 4517 2076 4581 6,
2110 4524 2164 4571 et
2190 4516 2239 4570 in
2265 4532 2343 4586 ps.
2371 4534 2430 4580 ιι,
2456 4534 2509 4571 ιι.
2537 4515 2629 4581 29,
2654 4516 2825 4581 ipsius
2854 4517 3012 4572 verba
3038 4515 3222 4583 refert,
3248 4525 3355 4571 stat

1756 4587 1944 4643 eadem
1976 4588 2056 4644 vis
2077 4589 2413 4660 argumenti,
2444 4588 2946 4660 quteinvocalmlis
2998 4587 3165 4642 Filius
3211 4604 3351 4660 meus

2221 4670 2273 4714 et
2319 4659 2515 4715 Paulus
2566 4659 2700 4715 Heb.
2734 4676 2772 4726 ι,
2803 4660 2858 4726 5,
2893 4660 3053 4714 verba
3103 4659 3295 4713 Psalmi
3332 4699 3346 4725 ,

1757 4726 1932 4805 Filius
1962 4748 2100 4805 meu_s
2133 4748 2182 4805 es
2209 4740 2284 4805 tu,
2316 4750 2406 4805 ego
2455 4731 2606 4805 hodie
2629 4730 2781 4802 genui
2830 4742 2895 4793 te,
2930 4742 2983 4805 et
3027 4730 3199 4805 Patris
3226 4744 3349 4805 esse

1756 4802 1937 4873 tradit,
1970 4814 2025 4859 et
2047 4800 2184 4857 Filio
2212 4803 2280 4857 ita
2317 4800 2533 4873 proprie
2565 4800 2726 4867 dicta,
2763 4812 2819 4858 ut
2845 4818 2910 4858 ne
2941 4803 2991 4857 in
3019 4803 3188 4856 ullum
3222 4801 3343 4872 qui-

1754 4871 1875 4945 dem
1891 4876 2215 4945 angelorum
2231 4871 2578 4931 conveniant.

1828 4942 1907 5019 (Ιι)
1932 4942 2094 5012 Editi,
2120 4956 2320 5019 natura:
2340 4958 2584 5019 patenter.
2613 4945 2777 5019 Abest
2798 4957 3073 5019 paterntea
3103 4958 3232 5019 mss.
3262 4945 3345 5019 Est

1754 5012 1858 5067 hoc
1888 5017 2005 5070 loco
2039 5024 2183 5083 patet
2222 5012 2479 5072 Hilarium
2506 5015 2634 5070 illud
2660 5012 2844 5072 Mattli.
2880 5033 2957 5079 ιιι,
2993 5016 3058 5071 l6
3083 5032 3102 5069 .'
3132 5015 3196 5075 Et
3224 5016 3348 5070 vidit

1759 5082 2012 5157 Spiritum
2041 5082 2135 5140 Dei
2181 5089 2560 5141 descendentem
2590 5088 2719 5140 sicut
2749 5088 3033 5142 columbam
3072 5096 3119 5141 ct
3144 5088 3346 5141 venien-

1758 5165 1855 5210 tem
1877 5172 2029 5226 super
2049 5174 2121 5223 se,
2166 5158 2234 5211 ita
2260 5161 2623 5226 interpretari,
2659 5168 2717 5213 ιιι
2744 5160 2999 5228 Spiritum
3027 5157 3117 5213 Dei
3143 5159 3342 5211 intelli-

1791 5238 1844 5281 at
1876 5227 2084 5282 Patrem
2120 5246 2133 5282 :
2169 5230 2257 5298 qui
2280 5229 2403 5285 hinc
2425 5240 2613 5283 contra
2636 5230 2968 5285 Sabelliauos
2990 5231 3129 5285 alius
3150 5245 3177 5283 a
3208 5229 3342 5283 Filio

1791 5241 1844 5281 at
1876 5241 2084 5282 Patrem
2120 5246 2133 5282 :
2169 5245 2257 5298 qur
2280 5241 2403 5285 Illuc
2425 5241 2613 5283 contra
2636 5241 2968 5285 Salwlllanos
2990 5241 3129 5285 altus
3150 5245 3177 5283 ιι
3208 5241 3338 5283 ι⁴ἰιιο

1753 5241 2080 5372 ἓθΐεςιιιιιιιιιο,
2128 5300 2267 5371 quod
2297 5317 2460 5372 super
2486 5302 2634 5355 illum
2677 5301 2768 5367 sit,
2820 5301 2918 5371 ipsi
2975 5304 3134 5367 adsit,
3168 5303 3338 5372 ipsum

1753 5367 1945 5423 Filium
1965 5367 2329 5444 eugnoininet.
2357 5367 2425 5427 Ᾰι
2450 5381 2598 5429 certe
2620 5389 2726 5433 non
2754 5367 3140 5444 existimandus
3165 5367 3245 5426 est
3269 5374 3337 5427 ita

1749 5452 1817 5496 eo
1856 5444 2082 5513 pomine
2106 5443 2317 5500 Patrem
2349 5445 2696 5507 intellexisse,
2729 5452 2782 5498 ιιι
2811 5443 3064 5513 Spiritum
3095 5454 3335 5503 sanctum

1750 5511 1986 5588 βίη-ΗΕΓ-
2012 5515 2231 5588 intelligi
2280 5532 2436 5588 posse
2489 5519 2763 5588 negaverit
2796 5533 2808 5567 :
2838 5511 3214 5588 Ctllll_Stt|tilldc
3241 5514 3336 5569 tle-

1748 5582 1941 5657 elaret,
1972 5582 2088 5638 hmo
2112 5603 2168 5640 se
2184 5582 2258 5640 de
2280 5582 2491 5642 din-rsa
2518 5582 2663 5642 vocis
2694 5587 2921 5655 Spiritus
2952 5586 3051 5642 Dei
3077 5595 3339 5657 pote~tatc

1746 5652 2144 5729 demonstrare,
2180 5667 2371 5729 tibqttu
2419 5676 2526 5729 quo
2569 5677 2627 5715 se
2670 5652 2882 5713 vertant
2930 5652 3192 5723 haeretici,
3226 5658 3333 5715 vim

1743 5722 2013 5803 veritatis,
2048 5744 2147 5794 qua
2184 5722 2376 5803 Filium
2403 5722 2565 5791 unum
2587 5747 2707 5794 cum
2734 5729 2890 5803 Patre
2920 5722 3209 5803 credimus.
3243 5729 3333 5801 tle-

1741 5794 1945 5855 clinare
1973 5814 2080 5855 non
2109 5798 2337 5869 possint.
