3930 6194
566 249 675 308 255

1770 239 2016 299 SANCTI
2055 241 2313 299 "MAR"
2355 241 2661 300 EPISCOl‘l
3752 246 3835 300 9.5;

569 364 703 435 tica,
734 363 812 439 (l)
837 363 932 420 sed
961 363 1256 435 apostolica
1279 358 1624 427 auctoritate,
1651 373 1773 416 cum
1796 358 1992 414 dicitur
2022 376 2035 412 :
2069 358 2177 414 Sed
2202 363 2253 421 Α
2280 360 2456 434 diliget
2507 377 2644 422 eum,
2674 372 2720 416 et
2747 362 2815 416 ad
2853 377 2966 416 eum
2995 363 3269 429 veniemus,
3303 370 3350 416 et
3378 361 3692 416 mansionem
3730 364 3840 432 apud

573 457 673 512 hoc
699 467 793 524 est,
824 457 963 527 quod
977 457 1169 509 dictum
1189 464 1262 508 est
1293 469 1383 522 per
1413 452 1737 523 praphetam,
1758 451 1869 504 Erit
1890 451 1944 504 in
1965 450 2182 504 novissi-

573 554 672 606 mis
694 551 890 617 diebus,
925 549 1050 602 dicit
1091 547 1364 612 Dominus,
1395 545 1659 614 e/I'undam
1681 545 1743 599 de
1767 546 1968 613 Spiritu
1989 562 2100 600 meo
2129 545 2183 599 in

576 658 776 698 onmem
819 657 1043 704 carnem,
1070 650 1115 694 et
1158 639 1526 712 prophetabunt
1554 639 1652 710 filii
1680 655 1858 692 eorum
1880 648 1923 692 et
1953 639 2078 709 ﬁlice
2099 654 2182 693 eo-

573 753 688 791 rum
739 736 874 804 (Act.
908 751 967 802 ιι,
999 734 1086 800 16,
1123 734 1286 806 seqq.)
1331 735 1396 788 Et
1423 742 1850 789 consummatum
1880 731 1984 787 hoc
2013 742 2180 787 totum

573 829 739 885 fuisse
770 830 824 883 in
863 826 1138 896 Apostolis
1163 827 1404 893 docetur,
1425 841 1545 882 cum
1574 827 1742 882 misso
1770 826 1974 897 Spiritu
1994 834 2181 882 sancto

576 937 766 980 omnes
787 921 863 994 (α)
886 922 1082 992 linguis
1107 923 1347 992 gentium
1377 930 1501 977 sunt
1526 921 1712 976 loculi.

645 1015 738 1072 ‘26.
771 1014 835 1070 In
860 1013 1006 1070 nobis
1035 1025 1110 1070 est
1151 1015 1312 1075 Deus.
1336 1033 1450 1069 cum
1496 1012 1730 1070 Christus
1757 1031 1774 1080 ;
1797 1032 1914 1069 cum
1955 1015 2182 1084 Spiritus

575 1107 788 1176 Christi,
816 1107 1045 1178 Spiritus
1077 1106 1191 1161 Dei.
1224 1105 1351 1161 Filii
1381 1117 1427 1160 et
1457 1105 1630 1161 Patris
1649 1120 1833 1160 natura
1855 1106 2183 1162 unm—Hum

575 1211 758 1256 autem
817 1200 1018 1255 ideirco
1071 1208 1197 1253 sunt
1251 1198 1617 1253 demonstrata
1683 1198 2009 1265 necessario,
2039 1205 2096 1251 ut
2128 1198 2179 1252 in

580 1307 979 1363 quamcumque
1009 1308 1067 1347 se
1095 1292 1224 1346 licet
1256 1304 1459 1362 partem
1487 1291 1738 1346 hmretica
1764 1291 1967 1346 falsitas
1994 1302 2184 1348 contu-

581 1387 755 1452 lisset,
785 1386 980 1454 finibus
1009 1394 1186 1440 tamen
1217 1395 1378 1454 atque
1409 1385 1724 1456 praescripto
1749 1386 1991 1440 veritatis
2013 1401 2179 1442 evan-

577 1479 766 1551 gelicae
789 1476 1228 1532 concluderetur.
1255 1477 1468 1532 Habitat
1488 1477 1633 1532 enim
1658 1478 1710 1532 iu
1737 1479 1894 1532 nobis
1915 1477 2180 1534 Christus:

576 1582 633 1629 et
663 1571 938 1626 habitante
966 1570 1205 1639 Christo,
1240 1571 1444 1628 habitat
1472 1571 1633 1626 Deus.
1665 1570 1873 1625 Etcum
1906 1571 2110 1626 habitat
2131 1573 2183 1627 in

578 1669 736 1726 nobis
759 1669 990 1740 Spiritus
1013 1667 1213 1724 Christi
1244 1686 1258 1734 ;
1289 1669 1565 1725 habitante
1595 1668 1853 1723 tamenin
1884 1669 2037 1723 nobis
2058 1668 2181 1738 Spi-

2286 469 2400 506 eum
2441 452 2686 522 faciemus
2717 451 2923 524 (Joan.,
2961 470 3072 519 xrv,
3100 453 3216 526 23).
3254 454 3354 509 Per
3383 453 3435 508 id
3463 453 3630 518 enim,
3667 452 3836 523 Spiritu

2282 543 2485 599 Christi
2517 545 2571 600 in
2605 545 2762 601 nobis
2795 555 3068 610 manente,
3095 547 3188 601 Dei
3217 546 3477 616 Spiritum
3508 547 3561 600 in
3590 547 3734 600 nobis
3754 563 3841 603 ma-

2285 652 2413 692 nere
2445 646 2672 692 testatus
2703 647 2806 698 est.
2839 655 2938 694 nec
2982 639 3252 694 diversum
3298 655 3328 693 a
3383 654 3443 694 se
3473 653 3595 694 esse
3623 639 3839 708 Spiritum

2283 745 2314 785 a
2339 732 2564 786 mortuis
2591 732 2673 802 (3)
2703 732 2917 786 excitati
2941 730 3011 806 (c)
3044 741 3099 787 et
3126 731 3389 800 Spiritum
3425 747 3454 786 a
3483 731 3706 788 mortuis
3733 734 3846 789 eicis

2287 825 2710 881 tantis.Veuiunt
2737 826 2902 891 enim,
2931 837 3090 896 atque
3113 824 3353 879 habitant
3375 825 3425 880 in
3451 824 3606 879 nobis
3631 842 3644 876 :
3668 837 3718 880 et
3741 841 3843 896 rogo

2285 930 2462 974 utrum
2488 917 2565 990 (4)
2599 917 2676 989 (d)
2708 919 2961 973 comitatu
2988 918 3356 973 diversitatum
3382 917 3617 983 venient,
3649 920 3846 974 mansio-

2287 1029 2517 1084 nemque
2541 1012 2758 1075 facient,
2790 1028 2854 1066 au
2888 1012 3090 1066 unitate
3122 1012 3352 1065 naturm?
3373 1010 3480 1067 Sed
3508 1011 3754 1067 obnititur
3775 1011 3852 1068 do-

2286 1115 2401 1160 ctor
2429 1104 2689 1173 gentium,
2726 1119 2832 1158 non
2859 1103 2994 1158 duos
3024 1103 3269 1173 Spiritus.
3302 1103 3397 1158 Dei
3429 1103 3638 1158 scilicet
3658 1114 3708 1158 et
3725 1105 3852 1160 Chri-

2285 1200 2374 1262 sti,
2410 1199 2509 1258 sed
2536 1200 2793 1270 Spiritum
2829 1201 3052 1266 Christi,
3083 1201 3171 1270 qui
3212 1208 3266 1253 et
3291 1199 3527 1270 Spiritus
3555 1199 3646 1253 Dei
3673 1207 3764 1264 est,
3787 1200 3852 1254 in-

2286 1308 2406 1349 esse
2429 1293 2802 1350 credentibus.
2837 1293 2956 1348 Non
3006 1303 3090 1348 est
3133 1292 3487 1358 cohabitatio,
3513 1292 3606 1347 sed
3637 1291 3856 1349 habitatio

2287 1395 2370 1440 est
2398 1404 2409 1437 :
2443 1385 2542 1440 sub
2563 1394 2901 1440 sacramento
2946 1395 3122 1440 tamen
3165 1383 3585 1440 cohabitatiouis
3612 1382 3856 1451 habitatio,

2285 1480 2414 1536 dum
2459 1496 2635 1552 neque
2665 1481 2771 1536 duo
2802 1480 2872 1552 (ε)
2907 1480 3172 1544 habitant,
3207 1495 3382 1550 neque
3413 1479 3482 1534 ab
3507 1479 3615 1533 alio
3640 1479 3856 1534 diversus

2287 1574 2560 1630 habitator
2577 1582 2679 1629 est.
2711 1573 2807 1628 Est
2836 1574 2980 1628 enim
3012 1575 3064 1628 in
3096 1574 3253 1628 nobis
3281 1573 3518 1645 Spiritus
3545 1573 3661 1638 Dei,
3684 1571 3767 1628 sed
3790 1581 3858 1626 est

2289 1667 2342 1720 in
2375 1665 2532 1722 nobis
2557 1667 2789 1737 Spiritus
2817 1664 3022 1722 Christi
3056 1683 3068 1719 :
3097 1675 3152 1722 et
3179 1682 3299 1720 cum
3328 1666 3566 1736 Spiritus
3587 1662 3770 1719 Christi
3795 1664 3862 1718 itt-

577 1761 686 1817 ritu
713 1759 910 1816 Christi
945 1803 959 1828 ,
995 1776 1102 1816 non
1148 1761 1293 1817 alius
1323 1771 1501 1816 tamen
1531 1761 1749 1831 spiritus
1777 1760 2002 1827 habitat,
2027 1777 2185 1832 quam
2219 1762 2266 1822 B
2293 1772 2394 1824 est.
2425 1763 2566 1817 inest
2593 1763 2828 1833 Spiritus
2847 1761 2965 1816 Dei.
2993 1761 3070 1816 Ita
3101 1759 3389 1830 cumquod
3416 1759 3512 1814 Dei
3537 1766 3639 1822 est,
3663 1767 3714 1812 et
3733 1758 3860 1812 Chri-

584 1852 818 1925 Spiritus
847 1853 964 1908 Dei.
985 1853 1136 1922 Quod
1181 1853 1227 1908 si
1256 1869 1350 1922 per
1379 1853 1635 1922 Spiritum
1668 1861 1913 1907 sanctqu
1941 1853 2187 1908 Christus

577 1945 631 2001 in
665 1946 818 2001 nobis
851 1961 972 2001 esse
1025 1947 1360 2017 intelligitur,
1396 1947 1534 2002 hunc
1577 1957 1757 2002 tamen
1811 1947 1883 2001 ita
1926 1945 2184 2017 Spiritum

578 2040 695 2104 Dei,
720 2049 777 2094 ut
799 2038 1062 2107 Spiritum
1091 2038 1292 2096 Christi
1321 2054 1442 2095 esse
1461 2041 1790 2096 noscendum
1819 2050 1921 2095 est.
1947 2039 2017 2094 Et
2039 2055 2184 2109 cum,

581 2131 660 2204 (:2)
696 2131 769 2206 (ὁ)
804 2147 898 2203 per
923 2141 1166 2188 naturam
1202 2134 1278 2188 rei
1324 2143 1512 2190 natura
1543 2133 1653 2202 ipsa
1679 2134 1882 2188 habitet
1915 2135 1964 2188 in
1991 2135 2182 2201 nobis;

579 2224 896 2280 indifferens
925 2236 1116 2280 natura
1163 2224 1287 2281 Filii
1336 2242 1460 2282 esse
1511 2227 1762 2282 credetur
1791 2243 1819 2280 a
1850 2227 2032 2294 Patre,
2063 2242 2184 2282 cum

579 2321 818 2390 Spiritus
870 2330 1118 2388 sanctus,
1149 2322 1238 2393 qui
1270 2331 1326 2376 et
1377 2321 1609 2391 Spiritus
1647 2321 1848 2377 Christi
1875 2331 1928 2375 et
1955 2321 2185 2390 Spiritus

581 2410 678 2467 Dei
707 2421 810 2480 est,
841 2429 930 2469 res
973 2422 1179 2468 natura:
1207 2429 1330 2470 esse
1357 2415 1758 2470 demonstretur
1785 2415 1962 2470 unius.
1992 2414 2185 2483 Qumro

583 2519 726 2559 nunc
753 2505 930 2573 igitur,
961 2506 1237 2576 quomodo
1268 2523 1376 2562 non
1405 2523 1470 2563 ex
1517 2519 1707 2564 natura
1750 2524 1913 2564 untun
1942 2509 2110 2564 sunt?
2141 2511 2184 2563 Α

584 2606 737 2668 patre
776 2600 1016 2669 procedit
1059 2601 1291 2671 Spiritus
1321 2605 1563 2658 veritatis
1591 2621 1604 2656 :
1637 2619 1667 2658 a
1693 2604 1830 2658 Filio
1860 2605 2106 2669 mittitur,
2132 2613 2186 2659 et

581 2707 612 2748 a
644 2691 781 2747 Filio
811 2695 1024 2764 accipit.
1076 2694 1182 2752 Sed
1237 2699 1440 2763 omnia,
1493 2714 1612 2768 qua:
1667 2697 1826 2753 habet
1855 2699 2032 2761 Pater,
2066 2698 2183 2753 Filii

583 2796 710 2842 sunt
730 2806 743 2842 :
761 2798 814 2844 et
829 2787 1027 2844 idcirco
1041 2792 1128 2861 qui
1143 2790 1212 2845 ab
1225 2806 1290 2846 eo
1308 2791 1523 2862 accipit,
1545 2791 1641 2846 Dei
1659 2792 1888 2860 Spiritus
1905 2793 2066 2864 232
2080 2801 2182 2854 est,

581 2882 678 2939 sed
713 2885 851 2940 idem
876 2895 930 2941 et
957 2885 1193 2956 Spiritus
1209 2885 1408 2940 Christi
1437 2895 1537 2941 est.
1574 2886 1679 2941 lies
1704 2894 1908 2939 natura:
1937 2885 2055 2939 Filii
2103 2895 2186 2942 est

579 2975 804 3050 (supple,
837 2978 1116 3049 Spiritus),
1135 2978 1228 3034 sed
1243 2977 1429 3034 eadem
1455 2992 1542 3034 res
1570 2986 1624 3034 et
1655 2987 1861 3033 naturae
1886 2978 2057 3032 Patris
2079 2989 2179 3034 est.

577 3067 880 3127 Excitantis
902 3070 1175 3126 Christum
1205 3087 1234 3124 a
1263 3077 1490 3128 mortuis
1509 3072 1742 3143 Spiritus
1769 3080 1853 3127 est
1877 3088 1892 3137 ;
1917 3071 2011 3128 sed
2040 3072 2180 3126 idem

2291 1856 2358 1910 sti
2386 1864 2509 1922 est;
2541 1867 2594 1910 et
2623 1870 2744 1910 cum
2773 1854 2915 1924 quod
2945 1852 3148 1908 Christi
3180 1863 3283 1920 ρει,
3317 1852 3410 1907 Dei
3440 1862 3522 1905 est
3550 1869 3563 1904 :
3595 1868 3693 1907 non
3716 1858 3861 1922 potest

2291 1949 2434 2004 aliud
2457 1949 2582 2019 quid
2614 1949 2885 2004 diversum
2914 1947 2980 2020 (ί)
3009 1947 3254 2001 Christus
3275 1960 3416 2011 esse,
3446 1959 3606 2016 quam
3632 1943 3762 1998 Deus
3778 1951 3860 1996 est.

2293 2042 2432 2098 Deus
2461 2043 2620 2112 igitur
2644 2041 2890 2096 Christus
2911 2037 3088 2112 ρεαδ)
3105 2039 3186 2112 (g)
3208 2053 3344 2093 unus
3361 2051 3483 2091 cum
3507 2037 3616 2090 Deo
3639 2034 3860 2104 Spiritus.

2361 2137 2451 2192 28.
2487 2136 2668 2190 Ariani
2692 2153 2724 2189 a
2751 2135 2956 2204 Spiritu
2999 2142 3176 2188 sancto
3228 2131 3385 2185 alieni
3425 2129 3684 2184 Christum
3730 2126 3864 2180 Deum

2291 2239 2498 2304 negant,
2526 2238 2571 2284 ct
2591 2239 2756 2284 tamen
2783 2227 3056 2282 cotunt.——-
3085 2226 3154 2280 Et
3185 2223 3318 2279 illud
3350 2223 3749 2293 evangelium:
3774 2217 3861 2288 Ego

2290 2333 2334 2377 et
2365 2321 2521 2376 Pater
2546 2339 2701 2376 unum
2737 2337 2915 2374 sumus
2945 2317 3153 2390 (10am,
3187 2334 3242 2383 x,
3271 2317 3386 2387 50),
3418 2315 3581 2370 docet
3610 2313 3862 2384 Apostolus

2296 2415 2556 2470 unitatem
2585 2428 2704 2468 esse
2734 2422 2962 2480 naturae,
2988 2427 3093 2465 non
3117 2409 3472 2467 solitudinem
3498 2407 3726 2471 unionis,
3751 2405 3861 2458 scri-

2292 2508 2431 2563 beus
2462 2505 2757 2561 Corinthiis
2787 2523 2800 2559 :
2831 2504 3052 2574 Draptrr
3076 2503 3212 2573 quod
3235 2512 3405 2556 notum
3431 2503 3570 2574 facio
3593 2501 3745 2565 vobis,
3768 2499 3862 2568 quia

2291 2617 2440 2655 nemo
2499 2602 2550 2654 in
2584 2600 2786 2669 Spiritu
2819 2599 2911 2653 Dei
2967 2599 3048 2670 (h)
3102 2599 3224 2652 dicit
3279 2597 3554 2651 anathema
3581 2595 3660 2667 (6)
3688 2595 3861 2650 Jesiun.

2293 2693 2482 2749 Scisne
2512 2708 2672 2756 nunc,
2703 2691 2978 2758 haeretice,
3015 2692 3066 2745 in
3120 2705 3226 2760 quo
3279 2690 3472 2759 Spiritu
3525 2688 3672 2744 dicas
3720 2687 3856 2743 Chri-

2289 2800 2431 2844 stum
2471 2798 2773 2844 creaturam
2796 2788 2837 2859 (l
2869 2787 3014 2849 Cor.,
3041 2803 3136 2848 xu,
3161 2785 3215 2855 5)
3247 2785 3269 2838 ?
3298 2785 3429 2840 Cum
3475 2784 3621 2838 enim
3659 2784 3708 2839 in
3756 2796 3859 2837 ana«

2291 2881 2528 2938 themate
2551 2883 2676 2948 sint,
2711 2881 2800 2952 qui
2823 2880 3126 2935 servierunt
3157 2887 3417 2935 creatura:
3437 2879 3597 2950 233
3630 2879 3690 2952 (ι)
3713 2879 3865 2948 potius
3922 2897 3923 2954 ζ

2289 2992 2448 3048 quam
2472 2976 2712 3032 Creatori
2738 2975 2940 3046 (Ilont.,
2963 2989 3001 3040 ι,
3023 2973 3139 3043 25);
3155 2971 3428 3027 Christum
3443 2979 3747 3027 creaturam
3763 2986 3866 3025 con-
3922 3019 3923 3032 χ

2290 3071 2472 3137 ﬁtens,
2497 3069 2625 3141 quid
2650 3069 2726 3124 sis
2749 3068 3009 3138 intellige,
3043 3067 3133 3137 qui
3164 3082 3270 3122 non
3301 3067 3517 3134 ignores
3541 3065 3668 3130 quin
3691 3065 3744 3120 iu
3773 3079 3865 3118 ma-
3922 3047 3923 3053 “

580 3163 816 3232 Spiritus
842 3164 1040 3218 Chri5ti
1073 3173 1157 3219 est
1182 3179 1212 3218 a
1259 3164 1488 3220 mortuis
1515 3165 1756 3220 excitati.
1787 3165 1841 3220 lu
1874 3165 2052 3236 aliquo
2076 3164 2176 3220 dif-
2205 3165 2250 3229 C
2284 3163 2478 3220 ledicto
2535 3163 2605 3216 sit
2655 3161 2844 3231 religio
2895 3171 3176 3216 crcaturrc.
3213 3158 3278 3212 Et
3317 3158 3441 3228 quid
3483 3167 3742 3228 sequatur
3787 3156 3863 3210 atl-

579 3253 722 3316 ferat
748 3257 950 3314 Christi
981 3267 1035 3312 et
1061 3258 1156 3312 Dei
1186 3267 1396 3324 natura,
1420 3275 1487 3314 nc
1517 3259 1708 3314 eadem
1739 3259 1842 3324 sit;
1867 3261 1911 3314 si
1940 3261 2183 3330 prmsturi

584 3360 769 3425 potest
793 3363 849 3406 ut
875 3349 1128 3420 Spiritus,
1161 3350 1250 3421 qui
1283 3351 1377 3406 Dei
1407 3360 1512 3414 est,
1539 3369 1644 3406 non
1677 3354 1745 3407 sit
1773 3364 1827 3407 et
1851 3352 2072 3408 Christi.

648 3445 741 3500 27.
775 3441 902 3498 Filii
950 3453 998 3499 et
1050 3442 1224 3498 Patris
1267 3460 1371 3497 una
1407 3444 1548 3512 apud
1571 3462 1662 3500 nos
1711 3445 2057 3500 habitatio.—
2077 3447 2182 3504 Sed

581 3548 657 3605 te,
691 3538 969 3602 hmretice,
1021 3535 1315 3602 furentem,
1343 3545 1398 3590 et
1445 3535 1636 3605 spiritu
1689 3537 1949 3594 doctrina:
1996 3541 2184 3593 morti-

580 3634 709 3688 fera:
739 3633 1124 3688 circumactum
1157 3638 1304 3683 tenet
1335 3637 1390 3683 et
1409 3638 1648 3684 coarctat
1673 3629 1990 3699 Apostolus,
2021 3631 2178 3688 Chri-

578 3733 723 3780 stum
755 3724 911 3778 nobis
941 3722 1345 3777 fundamentum
1397 3735 1604 3790 ponens
1656 3721 1781 3778 ﬁdei
1836 3722 1879 3793 (Ι
1905 3722 2050 3790 Cor.,
2092 3741 2179 3791 ιιι,

581 3816 697 3887 Η),
725 3815 854 3870 dicti
899 3814 1057 3884 hujus
1087 3828 1303 3884 quoque
1340 3812 1595 3868 dominici
1656 3829 1760 3869 non
1820 3816 2069 3871 nescius:
2122 3818 2182 3874 Si

583 3909 697 3977 quis
728 3908 893 3980 diligit
918 3923 1014 3970 me,
1047 3914 1091 3960 et
1119 3905 1322 3959 verbum
1335 3921 1504 3960 meum
1520 3907 1735 3962 servabit
1763 3923 1783 3964 :
1810 3917 1856 3964 et
1874 3919 2018 3980 pater
2041 3925 2184 3966 meus

683 4054 737 4121 l)
771 4051 878 4108 Sed
905 4060 954 4105 et
976 4050 1278 4121 apostolica.

676 4119 732 4179 2i
767 4121 871 4179 Per
900 4130 1138 4177 naturam
1159 4119 1279 4175 Dei.

683 4191 735 4263 ὅ)
767 4193 993 4250 Exeitati
1012 4192 1157 4248 Jesu.
1193 4193 1338 4263 Mox,
1369 4193 1636 4251 excitantis
1654 4191 1854 4250 Iesum.

675 4265 732 4322 4)
760 4265 1017 4322 Comitatu
1046 4265 1254 4322 diversi.
1534 4290 1547 4298 -

677 4403 730 4478 α)
757 4404 923 4478 Εάἰιξ,
956 4411 1188 4478 excepto
1216 4403 1366 4469 Par.,
1401 4420 1580 4460 omnes
1617 4405 1842 4478 linguas.

676 4475 726 4548 ὁ)
756 4475 1098 4558 Prteferimus
1125 4483 1456 4558 cumgvetere
1481 4491 1582 4558 ms.
1605 4475 1760 4532 Col’b.
1790 4487 1845 4534 et
1872 4479 2060 4558 Germ.
2091 4499 2180 4553 per

580 4546 820 4603 naturam
850 4547 944 4612 rei,
994 4546 1224 4601 inversis
1253 4556 1454 4609 tamen,
1490 4557 1545 4600 ut
1576 4563 1720 4617 saepe
1749 4566 1845 4604 usu
1885 4553 2051 4618 venit,
2087 4546 2183 4609 vo-

579 4619 787 4674 cabulis
815 4619 934 4673 scil.
963 4633 1083 4687 pro,
1111 4633 1200 4687 per
1222 4626 1418 4672 naturtc
1446 4635 1572 4672 rem.
1591 4619 1647 4674 In
1679 4619 1830 4675 libris
1860 4623 1980 4678 aliis
2011 4625 2177 4681 habe-

582 4700 668 4745 tur
694 4707 784 4761 per
815 4700 1056 4744 naturam
1091 4687 1225 4761 Dei.
1258 4687 1341 4761 Ab
1373 4689 1498 4744 hinc
1531 4705 1848 4759 responsum
1877 4695 1930 4749 iu
1969 4710 2064 4750 eos
2091 4713 2182 4752 ac-

579 4759 978 4889 fommodatur,
1011 4759 1104 4833 qui
1154 4760 1414 4830 Spiritum
1444 4761 1540 4816 Dei
1564 4777 1679 4818 rem
1702 4771 1909 4819 natura:
1936 4780 2058 4822 esse
2088 4784 2182 4824 v0-

601 4844 714 4889 cut.

601 4844 714 4889 cut.

655 4905 729 4979 (c)
753 4906 887 4961 llinc
917 4919 1103 4979 vocem
1155 4901 1305 4969 .lesu,
1335 4918 1546 4979 necnon
1576 4903 1756 4979 Iesum
1805 4918 1925 4975 post
1955 4908 2178 4966 verbum

579 4976 872 5044 exctt'antis,
907 4976 1224 5033 sustulimus
1249 4977 1568 5030 auctoritate
1590 4978 1853 5046 potiorum
1880 4996 2010 5035 mss.

651 5051 732 5118 (ιι)
761 5049 1110 5122 Martinianus
1160 5046 1355 5122 codex,
1407 5049 1645 5122 comitatu
1678 5049 1882 5104 diversi.
1937 5053 2180 5122 Amplius

584 5125 767 5176 nescio
789 5122 914 5189 quid
947 5119 1380 5190 habetcomitatu
1412 5120 1783 5186 diversitatum,
1819 5133 1966 5190 puta,
1998 5119 2065 5178 an
2094 5141 2181 5179 ra—

581 5191 656 5244 tio
683 5192 844 5246 simul
899 5189 1149 5246 veniendi
1199 5191 1300 5245 sita
1340 5191 1411 5246 sit
1439 5193 1490 5244 in
1529 5195 1760 5262 quadam
1805 5189 2177 5252 diversitatum

580 5265 855 5332 congerie,
879 5278 946 5317 an
977 5263 1028 5316 in
1063 5261 1267 5332 unitate
1293 5263 1538 5318 naturae?

655 5331 726 5408 (ε)
758 5336 992 5405 Supple,
1043 5331 1276 5408 Spiritus
1303 5351 1321 5388 :
1354 5335 1487 5408 alias
1537 5334 1953 5393 cohabitationis
1999 5353 2178 5394 sacra-

582 5403 822 5464 mentum
842 5403 957 5463 non
980 5405 1102 5466 erit,
1121 5403 1222 5458 nisi
1245 5403 1353 5459 duo
1379 5406 1623 5460 habitent
1655 5410 1896 5475 personis
1913 5409 2175 5466 distincti.

581 5478 717 5534 Tum
748 5480 799 5535 in
832 5495 933 5534 ms.
966 5475 1089 5531 Vat.
1117 5476 1424 5549 bas.neque
1467 5479 1528 5533 ab
1559 5481 1661 5535 alio
1691 5482 1921 5537 diversus
1947 5499 2002 5535 ro
2029 5483 2173 5537 habi~

582 5557 967 5676 (ﬁliai-{posset
1017 5547 1143 5604 ferri
1197 5547 1427 5605 diversus
1455 5551 1800 5616 cohabitator.
1845 5553 1988 5627 quod
2017 5553 2179 5612 habet

637 5639 695 5675 ar
722 5637 951 5676 ιιιιτιιιιιε.

637 5631 951 5677 artiniauus.

661 5692 727 5767 (ι’)
752 5693 874 5748 Vat.
907 5693 1018 5773 bas.
1044 5699 1214 5773 codex
1238 5695 1528 5773 ct-Martiu.
1563 5697 1757 5755 Christi
1781 5713 1888 5756 esse
1911 5715 2065 5772 quam
2078 5699 2177 5757 Dei

587 5777 658 5821 est
735 5779 839 5822 ιιοιι
872 5769 998 5820 sunt
1028 5762 1341 5832 recipiendi.

2290 3267 2443 3314 verte
2480 3275 2491 3311 :
2523 3255 2590 3310 Et
2613 3271 2760 3310 nemo
2789 3263 2954 3327 potest
2980 3254 3147 3307 dicere
3175 3249 3454 3306 Dominum
3481 3250 3687 3313 Jesum,
3718 3252 3806 3304 nisi
3825 3248 3865 3302 in

2289 3350 2492 3420 Spiritu
2544 3357 2720 3402 sancto
2743 3346 2785 3417 (l
2811 3345 2954 3412 Cor.,
2991 3361 3086 3410 xu,
3116 3342 3194 3414 3).
3242 3342 3494 3398 Sentisne
3522 3343 3650 3412 quid
3681 3344 3768 3398 tibi
3791 3343 3866 3397 de-

2284 3442 2372 3508 sit,
2413 3443 2481 3515 (j)
2510 3439 2726 3495 Christo
2755 3437 3000 3509 negando
3025 3436 3169 3508 quod
3198 3451 3354 3490 suum
3371 3437 3497 3489 cst?
3525 3437 3580 3491 Si
3613 3452 3708 3507 per
3733 3444 3865 3490 natu-

2285 3551 2401 3592 ram
2455 3535 2545 3588 Dei
2593 3531 2842 3587 Christus
2870 3530 2964 3586 tibi
2993 3530 3254 3584 Dominus
3293 3540 3398 3595 est,
3433 3527 3603 3582 habes
3631 3528 3866 3597 Spiritum

2287 3638 2530 3682 sanctum
2559 3643 2570 3678 :
2601 3625 2646 3679 si
2677 3640 2804 3678 vero
2829 3639 2922 3694 per
2945 3622 3254 3692 adeptivum
3285 3636 3484 3676 nomen
3516 3621 3605 3675 hic
3641 3621 3865 3676 dominus

2289 3721 2616 3790 est,Spiritu
2658 3730 2848 3775 sancto
2877 3731 3094 3783 carens,
3133 3714 3327 3784 spiritu
3356 3714 3562 3770 erroris
3591 3714 3863 3768 animaris:

2289 3816 2414 3886 quia
2470 3827 2633 3868 nemo
2685 3811 2785 3867 nisi
2816 3812 2867 3866 iit
2913 3809 3115 3880 Spiritu
3145 3816 3332 3863 sancto
3376 3807 3661 3862 Dominum
3707 3807 3865 3863 Jesum

2294 3906 2697 3980 potestdicere.
2748 3905 2815 3960 Et
2855 3912 2910 3960 tu
2966 3912 3274 3960 creaturam
3329 3917 3452 3958 eum
3503 3903 3682 3973 potius
3729 3914 3864 3972 quam

2388 4051 2444 4124 5)
2477 4052 2643 4108 Unius
2675 4066 2772 4122 pro
2801 4050 3050 4124 ejusdem.

2388 4053 2444 4124 5)
2477 4053 2643 4108 Unius
2675 4066 2772 4122 pro
2803 4053 3050 4120 ejusdem.

2363 4053 2446 4196 i6)
2468 4124 2617 4189 .lesu,
2651 4140 2755 4180 non
2787 4121 2985 4191 Jesum,
3011 4121 3062 4177 in
3091 4125 3278 4177 nostro
3305 4117 3515 4178 codice.
3562 4118 3706 4187 Mox,
3736 4115 3865 4180 diris,

2289 4212 2396 4256 non
2419 4197 2582 4252 dicas.

2207 4416 2263 4478 D
2321 4412 2673 4487 __(g)ln_mss.
2700 4407 2914 4464 Martio.
2959 4405 3151 4472 Caru.,
3179 4402 3541 4473 Corb.,Prat.
3587 4410 3639 4460 et
3679 4401 3868 4473 aliquot

2286 4484 2709 4627 mihiuiigiium
2738 4554 2948 4627 loquens
2976 4550 3062 4605 hic
3090 4547 3296 4627 addunt
3321 4548 3472 4627 editi,
3493 4546 3758 4627 quodnon
3786 4545 3869 4599 ha-

2285 4619 2440 4690 bent,
2472 4627 2566 4681 lib.
2597 4641 2658 4690 ιι,
2693 4641 2746 4679 ιι.
2776 4619 2868 4690 34,
2901 4638 3073 4688 neque
3112 4621 3198 4675 hic
3223 4619 3529 4688 reperimus
3560 4621 3656 4674 nisi
3683 4619 3732 4673 in
3771 4630 3866 4690 uno

2283 4689 2593 4753 recentiore
2619 4689 2721 4750 ms.
2745 4689 2899 4750 Coll).
2933 4693 3055 4749 Mox
3087 4695 3140 4748 iu
3167 4691 3382 4748 Martia.
3407 4701 3463 4746 et
3493 4692 3617 4747 aliis
3643 4689 3860 4746 nonnul-

2285 4769 2377 4833 lis,
2395 4767 2545 4831 Jesu,
2578 4784 2682 4823 non
2709 4767 2908 4822 Jesum.

2359 4829 2419 4912 (ἱ)
2451 4829 2624 4912 Simili
2664 4839 2869 4912 ratione
2889 4836 3207 4894 Ambrosius
3230 4877 3247 4904 ,
3279 4834 3374 4912 lib.
3401 4850 3418 4889 l
3444 4833 3513 4890 de
3537 4831 3686 4898 Fide,
3707 4829 3862 4912 cliti,

2283 4928 2341 4967 ιι.
2366 4903 2484 4966 ’1704
2515 4929 2526 4964 :
2555 4910 2580 4964 1
2589 4927 2675 4982 pse
2719 4911 2932 4982 Paulus
2951 4919 3204 4982 creatur-te
3234 4903 3435 4982 servire
3472 4922 3576 4982 nos
3606 4903 3824 4974 prohibet
3851 4917 3866 4953 .'

2284 4978 2714 5054 quemadmodum
2750 4980 3095 5054 ergoiChristo
3117 4980 3249 5054 ipse‘
3266 4978 3492 5054 serviret.
3533 4978 3582 5054 si
3598 4984 3863 5054 creaturam

2284 5044 2545 5110 Christum
2575 5065 2771 5121 putaret
2787 5044 2826 5107 ἶ
2871 5052 2945 5105 Ex
2971 5067 3077 5120 quo
3098 5044 3370 5105 concludit
3395 5066 3408 5102 :
3437 5050 3539 5102 Ant
3565 5049 3714 5121 igitur
3737 5044 3862 5099 desi-

2285 5119 2595 5180 nantcolere
2623 5141 2770 5194 quem
2812 5119 3099 5179 creaturam
3138 5122 3421 5194 appellant,
3446 5130 3535 5194 aut
3575 5119 3862 5173 desinant...

2285 5197 2452 5250 dicere
2491 5192 2775 5251 creaturam
2803 5214 2815 5248 :
2839 5204 2894 5251 et
2922 5210 2972 5249 c.
3001 5195 3086 5258 11,
3121 5210 3174 5250 ιι.
3200 5192 3269 5247 b9
3303 5210 3314 5246 :
3356 5193 3417 5248 Si
3447 5192 3667 5246 alienum
3693 5195 3862 5258 putant

2282 5267 2488 5332 Deum,
2527 5285 2619 5322 cur
2669 5267 2885 5323 adorant
2925 5257 3211 5319 eum?cum
3244 5263 3500 5331 scriptum
3542 5263 3605 5315 sit
3643 5277 3662 5315 ε
3693 5257 3862 5332 Neque

2283 5329 2523 5394 adorabis
2566 5339 2729 5393 Deum
2777 5339 3022 5392 alienum.
3074 5336 3220 5390 ltlem
3263 5329 3635 5404 argumentum
3679 5329 3860 5404 adver-

2282 5427 2377 5467 sus
2401 5411 2630 5467 Arianos
2663 5420 2720 5466 ut
2743 5421 3006 5466 creaturae
3047 5407 3282 5462 cultores
3320 5401 3612 5461 conficiunt
3637 5401 3861 5457 Athana-

2282 5483 2416 5548 sius,
2448 5483 2464 5516 ’
2495 5483 2698 5547 ssilius,
2725 5481 3016 5552 Gregorius
3036 5479 3220 5552 Nyss.,
3250 5488 3354 5552 etc:

2353 5545 2428 5629 (j')
2479 5555 2606 5610 Mss.
2635 5545 3030 5629 Citrti.,'Co_lb.,
3080 5545 3854 5629 GenuaChristumunegando.

2279 5617 2505 5683 Planum
2535 5636 2617 5682 est
2645 5617 2887 5695 proxima
2910 5617 3152 5695 Apostoli
3183 5621 3342 5678 verba
3365 5622 3443 5695 sic
3469 5620 3537 5695 ab
3561 5617 3763 5695 _Hilario
3785 5617 3857 5669 in-

2281 5699 2495 5754 tellecra
2521 5715 2532 5750 :
2563 5689 2733 5753 Nemo
2759 5707 2924 5770 potest
2960 5689 3131 5754 dicere
3173 5701 3229 5752 et
3271 5691 3515 5753 conﬁteri
3544 5689 3722 5749 Iesum
3762 5702 3858 5743 esse

2280 5770 2579 5841 Dominum,
2605 5770 2726 5842 nisi,
2757 5781 2861 5828 etc.
