3930 6194
70 334 164 391 257
1292 319 1382 377 DE
1422 309 1795 375 TRINITATE
1835 309 2042 370 LIBER
2078 308 2214 368 VIII.
3245 299 3356 362 258

72 449 222 502 Deum
250 443 464 509 diccnS,
493 440 769 497 dominum
815 438 940 496 licel
991 450 1328 509 humanam.
1358 438 1642 493 Dominum
1672 434 1725 496 Α
1747 450 1966 504 audistis
1992 450 2055 505 de
2078 465 2166 504 ore
2192 462 2325 513 meo,
2351 442 2605 515 Quoniam
2624 440 2854 499 Joannes
2881 437 3160 514 baptizavit
3189 451 3347 503 aqua,

74 552 235 595 tamen
286 551 410 592 esse
461 549 571 591 non
622 532 950 604 dicis;quia
1001 531 1092 588 libi
1145 528 1224 606 (η)
1272 547 1337 587 ex
1382 532 1654 588 communi

1808 561 1845 598 ιε
1873 554 2044 598 autem
2071 542 2273 611 Spiritu
2307 550 2486 595 sancto
2518 537 2805 610 tiugemiui,
2837 551 2994 607 quem
3020 544 3069 587 et
3097 529 3361 599 accipietis

73 644 251 701 εοηονθ
279 628 464 699 Pomm
491 634 546 682 ει
590 624 841 680 familiari
890 625 1127 693 nomine,
1161 638 1319 696 αυειιη
1368 639 1434 680 ει
1465 634 1655 680 “illum
1756 653 1857 691 non
1886 645 1998 708 post
2040 635 2230 689 multos
2259 634 2352 689 Iros
2387 633 2515 688 dies.
2575 631 2644 686 Et
2680 644 2893 687 rursum
2920 645 2933 681 :
2959 626 3064 684 Sed
3100 622 3363 695 accipietis

74 723 134 779 sit
162 720 436 776 Dominus.
465 718 571 775 Sed
604 717 683 790 (b)
709 732 737 772 a
766 717 934 773 Paulo
962 716 1111 774 disce
1136 724 1404 773 naturam.

1808 737 1989 782 rtutem
2017 722 2403 797 superveniente
2435 723 2637 797 Spiritu
2677 732 2852 778 sancto
2898 721 2953 774 iu
2991 735 3102 786 vos,
3130 726 3177 770 et
3219 713 3362 769 eritis

135 817 217 873 29.
249 815 547 872 Gratiarum
586 814 884 871 divisiones.
908 846 979 857 ——
1002 814 1256 886 Sequitur
1292 814 1436 871 enim
1465 832 1478 869 :
1511 814 1656 869 Divi—
1756 820 1883 875 mihi
1903 828 2052 875 testes
2073 821 2126 874 in
2150 817 2463 882 Jerusalem,
2486 825 2533 871 et
2560 815 2699 870 omni
2719 814 2930 880 Iudaea,
2950 821 2995 867 et
3023 806 3290 870 Samaria,
3317 811 3366 859 et

77 912 224 966 siones
247 920 420 964 autem
453 911 705 964 donorum
744 919 884 977 sunt,
915 909 1050 962 idem
1079 918 1246 964 autem
1273 907 1502 977 Spiritus
1540 918 1655 974 est;
1755 912 2243 984 usqueadultimum
2261 922 2411 967 terra:
2426 907 2689 981 (Act.r,4,
2707 916 2752 964 et
2771 902 3369 979 seq.).Prnmissionem

80 1014 120 1059 et
144 1004 408 1058 divisiones
438 1002 839 1056 ministeriorum
868 1011 1009 1067 sunt,
1032 1012 1079 1056 et
1099 1002 1234 1055 idem
1249 1001 1355 1072 ipse
1373 999 1655 1067 Dominus;
1756 1004 1958 1072 Patris,
1989 1020 2108 1077 quae
2129 1005 2197 1061 de
2231 1020 2327 1061 ore
2360 1003 2478 1074 ejus
2497 1002 2679 1058 audita
2717 1011 2821 1069 est,
2856 997 3157 1070 exspectari
3183 995 3363 1067 jubet.

82 1104 123 1152 et
147 1095 407 1150 divisiones
441 1096 798 1165 operationum
835 1104 954 1149 sunt
973 1136 987 1159 ,
1032 1094 1167 1149 idem
1197 1104 1367 1149 autem
1390 1092 1546 1158 Deus,
1570 1094 1658 1163 qui
1758 1093 1918 1153 Certe
1938 1097 2266 1152 etiamnunc
2287 1095 2403 1166 ejus
2423 1103 2660 1166 paterna:
2681 1090 3061 1165 promissionis
3087 1085 3366 1158 eloquium

84 1199 294 1259 operatur
313 1187 488 1243 omnia
524 1187 578 1241 in
597 1188 850 1242 omnibus.
881 1185 1165 1258 Unicuique
1192 1197 1358 1241 autem
1380 1186 1533 1240 datur
1545 1203 1657 1242 ma-
1757 1197 1861 1243 est.
1880 1187 1985 1244 Per
1999 1187 2095 1243 has
2109 1187 2269 1259 igitur
2279 1187 2534 1242 virtutum
2549 1184 2867 1243 elﬁcientias
2881 1180 3240 1238 manilestatio
3253 1178 3368 1249 Spi-

84 1282 314 1353 ttij‘estatio
343 1279 575 1352 Spiritus
599 1279 697 1353 (ε),
721 1281 790 1335 ad
817 1281 871 1334 id
899 1282 1035 1351 quod
1077 1282 1203 1336 utile
1242 1291 1314 1337 est
1337 1280 1500 1354 (Ibid.
1525 1283 1582 1349 4,
1609 1291 1657 1336 et
1759 1279 1898 1336 ritus
1938 1287 2042 1337 est.
2068 1279 2253 1351 Neque
2272 1280 2416 1336 enim
2440 1280 2492 1335 in
2516 1280 2729 1335 occulto
2758 1285 2842 1332 est
2880 1272 3115 1345 Spiritus
3140 1270 3367 1337 donum,

85 1378 250 1446 καφ).
288 1372 342 1428 lu
375 1374 632 1444 prasenti
664 1388 917 1429 sermone
943 1373 1295 1444 quadrimoda
1335 1374 1657 1444 signiﬁcatio
1760 1371 1853 1427 ubi
1895 1386 2074 1429 sermo
2125 1371 2408 1443 sapientia:
2437 1379 2540 1437 est,
2590 1381 2642 1426 et
2675 1369 2839 1426 verba
2864 1368 2987 1422 vitre
3031 1363 3323 1420 audiuntur
3354 1377 3370 1419 :

86 1466 391 1539 intelligitur,
423 1481 550 1522 cum
580 1468 632 1522 in
667 1466 933 1523 divisione
963 1468 1227 1523 donorum
1258 1467 1397 1524 idem
1423 1468 1658 1539 Spiritus
1760 1467 1849 1523 vel
1896 1467 1985 1523 ubi
2046 1465 2242 1523 divina:
2297 1466 2622 1537 cognitionis
2667 1462 2887 1521 scientia
2930 1470 3048 1528 est,
3099 1474 3167 1515 ne
3208 1470 3375 1528 pecu-

85 1569 175 1625 est,
199 1559 319 1616 etin
347 1559 622 1617 divisione
652 1560 1072 1617 ministeriorum
1095 1560 1235 1618 idem
1262 1564 1375 1632 ipse
1396 1560 1658 1617 Dominus
1764 1560 1891 1617 dum
1955 1560 2118 1617 modo
2193 1576 2291 1633 per
2345 1560 2736 1632 ignorationem
2794 1557 2924 1625 Dei,
2987 1554 3109 1610 vita:
3170 1557 3372 1608 nostra:

85 1664 175 1719 est,
202 1662 255 1710 et
279 1652 328 1709 in
356 1652 628 1709 divisione
654 1655 1026 1726 Operationum
1058 1655 1200 1710 idem
1232 1655 1377 1711 Deus
1397 1664 1502 1721 est,
1526 1652 1656 1711 etin
1684 1638 1693 1643 ’
1761 1655 2075 1725 ignoremus
2104 1664 2379 1710 auctorem
2407 1670 2421 1706 :
2446 1653 2528 1709 vel
2559 1668 2651 1723 per
2679 1651 2839 1707 ﬁdem
2871 1649 2986 1715 Dei,
3013 1663 3083 1705 ne
3108 1661 3216 1702 non
3252 1658 3373 1700 cre-

87 1745 303 1802 ntilitatis
330 1746 556 1803 datione
593 1748 960 1804 maniiestatio
984 1748 1240 1818 Spiritus.
1267 1750 1447 1818 Atque
1476 1758 1533 1802 ut
1562 1747 1658 1802 da-
1760 1746 1953 1804 dentes
1993 1747 2339 1819 Evangelium
2395 1744 2513 1814 Dei,
2562 1757 2716 1802 extra
2766 1742 3119 1813 Evangelium
3160 1740 3254 1795 Dei
3303 1735 3375 1793 si-

94 1840 157 1894 tio
179 1839 413 1895 utilitatis
459 1842 515 1896 in
563 1839 999 1896 manilestatione
1027 1840 1259 1911 Spiritus
1305 1849 1658 1907 nosceretur;
1692 1832 1739 1892 Β
1767 1854 1885 1896 mus
1921 1858 1934 1893 :
1965 1841 2049 1896 vel
2089 1855 2186 1911 per
2233 1840 2431 1895 donum
2480 1838 2838 1904 curationum,
2884 1845 2942 1891 ut
2974 1835 3202 1906 gratiam
3232 1834 3375 1909 ejus,

94 1931 324 1987 continuo
359 1931 667 2003 subjectum
705 1941 831 1989 est:
866 1932 1006 1987 Huic
1041 1933 1242 2003 quidem
1279 1950 1370 2004 per
1406 1932 1662 2003 Spiritum
1763 1933 1853 2004 qui
1886 1932 2003 1988 haec
2031 1932 2239 2000 tribuit,
2264 1932 2638 1988 inlirmitatum
2665 1931 2947 1986 curatione
2971 1931 3375 1987 testemurzvel

95 2024 227 2078 datur
248 2041 409 2080 sermo
445 2026 743 2097 sapientiae,
782 2026 875 2081 alii
899 2036 1069 2081 autent
1106 2042 1273 2082 sermo
1314 2027 1542 2083 scientia:
1576 2044 1660 2082 se-
1767 2040 1862 2096 per
1893 2027 2261 2096 operationem
2290 2026 2569 2090 virtutum,
2596 2032 2652 2079 ut
2679 2022 2819 2095 quod
2848 2024 3077 2094 agimus,
3109 2021 3205 2079 Dei
3252 2037 3374 2081 esse

94 2117 289 2172 curduut
303 2118 538 2174 eumdem
564 2119 841 2189 Spiritum,
864 2119 1014 2174 alteri
1041 2129 1208 2174 autem
1236 2120 1364 2189 ﬁdes
1387 2118 1467 2192 (ιι)
1496 2122 1548 2174 in
1578 2136 1662 2175 eo-
1769 2116 1852 2191 (g)
1876 2118 2048 2175 virtus
2095 2118 2424 2191 intelligatur
2453 2135 2467 2172 :
2496 2118 2582 2174 vel
2632 2133 2727 2189 per
2772 2116 3131 2188 prophetiam,
3179 2123 3237 2171 ut
3280 2131 3377 2188 per

91 2208 184 2263 dent
205 2209 419 2279 Spiritu,
449 2211 545 2265 alii
568 2213 760 2266 donum
785 2211 1110 2267 curationum
1140 2212 1194 2266 in
1222 2212 1400 2266 eodem
1432 2212 1660 2281 Spiritu,
1773 2213 2035 2268 doctrina:
2065 2212 2473 2283 intelligentiam
2504 2211 2868 2281 intelligantur
2894 2225 2959 2264 ex
2990 2208 3104 2265 Deo
3131 2207 3331 2264 eruditi
3360 2223 3376 2265 :

90 2301 165 2357 alii
200 2304 421 2376 operatio
458 2304 750 2370 virtutum,
796 2304 888 2359 alii
929 2303 1233 2376 prOpIretia,
1288 2305 1380 2359 alii
1422 2305 1665 2359 discretio
1774 2305 1861 2360 vel
1907 2321 2003 2375 per
2050 2304 2430 2360 discretionem
2471 2303 2782 2374 spirituum,
2833 2315 2901 2357 ne
2945 2300 3117 2371 ignari
3175 2302 3370 2367 simus,

104 2396 362 2466 Spirituum
384 2439 399 2465 ,
440 2399 538 2453 alii
581 2415 768 2471 genera
811 2401 1143 2471 linguarum,
1173 2400 1266 2455 alii
1310 2402 1665 2472 interpretatio
1769 2406 1960 2453 sancto
1985 2412 2052 2452 an
2080 2411 2336 2467 perverso
2363 2394 2556 2468 spiritu
2583 2396 2702 2465 quis
2731 2395 2981 2465 loquatur
3007 2409 3020 2447 :
3053 2392 3135 2448 vel
3163 2408 3259 2463 per
3278 2407 3372 2466 ge-

93 2487 350 2559 linguarum
379 2488 546 2560 (Ibid.
572 2532 589 2555 ,
615 2492 649 2548 8
670 2500 717 2545 et
740 2490 929 2565 seqq.).
1770 2505 1900 2546 nera
1928 2490 2254 2559 linguarum,
2284 2499 2339 2544 ut
2365 2486 2443 2562 (It)
2473 2487 2526 2544 in
2558 2487 2768 2558 signum
2805 2486 2916 2541 dati
2938 2485 3171 2556 Spiritus
3200 2487 3376 2543 sancti

147 2581 224 2635 50.
268 2581 501 2651 Spiritus
552 2583 922 2653 manifestatio.
947 2613 1021 2625 —
1043 2584 1110 2640 Et
1152 2586 1367 2656 quidem
1418 2587 1492 2655 id,
1521 2586 1666 2658 quod
1780 2582 2081 2653 linguarum
2110 2598 2290 2638 sermo
2325 2582 2557 2637 donetur
2582 2580 2623 2655 (Ι
2656 2579 2776 2637 Cor.
2820 2594 2931 2647 xrv,
2962 2578 3057 2652 6):
3093 2578 3173 2653 (ι)
3196 2579 3281 2636 vel
3319 2580 3376 2636 in

96 2679 306 2740 quartum
332 2688 456 2729 esse
481 2673 744 2742 diximus,
776 2676 825 2730 id
855 2687 960 2742 est,
991 2676 1041 2731 in
1074 2676 1293 2734 dationc
1316 2679 1562 2735 utilitatis
1592 2680 1666 2753 (e)
1780 2676 2224 2747 interpretatione
2261 2674 2584 2746 linguarum,
2625 2689 2694 2729 ne
2733 2672 3067 2745 ignoratione
3095 2670 3227 2728 lides
3270 2686 3372 2727 au-

97 2762 292 2833 Spiritus
313 2767 834 2835 manilestationem,
860 2770 1336 2827 absolutamhabet
1357 2772 1661 2844 intelligen-
1692 2836 1698 2842 ,
1770 2767 2030 2825 dientium
2060 2768 2411 2839 periclitetur,
2443 2781 2566 2823 cum
2607 2766 2840 2838 linguam
2874 2764 3247 2837 ignorantibus
3273 2764 3378 2819 lin-

98 2853 218 2911 tiam.
237 2857 912 2931 “Commemoratum
935 2866 1078 2917 enim
1096 2873 1201 2926 est,
1227 2878 1324 2933 per
1344 2879 1475 2935 quas
1492 2865 1668 2921 datio-
1769 2880 1888 2936 guze
1915 2865 2296 2935 interpretator
2324 2862 2574 2918 absolvit.
2604 2860 2662 2915 In
2702 2861 2784 2915 bis
2824 2860 2985 2931 igitur
3028 2858 3280 2913 omnibus
3308 2857 3376 2914 ad

98 2964 204 3005 num
221 2953 472 3009 utilitates
501 2954 627 3009 base
647 2966 788 3010 esset
822 2954 1059 3026 Spiritus
1081 2956 1467 3013 manifestatio.
1503 2958 1557 3014 lu
1586 2959 1669 3014 his
1772 2959 2054 3013 utilitatem
2080 2957 2372 3028 unicuique
2396 2955 2586 3012 divisis
2611 2954 2971 3011 manilestatio
3011 2952 3247 3025 Spiritus
3272 2961 3379 3021 est,

102 3057 297 3115 namque
321 3046 657 3103 divisionum
699 3047 987 3104 virtutibus
1019 3064 1124 3104 non
1157 3051 1361 3106 incerta
1393 3052 1519 3107 doni
1565 3053 1667 3107 hu-
1775 3064 1873 3120 per
1913 3052 2011 3105 has
2052 3050 2260 3105 scilicet
2310 3048 2447 3104 datae
2494 3047 2781 3118 unicuique
2824 3045 2988 3123 235
3027 3044 3093 3118 (i)
3136 3043 3384 3102 utilitatis

99 3135 170 3205 jus
191 3141 415 3196 ostensio
442 3150 552 3208 est,
590 3140 658 3196 de
686 3156 793 3211 quo
823 3139 1084 3197 Dominus
1111 3142 1177 3196 ad
1204 3142 1495 3214 Apostolus
1519 3144 1669 3201 dixe-
1772 3142 2159 3198 admirationes
2187 3142 2331 3197 dono
2367 3141 2600 3211 Spiritus
2631 3156 2736 3196 non
2769 3139 2993 3196 latente.
3340 3146 3345 3149 “

103 3237 185 3294 rat,
220 3230 531 3302 praecipiens
575 3230 684 3298 his,
723 3248 788 3287 ne
836 3236 901 3286 ab
941 3231 1283 3305 .lerosolymis
1321 3236 1671 3304 discederent,-
1698 3214 1745 3279 (ἶ
1849 3237 1939 3292 51.
1971 3236 2100 3292 [hac
2126 3237 2264 3291 dona
2294 3237 2429 3291 alius
2474 3246 2624 3307 atque
2669 3235 2802 3289 alius
2841 3235 3086 3306 largitur,
3137 3241 3185 3290 et
3216 3241 3386 3288 tamen

108 3320 253 3392 (θεία
274 3334 587 3395 exspectate,
621 3324 822 3395 inquit,
865 3327 1257 3393 promissionem
1290 3326 1484 3395 Patris,
1510 3346 1667 3401 quant

165 3484 231 3557 (I)
267 3486 352 3542 Vel
378 3504 467 3559 per
508 3488 1002 3560 interpretationem,
1036 3489 1307 3560 quomodo
1342 3499 1499 3547 antea
1523 3492 1672 3550 dixe-

108 3564 172 3610 rat
191 3574 267 3627 per
292 3560 464 3629 ﬁdem,
489 3576 590 3631 per
610 3562 821 3627 donum,
849 3577 939 3632 per
967 3562 1334 3631 Operationem,
1358 3573 1487 3632 etc.,
1514 3567 1674 3636 paulo

168 3705 232 3776 la)
265 3703 490 3775 Optima:
537 3712 685 3759 noue
733 3717 864 3759 mss.
906 3702 1308 3773 Carn.,Germ.
1341 3721 1462 3762 cum
1507 3709 1679 3766 tribus

113 3773 413 3847 Colbertinis,
468 3793 535 3832 ac
583 3777 838 3830 communi
873 3777 1043 3847 potius
1079 3787 1123 3829 et
1168 3778 1417 3847 familiari
1454 3782 1674 3837 nomine.

114 3841 235 3919 Unus
256 3848 478 3905 Sorhon.
516 3864 585 3902 ea:
611 3841 888 3915 communi,
929 3848 1151 3919 generali
1168 3841 1374 3917 potius,
1423 3861 1526 3906 etc.
1558 3851 1675 3908 Vat.

116 3918 227 4000 bas:
254 3930 303 3974 et
346 3919 568 3975 Martii].
606 3934 671 3973 ea:
710 3918 1065 3974 communione
1108 3920 1307 3991 generis
1350 3932 1396 3975 et
1425 3922 1680 3992 familiari

115 4003 300 4043 nonnae.

176 4060 241 4131 (b)
268 4061 435 4132 Apud.
470 4062 567 4117 Er.
611 4071 661 4116 et
694 4062 746 4116 in
778 4078 884 4117 ttno
908 4077 1011 4118 ms.
1039 4062 1211 4121 Vatic.
1235 4081 1266 4118 α
1300 4063 1469 4120 Paulo
1510 4075 1556 4120 et
1583 4064 1682 4121 Dei

119 4132 271 4206 spiritu
308 4136 356 4187 in
381 4150 439 4188 eo
471 4135 619 4206 disce
646 4146 906 4188 naturam.
939 4136 1096 4205 Apud
1125 4135 1272 4206 Lips.
1305 4145 1359 4190 et
1388 4137 1508 4191 Par.
1556 4152 1683 4194 nec-

121 4216 206 4276 non
241 4204 288 4258 in
327 4219 426 4260 ms.
472 4203 642 4259 Cnrb.
683 4216 735 4258 et
762 4205 961 4276 aliquot
988 4203 1130 4273 aliis,
1174 4203 1204 4260 a
1236 4206 1404 4261 Paulo
1433 4217 1480 4261 et
1510 4207 1607 4262 Dei
1637 4216 1682 4262 et

124 4273 316 4341 Spiritus
351 4278 402 4330 in
434 4294 491 4330 eo
532 4276 678 4331 disce
713 4273 970 4332 naturam.
1003 4277 1058 4332 In
1100 4277 1274 4333 tribus
1302 4276 1455 4333 Colb.
1492 4290 1546 4333 et
1577 4295 1683 4333 uno

125 4342 320 4401 Sorbon.
346 4365 377 4401 α
416 4345 594 4401 Paulo
627 4347 721 4402 Dei
742 4347 1000 4418 Spiritum
1027 4351 1079 4403 in
1108 4366 1186 4415 eo,
1227 4359 1274 4403 et
1307 4348 1403 4403 Dei
1429 4349 1565 4405 disce
1590 4368 1686 4404 ua-

126 4422 278 4491 lerem.
298 4418 605 4491 Simplicius
630 4427 705 4485 et,
731 4428 787 4471 ut
813 4430 1085 4491 putamus.
1110 4421 1375 4476 sincerius
1404 4420 1560 4488 Bad.,
1588 4436 1683 4491 op-

126 4487 257 4558 timus
275 4487 436 4545 cedes
464 4490 624 4545 Colb.
650 4505 771 4545 cum
798 4487 985 4556 Carn.,
1018 4491 1260 4557 Martin.,
1279 4491 1486 4558 Germ.,
1523 4487 1679 4548 Vind.

129 4557 237 4612 Silv.
256 4575 315 4617 ac
332 4561 545 4617 duobus
571 4559 741 4616 Vatic.
768 4577 800 4615 a
826 4560 994 4617 Paulo
1015 4563 1152 4618 disce
1175 4573 1436 4627 naturam,
1460 4557 1558 4619 hoc
1580 4572 1683 4626 est.

129 4643 225 4705 qua
246 4633 404 4705 ipsius
431 4633 505 4687 sit
530 4640 746 4699 natura,
776 4643 826 4687 et
851 4650 1010 4703 quam
1045 4650 1148 4689 non
1178 4650 1248 4690 ex
1282 4633 1688 4705 nuncupatione

130 4700 295 4780 stilum,
316 4704 407 4759 sed
431 4719 562 4780 vere
601 4713 743 4780 et‘ex
773 4700 958 4759 natura
980 4705 1064 4780 sit
1093 4705 1355 4780 Dominus
1387 4724 1399 4759 :
1433 4700 1575 4780 quod
1610 4705 1693 4780 iu;

132 4773 308 4847 sissime
346 4774 623 4847 probatur.
663 4773 906 4845 Namque
943 4776 1013 4831 ab
1053 4776 1179 4832 hinc
1224 4792 1394 4847 usque
1417 4773 1484 4831 ad
1534 4795 1587 4832 n.
1621 4777 1691 4833 55

132 4839 429 4919 demonstrat
469 4846 727 4919 Hilarius,
778 4839 940 4919 alium
983 4849 1202 4919 quidem
1241 4839 1361 4903 esse
1391 4847 1560 4903 Deum
1592 4848 1693 4903 Pa-

135 4919 265 4982 trem,
308 4917 467 4971 alium
497 4917 785 4973 Duminuur
816 4917 1014 4973 Jesum
1045 4917 1342 4985 Christum,
1392 4919 1485 4976 sed
1530 4936 1691 4975 unum

134 4989 284 5067 tamen
323 4989 604 5067 utriusque
648 4988 934 5067 Spiritum,
981 5005 1159 5067 unam_
1181 5005 1303 5045 esse
1333 4990 1693 5067 divinitatem,

135 5061 264 5126 cujus
308 5062 481 5114 virtus
537 5074 602 5115 ac
644 5064 836 5115 natura
879 5061 1036 5116 donis
1079 5062 1191 5117 suis
1237 5061 1520 5117 manifesta
1582 5063 1694 5116 liat.

137 5124 298 5254 ﬁrmes
320 5146 450 5187 vero
491 5131 731 5202 apertius
768 5132 1006 5188 ostendit
1036 5132 1311 5189 Christum
1345 5144 1534 5189 natura
1579 5148 1701 5190 esse

250 5216 410 5254 mum.

250 5216 410 5258 mum.

196 5290 258 5364 (e)
285 5292 339 5350 In
375 5311 477 5351 ms.
509 5292 673 5351 Carn.
704 5293 932 5365 Spiritus
958 5294 1268 5352 tlluminatio
1299 5296 1368 5351 ad
1412 5298 1699 5353 utilitatem.

141 5354 439 5436 Ita'gquidem
489 5367 721 5423 habetur
748 5354 859 5422 'lib.
908 5383 968 5432 tt,
1018 5384 1072 5422 n.
1106 5371 1198 5431 34,
1246 5370 1708 5425 consentientibus

145 5433 328 5504 scriptis
351 5438 510 5493 simul
550 5449 603 5494 et
640 5441 855 5494 excusis
886 5456 899 5492 :
933 5449 987 5495 at
1009 5438 1098 5496 hic
1139 5440 1297 5496 aliter
1325 5441 1606 5510 legendum
1638 5441 1707 5494 li-

146 5515 250 5571 qnet
273 5522 333 5564 ex
363 5511 639 5566 subnexis.

205 5596 279 5729 (g2
314 5602 403 5660 Sic
454 5620 634 5676 graeco
681 5612 830 5659 textu
875 5602 1201 5676 sull'ragante
1250 5605 1444 5678 legitur
1492 5606 1583 5662 lib.
1633 5621 1703 5672 rt,

283 5715 299 5729 .
329 5685 382 5729 et
419 5674 508 5729 hic
543 5674 593 5729 in
643 5674 937 5729 exemolari
968 5675 1128 5729 Carn.
1164 5677 1253 5729 ubi
1286 5680 1338 5729 in
1390 5679 1602 5729 titan-tiu.
1650 5677 1703 5729 in

148 5678 194 5719 ιι·
218 5674 299 5739 δι,
329 5685 382 5729 et
419 5674 508 5731 hic
543 5674 593 5730 in
643 5674 937 5744 exemplari
968 5674 1128 5732 Cartt.
1164 5677 1253 5732 ubi
1286 5674 1338 5734 in
1390 5679 1602 5732 Mat-tiu.
1650 5677 1706 5730 iu

152 5750 235 5795 Ino
253 5746 447 5817 spiritu,
472 5747 526 5801 in
554 5746 676 5802 aliis
701 5756 903 5810 autem,
928 5747 982 5800 in
1010 5748 1240 5803 eumdem
1267 5750 1548 5817 Spiritum.
1576 5747 1706 5803 Post

313 5746 447 5809 iritu,
472 5747 526 5801 in
554 5746 676 5822 aliis
701 5756 903 5822 autem,
928 5747 982 5800 in
1010 5748 1240 5822 eumdem
1267 5750 1548 5822 Spiritum.
1576 5747 1708 5803 Post

154 5820 297 5879 Pauca
320 5832 529 5875 rursum
564 5818 762 5888 vulgati
788 5817 875 5873 hic
915 5832 1024 5888 prce
1047 5834 1106 5876 se
1136 5817 1373 5878 ferentes
1400 5821 1707 5890 interpreta-

1779 3349 1914 3388 unus
1973 3331 2227 3404 Spiritus.
2272 3360 2345 3372 —
2391 3329 2590 3386 Tenuit
2639 3338 2823 3384 autem
2871 3328 3064 3385 beatus
3110 3325 3387 3400 apostolus

1782 3503 1923 3568 post,
1955 3492 2201 3551 absolvat.
2228 3492 2364 3552 Tum
2389 3493 2632 3562 inferius,
2658 3490 2894 3549 utilitatis
2916 3490 3293 3549 admirationis.

1786 3712 1856 3767 tio
1891 3730 2215 3783 sermonum,
2266 3730 2373 3771 non
2426 3710 2723 3785 linguarum
2755 3728 2773 3767 :
2802 3708 3106 3785 refutantur
3144 3724 3212 3768 ex
3256 3723 3389 3768 mss.

1787 3792 1930 3840 textu
1961 3803 2157 3856 graeco,
2189 3796 2243 3843 et
2267 3784 2517 3857 subjecta
2542 3784 3007 3856 interpretatione.

1861 3876 1929 3950 (ρ)
1953 3879 2109 3947 Apud
2143 3880 2264 3934 Par.
2299 3879 2512 3952 spiritus
2561 3878 3034 3952 manifestatiouum
3058 3891 3077 3932 :
3105 3875 3389 3952 mendose=

1787 3946 1955 4017 Magis
1990 3952 2229 4020 placeret
2265 3946 2614 4021 manifestatio
2640 3946 2784 4021 :_sed
2832 3948 3293 4018 manifestationem
3323 3946 3391 4002 ad

1788 4019 2088 4091 proximum
2111 4023 2330 4078 verbum
2355 4019 2580 4077 diximus
2605 4019 2814 4076 referre
2841 4021 2988 4075 licet.

1860 4112 1928 4187 (Γ)
1960 4114 2120 4181 Editi,
2143 4114 2233 4187 sed
2255 4111 2784 4187 exspectarent._Ttttn
2817 4109 2966 4180 Lips.
3000 4119 3054 4165 et
3084 4110 3207 4165 Par.
3236 4125 3396 4187 quam

1789 4179 2008 4241 audistis
2048 4179 2229 4256 inquit.
2269 4179 2354 4240 Δι’
2382 4185 2434 4240 in
2478 4182 2726 4256 omnibus
2771 4179 2902 4256 m_s_s_.
2931 4179 3395 4256 _e:cspectate':cui

1788 4257 1955 4311 verbo
1978 4259 2028 4311 in
2054 4252 2224 4312 tribus
2250 4266 2456 4311 tantum
2482 4254 2727 4324 proxime
2749 4252 3035 4324 subjicitur
3058 4253 3243 4324 inquit,
3270 4266 3392 4324 cum

1789 4342 1961 4397 neque
1993 4329 2099 4388 hic.
2133 4341 2309 4396 neque
2338 4337 2457 4396 post
2484 4322 2676 4397 'exstet
2704 4326 2756 4379 in
2791 4324 2934 4379 aliis.
2966 4322 3087 4379 Mox
3119 4322 3171 4378 in
3202 4323 3391 4397 Colb.,

1789 4395 1974 4467 Carm,
2000 4395 2238 4467 Mat-tim,
2270 4395 2457 4455 Germ.
2488 4396 2893 4467 baptizabimini,
2919 4411 3024 4451 non
3049 4395 3336 4468 tingemini.

1714 4541 1804 4608 D7
1866 4533 1943 4608 (g)
2000 4534 2065 4608 In
2108 4533 2371 4606 vulgatis,
2417 4534 2620 4589 virtutis
2664 4532 3034 4607 intelligamus.
3081 4533 3217 4608 Tum
3250 4531 3393 4608 apud

1794 4604 1932 4732 Pati.
1947 4616 1999 4662 et
2027 4606 2119 4662 Er.
2144 4604 2223 4662 vel
2250 4622 2341 4677 per
2363 4608 2707 4681 prophetiam,
2739 4604 2801 4660 ut
2819 4604 2910 4676 per
2934 4606 3219 4661 doctrinam
3244 4604 3393 4658 intel-

1815 4694 2032 4732 ruamus.

1815 4694 2032 4732 ruamus.

1833 4696 2148 4823 f{((It'guiibest
2166 4751 2220 4823 in
2238 4764 2293 4823 7a
2311 4764 2444 4805 mss.
2469 4748 2626 4806 Colb.
2658 4748 2870 4823 martia.
2899 4756 2953 4803 et
2980 4745 3164 4804 Germ.
3189 4747 3323 4803 Tum
3342 4746 3398 4802 in

1796 4820 2004 4894 editisL
2011 4822 2120 4876 dati
2148 4822 2399 4894 Spiritus,
2433 4822 2551 4877 sine
2575 4822 2759 4876 sancti.

1870 4892 1935 4967 (i)
1967 4892 2130 4961 Editi,
2193 4889 2963 4967 utilitatis“administrationes.
3013 4889 3394 4967 Rectiusnmss.

1802 4961 2015 5021 summo
2037 4979 2328 5026 consensu,
2357 4964 2596 5018 utilitatis
2620 4962 3009 5024 admirationes,
3041 4961 3126 5016 vel
3151 4962 3401 5017 utilitates

1804 5036 2349 5106 admirationis:quia
2393 5036 2642 5106 nimirum
2692 5033 2894 5106 utilitas
2941 5031 3114 5106 modo
3149 5049 3256 5106 non
3302 5032 3402 5087 Itu-

1807 5122 1968 5162 mano
1992 5110 2222 5175 prmstita
2247 5104 2667 5161 admirationem
2695 5105 2918 5171 excitat,
2947 5119 3010 5158 ac
3028 5104 3281 5175 Spiritus,
3307 5119 3401 5160 cu-

1803 5179 1891 5249 jus
1920 5177 2160 5249 subsidio
2194 5177 2496 5249 confertur,
2533 5176 3053 5249 divinamuvirtutem
3084 5175 3257 5249 palam
3296 5176 3400 5249 _de-

1808 5244 1998 5304 claret.
2044 5247 2135 5304 Sic
2190 5246 2285 5303 lib.
2318 5262 2410 5315 vn,
2446 5262 2500 5301 n.
2536 5248 2592 5311 5,
2634 5244 2905 5303 Sabellius
2947 5246 3041 5301 Dei
3086 5244 3144 5302 in
3182 5246 3402 5303 Christo

1810 5330 2053 5376 naturam
2078 5335 2168 5391 per
2185 5327 2438 5391 gestorum
2461 5317 3398 5391 admirationemagtnovisse‘tlicitur;

1813 5402 1867 5447 et
1896 5391 1991 5446 lib.
2028 5387 2088 5446 in
2125 5387 2500 5447 constantium
2535 5406 2588 5445 ιι.
2629 5390 2663 5444 8
2703 5387 3063 5456 [medicantur
3102 5387 3407 5443 admiratio-

1810 5479 1934 5518 num
1964 5480 2121 5531 opera
2140 5477 2321 5517 cnram
2343 5460 2665 5516 venerandis
2695 5460 2985 5531 Martyrum
3014 5462 3227 5515 ossibus
3272 5475 3410 5531 eon-

1810 5529 2009 5605 specta.
2028 5534 2269 5606 Denique
2290 5532 2344 5588 in
2369 5532 2505 5602 psal.
2533 5546 2647 5595 xei,
2667 5548 2721 5606 η.
2746 5532 2801 5606 4,
2829 5529 2911 5606 his
2950 5533 3146 5598 verbis,
3176 5542 3231 5585 ut
3252 5529 3410 5606 Crea-

1810 5602 1933 5661 toris
1968 5602 2196 5674 potestas
2215 5620 2304 5676 per
2350 5612 2604 5659 creatura:
2633 5602 3027 5676 admirationem
3056 5612 3225 5673 posset
3254 5604 3408 5676 intel-

1810 5678 1921 5749 ligi,
1949 5677 2049 5733 ista
2084 5674 2349 5732 habentur
2367 5690 2711 5749 synonyma,
2737 5683 2794 5727 ut
2815 5688 2905 5749 per
2927 5674 3061 5749 hanc
3087 5674 3410 5749 conspicabi-

1809 5745 1939 5804 lium
1965 5765 2176 5821 operum
2204 5745 2609 5825 magnitudinem
2632 5748 2790 5801 virtus
2816 5745 2930 5825 ejus
2964 5747 3052 5825 qui
3080 5745 3188 5803 luet:
3211 5745 3411 5820 apera-

1808 5827 1891 5877 tus
1920 5815 2426 5894 est'cognosceretur.
2455 5816 2521 5875 ν.
2554 5818 2651 5877 lib.
2672 5833 2753 5887 ut,
2774 5832 2833 5873 n.
2855 5815 2891 5872 5
2916 5825 2973 5873 et
2996 5817 3052 5875 6.
