3930 6194
533 277 643 348 259

1741 283 1988 344 SANCTI
2026 280 2285 343 HlLARll
2327 272 2632 347 EPiSCOPl
3714 291 3799 349 sco

540 406 737 461 l‘.tulus
757 405 809 460 in
835 404 939 462 hoc
959 402 1276 460 difﬁcillimo
1304 401 1369 456 ad
1396 401 1683 457 humanam
1711 400 2122 472 intelligentiam
2154 408 2203 467 Α
2231 412 2332 469 est,
2364 415 2418 459 et
2464 406 2515 459 in
2557 402 2912 458 divisionibus
2940 400 3367 457 ministeriorum
3394 399 3539 455 idem
3558 401 3790 459 Dominus

538 500 615 570 (ιι)
640 498 942 555 caelestium
966 503 1432 551 sacramentorum
1458 494 1733 566 mysterio,
1760 503 1815 547 et
1835 492 2134 547 absolutam

539 589 1056 643 demonstrationem
1088 597 1141 642 et
1182 586 1469 641 sollicitam
1497 586 1782 651 cautelam,
1818 593 1874 640 ut
1903 601 1996 655 per
2017 584 2139 655 Spi-

539 682 702 736 ritum
721 690 775 734 et
794 680 844 734 in
865 679 1068 749 Spiritu
1086 679 1200 734 dari
1228 679 1341 734 h:rc
1357 679 1681 734 divisionum
1709 678 1846 733 dona
1866 688 2136 733 monstra-

538 786 621 830 ret
671 773 745 847 (lt)
804 772 882 846 (1)
938 775 1071 842 (non
1111 776 1256 830 enim
1289 774 1519 844 idipsum
1547 785 1629 829 est
1656 790 1754 845 per
1772 773 2052 844 Spiritum,
2084 782 2142 829 et

538 869 589 921 in
630 867 830 937 Spiritu
885 866 1001 923 dari
1036 866 1054 938 )
1085 885 1097 921 :
1129 869 1250 937 quia
1281 869 1427 922 datio
1456 867 1604 929 doni.
1627 883 1745 938 quae
1773 867 2046 923 obtinetur
2084 867 2136 922 iu

537 960 761 1029 Spiritu,
797 959 914 1015 hinc
939 967 1120 1015 tamen
1170 959 1378 1016 indulta
1428 976 1521 1031 per
1548 960 1805 1030 Spiritum
1864 960 1955 1016 sit.
1996 958 2139 1015 Con-

462 1092 473 1113 ,
536 1062 771 1107 summat
813 1062 995 1107 autem
1029 1052 1128 1108 has
1152 1053 1426 1107 datinnum
1458 1052 1753 1107 divisiones
1780 1051 1883 1107 hoc
1930 1051 2092 1107 modo
2123 1068 2138 1105 :

540 1142 668 1199 Hazc
692 1156 867 1200 autent
894 1147 1066 1199 omnia
1109 1156 1347 1217 operatur
1375 1162 1507 1199 unus
1534 1154 1580 1200 et
1605 1145 1741 1200 idem
1769 1145 1997 1214 Spiritus
2015 1187 2032 1213 ,
2060 1143 2141 1199 di-

538 1237 711 1292 videns
733 1238 809 1310 (c)
827 1240 1097 1310 unicuique
1118 1240 1245 1293 sicut
1271 1238 1373 1293 vult
1388 1237 1431 1310 (Ι
1454 1235 1576 1292 Cor.
1599 1254 1697 1306 xu,
1721 1228 1832 1309 11).
1867 1236 2018 1293 Nunc
2042 1236 2140 1308 igi-

542 1341 626 1407 tur
652 1348 860 1402 qumro,
893 1333 1015 1404 quis
1039 1331 1153 1389 haec
1176 1332 1409 1408 Spiritus
1440 1342 1715 1403 operetur,
1747 1331 1995 1387 dividens
2017 1331 2139 1387 uni-

538 1424 733 1495 cuique
758 1424 838 1497 (2)
868 1436 1023 1495 prout
1059 1424 1186 1480 velit
1215 1442 1227 1479 :
1259 1423 1340 1497 (ά)
1385 1433 1562 1479 utrum
1593 1440 1689 1495 per
1734 1440 1918 1495 quem,
1962 1435 2055 1480 aut
2086 1425 2140 1481 in

538 1533 645 1588 quo
675 1517 937 1571 doliorum
971 1516 1163 1572 divisio
1189 1527 1292 1572 est.
1324 1515 1395 1590 (e)
1422 1516 1574 1584 Quod
1606 1517 1651 1570 si
1675 1516 1848 1588 ipsum
1873 1517 2143 1586 signiﬁca-

541 1618 651 1666 tum
679 1618 799 1667 esse
832 1612 976 1683 loqui
1016 1612 1211 1682 aliquis
1240 1610 1478 1677 audebit,
1521 1610 1858 1664 contradicet
1902 1611 2140 1679 Aposto-

541 1707 645 1771 lus,
690 1723 787 1763 cur
816 1722 876 1762 se
908 1709 1099 1763 vitiose
1138 1705 1206 1779 (f)
1238 1707 1409 1762 lector
1438 1705 1699 1777 intelligat
1728 1707 1847 1761 :‘ait
1872 1707 2014 1762 enim
2052 1722 2144 1760 su-

2240 508 2343 562 est,
2375 507 2429 552 et
2456 497 2509 551 in
2539 496 2874 551 divsionibus
2922 496 3295 565 operationum
3342 495 3487 551 idem
3517 495 3658 549 Deus
3688 504 3759 551 est
3785 516 3794 552 :

2239 597 2293 643 et
2320 604 2530 644 rttrsum
2563 590 2741 643 omnia
2771 588 3062 656 inoperaus
3094 603 3230 641 uitus
3261 586 3518 656 Spiritus,
3546 587 3797 657 unicuique

2239 683 2379 736 sicut
2404 680 2801 737 vultdivideus.
2839 682 2905 736 Et
2947 680 3316 752 apprehende,
3361 682 3407 735 si
3429 689 3608 750 potes,
3647 681 3799 736 Domi-

2242 790 2370 829 num
2419 774 2472 829 in
2521 774 2788 829 divisione
2841 772 3289 838 ministeriorum,
3321 781 3376 826 et
3418 770 3588 827 Deum
3622 774 3673 827 in
3694 771 3804 826 divi-

2241 867 2396 923 sione
2420 867 2818 935 operationnm,
2859 866 2998 921 hunc
3039 866 3288 922 eumdem
3324 881 3491 920 ununr
3519 880 3641 921 esse
3662 866 3810 936 Spiri-

2244 967 2374 1023 tum,
2410 969 2464 1013 ct
2486 956 2565 1031 (Ιι)
2600 959 2996 1029 imperantem,
3027 968 3083 1012 et
3104 966 3270 1027 prout
3307 959 3424 1013 vult
3467 957 3807 1018 dividentem:

2241 1052 2363 1123 quia
2408 1055 2459 1106 in
2490 1052 2846 1108 divisionibus
2877 1050 3144 1105 donorum
3190 1064 3332 1105 unus
3360 1059 3447 1104 est
3487 1048 3730 1120 Spiritus,
3760 1060 3808 1105 et

2242 1145 2385 1201 idem
2413 1145 2645 1214 Spiritus
2670 1155 2927 1222 Operetur
2954 1158 3020 1199 ac
3048 1143 3275 1199 dividat.

2314 1238 2405 1292 '52.
2434 1236 2668 1294 Christus
2693 1237 3006 1291 charismata
3042 1236 3246 1290 dividit.
3268 1264 3342 1276 -—
3367 1234 3478 1292 Aut
3515 1235 3560 1291 si
3592 1233 3814 1306 displicet

2244 1329 2297 1385 in
2328 1329 2442 1386 Deo
2472 1339 2526 1386 et
2561 1330 2792 1385 Domino
2822 1346 2957 1384 unus
2991 1328 3077 1385 hic
3104 1327 3378 1399 ejusdem,
3407 1344 3505 1399 per
3547 1328 3815 1383 nativitatis

2243 1437 2668 1493 sacramentum,
2722 1425 2804 1497 (5)
2846 1423 2908 1495 (i)
2949 1422 3248 1479 divinitatis
3301 1422 3539 1492 Spiritus
3584 1423 3818 1478 :ostende

2244 1520 2366 1590 quis
2395 1520 2640 1590 spiritus,
2682 1526 2738 1575 et
2867 1520 2920 1572 in
2943 1531 3050 1588 quo
3080 1516 3271 1587 spiritu
3314 1517 3411 1571 has
3443 1517 3603 1572 nobis
3625 1516 3819 1571 divisio—

2244 1628 2343 1669 nes
2386 1624 2441 1669 et
2468 1614 2777 1683 inoperetur
2806 1623 2860 1667 et
2886 1610 3110 1676 dividat.
3152 1610 3262 1667 Sed
3305 1610 3441 1666 nihil
3485 1611 3649 1675 aliud,
3677 1627 3819 1680 quam

2245 1707 2386 1779 quod
2421 1706 2544 1761 ﬁdei
2571 1716 2773 1762 nostra:
2806 1716 2911 1772 est,
2945 1705 3244 1770 ostendes;
3276 1706 3405 1776 quia
3427 1704 3715 1775 Apostolus
3737 1706 3818 1775 qui

545 1802 724 1869 perius
755 1821 768 1855 :
804 1801 870 1855 Et
909 1802 1189 1855 divisiones
1224 1801 1576 1871 operationum
1612 1810 1754 1867 sunt,
1796 1802 1930 1854 idem
1972 1811 2142 1855 autem
2174 1814 2224 1884 Β
2253 1798 2328 1875 (It)
2381 1809 2529 1857 esset
2567 1799 2951 1870 intelligendus
2982 1798 3244 1864 ostendit,
3275 1798 3465 1854 dicens
3498 1816 3513 1851 :
3548 1797 3823 1853 Sicvtenim

542 1890 683 1946 Deus
714 1895 799 1963 qui
839 1903 1083 1965 operatur
1112 1894 1285 1948 omnia
1330 1894 1386 1947 in
1411 1894 1665 1948 omnibus.
1697 1893 1854 1949 Alius
1879 1906 1962 1950 est
2006 1910 2139 1966 ergo

544 1987 633 2053 qui
668 1985 879 2047 dividit,
924 1996 978 2040 et
1020 1986 1159 2041 alius
1204 1992 1288 2040 est
1325 1986 1516 2057 inquo
1555 1988 1762 2042 indulta
1812 1988 2006 2043 divisio
2036 1998 2140 2044 est.

546 2078 611 2132 Et
636 2076 871 2147 iutcllige
898 2090 1211 2148 Operautcm
1240 2080 1350 2134 hmo
1382 2080 1565 2134 omnia
1591 2096 1806 2151 semper
1836 2081 2028 2145 Deum,
2070 2083 2142 2137 ita

550 2180 761 2236 tamen,
799 2168 874 2242 (g)
924 2180 978 2224 ut
1027 2169 1277 2227 Christus
1305 2178 1582 2241 Operctur,
1612 2181 1668 2226 ut
1713 2182 1934 2241 paterno
1979 2189 2144 2243 opere

504 2308 513 2315 .
546 2278 778 2331 operans
803 2263 972 2319 Filius
997 2262 1271 2335 fungatur.
1301 2264 1370 2319 Et
1389 2266 1434 2319 si
1454 2264 1505 2319 in
1530 2265 1940 2334 Spiritusancto
1960 2265 2144 2321 Jesum

550 2356 831 2412 Dominum
864 2356 1168 2423 confiteris;
1203 2360 1445 2430 intcllige
1478 2361 1763 2429 tripertita:
1793 2360 2145 2430 significatio-

547 2451 632 2505 nis
672 2446 833 2524 236
872 2452 923 2506 in
955 2452 1219 2521 Apostolo
1260 2449 1352 2525 (Id
1393 2462 1467 2507 est
1508 2452 1757 2521 Apostoli
1794 2452 1939 2525 loco)
1973 2455 2147 2511 virtti-

549 2559 681 2610 teui,
728 2560 847 2599 cum
899 2544 952 2598 in
992 2542 1359 2599 divisionibus
1405 2544 1669 2599 donorum
1726 2544 1868 2600 idem
1912 2546 2150 2617 Spiritus

620 2706 696 2776 (1)
728 2705 831 2760 Pro
858 2705 1036 2761 verbis
1082 2704 1169 2769 iis,
1210 2720 1329 2775 qua!
1360 2705 1496 2760 intra
1541 2704 1887 2776 parenthesin
1929 2706 2150 2762 conclu-

548 2778 770 2850 duntur,
795 2777 910 2832 haec
924 2776 1121 2850 Veron.
1144 2778 1317 2831 codex
1350 2776 1627 2850 substituit
1650 2794 1662 2829 :
1688 2792 1751 2829 ne
1771 2777 1902 2847 forte
1928 2794 2031 2833 non
2058 2790 2151 2850 per

549 2848 832 2909 Christum,
863 2860 905 2903 et
936 2850 987 2903 in
1018 2847 1222 2903 Christo
1250 2848 1421 2901 omnia
1448 2847 1796 2901 crederentur.

624 2919 706 2994 (2)
741 2919 849 2975 Pro
896 2929 951 2994 ut
988 2921 1092 2975 vult
1117 2936 1136 2974 :
1164 2934 1312 2994 mox,
1351 2917 1709 2994 utrumdesus
1754 2918 1984 2976 Christus
2014 2919 2153 2977 Deus

548 2988 797 3064 spiritus;
830 2992 986 3064 paulo
1015 3002 1155 3062 post,
1177 2988 1312 3061 quod
1330 2988 1376 3044 si
1402 3005 1501 3043 non
1527 2990 1581 3043 id
1611 2990 1804 3061 ipsum.

2255 1910 2441 1964 corpus
2467 1909 2627 1947 unum
2653 1902 2748 1957 est,
2783 1891 3010 1946 membra
3045 1901 3215 1946 autem
3246 1889 3397 1945 habet
3436 1889 3636 1956 multa;
3673 1890 3826 1944 omnia

2249 1998 2420 2044 autem
2449 1989 2675 2042 membra
2696 2003 2761 2041 ea:
2787 2003 2893 2041 uno
2923 2001 3156 2057 corpore,
3183 2001 3301 2039 eum
3328 1987 3433 2040 sint
3462 1987 3647 2049 multa,
3686 2001 3827 2039 nam

2256 2090 2328 2136 est
2355 2096 2543 2150 corpus
2567 2095 2586 2133 :
2611 2078 2682 2133 sic
2708 2087 2754 2133 et
2786 2076 3019 2134 Christus
3050 2077 3092 2152 (Ι
3115 2073 3232 2132 Cor.
3270 2092 3372 2141 xu,
3405 2076 3516 2149 19).
3552 2076 3827 2132 Divlsioncs

2249 2189 2380 2245 ergo
2398 2172 2783 2229 charismatum
2815 2186 2883 2227 ex
2912 2185 3022 2226 uno
3051 2170 3283 2226 Domino
3307 2170 3441 2227 Jesu
3484 2170 3724 2237 Christo,
3746 2171 3827 2241 qui

2249 2283 2446 2336 corpus
2473 2276 2557 2321 est
2586 2266 2850 2329 omnium,
2884 2279 3011 2320 esse
3035 2264 3117 2336 (4)
3164 2262 3232 2338 (ι)
3259 2265 3564 2335 signiﬁcat:
3587 2266 3704 2336 quia
3722 2279 3829 2319 cum

2251 2359 2580 2416 ostendisset
2608 2358 2896 2413 Dominum
2919 2357 2973 2412 in
2999 2357 3323 2423 ministerio,
3343 2356 3671 2413 ostendisset
3687 2358 3830 2412 etiam

2255 2455 2427 2510 Deum
2485 2454 2537 2507 in
2587 2452 3022 2519 operationibus,
3065 2466 3229 2505 unum
3276 2460 3457 2504 tamen
3514 2450 3631 2505 haec
3670 2451 3833 2506 onmia

2256 2547 2515 2620 Spiritum
2554 2544 2712 2617 237
2737 2550 2794 2599 et
2829 2542 2907 2618 (5)
2939 2544 3209 2615 inoperari
3250 2550 3307 2599 et
3329 2541 3578 2599 dividere
3604 2542 3835 2599 demons-

2332 2706 2409 2833 (ξ)
2452 2704 2511 2763 In
2553 2722 2657 2764 ms.
2695 2706 2890 2763 Veron.
2931 2716 2976 2762 et
3017 2706 3300 2762 divinitatis
3338 2706 3552 2779 spiritus
3595 2706 3835 2762 divisionis

2332 2785 2356 2833 ir
2391 2789 2516 2833 tum.

2259 2785 2516 2851 spiritum.

2333 2849 2414 2922 (4)
2448 2850 2779 2922 signiﬁcans.

2338 2919 2419 2991 (ὅ)
2445 2919 2661 2992 operari
2687 2937 2783 2992 pro
2804 2921 3085 2991 inoperari;
3118 2920 3190 2975 ita
3221 2921 3387 2977 etiam
3411 2922 3681 2992 superius,
3700 2937 3752 2976 ιι.
3785 2919 3837 2975 l5

2265 3003 2319 3050 et
2350 2992 2440 3060 M,
2469 3010 2687 3065 operans
2714 3002 2769 3049 et
2795 3002 3032 3065 operetur
3055 3008 3152 3064 pro
3171 2995 3446 3064 inoperaus
3469 3002 3527 3051 et
3544 2994 3836 3065 imperetur.

624 3156 762 3229 (a)ln
793 3154 913 3229 cod.
941 3150 1102 3229 Carn.
1128 3152 1405 3229 antestium
1418 3151 1777 3229 mysteriorum
1806 3161 2143 3229 sacramento.
2176 3154 2221 3217 C
2250 3152 2528 3229 iungenda
2557 3160 2697 3229 sunt
2719 3150 3074 3229 coluerenlia,
3125 3150 3413 3229 Diuisiones
3453 3150 3839 3229 ministeriorum

628 3224 701 3300 (ὁ)
729 3227 828 3293 Qui
870 3225 1147 3300 exemplar
1184 3224 1426 3300 basilica:
1455 3225 1966 3300 Vaticanseusaiculo
1997 3234 2151 3300 sexto

554 3294 805 3357 contulit,
836 3312 866 3350 e
893 3297 1110 3365 regione
1128 3294 1280 3350 verbi
1312 3303 1635 3360 monstraret,
1669 3295 1866 3365 adjecit
1891 3312 1905 3360 ;
1933 3312 1995 3349 ne
2021 3299 2155 3365 forte

555 3388 655 3426 non
676 3387 765 3439 per
786 3364 1043 3439 Christum
1062 3375 1108 3420 et
1139 3367 1189 3439 in
1210 3365 1412 3420 Christo
1438 3367 1961 3439 omniacrederentnr
1985 3383 2002 3420 :
2024 3364 2155 3439 qum

555 3437 787 3512 ailje’ctio
820 3438 1015 3512 deinde
1058 3440 1110 3492 in
1140 3438 1357 3492 Martio.
1402 3452 1464 3491 ac
1493 3437 1735 3512 pluribus
1760 3439 1882 3512 aliis
1914 3453 2026 3512 mss
2075 3437 2153 3509 (in

556 3506 783 3583 quorum
816 3510 986 3583 tribus
1007 3520 1429 3583 crearenturpro
1454 3506 2152 3583 crederentursubSIitu_tiun

556 3579 688 3651 est),
735 3592 791 3637 ut
832 3592 885 3637 et
917 3580 969 3635 in
1004 3582 1233 3651 vulgatis
1276 3580 1510 3651 obtinuit
1542 3600 1554 3635 :
1587 3580 1841 3651 quamvis
1874 3579 2155 3651 manifeste

561 3649 760 3725 pugnet
781 3669 901 3707 cum
933 3649 1407 3725 subsequentibus,
1440 3650 1493 3703 in
1521 3649 1893 3725 quibusverba
1919 3667 2008 3719 per
2027 3650 2152 3725 δρὶτ

543 3719 713 3780 iitum
742 3734 785 3776 et
829 3725 881 3776 in
927 3719 1127 3791 Spiritu
1167 3737 1271 3774 non
1305 3721 1368 3773 ad
1420 3735 1582 3774 unum
1611 3719 1903 3791 Christum,
1954 3721 2045 3775 sed
2074 3719 2155 3775 ad

571 3798 706 3850 duas
736 3790 1025 3847 distinctas
1068 3806 1328 3862 personas
1367 3791 1694 3862 referuntur.
1738 3790 1891 3847 Unde
1932 3804 2156 3862 apparet

563 3864 891 3922 sinceriores
916 3878 1035 3917 esse
1064 3860 1197 3917 mss.
1229 3861 1408 3929 Coll»,
1448 3860 1635 3934 Carn.,
1669 3862 1853 3917 Germ.
1885 3879 1915 3917 a
1958 3860 2154 3934 quibus

563 3940 760 3991 absunt
796 3934 1049 4004 praedicta
1071 3935 1255 3988 Verba.
1291 3934 1424 3987 Tum
1451 3933 1590 4001 apud
1622 3934 1751 3988 Bad.
1782 3943 1837 3989 et
1863 3934 1958 3989 Er.
1981 3933 2152 3989 'omit-

565 4010 694 4063 titur
718 4006 859 4074 quod
891 4008 1027 4060 intra
1060 4005 1421 4074 parenthesim
1461 4007 1793 4059 inclusimus.

635 4025 694 4062 ur
758 4023 859 4059 nou
891 4023 1027 4060 intra
1060 4023 1421 4074 parentuesrm
1461 4023 1793 4059 mcmsuuus.

635 4023 1028 4151 (c)(i‘3xemplar
1049 4076 1271 4151 Carnut.
1302 4077 1530 4151 dividens
1552 4092 1605 4151 s_e
1628 4076 1919 4151 unicuique,
1946 4075 2157 4131 favente

564 4145 741 4226 graeco
758 4145 1152 4226 ιεχιυδιαιρρρχ
1170 4146 1277 4204 ἴδια
1294 4148 1396 4226 (vel
1417 4145 1770 4226 autsaucii.
1789 4145 1895 4226 rex
1926 4162 2031 4217 quo
2059 4151 2159 4226 Att-

565 4219 810 4291 {gustinns
858 4219 1175 4290 epist.'i87,
1227 4239 1281 4274 n.
1332 4219 1396 4276 10
1441 4220 1619 4279 vertit,
1670 4219 1900 4271 dividens
1946 4221 2158 4287 propria

566 4290 861 4359 unicuique.
899 4290 1083 4345 llilarii
1115 4304 1348 4345 mentem
1380 4307 1438 4346 se
1466 4306 1570 4343 non
1598 4304 1905 4344 aSSecutum
1939 4291 2159 4359 essein-

568 4358 763 4419 dicavit
794 4360 1072 4424 Erasmus,
1103 4377 1223 4416 rum
1255 4362 1341 4415 hic
1387 4363 1439 4416 in
1483 4362 1649 4416 limbo
1675 4360 1980 4429 adscripsit,
2018 4358 2161 4414 Nota

569 4438 651 4489 hic
678 4435 838 4489 multa
866 4436 927 4485 de
958 4432 1394 4504 Spiritujancto,
1437 4448 1543 4486 non
1593 4432 1780 4504 videns
1811 4430 1897 4504 bit!
1929 4430 2158 4502 Spiritus

570 4506 828 4561 vocabulo
843 4500 1057 4558 Patrem
1080 4513 1134 4556 et
1158 4502 1348 4556 Filium
1374 4504 1689 4572 plerumque
1709 4500 2024 4573 signiﬁcari.
2051 4503 2159 4557 Nec

571 4591 746 4634 tamen
779 4575 1194 4645 insequentibus
1215 4574 1658 4645 editacorrectus
1680 4575 1798 4629 fuit.

642 4649 723 4724 (ά)
764 4650 827 4724 lit
857 4643 993 4724 hanc
1014 4646 1301 4724 lectititietti
1327 4643 1825 4724 abniulert'tolat'tone
1856 4644 2161 4724 puratn_dc-

569 4714 757 4776 bemus
789 4719 1018 4773 laudatis
1043 4714 1569 4782 mss.Coib.,Carn.,
1592 4715 1777 4769 Germ.
1806 4730 1928 4769 cum
1956 4715 2159 4781 iualiis,

570 4809 777 4847 necnon
806 4789 946 4859 apud
979 4787 1103 4842 Bad
1152 4798 1207 4841 et
1246 4784 1339 4859 Er.
1384 4787 1472 4840 hic
1504 4786 1781 4848 habeatur,
1817 4797 1987 4840 utrum
2011 4786 2164 4841 Iesus

569 4867 800 4919 Christus
833 4858 969 4916 Deus
1009 4860 1260 4925 Spiritus.
1292 4858 1506 4925 Lipsius
1537 4867 1737 4923 autem,
1790 4872 1852 4911 ac
1894 4864 2006 4926 post
2038 4873 2159 4911 eum

569 4939 671 4991 l’ar
722 4934 903 4989 addito
921 4950 1010 4999 an,
1030 4932 1275 4987 exhibuit
1296 4939 1469 4983 utrum
1484 4929 1513 4981 λ
1521 4945 1637 4983 esus
1651 4928 1885 4984 Christus
1909 4926 2068 4994 Deus,
2094 4945 2164 4983 an

569 5007 821 5078 Spiritus.
855 5004 1044 5059 Postea
1069 5003 1196 5058 editi
1222 5016 1433 5078 omnes,
1459 5017 1546 5071 per
1564 5017 1732 5078 quem,
1764 5010 1810 5055 et
1829 5001 1893 5078 _in
1911 5017 2031 5071 quo.
2059 5000 2166 5054 Re—

569 5072 706 5134 ctius
759 5092 889 5131 mss.
940 5092 1032 5148 per
1075 5091 1245 5144 quem,
1285 5074 1454 5128 autin
1497 5088 1618 5144 quo.
1659 5072 1902 5129 Postulat
1929 5080 2169 5148 _sa_nctus

570 5151 770 5206 Doctor
797 5150 919 5219 quis
941 5141 1181 5219 Spiritus
1202 5150 1381 5201 omnia
1414 5141 1689 5219 operetur.
1716 5155 1896 5219 utrum
1927 5141 2166 5219 Spiritus

570 5238 665 5293 per
685 5215 865 5293 quem,
899 5234 968 5277 an
991 5216 1222 5293 Spiritus
1250 5221 1305 5272 in
1324 5231 1432 5288 quo
1454 5226 1533 5293 est
1555 5215 2061 5293 donorumhdivisio.

642 5286 717 5367 (ε)
748 5288 891 5367 Editi
918 5305 981 5345 ac
1011 5286 1192 5361 plures
1223 5286 1355 5345 mss.
1387 5287 1523 5367 quod
1622 5303 1724 5340 non
1760 5286 1999 5367 idipsuns
2020 5302 2039 5341 :
2068 5300 2166 5367 pu-

568 5355 785 5436 gnantia
827 5355 1117 5436 loquuntur
1145 5376 1269 5415 cum
1316 5355 1707 5436 superioribus,
1745 5355 1873 5436 Non
1914 5359 2049 5412 enim
2070 5355 2162 5410 id-

570 5429 740 5504 ipsunt
761 5445 833 5490 est
856 5429 945 5503 per
966 5432 1242 5505 Spiritum,
1272 5441 1317 5484 et
1338 5432 1397 5505 in
1413 5429 1615 5505 Spiritu
1639 5429 1776 5505 duri,
1801 5444 2011 5505 necnon
2039 5443 2162 5483 cum

571 5498 1026 5573 subirecum—Alius
1066 5516 1140 5558 est
1169 5520 1286 5573 ergo
1313 5501 1397 5572 qui
1427 5498 1628 5563 dividit,
1664 5500 1800 5573 alius
1826 5500 1881 5553 in
1903 5517 2024 5573 quo,
2052 5510 2160 5555 etc.

570 5560 911 5647 Caisitganiur
937 5591 1005 5630 ex
1034 5591 1166 5630 mss.
1198 5560 1488 5639 V'at.'bas.,
1515 5560 1696 5638 Colb.,
1720 5560 2126 5636 Carn.,'Gcrm.

644 5666 906 5737 (nrAbest
946 5666 1102 5720 testor
1131 5681 1158 5719 a
1192 5673 1406 5737 vetusto
1446 5664 1637 5737 codice
1662 5663 1820 5737 Colb.
1851 5664 1920 5719 Et
1948 5664 2165 5735 intidem

570 5734 765 5792 sulticit
788 5738 1062 5806 praunissa
1083 5751 1186 5791 vox
1213 5734 1418 5806 αιὸιιυίε.
1450 5734 1565 5806 Non
1596 5734 1729 5806 satis
1763 5734 1986 5806 apparet
2022 5737 2168 5805 Apo-

570 5809 694 5866 stoli
723 5805 1080 5866 contradictio
1107 5808 1159 5861 iu
1175 5805 1354 5862 verbis
1369 5805 1619 5875 proxime
1642 5805 1903 5876 subjectis
1926 5824 1940 5860 :
1969 5807 2069 5863 sed
2088 5810 2168 5862 eis

2184 4545 2237 4606 Ι)

2258 3222 2392 3288 sunt,
2435 3235 2485 3280 et
2511 3224 2649 3279 idem
2681 3227 2791 3292 ipse
2836 3224 3127 3288 Dominus;
3158 3234 3212 3278 ut
3236 3224 3375 3278 alios
3426 3223 3498 3279 sit
3528 3222 3688 3289 Deus,
3719 3225 3840 3277 alius

2262 3296 2553 3361 Dominus;
2584 3311 2647 3349 ac
2677 3295 2891 3350 Patrem
2931 3294 3147 3366 quidem
3176 3294 3444 3367 signiﬁcet
3474 3295 3633 3350 Deus.
3664 3292 3840 3367 Filium

2257 3379 2437 3422 autem
2489 3368 2745 3421 Dominus
2779 3382 2795 3420 :
2826 3367 2917 3438 qui
2972 3366 3241 3435 quamvis
3268 3382 3372 3421 non
3430 3382 3574 3422 unus
3619 3379 3672 3423 et
3714 3366 3837 3421 idem

2259 3441 2389 3503 sint,
2418 3455 2552 3493 unus
2579 3450 2755 3493 tamen
2775 3437 2937 3493 unius
2963 3437 3259 3493 divinitatis
3286 3438 3671 3505 siutSpiritus.
3690 3440 3842 3505 Quem

2261 3526 2481 3566 sensum
2504 3510 2825 3580 confirmant
2847 3509 3020 3580 prima
3042 3509 3251 3580 numeri
3268 3509 3650 3580 subsequentis
3668 3509 3837 3565 verba.

2336 3581 2415 3655 (g)
2449 3582 2611 3637 Vetus
2654 3579 2829 3655 codex
2853 3579 3012 3655 Colit.
3044 3590 3098 3633 ut
3145 3579 3358 3655 spiritus
3387 3590 3648 3655 operetur.
3698 3580 3842 3655 Magis

2263 3649 2438 3722 pla'éet
2466 3668 2586 3707 cum
2620 3652 2762 3711 aliis.
2794 3660 2851 3705 ut
2879 3649 3131 3705 Christus.
3161 3649 3502 3720 Responsum
3528 3650 3617 3707 hic
3639 3652 3843 3708 habetur

2259 3725 2325 3779 ad
2357 3724 2609 3795 superius
2630 3724 2937 3795 quaesitum,
2965 3723 3052 3793 qui
3074 3723 3282 3795 spiritus
3313 3732 3572 3795 aperetur.

2358 3792 2497 3861 ΙιΠη
2528 3792 2777 3863 vulgatis,
2801 3803 2845 3847 et
2871 3792 3018 3856 haec;
3047 3792 3353 3863 Abest/uec
3374 3809 3404 3848 a
3434 3808 3569 3847 mss.

2358 3797 2413 3861 It)
2445 3797 2497 3849 ln
2528 3797 2777 3863 vulgatis,
2801 3803 2845 3847 et
2871 3797 3018 3856 haec;
3047 3797 3213 3849 Abest
3240 3797 3346 3848 haec
3374 3809 3404 3848 a
3434 3808 3569 3847 mss.

2334 3797 2396 3938 ii)
2430 3865 2593 3933 Editi,
2615 3876 2683 3938 et
2711 3865 3014 3938 divinitatis.
3038 3860 3318 3938 Μέρη-γει.
3352 3863 3553 3938 Ιξειετθγι
3579 3863 3845 3938 Martin._et

2260 3932 2542 3991 divinitatis
2580 3932 2837 4008 Spiritus
2861 3934 3037 3999 (Mart.
3090 3934 3391 4008 Spiritum,)
3435 3936 3724 4008 divisionis.
3754 3932 3845 4008 Alii

2259 4009 2388 4071 duo,
2423 4017 2468 4061 et
2492 4006 2772 4062 divinitatis
2803 4007 3029 4077 Spiritus
3056 4018 3103 4061 et
3147 4006 3433 4061 divisionis.
3462 4006 3520 4060 In
3566 4006 3730 4063 Corb.
3762 4006 3846 4059 tri-

2261 4081 2360 4135 bus
2393 4079 2561 4134 Vatic.
2580 4080 2820 4151 aliisque
2840 4076 3186 4151 nonpauci‘s,
3214 4088 3262 4132 et
3291 4076 3577 4151 divinitatis
3608 4077 3845 4151 Spiritum

2262 4151 2529 4206 divisionis
2562 4147 2807 4219 Spiritus.
2837 4148 3067 4203 Nitidior
3095 4148 3208 4203 visa
3229 4156 3312 4203 est
3338 4147 3501 4204 lectio
3525 4147 3846 4218 praestantis—

2261 4225 2519 4277 simorum
2535 4218 2778 4276 codicum
2796 4219 2974 4285 Colb.,
2998 4220 3159 4274 Carn.
3183 4226 3237 4273 et
3252 4220 3461 4290 Gertn.,
3490 4236 3650 4290 quam
3678 4218 3845 4290 sequi-

2263 4310 2402 4347 mur.
2437 4294 2499 4348 Et
2533 4293 2670 4347 Deus
2698 4291 2857 4347 Pater
2883 4297 2938 4347 et
2963 4290 3218 4345 Dominus
3255 4289 3423 4345 Filius
3467 4288 3609 4345 uitus
3633 4304 3713 4345 est
3739 4288 3846 4360 Spi—

2263 4368 2415 4429 ritus,
2453 4379 2590 4418 ttnus
2632 4364 2792 4430 Deus,
2840 4363 2957 4429 sed,
2988 4379 3075 4430 per
3116 4362 3399 4417 nativitatis
3443 4373 3845 4425 sacramentum;

2262 4436 2506 4504 adeoque
2535 4434 2862 4488 subsiStendi
2894 4434 3106 4488 ratione
3135 4441 3263 4487 sunt
3282 4431 3526 4504 discreti.
3557 4432 3613 4488 Si
3636 4435 3720 4488 cui
3749 4434 3846 4502 pla-

2263 4517 2347 4561 cet
2386 4500 2569 4560 vocem
2598 4505 2860 4560 divisionis
2908 4512 3029 4576 post
3070 4506 3291 4559 verbum
3336 4500 3566 4573 Spiritus
3606 4500 3843 4576 adjicere,

2265 4590 2331 4631 eo
2374 4592 2533 4632 sensu
2569 4580 2747 4639 liceat,
2798 4585 2857 4631 ut
2901 4573 3133 4644 Spiritus
3181 4572 3447 4630 divisionis
3479 4576 3528 4628 id
3578 4572 3685 4642 sit,
3715 4572 3843 4643 quod

2264 4647 2500 4729 Spiritus
2550 4657 2738 4703 auctor
2788 4647 3096 4713 donorum,
3143 4647 3613 4714 ministeriorum,
3665 4659 3845 4718 opera-

2267 4729 2492 4773 ttonum.

2337 4791 2403 4859 (j)
2431 4789 2567 4845 Tres
2607 4805 2737 4843 mss.
2778 4787 2931 4861 Colb.
2958 4804 3079 4844 cum
3129 4786 3314 4846 Germ.
3360 4790 3413 4843 in
3455 4806 3558 4861 quo
3584 4787 3839 4861 Spiritus.

2263 4856 2400 4915 Tum
2436 4863 2485 4916 in
2514 4860 2703 4915 Codice
2744 4858 2867 4917 Vat.
2894 4864 3009 4915 bas.
3058 4864 3150 4913 ltus
3191 4862 3245 4914 in
3294 4861 3438 4915 nobis
3467 4856 3535 4914 ‘in
3569 4859 3777 4913 Domino
3804 4864 3844 4909 et

2270 4931 2377 4986 Deo
2408 4933 2675 4987 divisiones
2707 4949 2725 4986 .'
2753 4932 2806 4987 in
2836 4932 3050 4987 Martio.
3094 4931 3185 4986 has
3208 4933 3260 4985 in
3303 4929 3411 4985 Deo
3432 4943 3482 4987 et
3523 4931 3733 4985 Domino
3758 4944 3843 4981 no-

2271 5005 2366 5063 bis.
2400 5016 2530 5071 etc.,
2568 5008 2617 5057 in
2666 5004 2785 5058 aliis
2827 5002 3120 5066 nonnullis,
3172 5000 3265 5057 has
3302 5004 3358 5056 in
3414 5001 3522 5057 Deo
3564 5013 3611 5057 et
3637 5000 3841 5071 Domino

2270 5070 2678 5142 eiusdem'nobis
2707 5075 3017 5129 divisiones:
3044 5074 3334 5144 glossema.
3386 5072 3595 5129 Exinde
3632 5075 3684 5128 in
3724 5070 3841 5126 solis

2267 5147 2519 5218 vulgatis,
2550 5156 2597 5218 et
2627 5154 2879 5217 aperetur,
2911 5154 3097 5218 nonet
3129 5147 3442 5218 inoperetur.
3479 5145 3577 5199 Hic
3600 5147 3843 5218 provocat

2271 5216 2504 5273 Hilarius
2529 5216 2889 5284 adversarios,
2923 5227 2980 5271 ut
3000 5217 3043 5271 si
3075 5216 3142 5271 ad
3172 5218 3423 5286 superius
3442 5217 3721 5286 quaesitum
3722 5226 3839 5286 lion

2266 5291 2476 5359 placeat
2503 5303 2657 5344 suum
2683 5288 2852 5356 ipsius
2877 5282 3223 5357 responsum,
3242 5282 3380 5342 'dent
3403 5282 3508 5359 ipsi
3534 5286 3697 5343 aliud.
3717 5282 3839 5340 Tum

2266 5360 2550 5416 conﬁrmat
2577 5374 2682 5414 non
2703 5375 2825 5416 esse
2854 5360 3018 5414 aliud.

2343 5452 2415 5524 (Ιί)
2444 5450 2665 5520 Supple,
2702 5450 2930 5522 Spiritus
2958 5468 2977 5506 :
3000 5451 3156 5520 quasi
3198 5451 3422 5524 diceret,

2269 5518 2652 5592 lum'Spiritus
2680 5518 2844 5578 latius
2891 5518 3058 5592 patet,
3086 5533 3141 5579 et
3179 5523 3244 5577 ad
3289 5518 3524 5588 Patrem,
3558 5518 3765 5581 Filium.
3795 5524 3841 5570 ei

2269 5594 2530 5664 Spiritum
2580 5605 2825 5649 sanctum
2868 5594 3177 5663 promiscue
3215 5594 3487 5658 refertur;
3528 5594 3649 5664 quis
3688 5592 3841 5647 dono-

2270 5678 2402 5738 rum;
2416 5665 2739 5738 spiritalium
2762 5667 2984 5737 largitor
3009 5674 3156 5721 esset
3186 5665 3591 5738 intelligendus,
3623 5665 3838 5737 Aposto‘

2272 5740 2355 5792 ius
2374 5735 2692 5793 declaravit.

2346 5809 2414 5880 (ι)
2447 5808 2501 5864 in
2529 5818 2659 5865 mss.
2684 5808 2999 5881 significans.

3463 5450 3595 5520 Quia
3627 5447 3842 5505 vocabu-
