3930 6194
85 338 162 395 ιιι

86 462 180 518 trat,
201 451 433 507 membra
472 446 596 507 haec
619 451 907 522 gratiarum
948 450 1003 505 in
1027 446 1362 520 perfectione
1388 449 1485 524 (al.
1509 464 1633 522 per-
1660 452 1715 512 Α

86 547 357 615 lectionem)
397 544 558 601 unius
587 545 830 615 corporis
853 544 1204 599 dividentem.

136 641 213 695 35.
256 637 598 708 Operatioues
628 646 677 692 et
713 638 994 692 ministeria
1023 635 1167 692 Deus
1208 638 1405 692 statuit.
1446 636 1642 693 Statuit

85 743 119 787 et
131 730 441 786 Clirittuu—
450 729 567 786 Nisi
583 729 725 785 forte
741 743 848 784 non
864 728 1106 785 tenuisse
1135 728 1396 785 rationem
1418 728 1642 783 unitatis

87 826 127 881 in
151 840 209 880 co
230 824 522 894 Apostolus
552 824 919 887 existimatur,
953 822 1095 892 quod
1127 823 1300 877 dixit:
1333 820 1403 876 Et
1433 821 1643 876 divisio-

87 936 155 974 ast
176 918 561 973 ministeriorum
577 925 716 981 sunt,
737 916 871 971 idem
891 916 1001 986 ipse
1029 916 1320 982 Dominus;
1348 926 1395 970 et
1420 915 1645 969 diuisio-

90 1030 157 1068 ινδ
176 1012 514 1082 operationem
544 1019 682 1075 sunt,
718 1009 850 1063 idem
879 1018 1050 1063 autem
1088 1008 1227 1064 Dens
1280 1008 1300 1080 (
1326 1008 1344 1062 l
1374 1008 1493 1065 Cor.
1544 1022 1639 1074 xu,

93 1106 207 1177 5.6)
233 1121 248 1159 :
277 1111 336 1159 ut
376 1103 503 1173 quis
556 1102 854 1159 ministeria
883 1103 951 1157 ad
982 1102 1271 1158 Dominum
1321 1101 1542 1168 retulit,
1589 1110 1644 1157 et

86 1200 389 1271 operationes
418 1197 489 1252 ad
520 1197 692 1253 Deum
715 1238 730 1263 ,
775 1211 883 1252 non
914 1213 1079 1253 unum
1118 1207 1281 1269 atque
1325 1194 1559 1268 idipsmn
1590 1196 1644 1251 in

88 1290 363 1346 ministeriis
414 1299 580 1360 atque
632 1290 1042 1360 operationibus
1095 1288 1345 1344 videatur
1396 1288 1643 1360 intelligi.

86 1387 251 1454 Accipe
272 1399 433 1455 quam
462 1385 579 1440 haec
623 1384 870 1440 membra
921 1384 1353 1440 ministeriorum
1398 1384 1644 1440 membra

85 1478 419 1548 operatiouum
451 1488 601 1543 sunt,
631 1491 754 1532 cum
781 1477 895 1531 ait:
923 1474 1038 1545 ,Vas
1076 1477 1200 1531 estis
1231 1492 1417 1545 corpus
1456 1473 1651 1530 Christi

83 1582 120 1625 et
139 1569 359 1624 membra.
390 1567 457 1622 Et
488 1569 741 1638 modum
767 1570 971 1640 quidem
1001 1570 1172 1641 posuit
1202 1567 1341 1623 Dens
1376 1569 1432 1623 in
1471 1568 1650 1622 Baete.

83 1663 162 1725 sia,
196 1663 404 1731 inimum
435 1661 707 1733 Apostolus
734 1660 923 1731 (lbid.,
954 1661 1046 1728 27,
1078 1660 1175 1731 28)
1196 1703 1209 1727 ,
1240 1663 1294 1716 in
1344 1661 1540 1732 quibus
1566 1667 1651 1717 est

83 1754 273 1810 terim
298 1754 613 1825 sapientiae;
656 1755 882 1810 secundo
911 1755 1209 1828 prophetas,
1238 1755 1293 1809 in
1323 1756 1519 1824 quibus
1562 1762 1647 1810 est

1262 330 1349 390 oe
1387 316 1760 391 ruinam:
1792 308 1995 389 LIBER
2035 328 2171 391 vm.

3236 338 3343 396 9.62

1741 447 1852 505 Sed
1876 447 2022 505 nobis
2047 464 2184 504 unus
2213 444 2353 505 Deus
2391 454 2537 522 pater
2561 464 2623 505 ea:
2643 466 2740 519 quo
2768 450 2957 515 omnia,
2989 444 3066 521 (2)
3094 460 3142 507 et
3172 469 3263 507 nos
3292 456 3344 507 in

1742 544 1856 615 ipso
1875 584 1888 607 ,
1913 552 1962 598 et
2002 558 2136 597 unus
2162 541 2420 597 Dominus
2448 541 2599 598 Jesus
2630 540 2862 599 Christus
2901 563 2992 615 per
3017 544 3181 618 238
3200 564 3347 616 quem

1743 635 1932 699 omnia,
1952 644 1999 688 et
2020 652 2112 689 nos
2124 652 2213 707 per
2225 635 2452 708 ipsum(l
2479 636 2594 690 Cor.
2619 652 2731 701 vnt,
2751 635 2826 709 6).
2846 636 3135 692 Etrursum
3162 656 3174 691 :
3206 637 3351 693 Unus

1743 729 2017 793 Dominus,
2046 728 2310 800 unaﬁdes,
2332 740 2490 783 unum
2518 730 2787 802 baptisma.
2809 729 2958 786 Unus
2970 730 3111 786 Deus
3132 742 3180 785 et
3207 742 3351 802 pater

1744 824 1974 878 omnium
2004 824 2078 895 (e)
2110 833 2156 877 et
2184 840 2272 892 per
2301 840 2475 877 omnes
2497 833 2543 877 tt
2567 824 2621 878 in
2641 823 2876 879 omnibus
2930 825 3073 880 nobis
3131 824 3349 898 (Ephes.

1745 928 1818 981 tv,
1875 915 1930 980 5,
1989 915 2065 985 6).
2104 915 2207 971 Per
2235 916 2285 969 id
2318 916 2485 983 enim,
2519 917 2662 987 quod
2709 916 2911 973 dicitur
2937 932 3071 973 unus
3111 917 3252 974 Deus
3294 926 3351 975 ct

1746 1024 1880 1063 unus
1908 1008 2162 1064 Dominus
2184 1052 2198 1077 ,
2237 1010 2347 1066 Deo
2378 1017 2587 1064 tantum
2610 1012 2763 1081 quasi
2793 1012 2883 1065 uni
2923 1012 3035 1068 Deo
3078 1012 3350 1083 proprium

1746 1100 1994 1172 deputari
2018 1101 2234 1158 videtur
2260 1111 2317 1157 ut
2337 1102 2481 1158 Deus
2507 1102 2578 1158 sit
2629 1121 2642 1157 :
2694 1117 2814 1157 cum
2867 1105 3167 1174 proprietas
3194 1105 3355 1162 unius

1755 1195 1825 1266 (n
1867 1195 2201 1249 consortium
2254 1208 2361 1250 non
2417 1195 2650 1264 patiatur
2694 1195 2940 1251 alterius.
2974 1195 3021 1252 Ο
3046 1197 3204 1267 plane
3232 1213 3352 1254 rara

1748 1300 1811 1342 ac
1842 1286 2081 1343 difﬁcilia
2110 1287 2500 1343 charismatum
2544 1288 2709 1353 dona,
2743 1297 2798 1343 et
2827 1304 2956 1345 vere
2988 1289 3039 1343 in
3073 1288 3173 1345 hac
3202 1291 3354 1345 utili-

1746 1387 1918 1434 tatum
1964 1380 2185 1435 datique
2229 1380 2597 1435 manifestatio
2635 1378 2869 1450 Spiritus
2921 1382 3255 1437 conStituta!
3289 1381 3357 1439 Et

1749 1471 1945 1527 merito
1993 1474 2078 1528 hic
2129 1472 2539 1528 dividendarum
2585 1473 2879 1544 gratiarum
2922 1474 3058 1531 ordo
3107 1482 3356 1531 servatus

1748 1574 1856 1630 est,
1890 1571 1949 1618 ut
1975 1565 2290 1635 principalis
2323 1576 2471 1621 esset
2498 1581 2678 1621 sermo
2710 1567 3027 1637 sapientiae;
3058 1583 3188 1625 vere
3210 1570 3354 1624 enim

1750 1654 1880 1710 illud
1907 1662 2010 1720 est,
2045 1655 2112 1710 Et
2138 1674 2284 1711 nemo
2315 1667 2477 1725 potest
2504 1658 2675 1713 dicere
2707 1656 2981 1713 Dominum
3009 1659 3214 1729 Iesum,
3258 1660 3359 1716 nisi
3388 1716 3395 1721 η

1750 1747 1805 1802 in
1832 1747 2036 1816 Spiritu
2063 1758 2239 1803 sancto
2262 1748 2305 1821 (l
2330 1747 2448 1803 Cor.
2484 1766 2575 1815 xu,
2608 1751 2687 1821 5),
2718 1751 2840 1821 quia
2889 1749 2967 1823 (g)
2997 1752 3097 1805 nisi
3129 1768 3225 1819 per
3258 1751 3359 1808 hoc

83 1848 251 1902 donum
276 1848 546 1912 scientiis;
579 1848 730 1903 tertio
772 1848 1065 1921 magistros,
1098 1848 1151 1903 in
1182 1847 1377 1918 quibus
1403 1856 1488 1902 est
1517 1847 1649 1902 doc-
1681 1846 1733 1910 Β
1754 1843 2035 1912 Sapientiae
2064 1843 2288 1900 verbum
2319 1842 2569 1899 Christus
2609 1843 2873 1899 Dominus
2905 1862 3012 1899 non
3042 1856 3225 1914 posset
3272 1846 3359 1901 in-

83 1945 193 1999 trina
222 1944 375 2008 ﬁdei;
407 1942 593 1998 deinde
620 1944 862 2009 uirtutes,
888 1944 940 1997 in
968 1943 1164 2014 quibus
1205 1953 1331 1997 sunt
1359 1942 1651 1997 curationes

81 2037 405 2105 inﬁrmitatem
421 2076 438 2104 ,
460 2034 777 2091 auxiliorum
790 2045 1081 2106 potestates,
1104 2036 1496 2108 gubernationes
1526 2050 1650 2105 pro-

83 2129 311 2198 pltetales,
343 2139 398 2186 et
422 2128 502 2202 (α)
533 2127 679 2185 dona
708 2146 897 2201 genera
933 2130 1229 2201 linguarum
1257 2130 1345 2185 vel
1386 2129 1649 2201 loquendi

80 2221 147 2275 vel
165 2222 563 2292 interpretandi.
606 2220 770 2277 Certe
801 2221 917 2276 haec
964 2221 1226 2277 Ecclesia:
1256 2229 1309 2275 et
1350 2220 1646 2276 ministeria

88 2323 190 2368 snt
213 2321 269 2369 et
295 2315 657 2384 operationes,
691 2314 745 2368 in
789 2313 984 2384 quibus
1009 2322 1094 2369 est
1112 2327 1310 2383 corpus
1332 2313 1570 2379 Christi;
1598 2321 1655 2369 et

89 2410 183 2462 tneo
206 2408 345 2465 Dens
375 2411 583 2463 statuit.
627 2409 738 2465 Aut
781 2409 1037 2478 profuere
1082 2422 1189 2463 non
1242 2422 1339 2478 per
1378 2407 1652 2463 Christum

82 2512 263 2568 sumta,
312 2503 438 2571 quia
469 2517 531 2558 ea
563 2502 703 2558 Deos
734 2501 940 2557 statuit.
987 2500 1096 2557 Sed
1134 2500 1325 2557 audies
1358 2501 1535 2571 ipsum
1562 2500 1650 2556 di-

82 2602 258 2649 centem
291 2612 303 2647 :
336 2592 628 2662 Unicuique
655 2604 825 2649 autem
853 2603 1088 2648 nostrum
1116 2594 1240 2648 data
1269 2603 1342 2647 est
1372 2595 1543 2666 gratia
1571 2611 1651 2650 se-

84 2688 269 2740 cundum
298 2704 595 2742 mensuram
623 2687 913 2741 donationis
936 2685 1145 2740 Christi.
1180 2687 1244 2742 Et
1273 2688 1468 2742 iterum
1497 2709 1510 2744 :
1549 2688 1652 2757 Qui

82 2780 334 2846 descendit,
364 2781 474 2851 ipse
500 2790 577 2835 est
603 2780 688 2852 qui
717 2790 764 2835 et
802 2781 1031 2834 ascendit
1054 2796 1210 2850 super
1248 2797 1423 2837 omnes
1461 2783 1613 2836 caelos
1632 2822 1648 2849 ,

84 2881 125 2921 ut
148 2872 410 2942 ndimpleat
436 2872 629 2926 omnia.
673 2870 739 2925 Et
758 2872 869 2943 ipse
897 2871 1036 2926 dedit
1069 2871 1316 2943 quosdam
1340 2873 1649 2944 Apostolos,

82 2966 292 3029 quosdam
312 2975 487 3019 autem
514 2964 813 3037 praphetas,
839 2964 1088 3034 quosdam
1112 2975 1282 3020 autem
1306 2965 1387 3037 (l)
1406 2965 1481 3038 (b)
1506 2982 1652 3020 evan-

82 3057 335 3123 gelizantes,
366 3057 618 3126 quosdam
640 3067 811 3111 autem
835 3068 1068 3127 pastores
1094 3066 1139 3111 et
1162 3059 1413 3121 doctores,
1439 3057 1509 3111 ad
1536 3075 1653 3112 con-

81 3150 437 3202 summationem
472 3158 789 3214 sanctorum,
822 3148 874 3201 in
899 3164 1026 3218 opus
1048 3148 1317 3203 ministerii
1345 3147 1562 3221 (Ep/tes.
1595 3164 1649 3203 tv

82 3241 123 3300 Ἰ,
146 3242 223 3307 l0,
245 3240 394 3313 etc).
424 3240 693 3311 Numquid
717 3239 1139 3295 ministeriorum
1164 3239 1301 3295 dona
1328 3258 1431 3294 non
1449 3239 1647 3296 Christi
1677 3279 1723 3344 Ο

80 3341 200 3397 sunt,
229 3348 345 3387 cum
378 3338 564 3390 tamen
597 3332 669 3403 (ε)
700 3341 752 3387 et
783 3332 876 3386 Dei
910 3330 1050 3387 dona
1079 3332 1234 3387 sint?

134 3425 210 3479 Si.
254 3424 461 3480 Paulus
498 3428 562 3480 de
601 3423 762 3480 Putre
791 3426 967 3479 dicens
997 3424 1163 3491 Deus,
1198 3425 1259 3479 de
1306 3422 1448 3480 Filio
1486 3424 1653 3480 Dom-

80 3530 187 3584 xcs,
230 3535 329 3573 non
374 3518 619 3574 distinxit
657 3533 744 3572 eos
790 3527 998 3571 natura.
1040 3547 1111 3559 ——
1138 3516 1246 3573 Sed
1277 3516 1357 3590 (ά)
1386 3517 1434 3573 si
1461 3517 1509 3573 id
1550 3518 1652 3575 sibi

80 3611 325 3681 usurpavit
353 3612 635 3681 impietas,
689 3620 747 3666 ut
785 3611 909 3682 quia
956 3612 1028 3665 ait
1056 3653 1070 3678 ,
1119 3611 1251 3665 idem
1298 3609 1552 3666 Dominus
1598 3623 1652 3668 et

77 3702 186 3756 idem
211 3701 345 3760 Deus
370 3703 423 3779 (I
456 3702 581 3760 Cor.
617 3720 696 3760 ιιι
719 3748 734 3773 ,
770 3704 806 3761 5
835 3744 851 3769 ,
904 3702 986 3772 6),
1032 3719 1141 3759 non
1199 3706 1309 3759 sint
1348 3706 1402 3760 in
1446 3705 1651 3762 unitate

79 3807 295 3854 naturas:
329 3798 631 3871 adjungam
675 3814 804 3854 vero
850 3799 976 3854 huic
1016 3798 1382 3870 intelligentiae
1416 3808 1521 3855 tua:
1542 3844 1555 3867 ,
1590 3809 1651 3857 ut

79 3901 206 3956 putas
235 3892 472 3949 firmiora
507 3892 777 3981 praesidia.
828 3892 950 3962 Ipse
1000 3893 1146 3948 enim
1184 3894 1476 3964 Apostolus
1526 3895 1648 3951 ait:

132 4024 199 4101 (ε)
236 4028 616 4101 Erangelistos.
641 4028 812 4083 Paulo
841 4035 978 4098 post,
1013 4036 1062 4082 et
1095 4028 1415 4101 inopemntis
1440 4039 1490 4086 et
1534 4027 1653 4088 Dei.

79 4095 193 4164 lini,
216 4101 301 4155 sed
318 4095 400 4165 id,
425 4100 634 4155 omissa
667 4095 924 4170 particula
953 4102 1018 4154 si.

135 4213 196 4287 (ιι)
234 4216 354 4273 Vat.
384 4220 508 4272 bas.
539 4232 645 4273 ms.
676 4217 811 4271 dona
827 4218 1074 4288 gentium.
1105 4217 1213 4273 Alii
1238 4219 1503 4285 nonnulli,
1532 4234 1660 4275 nec-

81 4300 163 4361 non
197 4288 334 4361 Lips.
367 4301 425 4346 et
456 4291 584 4361 Par.
617 4290 752 4343 dona
792 4305 1054 4361 generum.
1088 4288 1490 4345 Priel'erendum
1535 4304 1654 4345 eum

83 4356 205 4432 ιω..
235 4356 325 4415 Er.
352 4368 411 4415 et
437 4359 684 4431 pluribus
714 4356 896 4431 proba:
923 4368 1064 4414 notua
1094 4376 1224 4415 mss.
1255 4363 1391 4416 dona
1411 4361 1556 4432 (scil.
1579 4363 1658 4418 vel

80 4427 287 4503 laetandi
310 4433 390 4487 uel
416 4427 816 4502 interpretandi)
836 4447 1023 4500 genera
1053 4432 1376 4503 linguarum.

135 4498 200 4573 (b)
233 4502 460 4576 Carnut.
497 4498 667 4559 codex
692 4512 745 4558 et
783 4498 998 4558 Mitrtin.
1048 4515 1104 4557 nt
1132 4498 1200 4558 ἰιι
1239 4518 1419 4576 κτα)εο
1468 4513 1651 4571 textu,

78 4573 380 4644 evangelium
390 4618 401 4627 .

1757 1933 1948 2005 telligi,
1976 1942 2086 1988 tum
2112 1934 2309 1991 deinde
2347 1947 2579 2004 sequens
2605 1946 2752 1991 esset
2789 1952 2970 1992 sermo
2997 1936 3273 2003 scientiae;
3304 1949 3362 1994 ut

1756 2027 1897 2099 quod
1944 2029 2218 2099 sapimus,
2269 2029 2507 2084 scienter
2552 2028 2861 2100 loquamur,
2895 2031 2970 2085 ita
3004 2040 3063 2085 ut
3088 2030 3367 2101 sapiamus

1755 2124 2035 2194 sapientia:
2060 2122 2284 2178 verbum
2312 2140 2325 2177 :
2362 2122 2578 2178 tertium
2596 2136 2726 2178 vero
2749 2122 2953 2178 donum
2986 2124 3039 2179 in
3062 2124 3169 2179 lide
3185 2132 3361 2189 esset;

1762 2219 1889 2291 quia
1922 2218 2011 2273 illa
2041 2216 2355 2288 principalia
2379 2224 2436 2271 et
2455 2217 2736 2286 superiora
2761 2217 3046 2272 utilitatem
3072 2218 3223 2283 doni,
3258 2217 3365 2274 nisi

1758 2311 1835 2383 (lt)
1866 2310 2009 2366 Deus
2039 2309 2378 2373 crederetur.
2407 2307 2720 2365 amitterent
2753 2326 2771 2365 :
2808 2319 2863 2364 ut
2910 2324 3053 2365 nunc
3087 2309 3143 2365 in
3200 2311 3365 2382 hujus

1754 2406 1971 2462 maximi
1999 2414 2054 2460 et
2083 2403 2431 2475 pulcherrimi
2464 2403 2595 2458 dicti
2636 2405 2922 2473 apostolici
2973 2416 3321 2462 sacramento
3342 2446 3360 2472 ,

1755 2499 2024 2556 luereticis
2056 2499 2308 2554 omnibus
2348 2512 2450 2553 nec
2489 2500 2713 2553 verbum
2762 2497 3046 2566 sapientia
3087 2510 3208 2567 est,
3255 2516 3357 2557 nec

1754 2606 1935 2646 sermo
1964 2590 2207 2647 scientia:
2232 2631 2245 2655 ,
2278 2604 2381 2645 nec
2412 2587 2690 2659 religionis
2716 2588 2852 2646 ﬁdes
2874 2604 2889 2648 :
2914 2591 3039 2661 quia
3076 2590 3365 2661 impietas,

1754 2698 1875 2755 qua:
1903 2699 2011 2738 non
2042 2682 2187 2754 capit
2218 2682 2653 2751 intelligentiam,
2688 2691 2845 2737 extra
2876 2685 3150 2757 sermonis
3183 2686 3365 2741 scien-

1756 2777 1883 2831 tiam
1911 2782 1968 2831 et
1991 2785 2145 2830 extra
2173 2774 2573 2844 simplicitatem
2603 2774 2727 2830 ﬁdei
2760 2786 2865 2831 est.
2900 2775 3014 2832 Nec
3042 2777 3187 2832 enim
3218 2778 3368 2849 quis-

1754 2887 1916 2942 quam
1945 2872 2086 2943 quod
2121 2887 2224 2926 non
2257 2872 2418 2941 sapit,
2458 2871 2694 2943 loquitur
2732 2890 2744 2927 :
2779 2888 2879 2928 nec
2903 2874 3046 2944 quod
3074 2874 3219 2946 loqui
3257 2892 3366 2932 non

1759 2974 1955 3035 potest,
1990 2973 2166 3035 potest
2187 2966 2432 3022 credere.
2456 2964 2630 3021 Unum
2656 2967 2837 3037 itaque
2868 2967 3037 3024 Deum
3067 2967 3368 3040 Apostolus

1758 3058 2081 3125 praedicans,
2116 3067 2170 3113 et
2210 3073 2278 3112 ex
2307 3056 2453 3127 Lege
2501 3059 2753 3126 veniens,
2803 3069 2966 3130 atque
3015 3061 3068 3115 in
3118 3061 3371 3135 Evange-

1755 3149 1890 3204 liom
1924 3147 2125 3206 Christi
2148 3161 2396 3217 vocatus,
2423 3149 2677 3220 perfectae
2705 3151 2829 3206 tidei
2863 3152 3035 3208 tenuit
3061 3153 3368 3211 confessio-

1757 3255 1901 3297 nem.
1930 3240 1997 3295 Et
2026 3256 2094 3296 ne
2121 3241 2357 3313 aliquam
2404 3241 2674 3297 hiereticis
2717 3243 3058 3300 occasionem
3086 3253 3361 3319 tamquam

1761 3333 1954 3387 incauti
1978 3333 2245 3388 sermonis
2268 3332 2589 3403 simplicitas
2615 3345 2918 3403 praastaret,
2942 3346 3002 3391 ut
3023 3338 3363 3395 nativitatem

1759 3424 1881 3480 Filii
1913 3441 2008 3496 per
2035 3426 2195 3480 unius
2217 3425 2311 3481 Dei
2341 3425 2785 3497 praedicationem
2835 3440 3100 3501 negarent
3130 3448 3145 3498 ;
3201 3448 3368 3488 unum

1759 3521 1929 3575 Deum
1957 3518 2059 3574 sub
2088 3518 2438 3589 proprietatis
2477 3519 2870 3590 signiﬁcatione
2917 3522 3203 3579 confessus
3244 3535 3365 3594 est,

1761 3612 1946 3668 dicens
1976 3612 2048 3666 ita
2081 3628 2094 3664 :
2128 3609 2277 3666 Unus
2321 3609 2460 3665 Deus
2489 3620 2710 3681 peterea
2737 3628 2838 3680 quo
2863 3615 3057 3683 omnia,
3100 3626 3148 3670 et
3187 3632 3282 3673 nos
3308 3618 3364 3672 in

1756 3706 1869 3776 ipso
1899 3705 1941 3778 tl
1968 3704 2088 3760 Cor.
2114 3720 2237 3772 νιιι,
2264 3703 2321 3775 6)
2355 3723 2368 3761 :
2395 3712 2454 3759 ut
2483 3706 2572 3776 qui
2613 3706 2758 3761 Deus
2781 3718 2883 3775 est,
2915 3719 2970 3765 et
3002 3715 3157 3779 pater
3181 3710 3375 3768 crede-

1758 3809 1929 3856 retur.
1964 3799 2174 3855 Dehine
2214 3800 2337 3867 quia
2367 3800 2570 3854 nudum
2602 3801 2703 3855 hoc
2727 3841 2741 3868 ,
2771 3801 2829 3856 in
2875 3812 3040 3857 unum
3074 3804 3245 3860 Deum
3275 3822 3371 3879 pa-

1761 3902 1898 3948 trem
1932 3892 2177 3960 credere,
2208 3906 2315 3946 non
2352 3891 2639 3962 proliceret
2678 3892 2745 3947 ad
2788 3894 3052 3962 salutem;
3081 3896 3315 3967 subjecit
3349 3913 3366 3953 :

1834 4028 1914 4101 (2)
1958 4028 2022 4082 Et
2071 4045 2165 4083 nos
2211 4028 2500 4101 inkipsum,
2534 4043 2654 4084 cum
2701 4040 2901 4100 graeco,
2949 4045 3072 4087 mox
3102 4035 3371 4093 omittitur

1759 4099 1956 4158 nomen
1981 4101 2237 4157 Christus.
2268 4099 2433 4154 Paulo
2465 4109 2609 4169 post,
2643 4099 2798 4155 unum
2824 4102 3152 4168 baptismum.

1766 4217 1977 4273 referri.
2020 4216 2158 4271 Hinc
2191 4215 2259 4271 ab
2287 4213 2420 4287 ipsis
2443 4215 2674 4287 quaerit,
2719 4231 2749 4270 a
2795 4233 2902 4287 quo
2949 4217 3153 4287 Spiritu
3201 4220 3373 4279 velint

1764 4288 1905 4344 dona
1933 4287 2190 4357 spiritalia
2236 4284 2526 4360 proﬁcisci.
2572 4284 2651 4341 Ac
2671 4284 2897 4360 demum
2930 4284 3051 4345 illos
3076 4306 3142 4346 eo
3172 4292 3369 4360 perdu-

1764 4362 1861 4426 cit,
1893 4370 1953 4415 ut
1981 4375 2179 4428 negare
2207 4372 2313 4412 non
2344 4359 2580 4425 valeant,
2613 4357 2916 4415 ministeria
2949 4364 3000 4416 in
3036 4357 3268 4419 Ecclesia
3296 4366 3371 4420 ita

1764 4447 1793 4485 a
1829 4434 1940 4486 Deo
1971 4445 2093 4487 esse
2122 4430 2318 4499 posita.
2359 4436 2416 4483 ut
2439 4428 2601 4485 etiam
2634 4446 2663 4485 a
2703 4431 2922 4487 Christo
2952 4434 3202 4490 dicantur
3238 4450 3372 4492 cnn-

1765 4503 1995 4566 stituta;
2046 4502 2291 4570 adeoque
2327 4500 2599 4555 Christum
2643 4518 2672 4554 a
2717 4502 2877 4558 Patre
2923 4521 3099 4569 neque
3146 4509 3371 4563 alterius

1766 4590 1889 4629 esse
1919 4574 2221 4642 potestatis,
2259 4587 2436 4647 neque
2464 4573 2688 4647 alterius
2722 4583 2948 4630 naturas.
2981 4578 3161 4647 Itaque
3210 4594 3372 4647 argu—

134 4640 199 4713 (c)
223 4643 358 4699 Etliti
391 4660 460 4702 ac
483 4647 665 4716 plures
696 4660 826 4701 mss.
861 4657 904 4701 et
930 4646 1246 4715 inoperantis
1276 4642 1395 4701 Dei.
1429 4645 1652 4703 Rectius
1680 4641 1734 4702 D
1760 4640 1996 4700 tn‘entum
2026 4662 2052 4698 a
2084 4661 2231 4699 nunt.
2257 4646 2328 4698 29
2347 4640 2658 4717 institutum
2684 4646 2749 4699 ad
2800 4647 2902 4702 hoc
2930 4640 3090 4713 valet,
3115 4660 3171 4703 ut
3197 4640 3367 4717 dona,

80 4711 205 4789 {best
228 4711 553 4789 inaperattiis
585 4733 613 4769 a
643 4711 1030 4787 praestantibus
1048 4734 1178 4773 mss.
1205 4720 1380 4785 Colb.,
1412 4718 1574 4773 Carn.
1605 4730 1662 4775 et.

82 4781 233 4859 Germ.
275 4781 398 4841 cum
448 4781 769 4859 respiciatur
809 4804 968 4857 supra
991 4789 1187 4843 allatus
1209 4781 1452 4858 Apttstoli
1481 4806 1497 4844 ι
1527 4791 1655 4847 Cor.

84 4868 155 4919 in,
184 4858 272 4923 27,
322 4859 503 4915 locus.
542 4858 623 4913 Et
650 4860 898 4930 quosdam
931 4861 1134 4928 quidem
1179 4863 1349 4929 posuit
1380 4860 1533 4925 Deus,
1569 4862 1658 4916 ubi

82 4939 164 5005 non
185 4930 434 5000 adjicitur
458 4932 1010 5005 verbuminopernns.
1044 4932 1209 5001 Cujus
1237 4932 1341 5005 loci
1374 4947 1655 5005 compara.

84 5002 205 5055 tione
253 5015 383 5057 cum
438 5002 618 5056 altero
665 5003 903 5071 ejusdem
935 5005 1177 5071 Apostoli
1213 5003 1409 5071 Ephes.
1442 5018 1494 5058 tv
1518 5046 1532 5071 ,
1568 5003 1654 5071 ll,

84 5073 295 5144 prosilire
320 5083 649 5139 memorato,
666 5076 841 5144 inquo
852 5078 1039 5129 eadem
1058 5074 1484 5130 ministeriorum
1513 5076 1654 5131 dona

83 5139 324 5218 {Christo
357 5146 720 5218 indultaesse
743 5139 1085 5218 declaratur:
1127 5146 1238 5215 jam
1282 5147 1495 5218 tandem
1541 5147 1655 5201 cla-

85 5215 175 5288 ῐίυξ
196 5215 508 5288 coniicitur,
538 5216 813 5272 Chrismm
842 5231 963 5272 esse
1001 5217 1266 5272 donorum
1298 5217 1609 5288 largitorem
1634 5260 1650 5286 ,

86 5282 386 5358 Miadeque
415 5303 587 5342 usum
609 5303 732 5343 cum
758 5289 918 5344 Patre
948 5288 1139 5352 Deum,
1167 5304 1331 5343 unum
1364 5282 1646 5356 Spiritum.

85 5354 210 5417 Quod
244 5354 467 5428 quidem
503 5359 833 5428 pedetentim
865 5359 1047 5427 efficit,
1081 5369 1154 5423 et,
1187 5363 1265 5415 uti
1297 5354 1453 5416 nobis
1498 5360 1653 5416 vide-

89 5432 175 5495 ων,
198 5444 299 5486 non
332 5440 457 5485 tam-
485 5445 555 5486 es
587 5447 685 5487 sua
714 5446 874 5501 quam
903 5447 972 5487 ex
1015 5434 1287 5488 sententia
1312 5431 1656 5501 adversario-

90 5502 418 5577 ruquuibus
450 5502 697 5577 nonnihjl
716 5498 968 5577 largitur,
992 5513 1063 5577 ut
1084 5514 1299 5577 omnem
1318 5498 1402 5577 eis
1424 5503 1659 5577 evaden-

89 5565 131 5620 di
147 5565 331 5629 aditum
361 5573 606 5629 claudat.
639 5565 878 5629 Primuvm
916 5576 1059 5631 enim
1090 5578 1169 5632 eis
1195 5576 1336 5630 ultro
1361 5575 1458 5630 dat
1483 5573 1658 5639 Spiri-

91 5648 154 5693 tus
179 5647 330 5717 gnat
368 5660 510 5701 voce
540 5645 861 5717 quandoque
891 5646 1124 5717 Patrem,
1163 5647 1430 5717 interdum
1461 5638 1657 5702 Filium

91 5713 433 5790 §u§piritum
505 5711 791 5790 sanctum'
830 5711 1141 5790 signiﬁcafi.
1193 5716 1348 5790 ATumg
1395 5717 1657 5790 quosdam

95 5776 606 5863 Ρωηίοεοςιςῃιοε
649 5789 747 5863 lib.
776 5804 849 5863 ιι,
880 5776 937 5863 ὖ..
970 5790 1040 5846 55
1066 5788 1244 5863 erat,
1286 5788 1353 5847 ad
1400 5776 1661 5863 Spiritum

95 5866 301 5915 unctum
321 5858 535 5925 retulit,
567 5858 827 5929 permittit
855 5860 1018 5917 etiam
1036 5860 1105 5919 ad
1143 5858 1359 5920 Patrem
1385 5858 1662 5920 et'Filium

1764 4734 1883 4787 quze
1916 4716 2146 4785 Spit-itus
2177 4716 2348 4771 sancti
2380 4716 2536 4783 vulgo
2562 4730 2961 4783 nllllcllpaﬂllﬂ‘,
2989 4718 3153 4773 totius
3180 4716 3367 4775 Trini-

1766 4786 1913 4855 tatis,
1946 4804 2010 4844 ac
2042 4787 2356 4843 nominatim
2407 4787 2579 4855 ipsius
2617 4786 2816 4843 Christi
2863 4804 2985 4844 esse
3027 4791 3364 4845 doceamur:

1766 4869 1823 4914 ιιι
1859 4860 2097 4927 quolibet
2127 4859 2286 4915 modo
2319 4859 2471 4912 Pauli
2500 4859 2661 4914 verba
2693 4863 3120 4921 interpretentur
3153 4860 3371 4918 haereti-

1761 4934 1828 4995 ci,
1862 4926 1928 4985 iis
1950 4940 2130 4987 tamen
2157 4930 2417 4985 naturalis
2440 4931 2491 4983 in
2523 4929 2680 4985 Patre
2713 4940 2765 4986 et
2790 4926 2930 4985 Filio
2957 4934 3135 4987 unitas
3155 4934 3358 4987 contir-

1764 5015 1966 5065 metur,
2012 5002 2165 5069 Quod
2211 5001 2494 5071 Operosius
2542 4999 3024 5056 detnonstrandum
3069 5003 3368 5059 duximus:

1770 5075 1971 5198 iltlitppe
2019 5074 2109 5144 qui
2160 5073 2490 5129 advertimus
2542 5071 2803 5126 Hilarium
2871 5090 2979 5129 non
3022 5075 3159 5131 satis
3208 5075 3370 5133 intel-

1790 5160 1852 5198 ec
1881 5160 1988 5198 um.

1790 5153 1988 5200 cetum.

1854 5215 1913 5286 d)
1955 5214 2297 5286 Particulasi
2321 5212 2593 5286 omittitur
2621 5213 2674 5268 in
2706 5229 2810 5286 ms.
2839 5213 3057 5271 Martio.

1852 5282 1906 5361 ᾳ)
1947 5286 2155 5361 Exeusi
2188 5285 2275 5361 hic
2320 5282 2565 5361 addunt,
2592 5285 2719 5361 μιμιὶ
2766 5302 2927 5361 super
2959 5288 3136 5343 omnia
3176 5304 3197 5343 :
3243 5304 3369 5361 quas

1832 5302 1906 5357 te)
1947 5302 2142 5342 bxcuSI
2188 5302 2275 5340 mc
2320 5302 2565 5351 acuunt,
2629 5302 2719 5411 (aut
2766 5302 2921 5358 super
2959 5304 3136 5343 omnia
3176 5304 3197 5343 :
3243 5304 3369 5361 quas

1758 5359 1923 5412 verba
1985 5372 2092 5432 non
2144 5357 2342 5412 habent
2383 5353 2544 5432 infra,
2592 5354 2628 5410 li
2674 5395 2691 5410 .
2739 5372 2817 5432 si,
2857 5357 3035 5425 initio,
3080 5376 3256 5432 neque
3283 5363 3373 5420 hic

1759 5436 1973 5505 exstant
1997 5430 2047 5483 in
2064 5444 2192 5483 mss.
2213 5442 2440 5497 quorum
2469 5426 2832 5505 iu_non_nullis
2861 5444 2965 5505 pro
2979 5441 3025 5485 et
3052 5449 3145 5505 per
3167 5426 3373 5505 optines,

1760 5501 1956 5570 legitur
2003 5509 2050 5554 et
2089 5517 2242 5572 super
2285 5514 2493 5565 omnes,
2536 5499 2589 5555 in
2645 5500 2972 5558 Carnutensi
3018 5499 3236 5573 autem,
3282 5499 3371 5579 qui

1764 5588 1920 5645 super
1953 5588 2144 5645 omnes.

1862 5643 1907 5715 Ι)
1949 5644 2039 5700 Sic
2069 5658 2202 5715 mss.
2233 5640 2489 5715 Atediti,
2521 5642 2760 5697 unitatis.

1862 5647 1907 5715 Ι)
1949 5647 2039 5700 Sic
2069 5658 2202 5698 mss.
2233 5647 2305 5699 At
2330 5647 2489 5708 editi,
2521 5647 2760 5697 unitatis.

1839 5647 1916 5787 ig)
1936 5714 2108 5787 AApud
2140 5714 2261 5770 Par.
2289 5712 2628 5770 desideratur
2656 5715 2777 5771 nisi.
2810 5714 2934 5773 Mox
2981 5716 3038 5774 in
3066 5714 3187 5776 aliis
3207 5720 3373 5778 etiam

1767 5784 1903 5844 edii.
1933 5784 2162 5857 habetur
2190 5794 2376 5857 potest,
2404 5800 2513 5857 non
2536 5797 2722 5857 posset.

1841 5857 1921 5931 (h)
1938 5852 2214 5917 Vetustior
2240 5873 2274 5917 e
2300 5871 2432 5915 mss.
2453 5852 2609 5918 Colb.
2637 5859 2737 5915 nisi
2771 5852 3026 5919 Dominus
3054 5860 3366 5918 crederetur.
