3930 6194
106 258 194 314 265
1257 251 1344 309 DE
1381 249 1759 310 TRINITATE
1785 248 1990 308 LIBER
2022 251 2157 309 VIII.
3237 253 3348 313 266

106 375 238 429 Patre
274 366 512 439 Spiritus,
552 364 701 423 disce
731 366 887 422 etiam
919 365 1020 420 hoc
1062 363 1179 437 ipso
1226 365 1295 421 de
1342 383 1451 438 quo
1499 383 1641 422 nunc
1668 369 1721 430 Α
1747 368 1937 425 clarat.
1967 367 2208 439 Namque
2237 374 2357 436 post
2385 365 2512 422 illud
2552 365 2861 422 divitiarum
2889 373 2942 423 et
2966 366 3249 440 sapientia:
3290 380 3348 427 et
3413 357 3416 360 ’

107 465 249 534 agitur
280 458 516 530 Apostoli
544 458 707 514 dicto.
738 457 1026 513 Confessus
1071 458 1215 514 enim
1262 475 1426 514 unum
1474 459 1642 515 Deum
1754 461 1997 517 scientia:
2025 462 2120 516 Dei
2146 470 2500 531 protestatum
2521 460 2863 531 profundum,
2888 461 2969 534 (4)
2999 472 3052 518 et
3081 464 3349 519 inscruta-

105 564 278 627 patrem
304 568 364 608 ex
393 567 499 623 quo
528 551 706 606 omnia
740 558 883 615 sunt,
915 559 971 606 et
1014 566 1178 605 unum
1221 550 1506 606 Dominum
1557 551 1649 606 Je-
1752 553 1937 608 bilinm
1999 553 2326 624 judiciorum
2393 553 2694 610 confessam
2748 552 2821 626 (f)
2882 554 3349 627 iniutelligentiam

104 664 199 704 sum
221 644 478 702 Christum
498 658 591 714 per
613 658 773 715 quem
796 642 970 698 omnia
992 658 1203 711 :qutero
1221 643 1346 714 quid
1366 643 1651 699 diversita-
1758 646 1963 719 (Rom,
1996 663 2071 715 ιι,
2101 649 2219 718 55),
2243 658 2298 703 et
2323 647 2832 719 ininvestigabilium
2860 649 3067 706 viarum
3105 650 3352 707 demons-

106 739 400 802 tisattulerit,
412 736 596 794 dicens
609 751 675 793 ex
691 733 965 808 πιῡθο
979 736 1177 799 omnia,
1195 746 1246 792 et
1265 751 1363 807 per
1373 735 1644 791 Christum
1757 751 1950 798 tratam
1970 741 2638 815 ignorationemdmmanaa
2662 751 2837 798 tamen
2855 741 2976 798 ﬁdei
2997 758 3126 798 usus
3148 742 3208 797 of
3208 743 3351 810 ﬁcio,

105 832 252 888 omnia
268 831 304 902 (l
329 829 560 896 Comm,
585 828 679 900 6)?
701 834 852 884 Anne
879 826 952 900 (α)
977 828 1143 899 possit
1172 828 1250 901 (1)
1277 828 1594 900 separabilis
1619 844 1649 884 a
1756 835 1902 890 hunc
1926 833 2187 889 honorem
2207 834 2655 905 investigabilium
2680 841 2735 888 et
2756 833 3349 908 inscrutabiliumgﬁz

105 939 154 980 se
172 932 347 978 natium:
361 930 415 977 et
434 920 648 991 Spiritus
664 919 900 991 intelligi
916 935 982 976 ex
1004 936 1132 990 quo,
1165 929 1219 975 et
1243 935 1336 990 per
1349 936 1508 992 quem
1535 934 1652 975 om-
1756 928 2061 985 ccelcstinm
2089 934 2550 983 sacramentorum
2574 926 2842 997 profundo
2859 926 3113 993 reddidit,
3134 928 3350 984 dicens:
3380 978 3390 985 .

109 1014 388 1072 nia?0tnuia
415 1014 560 1071 enim
585 1028 676 1084 per
699 1012 893 1068 Filium
914 1028 981 1068 ex
1004 1012 1173 1069 nihilo
1194 1012 1550 1069 substiterunt
1567 1020 1653 1080 ,et
1759 1022 2015 1088 Quoniam
2036 1038 2098 1076 ea;
2121 1021 2256 1092 ipso,
2289 1030 2335 1075 ει
2365 1037 2455 1090 per
2475 1021 2645 1090 ipsum
2670 1061 2685 1086 ,
2718 1029 2766 1074 et
2794 1019 2845 1085 in
2877 1020 2989 1090 ipso
3011 1030 3130 1075 sunt
3155 1022 3349 1088 omnia,

106 1109 158 1165 ad
184 1109 330 1165 Deum
351 1123 410 1162 ex
438 1122 541 1177 quo
565 1105 758 1171 omnia,
785 1104 852 1160 ad
875 1104 1069 1160 Filium
1098 1119 1227 1160 vero
1251 1121 1347 1177 per
1368 1120 1518 1174 quem
1543 1120 1654 1159 om-
1753 1112 1855 1182 ipsi
1878 1113 2046 1184 gloria
2067 1114 2120 1166 in
2146 1112 2335 1167 scecula
2366 1111 2441 1184 (g)
2468 1129 2615 1166 (lmen
2645 1110 2836 1184 (Ibid.,
2863 1113 2954 1185 '56)
2984 1130 2995 1165 :
3028 1111 3079 1167 id
3114 1130 3256 1169 nunc
3284 1115 3352 1171 ad

108 1205 176 1257 aia
199 1200 466 1273 Apostolus
510 1200 583 1272 (b)
615 1199 817 1255 retulit.
850 1198 917 1254 Et
945 1214 1053 1254 non
1091 1199 1307 1255 invenio
1336 1199 1463 1270 quid
1492 1197 1651 1254 diﬂe-
1757 1205 1917 1260 unius
1945 1212 2152 1259 natura:
2187 1204 2634 1276 signiﬁcationem
2662 1204 2929 1273 referens,
2956 1204 3098 1276 quod
3120 1222 3226 1261 non
3253 1207 3354 1263 nisi

108 1307 192 1360 rat,
228 1310 336 1350 cum
364 1309 457 1365 per
482 1302 768 1362 utrmnquc
788 1307 924 1363 opus
945 1291 1017 1348 sit
1041 1292 1260 1349 virtutis
1279 1292 1547 1363 ejusdem.
1596 1291 1651 1348 Si
1756 1312 1893 1368 opus
1916 1298 2073 1353 unius
2099 1298 2271 1368 possit
2300 1312 2421 1354 esse
2444 1307 2674 1352 natum.

109 1391 224 1446 enim
247 1388 308 1444 ad
336 1386 699 1444 universitatis
724 1387 1081 1444 substantiam
1113 1387 1386 1459 proprium
1416 1400 1479 1463 ac
1503 1384 1655 1441 sufli—
1829 1392 1920 1447 59.
1948 1389 2206 1463 Epilogus
2227 1406 2249 1446 :
2291 1407 2356 1446 ea;
2382 1391 2644 1461 prtediclis
2670 1389 2830 1445 Pauli
2858 1392 2983 1446 locis
3005 1391 3130 1462 quid
3154 1395 3362 1463 confec-

109 1486 233 1542 ciens
256 1484 505 1541 creaturis
537 1492 685 1539 esset
722 1481 867 1553 quod
897 1498 963 1538 ex
990 1482 1104 1538 Deo
1131 1492 1288 1547 sunt;
1315 1479 1442 1550 quid
1472 1478 1657 1537 habuit
1758 1493 1864 1538 tum
1890 1485 1977 1538 sit.
2005 1511 2075 1523 —
2096 1482 2230 1538 Cum
2256 1482 2399 1538 enim
2427 1482 2739 1554 specialiter
2763 1482 2875 1538 Deo
2901 1482 2953 1538 id
2985 1482 3359 1553 adscripserit,

108 1579 397 1637 necessitatis
426 1591 777 1642 memorasse,
808 1575 950 1647 quod
991 1591 1112 1647 qua:
1138 1590 1207 1631 ex
1236 1575 1349 1630 Deo
1373 1582 1519 1640 sunt,
1561 1587 1658 1641 per
1758 1587 1819 1632 ut
1845 1592 1910 1633 ex
1933 1592 1999 1632 eo
2039 1576 2222 1631 omnia
2247 1593 2262 1640 ;
2318 1585 2374 1632 et
2397 1576 2674 1647 proprium
2703 1575 2924 1632 Christo
2949 1576 3205 1634 detulerit
3233 1618 3247 1641 ,
3304 1586 3366 1633 ut.

107 1671 340 1726 Christum
367 1669 496 1738 sint,
529 1667 631 1724 nisi
658 1668 800 1739 quod
824 1683 991 1724 unum
1019 1666 1162 1723 idem
1190 1677 1273 1721 est
1297 1708 1312 1733 ,
1346 1681 1443 1736 per
1467 1664 1660 1721 Chris-
1761 1684 1856 1738 per
1886 1682 2007 1723 eum
2036 1667 2249 1731 omnia;
2283 1673 2339 1719 et
2366 1681 2507 1721 nunc
2537 1667 2710 1721 honor
2732 1667 2827 1721 Dei
2857 1668 2945 1733 sit,
2973 1667 3116 1737 quod
3146 1682 3212 1724 ex
3240 1667 3363 1739 ipso

110 1773 199 1819 tum
215 1778 323 1819 esse
346 1772 398 1819 et
416 1778 479 1817 ex
508 1760 625 1816 Deo
646 1760 811 1816 esse?
838 1758 947 1816 Sed
975 1758 1430 1830 quemadmodum
1451 1753 1524 1829 (ε)
1551 1756 1657 1811 Do-
1687 1770 1736 1831 Β
1760 1768 1817 1816 et
1861 1774 1958 1829 per
1983 1759 2159 1829 ipsum
2189 1766 2247 1814 et
2276 1759 2327 1812 in
2355 1758 2474 1829 ipso
2501 1759 2609 1812 sint
2636 1760 2814 1813 omnia
2845 1777 2859 1826 ;
2887 1767 2941 1813 et
2983 1774 3102 1815 cum
3131 1758 3365 1830 Spiritus

108 1857 277 1912 mitium
299 1864 351 1911 et
387 1856 558 1911 Deum
590 1854 807 1923 utrique
851 1867 1058 1918 eorum,
1092 1859 1153 1906 ut
1197 1859 1441 1905 mutuum
1481 1857 1656 1913 esset,
1765 1852 1861 1907 Dei
1890 1851 2033 1907 idem
2063 1851 2135 1906 sit
2160 1864 2214 1905 et
2240 1849 2473 1921 Spiritus
2500 1848 2737 1916 Christi;
2774 1851 2860 1906 vel
2900 1866 3021 1906 cum
3052 1852 3132 1922 (Il)
3168 1852 3220 1906 in
3261 1852 3368 1907 mi-

107 1949 388 2019 adscriptum
433 1957 558 2003 est:
591 1947 662 2003 ita
702 1962 768 2001 ea:
792 1961 890 2016 quo
930 1953 986 2001 et
1033 1960 1123 2014 per
1139 1960 1289 2015 quem
1330 1942 1557 1999 relatum
1590 1941 1658 1997 ad
1765 1944 1991 2000 nisterio
2022 1943 2234 1999 Domini
2255 1953 2307 1999 et
2332 1940 2413 2014 (5)
2437 1943 2490 1997 in
2516 1943 2833 2013 operatione
2850 1944 2943 2000 Dei
2973 1944 3206 2014 Spiritus
3229 1960 3369 2002 unus

108 2053 350 2113 utrumque
371 2050 475 2106 est,
502 2050 558 2097 et
582 2039 650 2095 ad
675 2036 1193 2095 demonstrationem
1217 2036 1437 2092 unitatis
1460 2036 1659 2091 utrius-
1765 2045 2021 2108 operetur
2047 2046 2101 2092 et
2120 2034 2344 2103 dividat,
2375 2049 2480 2091 non
2504 2045 2730 2106 possunt
2756 2052 2861 2092 non
2884 2053 3048 2094 unum
3065 2054 3208 2108 esse,
3231 2056 3371 2112 quo-

107 2153 207 2207 que,
232 2152 321 2193 nec
343 2135 408 2192 ad
452 2134 870 2206 intelligentiam
903 2131 1213 2203 singularis.
1241 2130 1358 2186 Non
1409 2138 1554 2201 patet
1578 2127 1659 2184 .ad
1766 2145 1887 2186 rum
1915 2129 2131 2200 propria
2161 2127 2320 2185 unius
2349 2139 2475 2184 sunt
2501 2144 2516 2195 ;
2546 2144 2668 2185 cum
2708 2129 2761 2184 in
2789 2130 2981 2187 eodem
3013 2132 3240 2189 Domino
3283 2134 3374 2190 Fi-

108 2228 403 2285 oeeasionem
432 2227 730 2298 impietatis
762 2224 843 2299 (2)
871 2223 1037 2295 ipsius
1070 2224 1148 2297 (ά)
1198 2239 1410 2290 sermo,
1443 2230 1498 2279 et
1529 2236 1662 2293 apo-
1767 2221 1862 2287 lio,
1890 2229 1946 2277 et
1975 2222 2029 2275 in
2056 2220 2250 2277 eodem
2284 2222 2392 2276 Deo
2419 2221 2575 2276 Patre
2597 2263 2614 2288 ,
2665 2238 2805 2277 unus
2840 2231 3001 2294 atque
3030 2224 3174 2282 idem
3202 2226 3375 2296 Spirio

108 2322 263 2379 stolica
289 2322 415 2378 ﬁdes
441 2337 552 2377 non
582 2328 666 2376 est
694 2329 847 2376 extra
876 2316 1272 2389 praedicationis
1298 2316 1660 2387 diligentiam.
1772 2323 1856 2369 tus
1887 2312 1964 2385 (6)
1996 2314 2047 2369 in
2075 2311 2137 2384 (i)
2166 2311 2357 2369 eodem
2382 2312 2587 2382 Spiritu
2614 2321 2804 2369 sancto
2823 2314 3092 2381 dividens,
3120 2318 3373 2376 universa
3458 2316 3461 2319 ’

110 2413 184 2470 llis
221 2416 351 2471 enim
396 2429 455 2471 se
499 2412 797 2469 verborum
845 2409 1263 2482 proprietatibus
1300 2408 1620 2481 temperavit
1650 2449 1665 2475 ,
1771 2408 2033 2481 perﬁciat.
2067 2407 2110 2462 0
2135 2407 2330 2478 dignus
2362 2407 2452 2462 ille
2491 2423 2806 2478 magnorum
2852 2418 2905 2464 et
2952 2411 3254 2468 cmlesdum
3286 2429 3375 2470 ar-

109 2507 266 2578 quibus
291 2523 386 2564 nec
429 2507 573 2564 duos
621 2505 755 2562 deos
792 2505 1186 2575 intelligeretur
1221 2503 1549 2575 signiﬁcare,
1575 2517 1669 2559 ne-
1770 2515 2029 2557 canorum
2052 2498 2406 2561 conscientia,
2445 2507 2500 2554 et
2524 2509 2834 2571 assumptus
2874 2512 3205 2561 secretorum
3231 2506 3376 2563 divi-

111 2615 191 2669 que
213 2600 448 2656 unicum:
491 2600 628 2656 dum
661 2606 716 2655 et
743 2597 994 2653 unionem
1020 2596 1342 2664 detestatur,
1376 2611 1477 2653 nec
1523 2610 1673 2667 sepe.
1774 2608 1968 2649 norum
1991 2591 2304 2660 electusque
2328 2591 2623 2661 particeps,
2644 2606 2706 2646 ea
2737 2591 2849 2662 ipsa
2874 2592 2944 2666 (j)
2972 2593 3145 2651 illiciti
3172 2596 3376 2667 eloquii

113 2703 176 2751 rat
192 2694 458 2761 unitatem,
475 2693 587 2751 hoc
616 2694 760 2749 enim
782 2708 847 2747 ea:
868 2707 970 2761 quo
992 2692 1184 2751 omnia.
1205 2699 1259 2747 et
1276 2707 1365 2761 per
1391 2706 1539 2761 quem
1561 2706 1673 2745 om-
1772 2686 1989 2743 silentio
2021 2683 2329 2741 necessario
2360 2694 2564 2751 tacens,
2597 2693 2652 2739 et
2680 2699 2809 2740 vere
2836 2686 3129 2756 Apostolus
3153 2687 3375 2759 Christi,

116 2787 197 2854 nia,
225 2786 338 2843 licet
367 2803 474 2843 non
523 2785 857 2858 singularem
907 2784 1264 2840 constitueret
1306 2785 1360 2839 in
1406 2791 1675 2854 potestate
1776 2780 1918 2852 quali
1944 2778 2191 2835 humanae
2218 2776 2593 2848 perversitatis
2620 2777 2829 2848 ingenia
2855 2778 3090 2835 absoluti
3113 2784 3382 2839 sermonis

114 2879 305 2947 virtutis,
334 2896 438 2935 non
463 2888 651 2935 tamen
682 2877 955 2933 diversum
979 2877 1382 2933 demonstraret
1411 2875 1492 2948 (5)
1521 2878 1575 2932 in
1599 2876 1675 2949 (e)
1777 2873 1864 2930 sui
1896 2870 2281 2943 praedicatione
2307 2870 2594 2934 conclusit,
2629 2885 2793 2925 unum
2822 2870 3037 2927 Patrem
3087 2873 3255 2930 Deum
3281 2915 3295 2939 ,
3326 2884 3384 2931 et

114 2970 404 3038 efﬁcientia;
447 2987 581 3027 cum
610 2985 674 3025 ea:
691 2985 792 3042 quo
820 2968 993 3024 omnia
1016 3009 1033 3035 ,
1076 2977 1132 3023 et
1168 2984 1259 3039 per
1289 2983 1437 3040 quem
1482 2968 1675 3035 omnia,
1780 2979 1943 3022 unum
1977 2964 2261 3019 Dominum
2291 2961 2475 3017 Jesum
2507 2959 2781 3016 Christum
2828 2962 3165 3030 confitendo;
3199 2974 3258 3020 ut
3300 2966 3384 3022 in-

115 3061 315 3132 ejusdem
376 3073 612 3129 naturae,
653 3062 720 3118 ad
797 3062 850 3118 id
910 3060 1310 3118 demonstraret
1376 3071 1674 3118 auctorem.

1815 3073 1866 3113 er
1888 3055 2006 3111 hare
2031 3054 2111 3128 (7)
2140 3068 2240 3108 nec
2267 3052 2406 3108 duos
2432 3050 2510 3124 (Ις)
2538 3051 2821 3122 quisquam
2851 3055 3022 3123 possit
3046 3055 3340 3125 praedicare
3362 3098 3381 3127 ,

115 3152 373 3228 Utrumque
396 3166 587 3213 autem
614 3152 859 3225 ejusdem
895 3162 1100 3209 natura:
1127 3153 1404 3225 proprium
1434 3169 1559 3213 esse
1582 3155 1677 3211 de-
1706 3146 1752 3210 Ο
1786 3164 1962 3221 neque
1989 3147 2205 3203 unicum
2241 3162 2254 3200 :
2287 3159 2409 3200 cum
2439 3155 2618 3200 tamen
2652 3144 2741 3215 qui
2770 3159 2880 3200 non
2911 3146 3100 3202 unicus
3128 3155 3213 3203 est
3233 3189 3249 3215 ,
3277 3163 3385 3205 non

170 3290 239 3364 (l)
266 3291 557 3364 Separabili
587 3309 620 3346 a
644 3306 700 3364 se
724 3298 910 3364 natura
935 3299 983 3345 et
1000 3290 1210 3359 spiritu.
1241 3362 1247 3364 Α
1576 3363 1602 3364 η
1788 3289 1929 3364 quod
1947 3286 2294 3364 (praetulimus
2324 3285 2593 3364 superiori
2622 3284 2843 3341 lectioni
2868 3327 2883 3354 ,
2934 3287 3385 3363 investigabilium.

171 3357 241 3433 (2)
266 3357 385 3418 Pius
405 3380 608 3422 sermo.
639 3362 806 3419 Paulo
836 3370 977 3434 post,
1006 3357 1061 3417 ut
1089 3379 1181 3418 nec
1213 3362 1345 3418 duos
1374 3377 1471 3434 pro
1496 3363 1680 3434 quibus
1789 3357 2003 3434 Deinde
2023 3357 2568 3434 imperscrutalgilium.

122 3429 190 3487 nec
212 3429 346 3491 duos.
837 3429 850 3434 ⁷
965 3429 968 3430 ν
1376 3429 1388 3434 ’
1507 3429 1518 3434 ⁷
1861 3434 1940 3502 (5)
1972 3430 2039 3486 In
2079 3430 2267 3502 spiritu
2296 3429 2408 3484 Dei.

175 3503 245 3646 ξι)
268 3505 331 3560 In
356 3506 652 3578 efﬁcientia!
676 3514 950 3631 potestate.
1861 3500 1945 3648 (ὅ)
1970 3502 2037 3557 1η
2066 3517 2124 3556 eo
2150 3500 2359 3573 (Spiritu
2385 3510 2583 3584 sancto.

194 3577 242 3648 «1)
264 3576 326 3631 Et
370 3581 672 3634 inesset-uta
706 3578 876 3632 ilium.
899 3576 1020 3633 Mox
1071 3586 1117 3631 et
1171 3576 1680 3648 ininvestignbilium,
1887 3574 1941 3647 7)
1971 3572 2081 3629 Nec
2106 3572 2234 3627 duos
2256 3570 2392 3627 Deos
2420 3589 2583 3644 quisq:

264 3576 326 3631 Et
370 3570 876 3634 ineucrutabilium.
899 3576 1020 3633 Mox
1071 3586 1117 3631 et
1171 3576 1680 3649 ininvestignbilium,
1861 3570 1941 3648 (7)
1971 3572 2081 3629 Nec
2106 3570 2234 3627 duos
2256 3570 2392 3627 Deos
2420 3574 2686 3644 quisquam
2710 3585 2898 3645 posset.

176 3709 354 3783 (συιδ.
380 3711 551 3770 Corb.
580 3712 652 3767 ab
687 3713 904 3783 antiqua
947 3728 1110 3767 manu
1145 3712 1384 3768 secunda
1407 3753 1421 3776 ,
1469 3713 1686 3783 possint.

121 3777 380 3857 Deindelin
411 3786 659 3857 excusis,
685 3777 1048 3857 sepafabilisa
1078 3799 1132 3838 se
1158 3794 1345 3839 natura
1372 3793 1417 3837 et
1452 3777 1685 3857 spiritus.

120 3850 165 3907 In
183 3854 410 3926 omnibus
436 3856 556 3912 fere
585 3871 715 3911 tnss.
740 3850 1022 3924 ’θεραπαινίιὶ
1049 3874 1081 3909 a
1106 3871 1159 3909 se
1180 3857 1365 3909 natura
1384 3865 1430 3909 et
1451 3850 1640 3926 spiritu
1670 3871 1684 3909 :

122 3924 280 3996 quibus
297 3928 472 3982 verbis
491 3926 663 3981 (iam.
684 3927 1123 3996 pra'positionetn
1138 3928 1191 3980 in
1212 3924 1490 3995 praeﬁxum
1506 3926 1686 3982 habet.

122 3993 372 4068 Sequimur
418 3993 710 4068 exemplar
761 3993 884 4053 Vat.
925 3997 1043 4053 bas.
1088 3993 1338 4068 quamvis
1366 4008 1689 4054 cmterorum

124 4065 369 4124 lectionem
397 4069 544 4125 haud
578 4065 724 4123 aliud
748 4078 1030 4124 scitantem
1056 4065 1161 4123 non
1191 4083 1528 4138 reSpuamus.

180 4138 244 4210 (ὁ)
272 4139 430 4200 Editi.
463 4141 722 4196 retulerit.
751 4139 943 4195 Melius
971 4154 1101 4195 mss.
1129 4140 1324 4194 retulit.
1358 4140 1466 4194 Has
1494 4154 1688 4205 voces,

126 4224 175 4262 es
195 4226 283 4281 quo
302 4212 474 4267 munia
492 4253 508 4277 ,
543 4211 613 4266 ad
642 4210 858 4266 Patrem
876 4252 891 4278 ,
921 4210 1053 4266 istas
1075 4226 1234 4277 vero,
1268 4227 1360 4280 per
1387 4226 1540 4280 quem
1579 4228 1694 4266 om-

127 4281 309 4352 nia,ad
352 4282 553 4338 Filium
600 4281 855 4338 retulisse
883 4281 1178 4352 Apostolus
1224 4289 1526 4336 enarratur.
1571 4283 1693 4337 Mox

129 4349 233 4406 Ilad.
254 4362 305 4407 et
324 4353 443 4419 Er.,
460 4371 585 4408 eum
606 4363 881 4423 utrumque
906 4349 1146 4424 apposuit
1166 4354 1292 4423 (duo
1311 4367 1441 4408 mss.
1467 4369 1582 4407 cum
1606 4369 1696 4424 per

128 4432 362 4497 utrumque
386 4425 655 4496 opposuit)
678 4425 883 4497 virtutis,
899 4423 1133 4497 ejusdem
1155 4438 1174 4479 :
1196 4424 1486 4497 mendose.

186 4494 247 4566 (ε)
271 4495 385 4566 Yat.
419 4494 554 4550 bas.
590 4494 693 4551 ms.
725 4511 815 4566 per
846 4494 1148 4555 Dominum.
1195 4495 1462 4551 Malumus
1490 4494 1698 4566 simpli-

130 4563 239 4619 citer
262 4564 560 4631 Dominum,
594 4563 757 4622 tacito
785 4567 951 4621 verbo
973 4582 1099 4622 esse.

186 4633 255 4710 (ό)
285 4638 421 4694 Editi
451 4647 685 4706 excepto
713 4638 835 4710 Par.
868 4653 991 4692 cum
1023 4638 1228 4710 aliquot
1251 4651 1384 4710 mss.
1412 4638 1548 4709 pius.
1592 4637 1698 4710 Re-

132 4706 332 4778 tinemus
359 4725 485 4765 cum
513 4709 903 4764 vetustioribus
949 4706 1155 4777 ipsius,
1209 4707 1261 4762 id
1286 4718 1369 4763 est
1411 4706 1653 4778 Apostoli
1685 4726 1698 4763 :

138 4776 208 4832 ubi
236 4781 464 4841 pessime
492 4782 546 4835 in
574 4795 707 4836 mss.
742 4780 861 4835 Vat.
898 4781 1036 4841 bas.,
1060 4795 1186 4835 suta.

188 4794 208 4832 tl
269 4795 464 4836 esstme
493 4796 546 4835 In
574 4795 707 4836 mss.
748 4794 861 4835 vat.
898 4794 1036 4841 bas.,
1060 4795 1186 4835 sum.

188 4794 357 4921 (cgita
384 4851 763 4922 castigatiorcs
808 4865 960 4922 mss.)
992 4851 1134 4906 Editi
1166 4865 1316 4914 vero,
1343 4851 1395 4905 in
1425 4851 1705 4922 efﬁcientia:

134 4930 366 4993 potestate.
409 4921 631 4993 martin.
669 4938 772 4977 ms.
792 4922 849 4976 in
874 4921 1169 4993 efficientia:
1200 4930 1522 4991 potestatem.

190 4991 255 5067 (Ῑ)
278 4993 433 5060 Bad.,
461 4992 686 5067 Pinnae
717 4991 1077 5067 plures'mss.,
1100 4992 1712 5067 intelligentiam:casti-

132 5063 299 5131 gant'ur
315 5079 380 5120 ex
406 5067 524 5130 Er.,
556 5065 702 5132 Lips.
726 5074 782 5120 et
804 5079 931 5119 mss.
956 5063 1119 5119 Corb.
1142 5063 1257 5119 Mox
1287 5065 1525 5132 reposuit
1548 5065 1712 5119 Eras-

137 5147 238 5208 mus
254 5135 761 5208 ininvestigabilium,
785 5151 906 5192 cum
937 5136 990 5208 in
1014 5150 1147 5191 mss.
1175 5144 1230 5189 et
1256 5134 1387 5189 Bad.
1425 5138 1710 5208 exstet‘in-

134 5205 507 5276 settigabilium.
534 5206 616 5262 Illi
644 5220 819 5263 tamen
860 5205 1184 5276 suffragatur
1212 5222 1350 5261 unus
1393 5221 1494 5262 ms.
1524 5206 1707 5271 Colb..

138 5272 216 5354 lib.
240 5272 299 5354 ἰ,
330 5278 513 5354 n_.‘§9.
548 5276 658 5354 Ilsu
687 5293 850 5354 porro
870 5277 954 5333 vel
982 5272 1153 5354 abusu
1177 5277 1487 5354 experimur
1509 5293 1704 5354 nomen

138 5348 487 5420 unatigabilis
516 5349 620 5403 vim
648 5351 891 5405 obtinere
921 5349 1175 5420 negandi,
1205 5348 1450 5419 quamvis
1482 5349 1705 5404 verbum

140 5418 420 5489 investigare
453 5419 647 5476 habeat
675 5420 998 5476 afﬁrmandi.

196 5491 266 5561 (9)
278 5488 355 5546 Ita
374 5491 656 5547 veterrimi
681 5507 809 5548 mss.
832 5491 956 5547 Vat.
973 5488 1301 5559 bas.,,CoIbq
1318 5488 1556 5558 Martin.,
1570 5500 1706 5558 εισι,

1800 3711 2028 3786 Spiritus
2058 3711 2156 3765 Dei
2188 3709 2743 3786 Spiritusuttus,etc.,
2765 3729 2887 3786 qua:
2915 3713 3098 3781 lectio,
3121 3712 3285 3773 etiam
3323 3715 3395 3775 ad

1799 3780 2019 3856 Iiinbnm
2051 3798 2152 3856 ms.
2184 3780 2347 3838 Cbrb.
2386 3784 2455 3840 ab
2483 3783 2701 3856 antiqua
2729 3780 2914 3856 ‘n’ianu
2939 3780 3231 3855 adscripta.
3283 3804 3396 3847 non

1799 3853 2049 3924 displicet
2078 3853 2182 3910 hoc
2203 3869 2389 3918 sensu,
2418 3864 2477 3910 ut
2515 3853 2641 3912 licet
2671 3858 2721 3911 in
2749 3855 3062 3913 ministeriis
3093 3853 3398 3918 dividendis

1801 3926 2130 3999 Spiritussit
2153 3925 2361 3981 Domini
2384 3966 2400 3992 ,
2443 3936 2497 3981 et
2539 3928 2590 3981 in
2621 3928 2889 3998 largienda
2920 3931 3237 3999 operatione
3267 3931 3394 3998 Spi-

1801 3998 2092 4070 ritusDei,
2137 4012 2277 4070 unus
2307 4008 2485 4070 tamen
2514 3998 2746 4066 Spiritus
2791 4010 2845 4055 et
2868 3998 3127 4070 operetur
3169 4009 3225 4056 et
3252 4002 3392 4058 divi-

1799 4068 1911 4124 dat.
1944 4069 1999 4125 In
2018 4069 2312 4124 vetustiore
2324 4066 2476 4139 Coll).
2503 4085 2709 4125 necnon
2729 4066 3158 4134 Martin.,Caru.,
3180 4072 3393 4139 Germ.,

1798 4139 2161 4201 Vind.,Corl).
2187 4153 2236 4210 et
2271 4154 2377 4210 uno
2404 4137 2607 4203 Vatic.,
2628 4157 2743 4194 cum
2768 4142 2822 4193 in
2846 4142 3131 4195 ministerio
3162 4137 3392 4210 Domini,

1797 4220 1843 4266 et
1872 4212 1927 4285 in
1953 4211 2159 4282 Spiritu
2187 4208 2286 4265 Dei
2317 4209 2546 4285 Spiritus
2564 4227 2723 4285 (unus.
2752 4211 2833 4285 Ex
2870 4213 3066 4285 quibus
3096 4213 3238 4285 apud
3270 4208 3392 4269 Par.

1799 4280 2031 4354 positum
2057 4294 2166 4354 est,
2199 4298 2312 4354 cum
2363 4282 2421 4354 in
2448 4282 2733 4354 ministerio
2763 4280 3075 4346 Datnini,'et
3131 4284 3187 4338 in
3209 4301 3398 4354 opera-

1799 4350 1936 4408 tione
1967 4351 2082 4420 Dei,
2115 4364 2162 4407 et
2192 4355 2245 4406 in
2274 4351 2480 4420 Spiritu
2509 4350 2608 4423 Dei
2640 4353 2869 4423 Spiritus
2902 4371 3056 4409 unus.
3087 4350 3399 4412 Lectionem

1798 4440 1959 4494 quam
1992 4438 2312 4497 revocamus
2337 4438 2411 4497 ex”
2432 4422 2557 4497 aliis
2577 4422 2719 4497 edit.
2737 4436 2789 4480 et
2818 4425 3088 4497 aliquibus
3110 4442 3241 4483 mss.
3269 4444 3402 4483 con-

1804 4493 2016 4569 firmant
2048 4495 2163 4569 haec
2189 4510 2353 4569 Anum.
2384 4494 2450 4569 Si
2479 4512 2492 4547 :
2523 4493 2866 4569 Apprehende
2889 4493 2924 4569 ε’
2952 4499 2998 4551 si
3024 4508 3187 4569 potes,
3222 4498 3402 4553 Domi-

1725 4563 1780 4624 D
1805 4583 1926 4619 num
1966 4567 2021 4619 in
2050 4565 2298 4620 diuisione
2327 4563 2745 4633 ministeriorum,
2797 4578 2843 4621 et
2872 4563 3036 4622 Deum
3067 4571 3121 4622 in
3149 4569 3401 4623 divisione

1804 4637 2161 4706 operationum
2183 4638 2318 4691 [tunc
2345 4637 2583 4691 eumdem
2604 4656 2760 4692 ummt
2781 4655 2893 4694 esse
2915 4640 3192 4709 Spiritum,
3217 4650 3263 4693 et
3286 4640 3400 4694 ino-

1806 4723 2087 4797 peragiieml,
2119 4719 2339 4797 et'prout
2361 4709 2471 4797 pult
2499 4709 2825 4797 dividentem.

1878 4781 1943 4850 (ἰ)
1972 4780 2128 4849 Bad.,
2162 4779 2256 4835 Er.
2286 4790 2340 4836 et
2361 4779 2507 4852 Lips.
2539 4781 2593 4834 in
2614 4782 2789 4834 eodem
2815 4780 3041 4852 Spiritu.
3065 4781 3393 4836 sinesancto.

1808 4849 2034 4921 Carnut.
2075 4852 2280 4918 codex,
2306 4851 2359 4904 in
2391 4850 2595 4919 Spiritu
2621 4862 2817 4922 sancto,
2850 4849 2968 4907 sine
2997 4852 3194 4922 eodem,
3242 4853 3400 4922 cujus

1808 4923 1960 4979 vocis
1980 4936 2087 4979 tres
2118 4924 2309 4978 littera:
2341 4923 2669 4991 posteriores
2692 4921 2745 4976 in
2786 4923 3006 4992 antiquo
3029 4920 3186 4977 Cotb.
3216 4920 3400 4990 ‘priSco
3467 4942 3474 4949 ·

1812 5011 1966 5049 more
1986 5003 2268 5061 exnunctse
2289 5003 2432 5054 sunt,
2471 4993 2521 5046 id
2549 5003 2651 5056 est,
2687 4995 2895 5062 punctis
2921 4993 3182 5061 subjectis
3208 5007 3401 5062 super-

1813 5064 1938 5120 Πρω
1964 5064 2287 5119 indicantur.
2320 5062 2475 5135 Unde
2501 5062 2718 5116 Martio.
2743 5074 2797 5118 et
2825 5064 2916 5119 alii
2939 5078 3067 5118 mss.
3100 5080 3267 5135 prOpc
3285 5080 3404 5120 om-

1814 5151 1911 5191 nes
1942 5136 2160 5196 ltabeut,
2189 5135 2243 5188 in
2272 5150 2330 5187 eo
2356 5132 2560 5200 Spiritu
2586 5144 2782 5188 sancto.

1885 5204 1957 5278 (j)
1988 5206 2099 5278 lloc
2125 5213 2383 5278 est,_quac
2412 5215 2535 5258 sunt
2564 5204 2739 5278 illiciti
2768 5204 2990 5278 eloquii.
3020 5221 3114 5278 seu
3146 5222 3268 5278 quae
3295 5222 3401 5263 non

1813 5274 1945 5332 licét'
1967 5276 2169 5345 eloqui.
2204 5274 2289 5331 Ne
2308 5289 2438 5329 vero
2468 5276 2806 5346 leget-iscum
2843 5274 2967 5332 cod.
3004 5277 3118 5332 Vat.
3150 5274 3264 5332 bas.
3297 5279 3407 5333 illi-

1813 5349 1913 5401 cita
1942 5347 2131 5417 eloqui,
2164 5361 2301 5401 neve
2323 5345 2798 5416 deiude’prmferas
2826 5361 2950 5402 cum
2992 5347 3148 5402 Vind.
3195 5363 3407 5405 necnon

1816 5419 1949 5474 Bad.
1982 5429 2037 5475 et
2056 5418 2175 5484 En,
2201 5426 2449 5485 statuens,
2483 5417 2566 5474 vel
2592 5432 2715 5472 cum
2738 5433 2846 5473 uno
2871 5417 3025 5476 Colb.
3057 5434 3272 5490 parens,
3309 5436 3409 5492 pro

1815 5501 2007 5547 tacens.

142 5561 499 5635 consentiente
521 5578 676 5635 sacro
701 5572 848 5620 textu
869 5578 1048 5635 graeco
1077 5573 1132 5618 et
1157 5563 1342 5618 latino.
1372 5567 1442 5619 At
1470 5563 1524 5618 in
1546 5576 1711 5618 excu-

143 5630 227 5702 sis,
244 5633 433 5689 secula
452 5634 759 5690 seculorum
781 5677 798 5702 ,
839 5630 1041 5690 omisso
1067 5650 1236 5690 amen.

200 5698 276 5776 (li)
303 5702 359 5759 hi
382 5702 601 5776 (duobus
628 5720 758 5761 mss.
782 5698 975 5772 'Colb.,
1021 5720 1134 5776 puo
1166 5705 1372 5776 ltemig.
1396 5717 1451 5764 et
1478 5703 1713 5776 Theod.,

146 5772 343 5831 meum
370 5772 429 5832 in
452 5775 733 5832 ministerio
752 5776 983 5847 Spiritus
1009 5772 1243 5849 Domini,
1265 5788 1312 5833 et
1324 5772 1395 5833 'in
1419 5775 1718 5851 operatione

416 5868 694 5935 Panos.
762 5868 845 5933 X.

1892 5560 1967 5634 (k)
1990 5561 2046 5616 In
2069 5558 2190 5634 cod.
2215 5557 2348 5634 Vat.
2366 5558 2509 5627 bas.,
2530 5559 2790 5634 Martia,
2809 5560 3042 5633 aliisque
3068 5561 3280 5617 duobus
3308 5561 3419 5620 Va-

1821 5631 1914 5689 tic.
1947 5634 2074 5686 diros
2106 5631 2244 5705 deos.
2287 5631 2456 5705 Abest
2498 5632 2566 5687 ab
2604 5631 2728 5685 aliis
2755 5631 2879 5705 deos
2907 5650 2926 5689 :
2958 5631 3090 5690 cum
3132 5649 3237 5705 qua
3281 5649 3418 5691 voce

1821 5716 2169 5777 suppressum
2195 5700 2495 5777 intelligere
2515 5712 2597 5761 est
2621 5712 2708 5757 aut
2730 5703 2988 5773 dominos,
3016 5700 3164 5777 puta;
3180 5722 3272 5762 nec
3292 5705 3421 5766 duos

1824 5771 1946 5832 deos
1973 5786 2063 5833 aut
2089 5771 2343 5831 dominos.

2902 5869 2944 5935 9
