3930 6194
613 247 721 310 267
1833 240 2080 301 SANCTI
2119 235 2379 297 HILARII
2419 235 2730 302 EPlSCOPl
3773 261 3850 322 963

613 376 667 431 in
695 375 831 431 duos
853 377 1168 447 proﬁceret;
1196 387 1294 431 nec
1333 374 1423 446 qui
1449 373 1556 428 duo
1599 385 1708 427 non
1747 379 1894 438 sunt,
1930 371 2205 427 solitarius
2234 359 2290 432 Α
2313 369 2624 423 scansionem
2664 370 2715 423 in
2744 368 2953 440 emtum)
2997 384 3119 441 quae
3145 385 3440 442 corporeus
3478 372 3532 430 in
3562 376 3745 435 mundo
3770 399 3851 438 ma-

614 478 799 539 posset
829 468 1080 538 intelligi;
1110 476 1164 522 et
1191 466 1330 522 inter
1353 465 1470 521 hac
1511 463 1801 534 perfectam
1844 462 2043 520 Christi
2073 463 2213 518 nati-
2319 476 2455 516 nens
2486 461 2698 517 locutus
2729 471 2831 517 est.

614 563 834 619 vitatem
864 571 1014 628 pater
1035 561 1437 618 demonstratus
1461 558 1806 616 ostenderet!
2387 553 2477 609 42.
2512 552 2685 610 Filius
2717 556 2939 611 hominis
2965 557 3121 612 vitam
3143 566 3385 614 wternam
3414 562 3538 629 dat,
3573 563 3685 634 quia
3721 565 3851 639 signa-

682 654 771 710 40.
810 653 1082 709 ΙΙιεγειίσὶε
1111 671 1206 709 nec
1235 654 1384 725 ﬁdes,
1417 670 1507 708 nec
1537 669 1652 722 spes
1675 694 1689 717 ,
1721 667 1813 706 nec
1841 650 2113 721 baptisma.
2140 679 2211 691 -
2319 657 2400 700 tus
2427 663 2457 700 a
2484 644 2660 704 Patre.
2682 679 2753 689 ——
2782 648 3004 705 Dixerat
3034 651 3177 708 enim
3203 652 3255 706 in
3287 652 3586 724 Evangeliis
3610 655 3848 715 Dominus:

613 746 900 803 Extendite
929 763 1071 804 nunc
1096 748 1331 803 vibratas
1367 747 1541 802 sibilis
1568 746 1797 816 linguas,
1828 743 2066 800 haeretici
2098 756 2212 798 ser-
2316 738 2480 814 244
2529 741 2827 811 Operamini
2857 759 3046 810 escam,
3079 761 3179 798 non
3205 761 3318 815 qua:
3362 746 3572 812 interit,
3625 747 3706 802 sed
3727 767 3852 806 escam

613 821 820 913 nentes,
873 841 986 897 sive
1012 840 1252 907 Sabelli,
1302 841 1415 895 sive
1474 838 1734 902 Photine,
1784 837 1898 894 sive
1928 835 2023 906 qui
2067 851 2210 891 nunc
2313 848 2429 903 qua:
2459 843 2718 902 permanet
2747 835 2800 888 in
2828 835 2983 890 vitam
3007 847 3290 904 aeternam,
3323 855 3475 910 quam
3524 841 3658 911 ﬁlius
3683 843 3851 901 honu‘nis

606 946 910 993 creaturam
941 948 1060 990 esse
1090 935 1425 1004 unigenitum
1444 933 1615 988 Deum
1648 931 1973 1002 praedicatis.
2017 931 2212 986 Audiet
2313 925 2452 980 dabit
2483 927 2642 981 vobis.
2679 927 2829 983 Hunc
2858 932 2992 984 enim
3025 928 3184 984 Pater
3211 929 3291 1005 (ά)
3321 933 3542 1003 signavit
3565 931 3710 992 Deus.
3733 935 3852 994 Dise-

606 1045 770 1085 unum
803 1029 973 1084 Deum
1028 1035 1270 1097 patrem,
1319 1026 1563 1097 quisquis
1607 1033 1767 1095 negat
1813 1024 1979 1078 ﬁlium
2011 1041 2024 1078 :
2081 1023 2208 1093 quia
2312 1033 2432 1077 runt
2457 1024 2613 1092 igitur
2641 1023 2709 1077 ad
2730 1041 2882 1079 eum:
2913 1025 3054 1090 Quid
3078 1027 3345 1096 faciemus,
3374 1037 3428 1080 ut
3457 1044 3712 1098 operemur
3737 1047 3854 1100 Opera

603 1136 728 1178 cum
760 1121 919 1176 Pater
946 1135 1054 1175 non
1076 1119 1179 1174 nisi
1212 1133 1306 1190 per
1338 1118 1507 1173 ﬁlium
1532 1126 1682 1188 pater
1721 1117 1812 1181 sit,
1846 1117 2017 1171 Filius
2043 1114 2205 1188 25.3
2317 1113 2445 1170 Dei?
2473 1114 2539 1170 Et
2562 1117 2694 1170 dixit
2714 1116 2819 1171 illis
2845 1133 2862 1172 :
2889 1116 3002 1171 Hoc
3021 1129 3097 1174 est
3125 1135 3254 1184 apus
3281 1117 3397 1185 Dei,
3424 1129 3478 1174 ut
3504 1121 3711 1176 credatis
3732 1122 3795 1190 (Ι)
3815 1124 3854 1174 in

603 1229 700 1284 per
733 1213 787 1269 id
815 1212 1149 1284 signiﬁcatur
1177 1213 1229 1266 in
1272 1212 1449 1267 Patre.
1497 1211 1600 1279 Qui
1631 1225 1762 1266 vero
1807 1210 2068 1265 unitatem
2113 1225 2206 1264 ua-
2309 1209 2528 1282 eum(e),
2555 1227 2702 1278 quem
2731 1210 2866 1264 misit
2895 1210 2983 1264 ille
3011 1209 3216 1282 (Joan.,
3239 1227 3311 1277 vt,
3335 1210 3405 1266 27
3435 1221 3478 1266 et
3507 1213 3679 1284 seqq).
3708 1211 3855 1268 Sacra-

605 1315 740 1363 turae
772 1305 1130 1362 indifferentis
1158 1303 1296 1359 Filio
1323 1302 1532 1369 adimit,
1563 1313 1856 1373 cognoscat
1896 1317 2061 1356 unum
2094 1300 2204 1356 Do-
2311 1309 2552 1356 mentum
2585 1310 2639 1356 et
2661 1301 3056 1372 corporationis
3087 1301 3459 1358 etdiviuitatis
3491 1317 3599 1357 sua:
3637 1303 3848 1359 Dominus

603 1400 808 1454 minum
857 1397 1040 1454 Jesum
1087 1396 1385 1453 Christum.
1446 1395 1556 1450 Nisi
1603 1397 1746 1450 enim
1801 1410 1897 1465 per
1942 1395 2204 1449 unitatem
2309 1408 2610 1466 exponens,
2641 1394 2762 1450 fidei
2795 1409 3012 1465 quoque
3042 1404 3241 1450 nostra:
3266 1404 3320 1451 et
3345 1395 3465 1466 spei
3508 1394 3777 1451 doctrinam
3796 1397 3855 1451 lo-

603 1489 836 1560 Spiritus
858 1505 996 1544 unus
1017 1498 1100 1545 est
1131 1488 1409 1552 Dominus,
1429 1487 1542 1542 Deo
1566 1487 1701 1557 patri
1733 1502 1838 1541 non
1868 1487 2206 1557 relinquetur
2309 1498 2464 1545 cutus
2484 1499 2600 1544 est:
2626 1498 2686 1544 ut
2707 1503 2885 1544 escam
2913 1505 3024 1543 non
3051 1489 3410 1544 intereuntem
3432 1531 3447 1556 ,
3475 1489 3569 1544 sed
3593 1505 3854 1559 permanen-

597 1593 657 1638 ut
689 1583 948 1638 Dominus
968 1584 1060 1638 sit.
1093 1581 1163 1636 At
1213 1581 1306 1652 qui
1348 1580 1418 1636 de
1446 1589 1689 1650 tempore
1719 1591 1882 1650 atque
1921 1594 1986 1634 ex
2037 1593 2204 1635 carne
2309 1588 2417 1638 tem
2451 1581 2502 1636 iu
2530 1589 2791 1636 mternum
2819 1595 3194 1651 cperaremur,
3228 1590 3285 1636 ut
3308 1580 3449 1637 hanc
3471 1583 3764 1637 aeternitatis
3783 1597 3848 1638 es-

594 1675 789 1731 Filium
819 1675 1076 1746 deputat,
1103 1682 1402 1746 cognoscat
1433 1674 1558 1744 quia
1613 1689 1710 1743 per
1736 1688 1861 1730 eum
1912 1673 2110 1740 omnia,
2147 1682 2204 1729 et
2306 1687 2423 1728 cam
2473 1673 2592 1728 dari
2623 1674 2779 1730 nobis
2808 1690 2837 1729 a
2869 1675 2978 1730 ﬁlio
3009 1674 3245 1731 hominis
3268 1676 3717 1741 meminissemus,
3744 1683 3788 1730 ut
3809 1675 3853 1729 ft-

593 1785 693 1824 nus
731 1785 827 1838 per
863 1771 1080 1840 ipsum;
1131 1777 1185 1822 et
1225 1776 1379 1822 extra
1413 1765 1487 1838 (a)
1538 1776 1780 1836 tempora
1830 1767 1899 1820 sit
1959 1765 2201 1821 condens
2230 1755 2278 1816 B
2305 1766 2438 1822 lium
2473 1768 2705 1823 hominis
2731 1770 2997 1840 signatum
3027 1783 3058 1823 a
3087 1769 3199 1825 Deo
3227 1780 3382 1838 patre
3405 1768 3677 1836 sciremus,
3703 1781 3753 1824 ut
3776 1767 3852 1823 hoc

593 1859 776 1914 omnia
809 1857 1181 1929 intemporalis
1210 1857 1571 1913 immensitas.
1619 1857 1687 1912 Et
1721 1857 1925 1912 interea
1951 1857 2198 1928 relegat,
2307 1876 2430 1917 esse
2460 1876 2597 1932 opus
2645 1861 2743 1917 Dei
2786 1876 3165 1927 nosceremus,
3209 1861 3436 1918 credere
3487 1863 3536 1916 in
3580 1877 3691 1917 eum
3727 1876 3850 1933 quem

597 1951 722 2020 quia
751 1965 854 2004 una
879 1965 1003 2020 spes
1036 1949 1337 2004 vocationis
1363 1956 1481 2014 est,
1535 1959 1590 2004 et
1619 1964 1782 2003 unum
1815 1950 2078 2019 baptisma
2106 1991 2120 2016 ,
2145 1957 2200 2005 et
2305 1952 2562 2008 misisset.
2617 1953 2683 2008 Et
2733 1952 2854 2024 quis
2903 1962 3007 2017 est,
3061 1969 3220 2024 quem
3263 1954 3426 2010 Pater
3469 1953 3653 2009 misit?
3691 1952 3849 2023 Nempe

592 2044 727 2099 ﬁdes
753 2059 876 2098 una.
907 2044 970 2099 Et
1007 2052 1128 2114 post
1156 2043 1270 2098 haec
1299 2043 1591 2098 adversans
1643 2043 2011 2113 prmdicatiuni
2057 2045 2200 2115 Apo-
2303 2061 2464 2114 quem
2493 2047 2904 2118 signavitDeus.
2931 2046 2999 2102 Et
3019 2048 3140 2117 quis
3156 2058 3260 2114 est,
3280 2063 3441 2118 quem
3474 2047 3692 2118 signavit
3711 2045 3848 2100 Deus?

589 2137 716 2192 stoli
745 2138 861 2207 ipse
886 2136 1173 2192 anathema
1218 2137 1567 2204 constitutus,
1601 2151 1722 2191 cum
1754 2137 1997 2204 aliterﬁex
2031 2153 2198 2193 sensu
2303 2137 2472 2194 Filius
2518 2141 2705 2210 utique
2739 2140 2998 2204 hominis,
3054 2156 3233 2196 escam
3262 2140 3475 2195 scilicet
3506 2141 3730 2209 przebens
3755 2138 3845 2191 vita

588 2244 688 2285 suo
714 2228 909 2299 sapiat,
944 2243 1045 2285 nec
1073 2237 1314 2294 vocatus,
1350 2243 1451 2283 nec
1477 2229 1778 2298 baptizatus
1805 2239 1909 2296 est,
1938 2244 2037 2286 nec
2064 2229 2197 2285 ﬁde—
2300 2242 2540 2289 ueterum.
2564 2234 2628 2288 Et
2651 2235 2739 2305 qui
2770 2234 2987 2290 tandem
3018 2243 3160 2301 sunt,
3195 2235 3393 2306 quibus
3428 2233 3628 2305 praebet
3650 2227 3846 2301 cautim

585 2325 654 2381 lis
685 2344 700 2381 :
740 2325 862 2395 quia
891 2327 944 2380 in
977 2339 1086 2379 uno
1113 2325 1223 2378 Deo
1264 2335 1448 2393 patre,
1478 2333 1531 2379 et
1571 2323 1623 2377 in
1655 2339 1762 2378 uno
1807 2323 2038 2379 Domino
2065 2325 2194 2380 Jesu
2300 2325 2380 2381 Illi
2406 2342 2636 2397 namque
2684 2326 2772 2398 qui
2795 2326 3163 2397 Operabuntur
3184 2341 3362 2382 escam
3383 2344 3494 2382 non
3518 2328 3842 2381 intereuntem.

593 2417 816 2476 Christo
844 2418 1001 2473 unius
1029 2419 1144 2488 spei
1171 2426 1332 2487 atque
1364 2415 1615 2486 baptismi
1645 2415 1779 2472 ﬁdes
1810 2432 1914 2471 una
1959 2417 2048 2471 sit.
2080 2415 2190 2471 Nec
2296 2420 2474 2491 Atque
2520 2419 2591 2472 ita
2621 2433 2740 2489 quae
2772 2433 2937 2489 opera
2968 2434 3108 2475 escm
3135 2428 3218 2473 est
3239 2460 3253 2482 ,
3286 2418 3480 2474 eadem
3531 2417 3749 2488 operatio
3773 2415 3843 2469 Dei

583 2511 950 2567 doctrinarum
973 2508 1259 2564 diversitas
1287 2507 1344 2563 in
1376 2507 1458 2563 his
1489 2522 1548 2564 se
1571 2522 1692 2564 esse
1718 2508 1919 2579 poterit
1945 2509 2186 2579 gloriari,
2295 2522 2397 2579 est,
2443 2513 2495 2566 in
2527 2527 2650 2567 eum
2673 2512 2884 2568 scilicet
2905 2511 3201 2567 credidisse
3227 2527 3387 2583 quem
3435 2511 3597 2566 misit.
3637 2509 3731 2566 Sed
3753 2509 3839 2562 haec

581 2621 702 2676 quae
734 2603 890 2660 unius
938 2613 992 2660 et
1016 2603 1112 2659 Dei
1140 2611 1195 2658 et
1219 2602 1433 2658 Domini
1463 2612 1516 2658 ct
1545 2603 1660 2675 spei
1705 2611 1760 2659 et
1786 2602 2039 2675 baptismi
2082 2605 2190 2661 sint
2292 2604 2532 2675 loquitur
2582 2604 2722 2660 ﬁlius
2777 2603 3032 2660 hominis.
3091 2603 3160 2660 Et
3207 2604 3484 2674 quomodo
3536 2617 3702 2659 escam
3749 2601 3840 2654 vita

582 2706 640 2756 et
670 2697 812 2754 ﬁdei.
2292 2706 2512 2753 aeternae
2559 2697 2702 2752 filius
2747 2697 2986 2752 hominis
3013 2695 3205 2752 dabit?
3234 2696 3339 2754 Sed
3374 2704 3750 2752 sacramentum
3770 2707 3837 2747 sa-

655 2792 746 2849 41.
777 2789 938 2847 Fides
961 2791 1026 2847 de
1056 2789 1214 2847 Patre
1239 2801 1286 2846 et
1317 2789 1479 2845 Filio.
1503 2820 1576 2832 —
1600 2789 1718 2846 Una
1750 2790 1910 2861 igitur
1936 2790 2072 2846 ﬁdes
2103 2801 2188 2848 est
2289 2791 2415 2848 Iutis
2446 2807 2557 2846 sua:
2599 2791 2809 2857 nescit,
2855 2790 2945 2860 qui
2975 2790 3147 2844 nescit
3187 2790 3354 2844 ﬁlium
3409 2789 3637 2844 hominis
3663 2786 3837 2841 dantem

578 2887 795 2944 Patrem
819 2889 871 2943 in
902 2888 1040 2942 Filio
1071 2897 1126 2943 et
1157 2887 1350 2942 Filium
1399 2887 1451 2942 in
1482 2887 1642 2942 Patre
1668 2901 1764 2957 per
1808 2887 2183 2959 inseparabilis
2287 2898 2467 2938 escam
2501 2883 2555 2938 in
2595 2884 2762 2937 vitam
2793 2880 2874 2956 (2)
2915 2881 2993 2953 (g)
3023 2889 3281 2937 azternam
3308 2924 3321 2948 ,
3352 2896 3382 2934 a
3423 2881 3535 2938 Deo
3574 2890 3713 2951 patre
3744 2890 3836 2932 esse

486 2967 492 2976 ’
577 2991 786 3038 natum
815 2981 1077 3036 unitatem
1111 2981 1376 3044 conﬁteri,
1409 2993 1518 3034 non
1551 2977 1857 3046 confusam,
1891 2978 1986 3035 sed
2015 2979 2183 3036 indis-
2285 2975 2578 3048 signatum.
2611 2975 2709 3032 Hic
2730 2989 2872 3030 nunc
2897 2989 3106 3045 quacro,
3137 2973 3231 3045 qui
3266 2972 3486 3030 tandem
3518 2966 3835 3041 intelligentia:
3904 3041 3905 3046 η

571 3086 778 3131 cretam
808 3091 820 3126 :
853 3087 1026 3143 neque
1057 3071 1403 3141 permixtam,
1436 3070 1530 3128 sed
1585 3069 2024 3138 indiﬁ’erentem;
2085 3089 2180 3130 ne-
2284 3088 2478 3128 sensus
2504 3073 2594 3139 sit,
2627 3072 2796 3128 ﬁlium
2822 3069 3060 3126 hominis
3081 3084 3109 3123 a
3142 3067 3303 3124 Patre
3333 3069 3602 3140 signatum
3629 3064 3763 3121 lleo?
3904 3057 3905 3065 “

571 3182 678 3237 que
722 3165 1085 3221 cohaerentem
1115 3206 1128 3230 ,
1185 3163 1281 3218 sed
1323 3165 1676 3220 exsistentem
1707 3182 1721 3230 ;
1767 3181 1942 3236 neque
1992 3167 2253 3226 incon-U
2353 3165 2444 3221 45.
2475 3164 2616 3222 Deus
2639 3180 2923 3219 sermonem
2941 3179 3092 3217 suum
3111 3163 3281 3217 sensui
3307 3169 3486 3217 nostra
3511 3155 3832 3215 accommodat.

570 3267 894 3316 summatum
921 3299 936 3323 ,
965 3256 1058 3330 sed
1111 3255 1425 3326 perfectam.
1464 3256 1730 3312 Nativitas
1753 3269 1837 3313 est
1866 3260 2033 3323 enim,
2065 3277 2174 3318 non
2275 3256 2446 3313 Filius
2478 3257 2690 3329 aequalis
2732 3255 2905 3311 Patri.
2959 3254 3102 3310 Deus
3145 3264 3218 3310 est
3258 3253 3653 3324 incompositus.
3691 3277 3751 3292 --
3774 3248 3833 3304 Ac

572 3349 769 3406 divisio
795 3367 810 3416 ;
842 3358 896 3404 et
922 3349 1062 3404 ﬁlius
1088 3357 1192 3416 est,
1225 3364 1331 3404 non
1373 3349 1631 3419 adoptio;
1675 3359 1730 3404 et
1757 3351 1900 3406 Deus
1927 3361 2034 3420 est,
2063 3369 2173 3410 nou
2276 3351 2509 3420 primum
2537 3349 2792 3419 cognosci
2824 3355 3038 3417 oportet
3088 3345 3258 3400 Deum
3290 3361 3400 3400 non
3431 3345 3564 3410 sibi,
3594 3340 3682 3399 sed
3709 3337 3831 3394 nobis

576 3445 806 3501 creatio.
857 3443 1041 3513 Neque
1069 3443 1294 3498 alterius
1326 3444 1540 3514 generis
1567 3443 1712 3498 Deus
1751 3454 1856 3513 est,
1888 3446 1985 3502 sed
2013 3446 2171 3504 Pater
2276 3443 2538 3510 locutum,
2570 3451 2623 3498 et
2651 3443 2702 3496 in
2722 3449 2924 3497 tantum
2947 3439 3011 3495 ad
3046 3437 3460 3516 intelligentiam
3492 3443 3717 3494 nostram
3742 3430 3833 3486 elo-
3902 3445 3903 3448 ‘

567 3548 621 3594 et
649 3539 820 3593 Filius
846 3553 1008 3593 unum
1039 3545 1166 3592 sunt
1194 3553 1208 3590 :
1254 3551 1360 3591 non
1390 3537 1537 3591 enim
1565 3536 1819 3592 innovata
1864 3546 1949 3593 est
1979 3548 2168 3598 natura
2275 3536 2386 3606 quii
2418 3534 2501 3590 sui
2521 3543 2852 3604 temperasse
2871 3544 3206 3596 sermonem,
3237 3539 3502 3601 quantum
3524 3525 3833 3597 cotnprehen-

566 3629 839 3684 nasceudo
871 3671 887 3697 ,
940 3639 1000 3684 ut
1066 3629 1135 3684 ab
1211 3628 1435 3698 originis
1481 3643 1594 3682 suae
1645 3629 1978 3700 proprietate
2023 3643 2170 3690 esset
2273 3626 2403 3682 dere
2433 3627 2498 3682 ad
2527 3625 2872 3682 sentiendum
2905 3632 3113 3679 natura:
3161 3631 3358 3678 nostra:
3387 3620 3473 3695 (5)
3526 3618 3684 3691 possit
3717 3613 3830 3670 inﬁr-

562 3723 763 3777 aliena.
795 3722 872 3794 (ὸ)
903 3723 1073 3775 Tenet
1103 3720 1242 3774 hanc
1264 3722 1444 3791 itaque
1475 3722 1746 3777 manentis
1779 3723 1831 3778 in
1861 3723 2020 3781 Patre
2043 3725 2167 3784 Filii
2276 3721 2457 3775 mitas.
2485 3719 2725 3790 Namque
2740 3734 2861 3773 cum
2885 3716 3506 3787 superiusincrepatusa
3528 3705 3832 3767 Judmisfuis-

561 3822 620 3871 et
642 3813 816 3867 Patris
846 3812 899 3866 in
925 3810 1064 3866 Filio
1089 3811 1268 3877 fidem,
1302 3828 1465 3866 unum
1490 3812 1658 3868 Deum
1679 3822 1885 3882 patrem
1916 3825 1971 3871 et
1998 3833 2162 3874 unum
2270 3821 2375 3878 sel,
2405 3829 2502 3866 cur
2531 3827 2590 3867 se
2635 3811 2896 3882 aequalem
2929 3809 3061 3876 Deo,
3107 3807 3274 3862 ﬁlium
3319 3822 3378 3861 se
3403 3805 3502 3862 Dei
3533 3796 3827 3874 proﬁtendo,

563 3904 852 3960 Dominum
894 3901 1167 3958 Christum
1197 3898 1300 3956 sibi
1331 3917 1453 3958 esse
1499 3905 1790 3972 Apostolus
1819 3907 2115 3976 praedicans

2276 3903 2486 3959 iecisset
2517 3900 2723 3974 (loan.,
2755 3918 2810 3969 v,
2843 3901 2968 3972 18);
3013 3898 3370 3970 responderat
3396 3898 3580 3952 omnia
3615 3910 3697 3958 se,
3734 3901 3828 3960 qum

559 4012 682 4052 cum
711 3996 762 4050 in
794 3995 1022 4049 Domino
1047 3993 1262 4048 Christo
1287 4002 1342 4048 et
1369 3993 1513 4049 Deus
1542 4004 1708 4056 esset.
1739 4005 1795 4052 et
1820 3999 1873 4052 in
1913 3998 2025 4054 Deo
2069 4016 2161 4070 pa-
2267 3996 2664 4058 facerctPater,
2695 3995 2873 4050 facere
2905 3993 3092 4064 (lbid.,
3131 3992 3198 4047 19
3232 4000 3278 4045 et
3303 3993 3473 4062 seqq.)
3501 4007 3515 4055 ;
3544 3999 3596 4045 et
3623 3993 3828 4041 omnese

560 4099 645 4144 tre
667 4096 811 4144 esset
849 4097 903 4143 et
938 4086 1200 4141 Dominus
1224 4102 1238 4152 ;
1269 4098 1322 4142 et
1351 4103 1514 4140 unum
1567 4098 1710 4143 esset
1739 4097 1965 4160 uterque
2013 4093 2158 4162 quod
2266 4107 2295 4144 a
2325 4090 2486 4145 Patre
2507 4089 2761 4160 adeptum
2780 4103 2902 4143 esse
2923 4085 3218 4157 judicium;
3241 4086 3407 4140 etiam
3430 4099 3510 4149 se,
3536 4090 3594 4137 ut
3617 4079 3824 4138 Patrem,

559 4181 702 4237 Deus
737 4189 840 4246 est,
865 4189 919 4236 et
949 4195 1112 4234 unum
1144 4189 1290 4235 esset
1320 4190 1549 4250 uterque
1573 4180 1718 4249 quod
1743 4181 2005 4238 Dominus
2025 4193 2110 4240 est
2138 4202 2152 4239 :
2265 4183 2664 4239 honorandum.
2685 4181 2752 4237 Et
2772 4181 2826 4236 in
2851 4179 2934 4234 his
2951 4179 3224 4243 omnibus,
3252 4168 3756 4248 professusanle“)
3780 4179 3827 4220 5°

553 4273 678 4341 quia
708 4273 784 4343 (ε)
830 4270 1202 4341 imperfectum
1241 4280 1298 4326 ει
1320 4271 1453 4338 Deo,
1502 4271 1604 4325 uisi
1637 4272 1896 4327 Dominus
1923 4273 1994 4328 sit
2024 4316 2038 4341 ,
2100 4286 2156 4331 et
2264 4276 2432 4330 filium
2466 4274 2566 4348 (Ιι),
2600 4273 2748 4328 Patri
2779 4280 3162 4342 exaequaverat
3194 4270 3426 4336 honore,
3458 4275 3727 4340 potestate,
3753 4271 3827 4314 na-

552 4368 786 4422 Domiuo
829 4364 1160 4435 intelligatur
1203 4379 1324 4419 esse
1348 4406 1363 4430 ,
1416 4365 1517 4418 nisi
1547 4365 1688 4420 Deus
1733 4366 1821 4420 sit.
1868 4369 2042 4438 Atque
2079 4369 2151 4424 ita
2261 4379 2400 4424 tura.
2435 4369 2640 4422 Dehinc
2667 4365 2922 4429 dixerat,
2958 4363 3254 4418 utPatrem
3285 4363 3450 4417 vitam
3480 4363 3530 4415 in
3556 4374 3611 4414 se
3637 4354 3821 4412 habere.

552 4475 678 4515 cum
710 4465 936 4527 uterque
979 4470 1116 4510 unus
1156 4463 1260 4518 est,
1286 4463 1342 4510 et
1369 4470 1507 4510 unus
1541 4457 1875 4527 signiﬁcatur
1904 4459 1957 4514 in
2003 4469 2151 4516 utro—
2258 4463 2331 4518 ita
2352 4477 2474 4518 eum
2495 4460 2632 4515 Filio
2647 4462 2809 4514 vitam
2835 4459 2887 4513 iu
2906 4474 2964 4514 se
2981 4456 3283 4513 habendam
3301 4445 3818 4526 dedisse(1lrid.,26):

546 4570 673 4626 que,
699 4561 755 4606 et
786 4566 890 4606 non
919 4558 1002 4603 est
1030 4557 1255 4618 uterque
1285 4549 1404 4603 sine
1423 4565 1571 4614 uno;
1603 4566 1708 4604 non
1731 4553 1953 4607 excedit
1980 4570 2145 4609 evan-
2175 4554 2231 4615 D
2256 4554 2310 4610 in
2342 4569 2447 4623 quo
2478 4552 2876 4624 signiﬁcaverat
2917 4560 3121 4605 natura:
3151 4549 3394 4620 ejusdem
3435 4563 3528 4618 per
3549 4552 3822 4600 sacratum-

541 4645 768 4716 gelicam
823 4640 1260 4712 iuraadicationem
1315 4640 1604 4708 Apostolus
1642 4638 1866 4709 docens,
1924 4659 2023 4699 nec
2067 4645 2147 4702 lo-
2259 4656 2372 4703 tum
2405 4645 2698 4702 nativitatis
2744 4643 3027 4700 unitatem.
3070 4643 3174 4698 Per
3215 4641 3268 4697 id
3297 4643 3480 4707 enim,
3517 4637 3652 4711 quod
3689 4632 3819 4688 baltei

539 4751 713 4808 quens
763 4734 815 4789 in
847 4731 1012 4788 Paulo
1037 4729 1284 4787 ChriStus
1305 4729 1551 4788 diversus
1571 4730 1641 4787 ab
1667 4730 1755 4787 his
1774 4740 1858 4790 est
1875 4733 2017 4806 (post
2035 4737 2103 4791 ad
2119 4768 2140 4781 -
2259 4740 2443 4806 Pater,
2477 4738 2539 4811 (i)
2574 4740 2748 4809 ipsum
2785 4737 2932 4792 illum
2955 4733 3119 4807 255
3144 4733 3472 4806 signiﬁcavit
3494 4731 3547 4788 in
3577 4716 3814 4788 habendo}

613 4901 692 4972 (1)
718 4900 802 4972 ΕΞ·
1040 4967 1056 4972 ,
1201 4968 1211 4972 ,
1410 4968 1448 4972 __

2329 4903 2409 4972 (5)
2449 4903 2642 4959 Posset.
2678 4903 2818 4970 Mox,
2848 4901 3153 4972 increpitus.

613 4903 692 4972 (ί)
718 4903 802 4954 Εί·
2351 4906 2386 4961 5
2449 4903 2642 4959 Posset.
2678 4903 2818 4970 Mox,
2848 4903 3054 4972 increpil

609 4973 688 5044 (Ξ)
720 4969 997 5026 AEtcrnam
1025 4967 1181 5026 deest
1201 4968 1254 5024 in
1275 4983 1380 5026 ms.
1410 4968 1610 5027 Veron.
2323 4903 2409 5049 is;
2442 4975 2692 5046 seﬁuum
2719 4973 2919 5040 Ραινίε,
2947 4981 3054 5029 εις,

605 5131 680 5206 (a)
711 5133 837 5188 Post
889 5143 1120 5206 tempora
1143 5171 1157 5197 ,
1193 5129 1392 5186 frustra
1435 5129 1654 5186 additur
1702 5130 1756 5188 in
1785 5130 1974 5188 codice
2003 5132 2124 5190 bas.
2237 5132 2566 5206 lu_Martin.,
2608 5142 2661 5206 ut
2693 5132 2914 5206 credatis
2941 5148 3074 5196 eum,
3111 5129 3180 5206 in
3207 5129 3327 5206 aliis
3351 5171 3368 5196 ,
3421 5136 3478 5184 ut
3502 5123 3704 5184 credatis
3727 5121 3767 5176 εἰ
3791 5131 3808 5172 .'

532 5203 682 5276 Vat,
711 5205 1039 5276 temporalis:
1070 5273 1098 5276 γ’
1129 5273 1139 5276 _
1335 5271 1348 5276 _
1374 5271 1387 5276 Α
2238 5204 2377 5276 infra
2403 5215 2587 5260 autem
2619 5204 2968 5276 iniomnibus,
3002 5203 3208 5257 credere
3234 5203 3288 5256 in
3315 5218 3449 5256 eum.

599 5265 690 5349 (ιι)-
704 5275 794 5330 Sic
819 5265 950 5330 mss.
1003 5273 1142 5328 Editi
1174 5287 1304 5328 vero
1335 5271 1422 5329 hic
1445 5313 1460 5338 ,
1515 5283 1689 5330 tenens
1718 5289 1737 5328 :
1791 5289 1854 5329 ac
1893 5283 2078 5346 postea
2104 5316 2119 5343 ,
2310 5275 2381 5349 (f)
2416 5276 2563 5345 Lips,
2597 5285 2651 5330 et
2674 5275 2822 5349 Pan,
2855 5265 2962 5329 illis
2990 5290 3204 5349 nempe;
3233 5284 3286 5349 ει
3315 5287 3439 5328 mox
3463 5285 3588 5327 cum
3615 5265 3733 5324 Bad.
3756 5268 3801 5317 εί

529 5343 798 5418 premet:
952 5417 956 5418 ,
1123 5416 1133 5418 ι
1495 5413 1524 5418 _
1897 5343 1978 5418 λ

1972 5417 1978 5418 ί
2395 5343 2509 5418 qua:
2537 5347 2768 5416 operatio
2788 5361 2920 5402 esca:
2949 5362 2968 5400 :
2999 5343 3354 5400 renitentibus
3389 5359 3517 5398 mss.

598 5417 673 5486 (c)
703 5417 844 5471 Editi
872 5458 887 5483 ,
940 5416 1296 5509 imperfectum
1323 5424 1462 5509 esset
1485 5413 1632 5482 Deo;
1682 5424 1736 5471 et
1765 5431 1912 5482 mox,
1946 5417 2122 5472 deesse
2611 5428 2855 5509 (elegiam
2892 5433 2930 5509 ἒ
2955 5418 3230 5501 plerisque
3262 5429 3425 5509 mss.‘
3617 5493 3716 5509 me
3892 5439 3893 5509 ι

526 5501 622 5554 pro
653 5504 758 5540 esse
783 5503 800 5541 :
823 5488 1151 5556 castigantur
1178 5489 1501 5541 auctoritate
1529 5502 1661 5541 mss.
2305 5487 2384 5557 (It)
2417 5488 2583 5554 Editi,
2615 5505 2668 5542 se
2693 5487 2861 5556 ﬁlium
2884 5487 3060 5543 Patris
3092 5503 3110 5541 :
3135 5487 3495 5557 emendantur
3517 5497 3583 5557 ex
3617 5493 3734 5538 mss-

592 5557 669 5625 (ιι)
696 5558 758 5630 Iug
777 5555 1048 5626 plerisque
1076 5557 1353 5630 veteribus
1379 5558 1550 5620 libris.
1574 5559 1883 5630 signiﬁcavit
1902 5575 1920 5613 :
1950 5559 2115 5616 libra-
2255 5629 2258 5630 ν
2306 5555 2374 5630 (i)
2409 5559 2464 5613 In
2507 5555 2763 5629 vulgatis,
2789 5563 2953 5630 ipsum
2984 5559 3116 5614 illud
3141 5559 3417 5629 signiﬁcat.
3440 5556 3520 5630 iit
3549 5555 3597 5610 in
3637 5559 3793 5604 vetus-

518 5621 721 5701 τίοι-ων
745 5621 929 5701 lapsus
952 5621 1017 5681 ex
1043 5629 1300 5701 afﬁnitate
1321 5643 1512 5701 vocum
1539 5621 1701 5684 etiam
1732 5630 1784 5684 in
1814 5632 1960 5698 prius
1988 5632 2110 5684 vul-
2223 5621 2458 5701 tioribus
2491 5621 2642 5701 libris
2665 5648 2677 5683 :
2711 5621 2882 5700 ipsum
2902 5631 3050 5684 illum
3081 5621 3405 5701 signiﬁcavit.
3439 5627 3570 5701 Tum
3593 5638 3654 5678 ex
3678 5633 3789 5701 IIIS_S-

512 5699 649 5776 gulis
683 5689 822 5776 infra:
839 5711 942 5750 non
970 5698 1142 5776 semel
1165 5699 1442 5776 repetitus.
1471 5699 1527 5753 ln
1549 5715 1749 5770 graeco.
1773 5689 2102 5776 ἐὰφρᾲγισιν.
2219 5698 2343 5776 yat.
2373 5701 2510 5776 bas._,
2541 5689 2778 5776 Mat-lin,
2798 5702 3009 5776 duobus
3033 5689 3192 5756 Col'b.
3217 5689 3277 5776 '_et
3301 5689 3788 5776 uno_Sorbon._sub:

505 5762 539 5838 ξ
583 5769 652 5840 (ε)
681 5766 758 5824 lla
783 5765 1002 5823 Camul-
1045 5762 1578 5839 codex'SutIragantE
1601 5762 1880 5842 stationis.
1906 5762 1978 5832 ὃεῦ.
2030 5776 2106 5834 At
2209 5771 2428 5843 jicimus
2472 5762 2525 5828 in
2557 5762 2828 5842 habendo,
2860 5772 3065 5843 adjecta
3097 5771 3356 5842 particula
3407 5770 3480 5838 in,
3509 5781 3622 5839 qua:
3649 5762 3787 5819 deest
