3930 6194
521 255 622 311 271

1736 240 1978 300 SANCTI
2016 238 2272 299 HILARII
2313 237 2621 298 EPISCOPI
3693 233 3777 290 9.73

524 383 648 423 cum
705 367 759 421 in
806 365 977 420 forma
1008 363 1103 419 Dei
1154 370 1296 419 esset
1321 403 1334 427 ,
1397 373 1585 433 quaero
1633 358 1760 431 quid
1815 359 2115 414 manserit?
2145 358 2192 420 Α
2220 350 2844 424 coimaginaripossitad
2871 349 3149 422 speciem?
3191 349 3373 422 Imago
3399 349 3540 406 enim
3581 349 3776 406 formam

524 471 778 516 utrumne
806 459 857 513 in
890 467 1080 513 natura
1114 455 1209 510 Dei
1242 497 1256 520 ,
1301 469 1422 525 qute
1443 454 1778 524 signiﬁcatur
1829 453 1879 506 iu
1928 450 2119 522 gloria,

541 551 622 624 (l)
652 547 986 620 Christus(a)
1013 547 1242 618 Spiritus
1275 546 1603 611 fuerit;cum
1628 545 1872 616 ingloria
1906 545 1998 599 Dei
2031 560 2124 613 pa-

527 644 625 698 tris
656 641 904 697 Christus
933 640 1092 696 Jesus
1118 682 1132 707 ,
1163 639 1213 694 id
1241 648 1345 704 est,
1378 639 1450 711 (b)
1482 639 1642 694 homo
1677 648 1829 693 natus
1857 634 2124 693 exstabit?

599 734 686 788 47.
733 733 872 788 Deus
898 750 1053 799 unus,
1088 749 1190 787 non
1221 734 1426 787 unicus.
1475 763 1546 772 —
1595 731 1767 787 Tenet
1791 732 1842 786 in
1873 730 2124 786 omnibus

527 827 720 884 beatus
770 826 1065 896 Apostolus
1119 825 1245 880 ﬁdei
1294 825 1624 895 evangelicae
1682 824 2124 879 iudemutabilem

526 918 994 989 praedicationem,
1027 916 1186 990 247
1219 917 1289 971 ita
1321 917 1606 972 Dominum
1634 917 1819 972 .lesum
1849 916 2125 971 Christum

529 1011 696 1066 Deum
723 1010 1046 1080 praedicans,
1070 1018 1128 1064 ut
1157 1024 1330 1078 neque
1351 1024 1446 1078 per
1475 1009 1700 1065 alterius
1722 1010 1934 1080 generis
1956 1009 2124 1064 Deum

531 1103 585 1156 iu
614 1103 748 1158 deos
775 1102 910 1157 duos
941 1102 1072 1157 ﬁdes
1119 1101 1413 1172 apostolica
1440 1101 1732 1172 depereat,
1782 1118 1955 1172 neque
1984 1103 2128 1158 insc-

534 1195 792 1264 parabUis
835 1210 864 1250 a
894 1194 1054 1250 Patre
1083 1194 1254 1249 Filius
1277 1196 1422 1249 Deus
1460 1195 1604 1250 unici
1635 1193 1706 1267 (ο)
1744 1209 1807 1250 ac
1839 1194 2128 1265 singularis

532 1285 632 1341 Dei
666 1285 992 1356 praedicandi
1016 1286 1356 1341 occasionem
1385 1286 1603 1356 impiam
1631 1287 1888 1355 prtcbeat.
1932 1287 2128 1342 Dicens

531 1381 698 1446 enim,
722 1381 774 1434 in
797 1384 966 1451 [arma
995 1379 1108 1446 Dei,
1137 1389 1186 1434 et
1213 1381 1268 1434 in
1297 1378 1464 1450 gloria
1486 1378 1583 1434 Dei
1610 1381 1792 1451 patris,
1824 1396 2000 1452 neque
2025 1381 2130 1436 dil-

532 1473 674 1528 ferre
699 1472 901 1540 docuit,
939 1488 1114 1544 neque
1145 1487 1252 1529 non
1295 1473 1646 1529 exsistentem
1676 1489 1774 1529 nos
1815 1473 2128 1531 existimare

536 1564 803 1634 permisit.
865 1563 998 1618 Nam
1029 1566 1118 1635 qui
1151 1565 1204 1620 in
1238 1566 1409 1620 forma
1441 1566 1532 1620 Dei
1578 1576 1683 1632 est,
1734 1581 1911 1637 neque
1946 1565 1999 1618 in
2050 1565 2130 1619 al-

532 1668 706 1714 terum
741 1658 908 1712 Deum
941 1659 1189 1728 proﬁcit,
1242 1674 1419 1729 neque
1473 1659 1634 1715 etiam
1682 1660 1798 1729 ipse
1848 1675 1954 1713 non
1991 1659 2130 1714 Deus

2225 466 2453 507 necesse
2481 459 2564 506 est
2592 448 2709 519 ejus
2735 446 2942 511 reddat,
2977 445 3129 516 cujus
3154 456 3206 501 et
3231 446 3406 516 imago
3435 453 3537 499 est.
3595 444 3684 509 Qui
3709 460 3779 497 vo-

2225 545 2344 599 lunt
2373 553 2554 600 autem
2586 542 2808 597 alterius
2844 539 3063 611 generis
3106 537 3158 592 iu
3187 537 3327 592 Filio
3377 553 3498 592 esse
3548 545 3778 602 naturam,

2226 636 2560 694 constituant
2601 633 2906 704 cujusmodi
2936 629 3133 686 Filium
3182 629 3467 698 imaginem
3496 643 3615 684 esse
3636 629 3782 682 invisi-

2227 731 2353 786 bilis
2385 729 2479 785 Dei
2531 729 2717 784 velint.
2758 727 2913 782 Anne
2965 739 3281 796 corpoream
3305 765 3319 790 ,
3349 733 3402 778 et
3429 721 3782 792 contemplabi-

2228 823 2334 880 lem
2362 865 2376 889 ,
2426 831 2482 878 et
2512 838 2577 878 ex
2611 823 2744 877 locis
2781 822 2833 875 in
2860 820 2975 874 loca
3004 828 3153 874 motu
3182 819 3507 888 incessuque
3526 817 3784 871 circumva-

2227 917 2389 986 gam?
2453 915 2794 970 Mcmineriut
2839 924 3016 969 tamen
3047 912 3154 984 (ι’),
3198 910 3498 967 secundum
3533 909 3783 979 Evangelia

2228 1020 2280 1066 et
2309 1008 2629 1080 pr0pbetas,
2672 1017 2728 1064 ct
2755 1008 3030 1062 Christum
3076 1005 3325 1076 spiritum
3367 1011 3422 1060 et
3446 1003 3610 1058 Deum
3649 1003 3783 1073 spiri-

2231 1111 2367 1158 tttm.
2432 1101 2533 1168 Qui
2561 1099 2725 1172 248
2746 1100 2788 1154 si
2826 1099 3277 1155 circumscribent
3305 1097 3450 1152 hunc
3471 1097 3700 1166 spiritum
3728 1097 3788 1166 (g)

2231 1195 2502 1250 Christum
2537 1193 2805 1248 lormabili
2826 1201 2880 1246 et
2906 1191 3175 1262 corporali
3207 1190 3408 1257 modo;
3457 1204 3564 1244 non
3593 1188 3688 1243 erit
3722 1190 3788 1242 in-

2230 1287 2462 1343 visibilis
2493 1286 2589 1341 Dei
2616 1285 2696 1358 (Ιι)
2725 1286 2901 1356 imago
2928 1282 3246 1355 corporeus,
3285 1297 3386 1339 nec
3413 1279 3665 1338 indeﬁniti
3696 1295 3793 1351 spc-

2233 1381 2346 1436 cies
2372 1378 2596 1434 deﬁnita
2627 1377 2953 1433 moderatio.

2304 1472 2394 1528 49.
2432 1470 2614 1542 Imago
2641 1468 2738 1524 Dei
2768 1479 2844 1524 est
2865 1512 2879 1534 ,
2928 1480 3180 1541 quatenus
3207 1469 3252 1524 ei
3281 1468 3472 1522 divina:
3499 1475 3684 1521 natura:
3710 1465 3794 1519 vir-

2233 1575 2334 1620 tus.
2366 1593 2436 1604 —-
2463 1563 2569 1619 Sed
2601 1578 2776 1633 neque
2804 1562 3067 1616 Dominus
3108 1561 3377 1617 incertum
3405 1559 3657 1630 reliquit,
3713 1556 3793 1624 Qui

2233 1675 2314 1712 me
2338 1659 2484 1724 vidit,
2516 1656 2641 1710 vidit
2667 1666 2714 1710 et
2741 1654 2953 1709 Patrem
2981 1654 3163 1725 (Joan.
3193 1670 3303 1721 xw,
3333 1651 3431 1722 9);
3480 1666 3648 1721 neque
3682 1650 3798 1718 Apo-

531 1757 646 1803 est:
681 1747 804 1820 quia
835 1764 936 1804 nec
965 1749 1211 1819 separari
1239 1757 1416 1818 potest
1437 1764 1466 1803 a
1501 1749 1593 1804 Dei
1618 1748 1814 1814 forma,
1839 1763 1962 1804 cum
1986 1748 2039 1802 iu
2073 1765 2136 1804 ea
2164 1752 2213 1814 B
2245 1750 2417 1806 stolus
2446 1748 2614 1804 tacuit
2640 1748 2816 1820 qualis
2846 1755 3024 1812 esset,
3069 1745 3172 1813 Qui
3194 1755 3268 1801 est
3289 1746 3464 1816 imago
3498 1742 3589 1798 Dei
3610 1741 3800 1796 invisibi-

534 1843 641 1910 sit;
675 1857 776 1898 nec
796 1843 888 1913 qui
920 1843 970 1897 in
1005 1843 1097 1897 Dci
1130 1851 1213 1898 est
1243 1841 1432 1907 forma,
1492 1857 1599 1897 non
1625 1842 1770 1898 Deus
1801 1851 1903 1898 cst.
1983 1841 2136 1898 Sicut

532 1936 624 2006 qui
670 1936 723 1989 in
770 1937 941 2006 gloria
975 1936 1066 1990 Dei
1096 1945 1212 2000 est,
1271 1952 1379 1991 non
1419 1946 1597 2007 potest
1624 1937 1767 1992 aliud
1813 1952 1935 1993 esse
1973 1953 2132 2007 quam

538 2028 682 2081 Deus
718 2036 836 2092 est;
883 2038 937 2082 et
967 2027 1096 2082 dum
1139 2028 1192 2082 in
1239 2029 1408 2098 gloria
1440 2028 1535 2083 Dei
1569 2029 1710 2085 Deus
1744 2039 1862 2097 est,
1913 2030 2135 2086 alterius

535 2120 632 2175 Dei
661 2127 824 2189 atque
851 2135 879 2172 a
915 2119 1024 2174 Deo
1055 2119 1255 2176 diversi
1284 2137 1390 2177 non
1442 2121 1605 2177 habet
1658 2122 2092 2193 prmdicationem
2118 2141 2133 2191 ;

534 2211 660 2283 quia
692 2228 789 2282 per
835 2212 908 2279 id,
952 2213 1096 2283 quod
1149 2213 1201 2268 iit
1229 2215 1401 2284 gloria
1451 2213 1542 2269 Dei
1579 2224 1696 2282 est,
1729 2231 1796 2271 ex
1841 2232 1907 2270 eo
1947 2218 1998 2272 in
2039 2233 2136 2272 cu-

531 2307 622 2376 jus
649 2305 816 2376 gloria
843 2314 928 2360 est
951 2347 964 2370 ,
1022 2305 1186 2360 habet
1234 2305 1286 2359 in
1319 2319 1377 2360 se
1407 2305 1655 2360 naturale
1683 2307 1824 2376 qttod
1861 2307 2007 2363 Deus
2030 2317 2133 2362 est.

607 2397 700 2452 48.
741 2395 975 2450 Christus
1006 2407 1060 2452 ttt
1085 2397 1252 2468 imago
1278 2395 1398 2463 Dei,
1431 2414 1534 2451 non
1562 2397 1778 2452 alterius
1810 2409 1884 2453 est
1914 2411 2132 2454 naturw.

538 2521 608 2532 -—
636 2488 752 2546 Non
788 2490 1124 2560 periclitatur
1145 2531 1158 2554 ,
1207 2505 1304 2560 per
1335 2491 1515 2557 plures
1548 2490 1962 2560 prtedicatioues
2005 2490 2139 2546 ﬁdes

539 2598 670 2649 una,
695 2597 762 2638 ue
787 2597 892 2637 una
929 2582 1021 2635 sit.
1065 2581 1409 2651 Evangelista
1437 2582 1582 2637 enim
1615 2581 1818 2637 dictum
1848 2598 1876 2636 a
1910 2582 2140 2638 Domino

535 2675 838 2740 docuerat,
885 2674 985 2738 Qui
1014 2691 1093 2726 me
1123 2674 1267 2741 vidit,
1301 2674 1426 2727 vidit
1453 2683 1502 2727 et
1535 2673 1746 2728 Patrem
1786 2674 1967 2748 (Joan.
2026 2691 2138 2740 xw,

536 2767 616 2840 9).
681 2768 788 2824 Sed
827 2767 1086 2838 numquid
1136 2767 1328 2822 doctor
1367 2769 1610 2838 gentium
1650 2768 1849 2823 Paulus
1889 2770 2138 2823 virtutem

539 2861 670 2917 dicti
699 2859 956 2916 dominici
984 2869 1076 2915 aut
1100 2860 1389 2930 ignoravit,
1423 2869 1518 2914 attt
1545 2861 1729 2923 tacuit,
1759 2859 1950 2914 dicens
1988 2879 2002 2914 :
2041 2860 2141 2927 Qui

536 2964 612 3008 est
641 2955 812 3025 imago
839 2951 936 3006 Dei
967 2950 1235 3005 invisibilis
1266 2949 1486 3023 (Coloss.
1525 2967 1562 3016 ι,
1594 2948 1725 3022 15)?
1756 2950 2032 3023 Interrogo
2063 2951 2142 3026 (ά)

539 3057 721 3102 utrum
761 3044 994 3100 visibilis
1047 3043 1226 3112 imago
1268 3051 1355 3098 est
1385 3043 1672 3098 invisibilis
1703 3043 1830 3099 Dei:
1873 3051 1928 3100 ct
1961 3053 2137 3099 utrum

2241 1846 2304 1900 lis
2345 1844 2566 1916 (Coloss.
2604 1859 2643 1909 1,
2691 1843 2803 1912 15).
2851 1839 3112 1896 Dominus
3160 1839 3306 1895 enim
3348 1838 3581 1901 dixerat,
3630 1835 3801 1892 Sinon

2241 1937 2376 2008 facio
2406 1951 2564 2006 opera
2589 1935 2751 2006 patris
2775 1934 2893 2000 mei,
2937 1933 3097 1986 nolite
3122 1931 3248 1985 mihi
3277 1929 3490 1985 credere
3521 1927 3687 2000 (Joan.
3715 1942 3801 1991 stu,

2239 2031 2307 2086 57
2343 2033 2360 2101 )
2386 2073 2398 2094 ,
2447 2029 2574 2084 hinc
2605 2028 2778 2084 videri
2804 2029 2855 2084 in
2888 2043 2947 2084 se
2977 2027 3193 2083 Patrem
3222 2025 3428 2080 docens
3450 2065 3465 2090 ,
3509 2023 3645 2094 quod
3672 2035 3804 2092 Opera

2241 2122 2360 2192 ejus
2403 2121 2686 2186 efﬁceret;
2738 2131 2794 2175 ut
2822 2120 3098 2175 intellecta
3143 2126 3350 2174 natura:
3387 2117 3563 2173 virtus
3597 2123 3804 2172 naturam

2245 2213 2537 2269 intellecta:
2582 2213 2797 2267 virtutis
2838 2211 3184 2276 ostenderet,
3231 2227 3328 2280 per
3377 2208 3527 2276 quod
3554 2207 3806 2278 Apostolus

2242 2306 2380 2361 hanc
2406 2306 2692 2376 imaginem
2718 2305 2815 2360 Dei
2846 2320 2968 2360 esse
2999 2303 3309 2375 signiﬁcans
3329 2345 3343 2369 ,
3383 2303 3486 2368 ait,
3521 2301 3582 2375 (i)
3629 2300 3720 2368 Qui
3742 2308 3800 2354 est

2242 2400 2412 2469 imago
2437 2397 2531 2451 Dei
2563 2396 2832 2452 invisibilis
2858 2437 2872 2462 ,
2922 2396 3290 2468 primogenitus
3331 2396 3502 2450 omnis
3546 2404 3767 2448 creatura:
3787 2406 3804 2455 ;

2243 2492 2363 2562 quia
2403 2491 2454 2542 in
2501 2489 2618 2558 ipso
2649 2488 2720 2562 (j)
2768 2489 3044 2542 constituta
3087 2498 3206 2542 sunt
3238 2487 3415 2540 omnia
3445 2487 3504 2540 in
3544 2486 3678 2541 caelis
3709 2483 3808 2538 etin

2245 2593 2400 2646 terra,
2431 2580 2651 2635 visibilia
2681 2591 2726 2635 et
2753 2581 3051 2648 invisibilia,
3114 2582 3218 2636 sive
3255 2580 3479 2649 Throni,
3514 2582 3615 2636 sive
3644 2578 3814 2632 Princi-

2244 2686 2393 2747 patus
2410 2715 2424 2741 ,
2450 2675 2554 2729 sive
2579 2673 2869 2729 Potestates
2894 2715 2908 2738 ,
2942 2675 3044 2729 sive
3073 2673 3464 2729 Dominationes
3491 2717 3505 2741 ,
3559 2674 3718 2728 omnia
3741 2685 3813 2741 per

2246 2771 2416 2840 ipsum
2447 2777 2492 2822 et
2518 2769 2572 2822 in
2602 2770 2714 2839 ipso
2741 2767 2946 2822 condita
2973 2777 3132 2836 sunt,
3183 2778 3229 2821 et
3258 2769 3368 2840 ipse
3398 2769 3479 2822 est
3505 2777 3620 2822 ante
3642 2780 3808 2828 omnes,

2246 2870 2292 2914 ct
2321 2862 2490 2916 omnia
2518 2860 2598 2930 (k)
2624 2862 2721 2932 ipsi
2746 2869 3018 2926 constant,
3066 2870 3111 2915 et
3153 2860 3264 2929 ipse
3302 2869 3381 2914 est
3415 2869 3577 2930 caput
3620 2855 3814 2928 corporis

2247 2955 2515 3023 Ecclesite,
2547 2956 2633 3026 qui
2656 2964 2730 3009 est
2760 2956 2985 3018 initium,
3013 2955 3392 3026 primogenitus
3420 2970 3489 3009 ea:
3518 2953 3734 3016 mortuis,
3774 2959 3815 3003 ut

2248 3050 2390 3120 fieret
2434 3051 2489 3103 in
2529 3050 2764 3104 omnibus
2805 3049 2916 3119 ipse
2943 3049 3223 3118 primatum
3244 3058 3465 3115 tenens;
3507 3048 3626 3119 quia
3651 3047 3700 3100 in
3724 3045 3813 3115 ipso

542 3139 786 3195 inﬁnitus
804 3138 946 3194 Deus
979 3135 1051 3207 (e)
1088 3150 1182 3206 per
1199 3134 1388 3190 forma:
1406 3136 1828 3206 circumscriptae
1852 3137 2138 3209 imaginem
2168 3151 2213 3214 ο
2248 3144 2559 3216 complacuit
2601 3160 2801 3198 omnem
2837 3142 3208 3215 plenitudinem
3253 3143 3316 3215 (ι)
3348 3143 3624 3211 habitare,
3668 3150 3710 3196 et
3750 3153 3820 3210 per

555 3357 571 3368 .
616 3279 693 3353 (l)
731 3279 787 3334 In
817 3278 1005 3335 codice
1035 3276 1234 3334 Veron.
1269 3276 1502 3331 Christus
1524 3291 1552 3330 a
1606 3276 1776 3346 prima
1805 3292 1991 3346 manu,
2041 3278 2136 3334 sed
2175 3280 2413 3336 secunda
2442 3281 2648 3352 antiqui
2679 3279 3033 3336 amanuensis
3063 3278 3374 3336 emendavit
3396 3278 3616 3335 Christi.

621 3420 697 3493 (α)
741 3420 907 3486 Editi,
953 3419 1147 3474 Christi
1191 3418 1448 3493 spiritus:
1479 3417 1867 3493 renitentibus
1917 3419 2143 3493 potiori-

541 3487 645 3550 bus
676 3487 808 3548 inss.
853 3493 1021 3546 Porro
1047 3487 1340 3560 opponitur
1366 3487 1613 3560 Christus
1645 3487 1930 3560 Spiritus,’
1956 3491 2006 3544 id
2035 3501 2140 3558 est,

543 3564 720 3635 qualis
751 3563 849 3618 fuit
874 3573 999 3635 ante
1021 3558 1360 3635 assumptum
1389 3559 1687 3635 hominem,
1707 3558 2141 3635 Christoliomiui

541 3631 651 3705 jam
687 3635 849 3690 iacto.
903 3634 977 3688 Ita
1025 3636 1140 3688 huic
1174 3631 1422 3705 quzestio,
1453 3631 1547 3684 lib.
1580 3645 1659 3705 Ill,
1693 3632 1888 3705 iuuit):
1942 3633 2143 3699 Quatris

545 3699 804 3772 quomodo
835 3705 1116 3758 secundum
1149 3699 1406 3773 spiritum
1435 3710 1584 3773 natus
1615 3701 1680 3753 sit
1712 3699 1904 3766 Filius,
1958 3715 2144 3772 aperte

547 3771 1006 3846 Opponituriistii
1059 3771 1263 3846 Quaeris
1289 3771 1546 3846 quomodo
1573 3771 2144 3846 secumlum_hominem

548 3843 700 3901 natus
722 3848 809 3899 sit.
839 3845 927 3900 Sic
951 3844 1204 3898 Clemens
1230 3843 1392 3912 Papa,
1418 3843 1577 3911 epist.
1595 3857 1652 3908 ιι,
1677 3859 1724 3896 e.
1764 3853 1816 3909 9,
1844 3844 1908 3898 Τ.
1949 3863 1962 3900 I
1997 3847 2144 3902 Con-

549 3918 640 3972 cil.
673 3932 729 3988 p.
761 3915 893 3971 186:
925 3913 1080 3988 Jesns
1102 3912 1336 3988 Christus
1363 3953 1377 3976 ,
1421 3913 1638 3988 ittqnit,_
1670 3913 1928 3988 Dominus
1953 3929 2143 3987 noster,

549 3985 751 4059 quinos
779 3987 1014 4052 servavit,
1044 4001 1161 4039 cum
1193 3985 1413 4055 primunt
1441 3994 1566 4038 esset
1600 3985 1851 4058 Spiritus,
1881 4004 2001 4042 caro
2031 3985 2144 4060 {acé

555 4071 639 4113 tus
663 4069 756 4113 98!.

623 4130 702 4202 (b)
743 4130 800 4184 lu
833 4144 932 4183 ms.
963 4129 1078 4202 bas.
1106 4128 1228 4202 Vat.
1252 4126 1674 4202 desideratur__id
1693 4129 1975 4202 est_homo:
2005 4131 2147 4200 apud

553 4199 686 4260 Bad.
716 4210 896 4256 autem
921 4209 975 4255 et
1002 4201 1092 4254 Er.
1121 4200 1342 4256 verbum
1377 4209 1547 4253 natus.
1591 4199 1726 4254 Tum
1760 4200 1991 4269 Lips..ct
2021 4199 2142 4257 Par.

551 4284 677 4345 post
722 4273 811 4327 Er.
867 4273 1142 4345 retinuere
1191 4280 1621 4345 exstat-etamm
1670 4273 1810 4340 apud
1850 4271 1982 4326 Bad.
2008 4284 2062 4329 et
2092 4276 2146 4328 in

553 4342 687 4401 inss.
721 4343 1038 4398 concinnius
1071 4343 1280 4411 legatur
1307 4342 1546 4403 exstabit,
1605 4352 1660 4397 ut
1689 4345 1850 4412 paulo
1903 4353 2028 4398 ante
2058 4345 2142 4400 dio

556 4426 700 4472 ctum
733 4413 1076 4468 estmanebit.
1121 4413 1175 4466 In
1204 4414 1908 4484 meruoriatnrcvocaudum
1934 4431 1999 4470 ex
2023 4431 2142 4484 cap.

555 4489 592 4542 4
621 4488 673 4541 in
697 4484 886 4538 Matth.
916 4502 968 4536 u.
1009 4485 1072 4538 M
1093 4525 1108 4551 ,
1139 4483 1279 4553 quod
1311 4482 1464 4537 Jesus
1505 4482 1729 4539 Domino
1759 4498 1933 4540 nostro
1963 4482 2146 4542 nomen

555 4575 621 4613 ex
641 4571 856 4626 corpore
879 4564 970 4609 est.

2249 3422 2414 3478 Corb.
2449 3421 2704 3477 secundis
2734 3423 2878 3476 curis
2901 3420 3172 3491 adjectum
3196 3431 3278 3478 est
3309 3462 3323 3485 ,
3367 3420 3518 3476 unde
3561 3427 3616 3476 et
3651 3419 3698 3476 itt
3727 3415 3822 3473 aliis

2251 3494 2508 3549 obtinuit.
2584 3494 2670 3548 Nil
2699 3493 3191 3563 ofﬁcitadjectum;
3233 3509 3355 3548 cum
3380 3491 3633 3562 proxime
3657 3505 3822 3559 sequa-

2254 3575 2362 3629 tur,
2397 3565 2496 3630 Qut
2522 3567 2566 3620 si
2590 3565 3029 3630 circumscribent,
3056 3575 3184 3630 etc.,
3204 3579 3381 3635 neque
3409 3565 3635 3618 omnino
3664 3577 3823 3618 neces-

2254 3638 2454 3690 sarium
2483 3647 2589 3703 est,
2644 3646 2704 3690 ut
2739 3637 2908 3706 liquet
2937 3652 3001 3690 ex
3035 3636 3118 3690 his
3146 3652 3294 3690 num.
3329 3637 3437 3706 49.,
3485 3636 3561 3689 Ac
3595 3652 3654 3689 ne
3673 3636 3824 3705 [orata

2255 3708 2423 3776 potius
2451 3748 2464 3771 ,
2509 3725 2660 3777 quam
2687 3705 2887 3762 natura:
2915 3709 3088 3777 imago
3111 3724 3240 3772 esse,
3264 3716 3372 3762 etc.
3402 3705 3487 3761 Ex
3532 3709 3720 3776 quibus
3758 3706 3824 3758 in-

2257 3777 2548 3855 telligitur_,
2595 3794 2715 3833 eam
2762 3778 3081 3855 dlciferum:
3102 3779 3377 3850 imaginem
3403 3819 3419 3844 ,
3451 3794 3578 3855 qua:
3616 3787 3824 3855 exterius

2253 3857 2461 3921 tantum
2505 3849 2692 3919 ﬁgurae
2737 3851 2975 3920 speciem
3018 3849 3399 3920 repraesentet,
3445 3851 3608 3921 eique
3650 3849 3824 3918 opponi

2251 3919 2524 3989 imaginem
2559 3919 2772 3974 naturas.

2324 3988 2392 4061 (Γ)
2432 3990 2910 4062 Postipztrticulam
2939 4001 3138 4056 tamen,
3173 3991 3324 4048 solus
3355 3991 3532 4047 codex
3557 3993 3712 4047 Cara.
3745 3988 3822 4044 ad—

2248 4062 2386 4130 jicit,
2415 4078 2504 4130 per
2533 4061 2727 4116 Filium
2756 4066 2929 4117 omnia
2952 4081 2969 4116 :
3021 4064 3196 4135 minus
3249 4063 3314 4116 ad
3364 4080 3504 4120 rem.
3549 4063 3822 4135 Responsio

2254 4135 2511 4202 proximae
2538 4135 2822 4204 quiestioui
2850 4135 2964 4188 haec
2994 4143 3101 4199 est,
3133 4133 3407 4188 Christum
3442 4151 3553 4191 non
3580 4133 3696 4192 esse
3720 4147 3820 4187 cor-

2254 4219 2472 4277 poream
2505 4206 2793 4274 imaginem
2817 4245 2834 4271 ,
2869 4215 2926 4260 ut
2960 4217 3084 4276 pote
3105 4206 3194 4277 qui
3223 4206 3448 4275 spiritus
3479 4218 3602 4276 est,
3649 4219 3818 4277 quem-

2251 4275 2541 4330 admodum
2576 4277 2716 4332 Deus
2749 4286 2898 4344 pater
2928 4275 3012 4332 eSt
3041 4276 3286 4346 spiritus.
3589 4275 3593 4276 ί
3667 4275 3680 4277 “
3723 4335 3730 4342 ,

2326 4346 2405 4417 (g)
2454 4347 2599 4402 Εάὶιὶ
2622 4355 2852 4417 excepto
2897 4348 3021 4402 Par.
3067 4349 3316 4402 omittunt
3350 4346 3632 4405 Christum.
3705 4347 3822 4403 Tum

2250 4417 2570 4542 aptzdlisips.
2603 4429 2657 4474 et
2686 4419 2810 4474 Par.
2839 4418 3188 4474 substitutum
3216 4427 3300 4474 est
3326 4421 3560 4490 formali,
3611 4436 3704 4491 pro
3730 4419 3824 4490 {or-

2251 4505 2332 4542 ma
2367 4505 2382 4541 t
2411 4507 2448 4542 t.

2251 4505 2448 4543 mavttt.

2323 4559 2402 4631 (h)
2434 4560 2508 4615 lla
2540 4560 2793 4617 meliores
2830 4575 2961 4631 mss.
2995 4561 3137 4631 quod
3167 4561 3521 4616 conﬁrmatur
3549 4563 3633 4618 his
3662 4561 3745 4617 lib.
3768 4575 3819 4625 ll,

630 4627 702 4701 (ο)
735 4623 1031 4697 Exemplar
1082 4625 1243 4682 Carn.
1295 4642 1355 4679 ac
1401 4626 1620 4680 solitarii
1661 4623 1798 4680 Dei:
1846 4626 1987 4683 haud
2040 4629 2147 4686 alio
2171 4655 2224 4714 Ι)
2254 4623 2403 4714 tiu-in.
2429 4633 2461 4687 5
2494 4650 2506 4687 :
2544 4631 2886 4714 incorporeus
2925 4623 3086 4686 Paier
3119 4643 3244 4688 est:
3283 4633 3328 4714 si
3359 4632 3407 4686 F
3409 4634 3532 4714 ilius
3565 4623 3820 4714 secundum

557 4715 746 4756 SCIISU.

556 4783 566 4814 ς
631 4771 710 4842 (tl)
750 4768 907 4841 Apud
939 4769 1068 4842 Bad.
1101 4780 1273 4842 utrum
1300 4768 1513 4842 visibilis
1543 4766 1702 4842 Deus.
1723 4777 1782 4842 et
1806 4785 1994 4842 utrum,
2016 4779 2148 4837 ctc.,

559 4839 712 4898 locus
740 4839 980 4895 mutilus.
1014 4840 1072 4895 In
1100 4841 1220 4894 aliis
1252 4839 1407 4904 edil.,
1441 4851 1614 4892 utrum
1639 4840 1850 4894 visibilis
1881 4840 2051 4909 imago
2074 4854 2148 4897 est

554 4913 824 4968 invisibilis
855 4911 953 4966 Dei
982 4911 1137 4967 Deus.
1173 4909 1424 4966 Abundat
1446 4925 1548 4964 vox
1573 4910 1731 4976 Deus,
1769 4926 1943 4980 neque
1973 4924 2150 4969 exstat

559 4988 614 5039 iu
645 5000 773 5039 mss.
813 4985 936 5038 llzee
968 4983 1316 5052 interrogatio
1347 4981 1521 5050 pulsat
1552 4983 1802 5045 Ariauos,
1831 4983 1919 5051 qui
1951 4983 2142 5040 Filium

559 5057 704 5110 Patri
760 5055 1078 5124 inaequalem
1125 5055 1247 5107 inde
1294 5053 1682 5122 argutabantur
1711 5095 1724 5116 ,
1779 5053 1918 5122 qttod
1951 5053 2140 5111 Filium

559 5126 854 5190 visibilem,
880 5125 1092 5181 Patrem
1121 5125 1444 5179 iuvisibilem
1472 5127 1652 5196 animo
1681 5126 1978 5194 ﬁngerent:
2012 5142 2142 5196 quo-

561 5212 680 5251 rum
719 5212 786 5252 ea
829 5197 898 5251 de
936 5213 996 5252 re
1022 5197 1211 5251 deliria
1243 5197 1442 5265 sigillat
1486 5194 1838 5267 Attgusﬁutts,
1884 5196 1977 5251 ltb.
2005 5194 2044 5250 tt
2071 5197 2138 5252 de

563 5267 713 5322 Trin.
739 5283 788 5323 c.
822 5267 887 5322 M
909 5310 923 5329 ,
966 5279 1017 5321 et
1048 5270 1223 5323 Serm.
1255 5283 1347 5328 vn,
1381 5284 1435 5320 n.
1465 5267 1530 5320 4.
1576 5268 1684 5321 lloc
1726 5283 1888 5337 porro
1916 5267 2003 5324 hic
2037 5269 2139 5324 sibi

561 5341 680 5393 vult
704 5349 887 5394 noster
914 5339 1146 5392 Hilarius
1169 5356 1182 5392 :
1209 5338 1315 5392 Vos
1336 5337 1425 5407 qui
1449 5337 1661 5393 Patrem
1688 5339 2032 5402 iuvisibilem,
2060 5339 2143 5394 Fi-

563 5410 694 5464 lium
726 5410 990 5465 visibilem
1024 5409 1208 5472 vultis,
1246 5409 1522 5478 interrogo
1563 5421 1740 5463 utrum
1785 5411 1874 5478 qui
1915 5411 2142 5466 visibilis

563 5490 666 5542 est,
721 5481 812 5534 Dei
842 5481 1123 5534 invisibilis
1150 5481 1324 5547 imago
1350 5496 1471 5535 esse
1503 5481 1689 5549 possit.

637 5551 719 5623 (e)»
750 5551 804 5604 lu
858 5551 1124 5623 vulgatis,
1195 5568 1286 5623 per
1330 5552 1551 5623 formam
1612 5552 2051 5623 circumscriptam
2093 5562 2138 5608 et

561 5621 858 5690 imaginem.
933 5622 989 5674 In
1036 5621 1261 5677 vetustis
1305 5622 1702 5687 exemplaribus
1725 5621 1921 5689 Colh.,'
1953 5623 2137 5690 Caru.,

568 5688 752 5766 Germ.
783 5706 845 5766 ac
868 5691 1106 5766 pluribus
1130 5693 1268 5758 aliis,
1303 5709 1392 5766 per
1417 5697 1596 5766 [omne
1622 5688 1916 5766 imaginem,
1941 5688 2142 5751 omisso

573 5760 738 5816 verbo
767 5761 1199 5832 circumscriptis:
1246 5763 1388 5833 quod
1417 5760 1468 5818 iu
1499 5760 1940 5833 Martinfexstat,
1978 5777 2030 5822 ct
2087 5769 2140 5823 in

2255 4703 2494 4773 spiritum
2519 4703 2934 4774 ciscmnscriptus
2952 4715 3023 4777 est
3039 4720 3274 4777 corpore,
3303 4704 3408 4770 iam
3431 4706 3714 4777 incorporei
3731 4719 3819 4757 non

2254 4785 2328 4829 est
2361 4777 2526 4846 forma
2554 4791 2850 4846 corporeus.
2892 4777 2960 4827 At
2983 4775 3036 4829 in
3063 4775 3291 4844 vulgatis
3311 4815 3324 4835 .
3358 4777 3529 4846 imago
3553 4775 3820 4846 corporea:

2254 4860 2316 4900 ac
2347 4845 2542 4900 deinde
2571 4845 2714 4916 apud
2737 4845 2876 4917 Bad.
2904 4886 2919 4908 ,
2968 4863 3058 4900 nec
3095 4846 3359 4914 inde/inite
3387 4845 3583 4914 species
3613 4845 3822 4917 deﬁnitae

2252 4918 2576 4982 moderatio;
2633 4927 2687 4972 et
2731 4916 2786 4970 in
2835 4917 2967 4971 edit.
3018 4919 3160 4985 aliis,
3214 4934 3306 4971 nec
3334 4917 3604 4988 inde/inita
3643 4916 3821 4988 species

2250 4989 2461 5057 deﬁnita
2502 4989 2804 5043 moderatio.

2325 5057 2388 5130 (ἑ)
2440 5062 2706 5131 Antiquus
2751 5059 3140 5131 codexAColb.
3182 5074 3245 5131 ac
3296 5059 3484 5116 Germ.
3537 5061 3702 5131 prima
3733 5059 3812 5114 illa

2247 5129 2430 5192 verba,
2489 5129 2589 5196 Qui
2632 5141 2706 5184 est
2742 5130 2911 5201 imago
2943 5129 3037 5185 Dei
3065 5129 3364 5198 invisibilis,
3414 5149 3520 5188 non
3541 5129 3815 5192 habentes,

2247 5201 2366 5324 alliis
2420 5201 2639 5284 [orsitau
2677 5201 3004 5258 siuceriores
3038 5211 3183 5258 sunt.
3223 5201 3330 5258 Sed
3371 5203 3507 5258 nihil
3537 5203 3817 5259 uocetth

2247 5287 2297 5324 at
2323 5285 2496 5324 metm.

2247 5285 2496 5328 MIJCCIIO-

2520 5358 2622 5398 ms.
2655 5342 2820 5400 Carn.
2855 5345 2941 5400 hic
2967 5360 3066 5414 pro
3097 5345 3374 5399 constituta
3393 5355 3549 5414 sunt,
3620 5353 3672 5402 ei
3699 5355 3811 5398 πηοί

2249 5430 2348 5539 pro
2391 5417 2598 5469 condita
2625 5426 2779 5480 sunt,
2827 5425 3006 5472 exstat
3048 5425 3217 5471 creata
3239 5428 3377 5470 sunt.
3432 5418 3616 5473 Graece
3652 5417 3810 5484 primo

2271 5499 2370 5539 000
2399 5488 2678 5539 nrn'fertttr
2714 5486 2938 5539 ἐκτίσθη.
2978 5488 3148 5539 altero
3185 5485 3434 5539 ἔκτισται.

2271 5488 2678 5556 oculus-fertur
2714 5486 2938 5552 ἐκτίσθη,
2978 5488 3148 5544 altero
3185 5485 3434 5544 ἔκτισται.

2317 5554 2409 5626 (Ιί)“
2441 5558 2604 5624 Editi,
2657 5560 2710 5630 in
2739 5560 2848 5628 ipso
2887 5570 3137 5625 constant,
3179 5560 3387 5614 favente
3407 5575 3562 5630 grmc.
3599 5561 3646 5613 ἐν
3679 5558 3808 5628 αὐτῷ

2248 5629 2544 5693 συνέστηκε,
2584 5629 2677 5684 sed
2727 5631 3082 5686 renitentibus
3106 5648 3238 5686 mss.

2319 5699 2382 5780 (ι)
2413 5699 2468 5753 In
2497 5715 2598 5780 ms.
2629 5700 2794 5780 Carn.
2830 5701 3006 5780 hichet
3030 5702 3189 5767 infra,
3240 5702 3611 5780 plenitudinem
3621 5699 3807 5780 divini-

2249 5768 2366 5824 tatis
2387 5788 2405 5823 :
2435 5773 2520 5827 cui
2551 5770 2700 5828 favet
2742 5773 2870 5829 illud
2921 5773 3012 5830 lib.
3043 5788 3130 5843 ιιι,
3161 5789 3216 5829 n.
3240 5768 3315 5828 ’15
3349 5791 3367 5828 :
3392 5771 3529 5842 Quid
3562 5768 3700 5828 Filio
3724 5770 3805 5824 de-
