3930 6194
558 300 663 355 ίὶῖὅ
1773 298 2018 354 SANCTI
2062 298 2315 353 llllABlI
2358 297 2664 356 I‘Il‘lSCOl‘l
3731 309 3812 364 9.73

558 415 1028 481 reconciliationis;
1060 413 1302 482 quoniam
1327 413 1534 484 quidem
1568 412 1707 468 Deus
1741 422 1850 467 erat
1877 415 1928 467 in
1957 412 2159 468 Christo
2187 416 2236 475 Α
2267 430 2391 478 uno,
2424 424 2476 468 et
2502 421 2673 468 totum
2700 429 2726 466 τι
2759 423 2891 482 ιοιο,
2926 415 3093 471 Deum
3125 425 3180 470 et
3208 416 3399 481 ﬁlium,
3431 431 3603 487 neque
3632 435 3716 486 per
3741 439 3814 475 ua-

562 511 807 564 mundum
852 508 1190 562 reconcilians
1218 506 1313 560 sibi
1345 506 1390 580 (Ι
1417 504 1538 560 Cor.
1564 523 1618 570 v,
1651 507 1741 572 18,
1797 506 1914 576 19).
1960 503 2162 560 Confer
2265 506 2529 560 tivitatem
2560 505 2704 561 Patri
2737 505 3004 563 ademisse
3032 509 3106 580 (ε)
3135 509 3275 579 quod
3321 518 3488 563 totum
3533 519 3646 577 est,
3675 527 3816 584 neque

561 619 684 660 cum
734 603 815 656 his
858 617 1018 657 omne
1063 601 1393 672 evangelica:
1441 600 1564 655 lldei
1605 609 2025 655 sacramentum.
2060 598 2159 666 Qui
2265 597 2368 653 hoc
2394 597 2570 668 ipsum
2611 607 2781 652 totum
2818 615 2923 653 non
2963 613 3147 654 secum
3196 599 3467 656 nascendo
3499 603 3741 658 tenuisse.
3770 606 3819 662 Et

563 696 707 749 enim
733 693 946 747 videtur
975 691 1028 747 in
1060 694 1205 758 viso,
1240 693 1328 762 qui
1367 697 1624 762 operatur
1655 693 1706 746 in
1749 699 2035 761 operante,
2071 690 2162 761 qui
2263 688 2506 760 quisquis
2537 689 2590 744 in
2634 690 2735 744 hac
2763 690 3092 746 infidelitatis
3132 692 3360 747 stultitia
3386 691 3723 762 detinebitur,
3750 709 3819 756 aut

560 786 795 856 loquitur
821 785 872 838 in
921 784 1211 854 loquente,
1244 784 1384 840 idem
1417 783 1468 839 in
1499 782 1888 839 reconciliante
1916 783 2161 839 reconci-
2263 781 2576 838 Judazorutn
2607 789 2862 846 sectator,
2894 793 2987 837 attt
3015 785 3255 854 gentium
3284 793 3388 838 est.

555 876 655 933 liat
697 876 893 948 (Joan.
925 894 1037 941 XIV,
1089 877 1144 942 9,
1173 875 1284 948 10).
1323 879 1386 932 Et
1414 876 1618 931 idcirco
1650 877 1703 932 in
1737 891 1804 931 eo
1829 885 1884 930 et
1922 890 2018 945 per
2039 889 2161 930 eum
2336 873 2426 931 55.
2455 875 2725 944 Sapientia
2746 876 2990 929 humana.
3010 876 3394 931 Elementorum
3414 878 3591 932 mundi
3605 887 3649 932 et
3666 877 3821 934 Christi

558 971 933 1025 reconciliatio
977 980 1093 1036 est,
1145 971 1268 1041 quia
1318 986 1416 1039 per
1465 969 1863 1026 indifferentem
1914 976 2161 1024 naturam
2266 967 2656 1022 diserimen.——
2684 965 2953 1022 Utautem
2980 967 3180 1022 dictum
3211 967 3421 1023 Domini
3460 969 3713 1039 intelligas
3739 985 3823 1040 quo

561 1062 721 1116 Pater
743 1062 796 1116 in
829 1078 894 1116 eo
926 1077 1170 1126 manens,
1203 1062 1461 1116 mundum
1492 1063 1592 1116 sibi
1617 1063 1730 1132 ipse
1758 1078 1854 1132 per
1882 1077 2006 1118 eum
2029 1071 2084 1116 et
2110 1063 2162 1116 in
2266 1058 2341 1113 ait
2371 1075 2384 1112 :
2421 1058 2606 1113 Omnia
2635 1075 2748 1125 (μιαν
2792 1059 2966 1113 Putris
3009 1070 3158 1123 sunt,
3190 1075 3302 1116 mea
3350 1072 3508 1126 sunt;
3540 1061 3762 1129 Apostoli
3783 1073 3824 1118 et

561 1171 628 1210 eo
659 1153 735 1228 (τι)
767 1156 1208 1210 reconciliatione
1237 1155 1520 1211 reddebat.
2266 1152 2572 1208 doctrinam
2613 1163 2667 1207 et
2709 1152 2867 1208 [idem
2926 1153 3076 1209 disre
3120 1153 3393 1210 dicentis:
3438 1154 3612 1210 Videte
3645 1173 3701 1209 ne
3734 1159 3823 1227 quis

633 1249 724 1305 ΒΞ.
759 1248 1013 1302 Unitateut
1055 1265 1201 1303 suam
1242 1265 1358 1302 cunt
1400 1247 1563 1302 Putre
1599 1264 1752 1318 quam
1800 1247 1962 1317 potuit
1993 1248 2165 1317 aptius
2267 1265 2355 1304 vos
2399 1248 2608 1304 seducet
2649 1265 2738 1320 per
2779 1248 3161 1320 philosophiam
3189 1259 3235 1304 et
3279 1249 3485 1303 inanem
3520 1248 3825 1317 deceptionem

559 1338 796 1396 Christus
827 1341 1126 1396 declaravit.
1157 1370 1227 1382 —
1257 1341 1554 1396 Consulens
1587 1341 1764 1410 itaque
1802 1342 2051 1394 humana:
2079 1340 2162 1394 in-
2266 1341 2545 1397 secundum
2585 1341 2913 1396 traditionem
2953 1339 3250 1404 hominum,
3293 1340 3577 1396 secundum
3619 1341 3828 1398 elementa

562 1437 804 1492 ﬁrmitati
837 1436 977 1491 Deus
1008 1451 1114 1490 non
1155 1437 1358 1491 incerta
1387 1435 1674 1491 verborum
1723 1434 1966 1489 nuditate
2001 1434 2163 1492 tidem
2268 1435 2466 1499 mundi,
2497 1443 2545 1491 et
2575 1450 2678 1489 non
2705 1433 2985 1488 secundum
3025 1431 3286 1488 Christum
3309 1450 3328 1488 :
3357 1434 3478 1503 quia
3505 1435 3560 1488 in
3584 1434 3689 1505 ipso
3707 1434 3829 1488 inlut-

558 1529 764 1584 docuit.
796 1528 1040 1599 Namque
1069 1544 1190 1584 cum
1212 1529 1466 1584 credendi
1499 1531 1879 1584 necessitatem
1907 1528 2034 1583 dicti
2061 1528 2164 1584 do-
2268 1529 2392 1584 bitat
2423 1529 2509 1598 (2)
2539 1530 2704 1583 omnis
2745 1529 3010 1599 plenitudo
3047 1528 3326 1586 diuinitatis
3370 1528 3702 1598 corporaliter
3735 1527 3829 1600 (Co-

566 1622 749 1678 minici
785 1622 1080 1676 auctoritas
1119 1622 1231 1676 sola
1260 1630 1570 1690 praestaret,
1605 1631 1782 1676 tamen
1813 1635 2031 1676 sensum
2063 1636 2164 1676 no-
2270 1621 2394 1676 loss.
2428 1636 2499 1687 tt,
2557 1620 2612 1685 8,
2663 1619 2742 1692 9).
2794 1620 2873 1675 De
2904 1621 3105 1675 mundo
3131 1630 3231 1690 est,
3278 1618 3348 1693 (Γ)
3376 1631 3431 1675 et
3461 1620 3717 1678 doctrinas
3752 1620 3832 1676 lm-

560 1723 737 1771 strum
781 1728 875 1783 per
911 1714 1324 1784 intelligentiam
1353 1713 1513 1768 edita:
1547 1715 1773 1769 rationis
1802 1715 2032 1769 instituit
2063 1733 2075 1768 :
2109 1724 2163 1770 ut
2271 1711 2474 1767 minutn
2516 1711 2688 1781 sapit,
2737 1721 2793 1766 et
2839 1710 3191 1781 philosophice
3244 1711 3426 1782 praeda
3470 1723 3589 1780 est,
3629 1713 3832 1784 quisquis

563 1805 616 1862 id
651 1804 794 1875 quod
823 1805 1032 1860 dixerat
1065 1822 1078 1858 :
1117 1805 1224 1876 Ego
1252 1814 1299 1860 et
1327 1804 1485 1860 Pater
1515 1822 1673 1860 imum
1700 1822 1874 1860 sumus
1903 1804 2082 1875 (Joan.
2111 1822 2166 1875 ι,
2199 1807 2248 1868 Β
2274 1802 2546 1860 Christum
2578 1819 2767 1858 verum
2799 1803 2965 1858 Deum
2999 1805 3202 1871 nescit,
3232 1803 3480 1873 quisquis
3516 1805 3568 1857 in
3597 1819 3660 1860 eo
3692 1804 3833 1874 pleni-

562 1896 682 1967 ὅθ),
715 1913 808 1966 per
828 1913 1043 1952 causam
1075 1898 1246 1967 ipsam
1272 1899 1494 1954 unitatis
1514 1904 1774 1969 expositae
1797 1913 2166 1954 nosceremus.
2276 1897 2516 1952 tudinem
2557 1896 2855 1952 divinitatis
2898 1898 3128 1966 ignorat.
3172 1896 3411 1952 Humana
3458 1913 3612 1952 mens
3640 1896 3730 1953 hoc
3765 1913 3834 1952 so-

564 1989 762 2046 Dicens
787 1991 932 2046 enim
964 2006 1022 2045 se
1051 2007 1148 2061 per
1176 1992 1486 2063 loquentem
1517 1991 1695 2063 loqui,
1729 2000 1783 2046 et
1815 2008 1910 2062 per
1939 2007 2171 2062 operan-
2273 1988 2384 2043 lum
2408 1988 2550 2058 sapit
2567 1987 2713 2056 quod
2740 1987 3010 2056 intelligit,
3033 1987 3340 2043 et‘mundus
3371 1988 3478 2043 hoc
3499 1996 3694 2043 tautmn
3718 1989 3834 2058 quod

564 2090 670 2136 tem
701 2084 936 2153 operari,
963 2090 1019 2138 et
1040 2083 1767 2154 perjudicantemjndicare,
1799 2094 1853 2138 et
1876 2099 1971 2153 per
1997 2084 2168 2138 visum
2275 2091 2455 2151 potest
2505 2079 2713 2147 credit,
2763 2081 3060 2136 secundum
3116 2081 3513 2142 elementorum
3561 2092 3759 2138 naturas
3796 2082 3834 2138 id

567 2177 762 2242 videri,
796 2186 849 2232 et
882 2193 978 2247 per
1006 2178 1447 2232 reconciliauit-ru
1479 2176 1562 2250 (1)
1590 2177 1944 2232 reconciliare
1976 2175 2052 2249 (b)
2072 2218 2086 2243 ,
2116 2186 2172 2234 et
2277 2182 2483 2228 tantum
2527 2173 2791 2243 possibile
2825 2173 3178 2242 existimans,
3208 2173 3352 2244 quod
3381 2187 3482 2232 aut
3511 2176 3732 2242 videret,
3764 2185 3836 2230 aut

565 2286 787 2326 manere
815 2285 873 2325 se
902 2271 956 2326 lo
985 2284 1052 2327 eo
1081 2271 1174 2342 qui
1210 2271 1262 2326 in
1295 2286 1354 2326 se
1383 2278 1630 2326 maneret
1657 2288 1670 2323 :
1706 2285 1892 2341 quaero
1919 2285 2024 2340 quo
2065 2269 2172 2325 alio
2275 2274 2486 2334 ageret.
2509 2264 2790 2322 Elementa
2814 2265 2958 2320 enim
2983 2266 3165 2322 mundi
3189 2281 3258 2322 ex
3283 2267 3453 2323 nihilo
3478 2268 3834 2324 substiterunt:

567 2363 636 2418 ad
664 2361 1036 2433 intelligentia:
1067 2371 1267 2418 nostra:
1307 2377 1525 2418 sensum
1556 2362 1915 2432 expositionis
1949 2375 2062 2415 sua:
2095 2361 2171 2418 uti
2273 2357 2438 2430 252
2464 2357 2558 2412 sed
2587 2355 2835 2442 Christus
2865 2357 2942 2430 (g)
2983 2373 3090 2415 non
3117 2358 3184 2415 de
3217 2375 3322 2415 non
3351 2360 3711 2417 substantibus
3744 2377 3835 2416 ma-

570 2458 810 2527 potuerit
838 2456 910 2531 (c)
939 2458 1150 2527 aptiore
1181 2473 1455 2524 sermone,
1489 2466 1546 2513 ut
1575 2472 1739 2512 unum
1763 2471 1884 2512 esse
1909 2455 2174 2526 intellige—
2275 2461 2370 2508 net
2398 2451 2502 2524 (h),
2531 2466 2631 2506 nec
2651 2452 2813 2522 cmpit
2846 2453 2912 2508 ad
2941 2454 3228 2526 originem,
3249 2455 3342 2511 sed
3375 2456 3645 2526 originem
3672 2455 3732 2511 ab
3754 2455 3840 2509 ori-

568 2563 780 2616 rentur,
813 2567 971 2620 quam
1007 2553 1142 2618 isto,
1176 2569 1284 2622 quo
1321 2568 1416 2624 per
1443 2551 1742 2608 nativitatis
1773 2554 2088 2616 veritatem,
2120 2560 2174 2605 et
2275 2545 2398 2615 sine
2437 2546 2664 2616 sumpsit
2704 2554 2983 2606 retentam.
3037 2547 3317 2604 Elementa
3366 2550 3519 2605 enim
3568 2549 3736 2605 nntndi
3768 2557 3839 2604 aut

570 2655 780 2700 naturae
808 2647 1068 2700 unitatem
1088 2686 1101 2711 ,
1147 2646 1407 2716 quidquid
1448 2645 1616 2700 Filius
1643 2653 1828 2716 ageret
1853 2659 1916 2699 ac
1937 2644 2171 2710 diceret,
2277 2636 2514 2694 inanima
2540 2645 2688 2706 sunt,
2710 2647 2805 2694 aut
2827 2638 2894 2694 ad
2923 2639 3157 2697 animam
3188 2640 3543 2711 proiecerunt
3564 2658 3579 2696 :
3601 2641 3690 2700 sed
3712 2639 3839 2697 Chri~

569 2741 624 2796 id
653 2743 706 2796 in
729 2741 860 2795 Filio
882 2740 1041 2796 Pater
1061 2750 1115 2796 et
1136 2739 1452 2812 loqueretur
1471 2749 1526 2796 et
1546 2740 1796 2808 gereret?
1819 2737 1935 2794 Non
1962 2748 2045 2793 est
2072 2736 2176 2793 hoc
2277 2739 2392 2786 stus
2413 2732 2519 2786 vita
2542 2741 2646 2800 est,
2674 2748 2740 2790 ex
2759 2733 2874 2790 Deo
2895 2735 3108 2792 vivente
3130 2735 3185 2790 in
3206 2737 3482 2792 viventem
3507 2737 3668 2793 Deum
3691 2744 3834 2789 natus.

565 2835 750 2906 itaque
798 2845 1004 2890 natura:
1036 2836 1113 2906 (ά)
1144 2851 1174 2889 a
1217 2851 1275 2889 se
1305 2835 1534 2897 alienae,
1579 2847 1755 2902 neque
1801 2847 1896 2901 per
1938 2831 2174 2886 ευθειιὶοο
2279 2823 2561 2879 Elementa
2604 2826 2787 2880 mundi
2827 2842 2857 2883 a
2906 2827 3018 2883 Deo
3064 2836 3192 2884 sunt
3233 2827 3518 2894 instituta.
3576 2843 3678 2884 non
3723 2825 3836 2880 Deus

571 2943 696 2984 nem
725 2927 884 2999 251
925 2927 978 2982 in
1016 2927 1184 2981 Deum
1215 2935 1544 2994 comparatae
1566 2963 1581 2988 ,
1613 2939 1787 2994 neque
1818 2939 1887 2978 ex
1929 2923 2174 2993 portione
2274 2929 2398 2976 sunt
2424 2937 2436 2973 :
2469 2920 2718 2978 Christus
2740 2937 2806 2977 ex
2837 2922 2948 2978 Deo
2977 2923 3119 2979 Deus
3140 2921 3244 2978 hoc
3273 2931 3447 2980 totum
3479 2931 3564 2980 est
3590 2923 3697 2993 ipse
3722 2919 3836 2991 quod

570 3019 664 3074 Dei
697 3022 746 3072 in
790 3019 959 3074 Deum
1003 3026 1172 3079 natat;
1208 3017 1301 3072 sed
1344 3015 1581 3085 perfecta
1616 3016 1895 3072 nativitate
1922 3017 1973 3071 in
2005 3016 2173 3072 Deum
2276 3015 2420 3070 Deus
2445 3023 2549 3070 est.
2581 3013 2868 3071 Elementa
2897 3015 3084 3070 mundi
3113 3029 3233 3070 cum
3263 3016 3408 3072 intra
3434 3016 3579 3078 sint.
3619 3029 3717 3070 non
3743 3028 3837 3084 pos-

571 3115 864 3182 perfectum
911 3111 1104 3180 genitae
1159 3111 1487 3176 divinitatis,
1541 3109 1697 3180 cujus
1748 3111 1862 3166 haec
1911 3111 2170 3167 naturalis
2278 3119 2404 3163 sunt
2436 3108 2498 3181 (i)
2529 3124 2555 3162 a
2587 3124 2646 3163 se
2673 3120 2885 3163 exstare
2909 3125 2975 3162 ne
3015 3110 3156 3164 intra
3186 3110 3332 3163 sint:
3363 3110 3535 3164 Deum
3565 3110 3663 3164 sub
3689 3123 3835 3161 sacra-

569 3207 917 3260 COIISClettllil-B
963 3203 1154 3258 ﬁducia
1201 3212 1314 3269 est,
1351 3213 1406 3257 ut
1449 3205 1590 3258 dicat
1619 3222 1632 3258 :
1666 3203 1781 3275 Ego
1819 3205 1871 3259 in
1913 3204 2090 3271 Patre,
2123 3215 2171 3260 et
2199 3187 2244 3250 (ἶ
2277 3210 2458 3257 mento
2491 3203 2543 3257 in
2576 3217 2636 3258 se
2681 3201 2885 3256 habens
2912 3200 3165 3257 Christus
3203 3201 3255 3255 in
3292 3201 3407 3255 Deo
3447 3208 3552 3257 est.
3597 3201 3833 3256 Elementa

571 3297 734 3352 Pater
762 3297 814 3349 in
845 3313 922 3348 me
949 3293 1130 3367 (Joan.
1165 3311 1271 3358 xiv,
1304 3296 1390 3366 tl)
1423 3312 1436 3349 :
1466 3303 1522 3350 et
1552 3311 1764 3349 rttrsom
1794 3310 1807 3350 :
1843 3295 2028 3350 Omnia
2057 3314 2172 3368 qua:
2276 3293 2459 3350 mundi
2489 3311 2608 3351 cum
2639 3309 2702 3350 ex
2735 3311 2794 3350 se
2819 3295 2901 3352 sui
2927 3294 3139 3364 generis
3168 3301 3438 3366 generant
3460 3293 3526 3348 ad
3554 3293 3733 3356 vitam,
3764 3305 3836 3360 per

571 3390 749 3444 Patris
777 3400 927 3449 sunt,
963 3406 1070 3442 inea
1099 3400 1216 3442 sunt
1249 3388 1427 3460 (Joan.
1465 3405 1572 3452 χνι,
1607 3385 1717 3459 15).
1757 3387 1896 3442 Nihil
1934 3391 2076 3443 enim
2120 3390 2170 3445 ei
2275 3387 2586 3457 corporales
2636 3385 2851 3456 quidem
2905 3386 3182 3455 passiones
3223 3385 3472 3456 praebent
3501 3401 3566 3439 ex
3619 3400 3674 3438 se
3717 3381 3835 3438 initia

569 3498 633 3538 ex
659 3481 771 3536 Deo
793 3480 971 3544 deest,
999 3496 1107 3549 quo
1132 3489 1393 3550 operante
1419 3488 1472 3532 et
1498 3480 1750 3550 loquente
1776 3487 1830 3533 et
1861 3481 1996 3546 viso,
2029 3480 2170 3535 Deus
2276 3478 2565 3543 nascendi;
2589 3486 2844 3533 castorum
2866 3494 2972 3530 non
2997 3477 3178 3530 insunt
3199 3477 3318 3530 viva
3341 3475 3463 3544 ipsa
3490 3473 3802 3531 nascentibus
3824 3490 3834 3524 :

568 3583 621 3629 ct
645 3583 900 3644 operatur
929 3573 1244 3644 etloquitur
1266 3583 1318 3628 et
1347 3571 1574 3626 videtur.
1601 3570 1715 3625 Non
1739 3570 1989 3625 suntduo
2017 3573 2167 3642 (sup-
2275 3570 2452 3625 onmis
2519 3585 2648 3624 vero
2711 3568 3066 3641 corporaliter
3130 3568 3410 3642 plenitudo
3473 3566 3750 3623 divinitatis
3796 3565 3835 3616 in

577 3666 684 3734 ple,
725 3665 926 3718 naturis
966 3665 1220 3736 distincti)
1264 3666 1315 3718 in
1364 3662 1522 3717 unius
1561 3663 1646 3718 vel
1689 3662 2040 3731 operatione,
2085 3663 2169 3719 vel
2273 3662 2489 3719 Christo
2514 3671 2620 3718 est.

568 3769 842 3820 sermone,
860 3754 942 3809 vel
965 3754 1104 3808 visu.
1127 3753 1237 3809 Nec
1257 3755 1532 3809 solitarius
1553 3753 1696 3808 Deus
1717 3764 1818 3819 est,
1847 3757 1936 3824 qui
1965 3755 2017 3810 in
2040 3772 2172 3826 ope-
2345 3755 2438 3809 54.
2482 3753 2582 3820 Qui
2618 3753 2899 3807 divinitatis
2928 3753 3193 3824 plenitudo
3221 3753 3275 3808 in
3301 3751 3512 3809 Christo
3539 3749 3836 3822 corporaliter

567 3855 724 3901 rante
743 3857 795 3899 et
825 3846 1079 3918 loquente
1105 3854 1159 3901 et
1179 3845 1294 3899 viso
1323 3845 1456 3908 Deo.
1490 3845 1632 3900 Deus
1659 3853 1715 3900 et
1735 3856 1987 3915 operatus
2013 3859 2066 3901 et
2092 3849 2170 3903 lo-
2273 3845 2480 3900 habitet.
2513 3873 2583 3886 —
2619 3846 2682 3899 Et
2709 3845 3006 3916 interrogo.
3035 3845 3190 3914 cujus
3220 3845 3274 3899 in
3311 3859 3376 3899 eu
3418 3845 3713 3899 divinitatis
3739 3840 3834 3912 ple-

565 3949 727 3997 cutus
750 3945 807 3994 et
834 3939 980 3994 visus
1007 3939 1096 3994 sit.
1131 3937 1243 3994 Hoc
1276 3938 1514 3994 Ecclesia
1547 3938 1829 4009 intelligit,
1858 3938 1962 3994 hoc
1989 3943 2164 4012 Syna-
2272 3942 2458 3996 nitudo
2479 3940 2604 3996 est?
2632 3939 2762 4008 Quae
2784 3941 2827 3994 si
2857 3955 2961 3996 non
2991 3939 3162 3996 Patris
3189 3947 3302 4003 est,
3335 3953 3500 4012 quem
3533 3938 3659 3994 mihi
3696 3935 3834 3991 Deum

566 4047 701 4104 goga
723 4048 830 4086 non
853 4031 1045 4098 credit,
1079 4031 1183 4087 hoc
1209 4031 1548 4103 philosophia
1573 4047 1680 4088 non
1703 4033 1876 4103 sapit,
1908 4049 2072 4090 unum
2098 4050 2165 4090 ex
2270 4034 2432 4089 alium
2460 4033 2616 4088 unius
2644 4033 2740 4088 Dei
2771 4031 2931 4089 fallax
2958 4031 3277 4103 praedicator
3309 4030 3577 4102 imponis,
3602 4030 3744 4098 cujus
3767 4028 3835 4081 di-

664 4185 716 4258 1)
760 4185 1308 4258 Reconciliarl;_mox,_
1321 4197 1656 4258 permanere.
1732 4252 1743 4258 _
2264 4200 2440 4258 τητος.
2484 4175 2752 4258 _Sic__infr_a
2785 4173 3156 4258 llilariu’s‘ait,
3187 4172 3837 4258 omnisnperocorporatitcr

664 4185 716 4258 1)
760 4185 1126 4248 Reconciliarl;
1157 4199 1304 4250 mox,
1339 4197 1656 4252 permanere.
2264 4200 2440 4240 τητος.
2484 4185 2576 4233 Sic
2614 4185 2752 4232 intra
2786 4185 3020 4230 Hilarius
3057 4185 3156 4238 att,
3187 4190 3350 4228 omnis
3386 4190 3508 4256 pero
3536 4185 3836 4252 corporatucr

632 4185 711 4325 i2)
758 4259 884 4311 Haec
913 4266 995 4311 est
1023 4256 1180 4311 lectio
1212 4255 1415 4310 codicis
1447 4252 1806 4317 Veronensis;
1846 4267 1968 4308 nam
1999 4262 2158 4325 antea
2267 4250 2532 4325 plenitudo
2569 4249 2851 4325 diuinitatis
2885 4247 2938 4302 in
2979 4243 3186 4325 Christo
3213 4256 3305 4300 est.
3345 4246 3624 4325 Stcﬁehtiani
3673 4247 3836 4313 legitur

559 4317 823 4400 plenitudo
859 4327 1160 4381 divinitatis.
1189 4325 1409 4392 Graece,
1437 4331 1541 4382 πᾶν
1564 4326 1626 4380 τὸ
1649 4325 1903 4402 πλήρωμα
1926 4339 2020 4385 τῆς
2047 4323 2111 4380 Gri

1979 4340 2020 4385 g;
2047 4323 2158 4380 Θιὸ-
2267 4317 2363 4377 lib.
2394 4340 2433 4388 ι,
2462 4337 2610 4377 num.
2639 4320 2696 4388 8,
2730 4334 2831 4376 nec
2862 4334 2967 4374 non
2999 4317 3093 4372 lib.
3127 4331 3225 4382 xu,
3254 4332 3401 4372 num.
3435 4317 3531 4372 20.

635 4442 713 4518 (ιι)
757 4443 1012 4518 Erasmus
1041 4439 1363 4518 conjectavit
1389 4439 1673 4507 legendum
1705 4455 1826 4518 esse
1853 4439 2160 4518 reconcilin-
2183 4440 2238 4501 D
2263 4439 2553 4518 lectionem
2579 4450 2738 4518 quam
2769 4429 3577 4518 s‘eqt‘tuntur'Cypriannscpig.
3599 4450 3689 4518 ιιι,
3712 4442 3756 4489 et
3780 4431 3833 4518 de

563 4502 669 4572 tum
696 4502 715 4570 ἓ
746 4514 886 4584 quod
917 4502 1179 4584 exinde'a
1219 4510 1400 4574 Lipsio
1428 4502 1702 4580 arreptum
1725 4553 1739 4578 ,
1774 4512 1826 4566 in
1871 4511 1992 4565 aliis
2023 4511 2156 4569 edit.
2266 4510 2416 4584 Dono
2439 4502 2741 4584 patientize,
2773 4502 3152 4584 Ambros-itts,‘
3174 4502 3328 4584 lib.)
3359 4502 3462 4584 _de’
3517 4503 3671 4584 Fide,
3713 4519 3756 4584 ς.
3786 4505 3828 4569 5,

563 4574 826 4650 obtinuit,
863 4583 1220 4639 renitentibus
1247 4597 1378 4636 mss.
1431 4650 1434 4651 ν
1558 4574 1570 4580 ’
1727 4574 1736 4578 ’
2267 4574 2626 4651 llieronyntus
2660 4579 2710 4631 in
2749 4592 2869 4645 cap.
2900 4590 2948 4651 tv
2978 4575 3136 4644 epist.
3178 4575 3243 4651 ad
3276 4574 3408 4651 Gal._
3443 4577 3685 4646 proximo
3705 4575 3830 4651 Apo-

632 4658 706 4732 (b)
737 4645 1078 4732 invulgati“
1099 4650 1470 4732 reconciliari:
1491 4660 1765 4732 corrupte.
1797 4652 1916 4706 Mox
1949 4653 1999 4705 in
2027 4667 2156 4732 mss.
2263 4649 2407 4732 stoli_
2435 4645 2584 4732 loco,
2621 4662 2715 4718 pro
2749 4664 2819 4732 pe
2859 4647 2971 4716 quis
3001 4661 3086 4699 uos
3117 4645 3360 4732 seducet,
3394 4645 3632 4732 Ιιῖεθιιιρδ
3661 4647 3830 4732 ttlenqnis

559 4713 830 4784 bas.'Vat.
865 4713 1174 4784 etUMartiu.
1221 4725 1307 4794 qui
1352 4723 1406 4778 in
1433 4739 1485 4776 se
1526 4726 1638 4792 ipse
1661 4713 1889 4778 maneret
1910 4764 1926 4790 ,
1975 4722 2160 4779 addito
2263 4738 2351 4778 vos
2375 4713 2716 4794 deprwdciur,
2749 4713 3158 4794 laventegrarco
3185 4713 3504 4794 συλαγογῶὶο.
3535 4713 3770 4794 11ης)...ΙίΙῄ
3799 4731 3829 4772 t.

558 4801 688 4872 ipse.
749 4869 886 4872 __A_
1096 4868 1105 4872 _
1176 4866 1187 4872 _
1233 4787 1278 4872 Ἀ
1391 4866 1403 4872 Α
1489 4865 1500 4872 _
1548 4787 1559 4792 ⁷
1853 4864 1864 4872 _
1911 4787 1920 4790 ⁷
2267 4787 2449 4872 ιι..15ζ
2478 4807 2598 4846 cum
2635 4791 2711 4872 iis
2748 4789 2872 4872 facit
2913 4789 3142 4872 [lilarius
3186 4787 3554 4872 ipse'tepenS,
3595 4787 3831 4872 Videtque

659 4872 705 4939 c)
748 4869 911 4931 Editi,
941 4866 1207 4939 apertiori.
1240 4863 1571 4939 Concinnitts
1602 4877 1730 4939 mss.
1758 4864 1975 4935 aptiore.
2263 4863 2377 4934 quis
2408 4881 2493 4918 uos
2517 4862 2740 4939 spoliet.
2767 4859 3027 4939 Alterius_
3050 4859 3523 4939 tatnen___lection_is
3567 4857 3831 4939 antiquitas

659 4872 705 4939 c)
748 4869 911 4931 Editi,
941 4869 1207 4939 apertiori.
1240 4869 1571 4921 Concinnius
1602 4877 1730 4918 mss.
1758 4869 1975 4935 aptiore.
2263 4869 2377 4934 quis
2408 4881 2493 4918 uos
2531 4869 2732 4932 spoliet.
2767 4869 3004 4914 Alterius
3050 4869 3226 4912 tamen
3276 4869 3523 4914 lectionis
3567 4869 3824 4926 antiquitas

633 4869 710 5016 id)
754 4941 882 4998 Bad.
937 4947 991 5016 et
1037 4938 1130 4993 Er.
1170 4953 1290 4992 cum
1315 4937 1906 5016 _recentioribu§_mss.
1961 4945 2156 5016 natura:
2265 4945 2493 5016 patetcx
2516 4933 2868 5016 Tui-tul)i;inti,
2893 4930 3322 5011 apudqueml‘ib.
3347 4931 3413 4985 de
3449 4933 3669 5016 Pr:escr.
3705 4929 3824 4984 lber.

557 5001 726 5082 specie
753 5031 786 5066 α
827 5029 878 5066 se
918 5011 1099 5066 aliena:
1130 5027 1149 5076 ,'
1195 5024 1258 5063 ac
1296 5007 1493 5082 deinde
1538 5022 1657 5082 c_um
1711 5005 1853 5076 Lips.
1900 5009 2156 5064 omittunt
2265 5001 2318 5061 ἱι.
2353 5008 2407 5082 7,
2438 5001 2852 5082 exstat,_Vi_dete
2879 5015 2941 5054 ue
2961 5003 3071 5082 quis
3093 5016 3178 5082 uqs
3200 5002 3583 5082 circumveniat.

560 5069 738 5150 neque.
773 5083 969 5137 Natura
1003 5098 1096 5152 per
1123 5069 1528 5152 creationetnin
1559 5077 1726 5132 Deum
1749 5069 2152 5152 c'oinparataca
2339 5075 2418 5152 (g)
2459 5075 2609 5146 Apud
2642 5073 2805 5152 Bad,
2838 5089 2938 5126 non
2968 5069 3029 5152 de
3065 5073 3426 5152 substantibus.
3463 5071 3517 5126 lu
3544 5072 3670 5127 edit.
3696 5069 3826 5152 aliis,

560 5139 664 5219 esi,
696 5170 818 5224 qua:
845 5139 1024 5208 creata
1056 5153 1207 5216 licet,
1237 5168 1299 5207 cx
1329 5150 1554 5224 quadam
1589 5158 1766 5204 tamen
1802 5139 2152 5219 praerogativa
2261 5139 2448 5224 non'de
2467 5139 2823 5202 (testantibus:
2846 5143 3097 5224 mendutn
3119 5141 3259 5212 quod
3283 5144 3545 5224 castigant
3569 5160 3690 5198 mss.
3710 5139 3825 5224 1‘qu!

563 5211 664 5279 sibi
695 5211 973 5294 c'otnparat
1001 5234 1161 5294 atque
1192 5211 1394 5281 obtinet
1422 5220 1516 5276 Dei
1547 5236 1766 5294 nomen.
1978 5211 2005 5219 ⁷
2110 5291 2121 5294 _
2260 5218 2474 5294 Lipsius
2507 5233 2603 5294 pro
2650 5224 2852 5280 manet,
2905 5215 3082 5284 posuit
3115 5211 3301 5294 meum
3321 5214 3698 5294 ,mverbumque
3741 5211 3826 5294 itth

635 5296 704 5366 (ε)
749 5280 980 5366 Ex'cusj,
1021 5280 1159 5364 qtiod
1200 5280 1330 5366 totus
1369 5301 1488 5366 est:
1527 5291 1912 5366 reluctantibus
1953 5291 2154 5366 vetezlf
2261 5280 2653 5366 reiinnitjfar.
2699 5280 3060 5366 contra-Amas.
3111 5283 3291 5338 fidem.
3318 5283 3543 5366 “Videsis
3591 5280 3753 5340 [totam
3791 5280 3822 5333 l.

558 5353 660 5424 bus
689 5353 873 5426 libris.
924 5353 1084 5420 Pater
1125 5380 1245 5419 cum
1288 5362 1358 5418 sit
1387 5355 1601 5432 aliquod
1648 5374 1814 5434 totum
1836 5404 1848 5428 ,
1883 5373 2001 5432 post
2031 5361 2151 5416 Filii
2259 5361 2516 5434 pagelfﬂ
2547 5360 2689 5434 (not.
2725 5356 2760 5410 h
2788 5357 3024 5434 col.
3054 5366 3240 5434 nostra:
3267 5356 3508 5434 editionis
3522 5353 3561 5434 ).

561 5422 894 5492 nativitatem
931 5444 1204 5505 permanet
1236 5435 1361 5488 illud
1387 5422 1551 5490 out'ne
1580 5431 1721 5504 quod
1748 5422 1897 5499 erat,
1918 5439 2099 5504 utpote
2122 5447 2150 5486 a
2259 5422 2299 5505 '_
2328 5422 2415 5504 '(h)
2455 5431 2529 5485 lta
2554 5422 2794 5505 potiores
2817 5427 2936 5482 eod.
2971 5427 3084 5480 Vat.
3110 5427 3225 5505 bas.
3257 5422 3642 5505 ,_alte_r_Va'tic.,
3666 5422 3821 5486 Colb.,

559 5524 667 5578 quo
695 5508 839 5578 inulla
871 5497 993 5577 pars
1019 5505 1224 5578 divulsa
1254 5506 1342 5578 sit.
1382 5575 1392 5578 _
1511 5576 1520 5578 _
1599 5497 1610 5504 ’
1694 5572 1704 5578 _
1812 5573 1824 5578 _
1874 5497 1880 5499 ⁷
1979 5497 1992 5504 ⁷
2096 5574 2105 5578 Α
2259 5497 2608 5578 ϐθῂιιιεηριὸ.
2637 5499 2744 5554 Alii
2770 5514 2920 5564 vero,
2951 5498 3211 5578 neccwpit
3237 5501 3300 5578 ab
3323 5497 3536 5578 origine.

637 5578 709 5648 (ι’)
751 5575 843 5631 Er.
871 5568 1001 5646 'post
1032 5575 1186 5648 Bad.,
1237 5576 1324 5648 qui
1358 5575 1645 5648 doctrinam
1684 5572 1949 5648 hominum
1995 5574 2149 5642 sapit.
2332 5573 2396 5643 (i)
2437 5568 2491 5626 Id
2522 5583 2765 5648 est,_t_ton
2799 5581 3022 5648 possum
3054 5569 3190 5621 intra
3220 5568 3377 5648 simul
3407 5580 3462 5648 et
3510 5578 3658 5648 ex_tra
3677 5578 3819 5648 esse;

561 5636 703 5704 Par.
723 5656 840 5715 post
874 5636 1019 5714 Lips.
1053 5655 1097 5700 et
1125 5636 1188 5701 de
1215 5636 1447 5700 doctrina
1486 5647 1751 5702 hominum
1781 5647 1913 5708 sapit
1945 5661 1964 5700 :
1990 5636 2156 5700 casti-
2261 5636 2388 5715 cuiu
2409 5652 2598 5697 contra
2624 5636 2955 5715 Christ‘usin
2986 5639 3098 5715 Deo
3126 5643 3390 5715 ert-sistens
3419 5638 3577 5693 simul
3603 5648 3654 5692 et
3674 5636 3821 5715 Deum

563 5727 691 5787 gant
723 5705 866 5771 'mss.
909 5705 1061 5787 Quod
1100 5717 1224 5772 inde
1251 5721 1514 5786 sequitur,
1553 5725 1681 5787 puta
1719 5725 1767 5771 et
1804 5705 2156 5787 Philosophiae
2259 5714 2312 5787 in
2340 5729 2398 5769 se
2434 5715 2642 5787 habens
2672 5713 2823 5787 intra
2848 5711 3088 5766 simulet
3115 5721 3263 5766 extra
3290 5709 3500 5780 Patrem
3529 5717 3716 5770 exstet.
3750 5705 3822 5770 Vi-

567 5783 746 5863 prazda
791 5795 900 5850 est,
935 5783 1132 5844 indicio
1175 5794 1259 5843 est
1311 5783 1417 5847 non
1462 5783 1696 5862 ignotam
1749 5787 1944 5853 llilario
1991 5783 2154 5845 fuisse
2259 5786 2404 5843 desis
2430 5785 2640 5851 initium
2672 5783 2765 5840 lib.
2800 5798 2874 5849 tu.
