3930 6194
87 292 170 345 277

1247 281 1336 339 DE
1375 277 1751 339 TRINI'I'A'I‘E
1789 281 1994 340 LIBER
2031 283 2123 339 IX.

3233 295 3338 353 9.78

86 401 290 459 vinitatis
319 397 592 470 plenitudo
616 397 822 454 habitet
851 397 903 453 in
936 395 1194 453 Christo?
1221 393 1280 452 Si
1302 407 1434 452 vero
1461 395 1634 452 Patris
1659 402 1714 463 Α
1738 395 1986 454 Christus
2004 440 2020 468 ,
2052 407 2137 455 est
2162 406 2217 457 et
2245 399 2550 457 inhabitans
2577 401 2631 457 in
2658 415 2727 459 eo
2750 402 3051 462 divinitatis
3074 417 3330 480 corpora-

86 505 170 560 est,
195 492 347 549 edoce
376 490 643 562 quomodo
682 489 1038 561 corporaliter
1079 489 1196 544 haec
1229 489 1284 544 in
1335 502 1402 545 eo
1433 486 1640 544 habitet

85 587 340 660 plenitudo.
364 585 419 641 Si
441 587 585 642 enim
609 583 879 655 corporali
905 583 1064 639 modo
1085 583 1303 640 Patrem
1329 582 1382 637 in
1403 581 1541 637 Filio
1557 581 1634 654 (a)

86 679 262 745 credis;
315 678 472 734 Pater
523 678 576 733 in
629 676 768 734 Filio
837 677 1087 732 habitans
1138 691 1246 732 non
1302 675 1536 731 exstabit
1581 674 1639 730 in

85 787 202 828 sese.
229 769 298 841 (l)
323 769 376 826 Si
398 783 550 837 vero,
585 769 725 840 quod
749 779 832 825 est
860 769 1070 840 potius,
1105 768 1462 840 corporaliter
1489 768 1542 823 in
1573 782 1641 824 eo

86 879 275 920 manens
296 861 368 935 (b)
388 862 639 919 divinitas
662 872 871 918 naturas
900 863 952 918 in
989 878 1057 920 eo
1083 864 1178 919 Dei
1204 878 1269 919 ex
1300 864 1411 918 Deo
1438 861 1643 934 signiﬁ-

87 965 157 1014 cat
182 957 476 1021 veritatem;
507 957 631 1012 dum
667 957 717 1010 in
744 970 811 1011 eo
853 956 999 1012 Deus
1019 964 1134 1020 est,
1168 971 1274 1011 non
1305 966 1395 1010 aut
1429 969 1529 1025 per
1555 955 1640 1010 di-

89 1051 349 1120 gnationem
375 1059 467 1104 aut
487 1064 582 1120 per
606 1048 961 1115 voluntatem,
994 1048 1090 1104 sed
1111 1063 1208 1119 per
1233 1048 1640 1119 generationem

87 1159 215 1198 verus
234 1151 281 1197 et
301 1151 438 1196 totus
461 1140 536 1213 (c)
569 1142 839 1213 corporali
869 1143 1168 1199 secundum
1214 1159 1276 1198 se
1308 1143 1643 1212 plenitudine

87 1250 304 1299 manens;
335 1234 460 1290 dum
491 1233 633 1305 quod
662 1236 778 1306 ipse
809 1245 926 1304 est,
966 1235 1016 1291 id
1047 1238 1210 1292 etiam
1254 1252 1349 1306 per
1385 1235 1640 1290 nativita-

89 1328 277 1384 tem.Dei
308 1327 357 1383 in
383 1327 554 1383 Deum
585 1325 661 1399 (2)
690 1337 874 1382 natum
909 1328 987 1401 (d)
1015 1339 1128 1394 est;
1161 1343 1340 1400 neque
1365 1329 1640 1385 diversum

89 1433 158 1474 aut
181 1419 414 1476 dili‘erens
440 1420 643 1490 aliquid
675 1420 728 1475 in
754 1421 869 1477 Deo
890 1430 994 1487 est,
1019 1437 1177 1491 titiam
1205 1421 1259 1477 id
1281 1422 1420 1493 quod
1444 1436 1640 1490 corpo-

86 1516 240 1570 raliter
265 1514 455 1570 habitet
480 1513 540 1570 in
581 1512 831 1582 Christo;
861 1524 916 1571 et
952 1515 1214 1586 quidquid
1259 1513 1338 1588 ('5)
1379 1515 1644 1571 inhabitet

87 1607 411 1677 corporaliter,
442 1609 492 1664 id
524 1610 698 1682 ipsum
722 1610 1018 1666 secundum
1044 1610 1338 1665 divinitatis
1365 1619 1448 1666 est
1469 1611 1642 1680 pleni-

85 1701 283 1758 tudinem
308 1720 320 1755 :
351 1702 474 1772 quid
503 1704 738 1759 humana
767 1705 1033 1759 sectaris?
1059 1705 1220 1778 253
1247 1705 1372 1776 quid
1400 1706 1638 1760 inanium

1740 491 1864 547 liter
1884 491 2181 562 plenitudo.

1812 583 1903 640 56.
1933 584 2065 651 Qua:
2089 587 2155 642 sit
2176 584 2428 642 habitatio
2453 589 2762 660 corporalis.
2791 588 2953 664 Cujus
2981 593 3068 649 sit.
3098 621 3172 636 --
3198 594 3266 651 Et
3288 599 3348 653 si.

1740 691 1953 748 quartis
1981 694 2101 750 qua:
2142 680 2213 735 sit
2254 680 2515 738 habitatio
2542 684 2876 754 corporalis;
2922 687 3165 760 intellige
3204 691 3334 761 quid

1741 770 1815 826 sit
1840 769 1984 842 loqui
2006 771 2060 827 in
2091 773 2375 845 loquente,
2401 775 2532 830 etin
2555 775 2673 832 viso
2692 776 2885 847 videri,
2908 789 2965 836 et
2992 781 3046 836 in
3074 793 3335 853 operante

1743 863 1993 932 operari,
2024 872 2080 920 et
2108 865 2160 919 in
2202 865 2313 923 Deo
2340 866 2547 934 Deum,
2597 876 2652 924 et
2679 883 2745 923 ex
2778 876 2889 925 toto
2925 879 3128 941 totum,
3173 883 3229 929 et
3269 889 3339 932 ex

1743 972 1851 1012 uno
1879 973 2043 1012 unum
2069 975 2084 1014 :
2110 967 2166 1014 et
2193 960 2265 1014 ita
2291 960 2591 1030 corporalis
2619 961 2916 1018 divinitatis
2947 965 3334 1034 plenitudinem

1743 1063 2092 1120 recognosce.
2125 1049 2193 1106 Et
2215 1052 2370 1123 cujus
2399 1052 2518 1108 haec
2547 1052 2843 1110 divinitatis
2880 1061 3235 1128 corporaliter
3261 1062 3340 1118 in-

1743 1142 1994 1198 habitans
2017 1144 2295 1213 plenitudo
2323 1147 2424 1211 sit,
2471 1159 2748 1203 memento
2775 1150 3092 1220 Apostolnm
3124 1170 3229 1211 non
3262 1167 3341 1212 ta-

1744 1251 1868 1293 cere
1893 1237 2196 1293 dicentem:
2219 1236 2302 1292 Ea
2321 1239 2478 1306 enim,
2505 1256 2620 1310 qua:
2643 1241 2922 1298 inuisibilia
2948 1255 3067 1298 sunt
3089 1249 3231 1320 ejus,
3260 1247 3340 1321 (Ii)

1743 1347 1776 1382 a
1807 1330 2168 1384 constitutione
2203 1331 2412 1397 mundi,
2456 1347 2547 1401 per
2582 1348 2643 1385 ea
2667 1348 2784 1403 quia
2825 1337 2963 1406 facta
2993 1346 3142 1404 sunt,
3193 1338 3344 1394 intel-

1747 1423 1876 1477 lecta
1919 1423 2306 1493 conspiciuntur
2327 1432 2522 1478 (τισι-πα
2548 1440 2745 1495 quoque
2781 1427 2891 1496 ejus
2921 1428 3080 1483 uirtus
3123 1441 3172 1484 et
3207 1431 3340 1486 diri-

1746 1515 1881 1568 nitas
1916 1513 2093 1585 (Rom.
2129 1530 2169 1580 1,
2203 1513 2314 1586 20).
2359 1513 2532 1584 Hujus
2559 1515 2740 1585 itaque
2762 1516 3016 1573 divinitas
3050 1518 3115 1592 (i)
3142 1534 3340 1592 corpo-

1745 1607 1875 1662 ralis
1907 1605 1958 1660 in
1989 1602 2206 1659 Christo
2227 1613 2338 1672 est,
2384 1620 2491 1660 non
2520 1621 2584 1661 ex
2629 1619 2809 1677 parte,
2841 1608 2939 1664 sed
2989 1618 3134 1678 tota;
3165 1627 3340 1683 neque

1745 1701 1922 1772 portio
1949 1708 2032 1754 est
2051 1742 2068 1768 ,
2097 1699 2191 1754 sed
2224 1699 2534 1769 plenitudo:
2575 1699 2648 1754 ita
2688 1702 3045 1772 corporaliter
3073 1719 3299 1761 manens
3325 1749 3340 1772 ,

85 1793 408 1861 deceptionutn
434 1794 992 1852 doctrinisinhaares?
1013 1797 1142 1867 quid
1167 1796 1295 1850 mihi
1323 1795 1483 1851 aliers
1505 1812 1635 1852 una-
1664 1797 1712 1856 B
1743 1803 1799 1847 ut
1821 1806 1988 1846 unum
2017 1794 2128 1845 sint
2152 1806 2168 1856 ;
2217 1789 2292 1843 ita
2321 1804 2487 1844 unum
2528 1798 2676 1856 sunt,
2720 1799 2778 1845 ut
2805 1805 2837 1846 a
2858 1791 2971 1846 Deo
2998 1807 3107 1849 non
3128 1794 3343 1851 dili‘erat

86 1887 358 1956 nimitatem,
389 1888 768 1956 concordiam,
809 1888 1152 1945 creaturam?
1177 1888 1465 1945 Plenitudo
1492 1889 1635 1944 divi-

86 1979 231 2034 nitatis
249 1980 297 2035 in
319 1978 532 2036 Christo
565 1989 650 2037 est
671 1983 1046 2052 corporaliter.

136 2072 210 2128 55.
249 2072 387 2128 Alius
413 2073 684 2142 habitans,
718 2076 852 2130 alius
879 2075 1164 2142 habitatio;
1207 2079 1458 2146 perfectus
1498 2084 1638 2132 uter-

84 2182 155 2234 que
176 2164 316 2220 Deus.
347 2197 414 2206 —
430 2166 636 2224 Tenuit
655 2177 836 2223 autem
855 2169 1019 2224 etiam
1047 2169 1100 2223 in
1131 2167 1234 2224 hoc
1258 2169 1546 2238 Apostolus
1568 2167 1632 2223 li-

86 2259 149 2314 dei
170 2274 265 2315 sua:
294 2261 457 2332 legem
481 2302 500 2332 ,
531 2270 599 2318 ut
623 2263 979 2335 corporaliter
1012 2265 1063 2319 in
1091 2261 1308 2320 Christo
1336 2263 1638 2320 inhabitare

85 2355 418 2424 plenitudinem
445 2356 752 2412 divinitatis
793 2357 1017 2414 doceret
1042 2376 1055 2414 :
1085 2355 1168 2431 (4)
1201 2374 1267 2413 ne
1292 2357 1359 2412 ad
1383 2359 1636 2414 unionem

86 2447 140 2516 (ε)
162 2447 352 2517 impiam
376 2448 496 2504 lidei
520 2464 708 2505 sermo
729 2449 1050 2518 decideret,
1079 2463 1182 2506 nec
1202 2449 1270 2506 ad
1293 2451 1515 2506 alterius
1543 2466 1638 2507 na-

87 2549 187 2594 tura?
207 2540 609 2610 intelligentiam
638 2540 784 2597 furor
808 2542 1143 2613 irreligiosus
1171 2551 1499 2612 erumperet.
1534 2543 1640 2599 Ha-

87 2629 220 2687 bitans
241 2632 370 2687 enim
411 2634 464 2688 in
491 2633 717 2690 Christo
744 2633 1022 2703 plenitudo
1051 2634 1346 2691 divinitatis
1383 2651 1640 2705 corpora-

88 2722 195 2790 liter,
218 2738 306 2780 nec
331 2725 623 2796 singularis
661 2742 762 2782 nec
787 2727 1105 2797 separabilis
1132 2736 1247 2783 est:
1270 2727 1397 2783 dum
1425 2727 1507 2802 (5)
1541 2743 1640 2786 nec

94 2815 142 2886 ll)
164 2830 212 2872 se
255 2819 442 2888 patitur
467 2836 498 2876 a
532 2820 810 2890 corporali
836 2821 1169 2891 plenitudine
1198 2823 1496 2893 corporalis
1527 2824 1643 2893 ple-

89 2909 233 2965 nitudo
264 2911 512 2980 discerni,
549 2927 654 2969 nec
676 2910 932 2969 habitans
972 2914 1224 2970 divinitas
1249 2930 1310 2971 ea
1341 2917 1453 2986 ipsa
1485 2916 1643 2972 intel-

91 3000 155 3071 ligi
179 3013 327 3073 potest
353 3019 470 3062 esse
495 3007 802 3062 divinitatis
829 3007 1110 3065 habitatio.
1159 3009 1335 3080 Atque
1354 3009 1425 3064 ita
1453 3009 1642 3066 Chris-

91 3101 152 3148 tus
167 3105 252 3163 est,
271 3105 325 3154 ut
341 3100 705 3169 corporaliter
726 3099 1004 3170 plenitudo
1027 3100 1321 3156 divinitatis
1344 3102 1396 3155 in
1419 3099 1636 3156 Christo

89 3185 163 3251 sit;
202 3191 269 3244 sic
310 3206 432 3248 vero
473 3194 527 3247 in
577 3190 795 3248 Christo
833 3194 904 3248 sit
943 3193 1240 3250 divinitatis
1288 3191 1712 3266 corporaliterC

92 3282 342 3352 plenitudo,
372 3296 430 3342 ut
451 3289 503 3343 in
524 3301 599 3344 eo
628 3287 932 3344 inhabitans
956 3289 1033 3362 lg)
1069 3289 1346 3359 plenitudo
1372 3305 1479 3344 non
1496 3289 1640 3346 aliud

93 3374 370 3448 intelligatur
397 3395 518 3436 esse
577 3396 740 3452 quam
771 3381 1041 3437 Christus.
1074 3382 1280 3438 Furore
1327 3396 1462 3453 quas
1493 3382 1642 3438 voles

90 3469 319 3527 verborum
340 3474 703 3540 occasiones,
745 3482 800 3530 et
848 3474 1134 3545 irreligiosi
1177 3474 1380 3546 ingenii
1425 3474 1642 3529 aculeos

92 3560 539 3622 excits.Ementire
588 3566 782 3622 saltem
826 3565 980 3636 cujus
1020 3566 1294 3637 plenitudo
1346 3567 1644 3622 divinitatis

90 3649 130 3706 in
162 3651 348 3713 Christo
399 3657 676 3715 inhabitet
714 3656 878 3731 254
929 3658 1301 3730 corporaliter.
1350 3658 1448 3716 Est
1496 3659 1640 3715 enim

139 3845 205 3909 ll)
238 3846 326 3904 Sin
353 3865 491 3907 uero.

139 3915 203 4058 ρ)
237 3918 395 3976 Natus
424 3933 520 3978 est.

158 3987 203 4060 ὅ)
234 3986 505 4048 Inhabitat.

234 3986 505 4048 Inhabitat.

109 4137 211 4266 ,(οὲ
237 4139 354 4196 Bsd.
384 4153 440 4200 et
459 4145 586 4211 En,
618 4146 859 4201 recludis.
889 4144 1036 4215 Lips.
1062 4152 1117 4201 et
1140 4143 1263 4200 Par.
1293 4157 1414 4200 cum
1442 4154 1631 4197 recen—

109 4223 176 4263 lori
214 4226 266 4266 us
293 4229 416 4266 mss.
455 4216 685 4266 claudis.
725 4217 795 4266 At
834 4219 885 4266 in
931 4215 1227 4266 notioribus
1269 4229 1397 4266 mss.
1429 4213 1629 4266 credis.

92 4213 266 4282 "nribus
293 4229 416 4270 mss.
455 4216 685 4272 claudis.
724 4217 795 4273 At
834 4219 885 4272 in
931 4213 1227 4282 potioribus
1269 4229 1397 4270 mss.
1429 4213 1629 4278 credis,

93 4280 152 4357 vel
173 4285 343 4357 credes.
376 4287 465 4344 Sic
493 4303 684 4357 supra,
726 4305 872 4344 num.
910 4280 1004 4352 24,
1037 4297 1095 4342 ιιι
1122 4288 1332 4342 Patrem
1363 4286 1432 4339 ita
1462 4293 1515 4338 et
1538 4282 1633 4357 Fi-

93 4347 186 4402 lium
211 4354 393 4427 dictum
434 4347 580 4414 esse.
604 4347 864 4427 Spiritum
898 4347 1234 4420 observatur,
1268 4372 1328 4410 ne
1356 4356 1633 4427 secundum

91 4426 326 4496 {argutula
346 4431 523 4483 modos
546 4431 620 4484 ita
641 4425 805 4486 inesse
831 4429 1026 4485 Filium
1053 4433 1104 4485 in
1139 4427 1299 4484 Patre
1317 4427 1393 4482 uel
1426 4425 1634 4480 Patrem

90 4489 128 4541 in
147 4489 264 4550 Filio
287 4501 632 4556 crederemus.

143 4605 200 4676 (θ)
236 4608 344 4668 Vat.
387 4613 505 4671 bas.
559 4615 730 4671 codex
752 4659 765 4683 ,
799 4617 1066 4673 divinitate
1088 4634 1107 4672 :
1137 4615 1298 4671 male.
1318 4615 1436 4670 Mox
1475 4612 1631 4680 Bad.,
1657 4594 1713 4653 D

92 4675 223 4760 Etet
267 4683 443 4752 Lips.,
475 4675 1044 4760 signi/icat'unitatem.
1094 4687 1263 4758 Magis
1306 4689 1479 4760 placet
1507 4675 1631 4740 cuni

94 4745 182 4802 Par.
207 4745 681 4814 etmss.ueriiaté1n
703 4777 721 4815 :
750 4771 805 4814 ut
825 4759 1158 4814 divinitatem
1181 4745 1241 4813 in
1267 4745 1484 4815 Christo
1508 4772 1634 4811 eor-

94 4821 298 4904 ltoraliter
322 4839 630 4904 manentem
655 4833 1048 4904 interpretetur
1072 4829 1127 4885 S.
1154 4831 1356 4886 Doctor
1386 4839 1632 4904 naturam

95 4887 292 4972 Deivere
317 4911 381 4972 ac
395 4887 829 4957 substantialitei'
860 4901 914 4957 in
943 4918 1011 4958 eo
1041 4914 1369 4956 manentem.
1398 4901 1471 4955 ita
1496 4899 1633 4953 Ter-

93 4961 300 5040 tullianus
322 4970 582 5028 adversus
614 4974 800 5039 Prax.,
835 4991 887 5028 n.
922 4976 976 5037 7,
1011 4973 1099 5028 ubi
1129 4973 1298 5028 dixit:
1333 4974 1462 5040 Quis
1502 4972 1636 5024 enim

94 5037 250 5116 ζιρςαω
274 5038 433 5116 Deum
459 5059 648 5114 corpus
675 5037 813 5108 esse,
841 5049 934 5100 etsi
957 5044 1099 5098 Deus
1128 5037 1370 5116 Spiritus
1386 5053 1458 5116 est
1476 5085 1490 5107 ,
1521 5052 1633 5116 stn-

95 5109 162 5184 liiu
186 5109 340 5184 innuit
375 5109 565 5184 corpus
597 5118 699 5170 hoc
726 5133 784 5171 se
812 5117 1044 5180 dixisse,
1085 5109 1224 5184 quod
1259 5132 1362 5169 non
1410 5115 1478 5167 sit
1520 5113 1638 5166 sine

95 5173 344 5234 substantia
364 5223 377 5246 ,
419 5173 546 5239 dum
585 5187 838 5256 subjicit:
871 5186 977 5241 Sed
1004 5173 1049 5240 et
1079 5173 1352 5239 invisibilia
1381 5185 1474 5239 illa
1497 5198 1638 5254 qure-

98 5260 265 5327 ‘umque
288 5265 435 5319 sunt,
483 5258 667 5312 habent
710 5259 849 5327 apud
885 5257 1046 5311 Deum
1091 5269 1136 5311 et
1179 5274 1326 5310 suum
1370 5273 1550 5326 corpus
1595 5263 1642 5307 et

99 5329 207 5400 "tam
231 5322 458 5400 formam,
487 5347 574 5391 per
601 5346 714 5398 quae
745 5322 848 5382 'soli
875 5328 985 5382 Deo
1008 5328 1227 5382 visibilia
1253 5337 1372 5382 sunt
1405 5345 1421 5400 .f
1449 5322 1640 5396 quanto

101 5396 224 5472 ἐξοςξς
245 5396 372 5463 quod
401 5413 467 5452 ea:
500 5396 662 5472 ipsius
691 5401 970 5454 substantia
1000 5401 1227 5472 missum;
1245 5409 1349 5464 est,
1383 5399 1490 5472 sine
1525 5403 1644 5472 ρυρ-

104 5467 248 5538 ααιζιξο
280 5482 386 5538 non
433 5467 531 5524 erit
546 5471 564 5523 !
605 5472 722 5538 Quo
752 5486 913 5526 sensu
963 5471 1052 5525 lib.
1080 5472 1146 5525 de
1191 5469 1364 5525 Carne
1409 5468 1642 5534 Christi,

105 5530 241 5612 Eu”,
263 5535 450 5612 dixerit
468 5580 483 5605 ,
533 5530 693 5596 Omwne
718 5543 854 5612 quod
890 5551 983 5605 est,
1014 5558 1198 5612 corpus
1222 5551 1294 5595 est
1321 5541 1400 5594 sui
1433 5530 1651 5612 generis.

111 5595 313 5684 {Whilest
342 5595 688 5681 incoiporale,
720 5595 821 5667 nisi
847 5595 983 5684 quod
1007 5595 1222 5667 nonrest.
1251 5595 1660 5684 Neqnufobscn-

109 5683 306 5754 rum.esl
334 5693 531 5748 corpus
580 5685 670 5740 hic
696 5685 764 5738 ab
810 5683 1011 5738 Hilario
1055 5685 1194 5745 dici,
1233 5684 1373 5754 quiid
1409 5683 1622 5754 plelittrn
1645 5723 1661 5754 ,_

115 5743 222 5820 quod
245 5743 445 5824 verum
477 5768 538 5808 ac
590 5755 944 5809 substantiale
985 5765 1086 5808 est.
1133 5743 1267 5822 Quo’
1289 5743 1498 5824 spectat
1535 5743 1669 5824 illud

121 5817 158 5864 in
183 5817 302 5883 psal.
344 5836 526 5896 csxxt,
551 5842 608 5883 n.
637 5825 710 5884 26
735 5845 746 5879 :
779 5824 1030 5883 Caeterum
1060 5817 1193 5882 nunc
1211 5817 1438 5897 perfecta
1453 5821 1678 5878 exsulta-

1737 1886 1916 1950 Deus;
1941 1883 2014 1937 ita
2036 1879 2354 1937 indili‘erens
2377 1896 2406 1935 a
2437 1880 2550 1936 Deo
2577 1880 2742 1947 Deus,
2768 1890 2825 1937 ut
2847 1885 3144 1953 perlectum
3168 1886 3337 1942 Deum

1740 1976 1811 2051 (j)
1843 1973 2182 2032 substituerit
2203 1972 2442 2043 perlecta
2466 1972 2752 2040 nativitas;
2784 1974 2853 2030 ita
2884 1983 3066 2031 autem
3099 1978 3339 2048 perlecta

1743 2069 1996 2125 nativitas
2036 2066 2326 2133 subsietat,
2358 2065 2479 2136 quia
2529 2065 2583 2120 in
2615 2065 2726 2121 Deo
2765 2081 2834 2123 ex
2864 2067 2975 2124 Deo
2998 2077 3127 2126 nato
3151 2084 3348 2142 θοι-ρος

1740 2163 1929 2220 raliter
1956 2158 2256 2217 divinitatis
2281 2156 2546 2213 inhabitet
2575 2158 2872 2228 plenitudo.

2086 2313 2271 2388 255,
2297 2313 2462 2389 256
2493 2315 2697 2372 LIBER
2733 2315 2982 2376 NONUS.

1742 2435 1996 2491 Assertam
2017 2430 2274 2503 superiori
2296 2430 2426 2485 libro
2443 2430 2621 2485 Patris
2642 2440 2688 2486 et
2710 2430 2836 2486 Filii
2856 2430 3236 2501 indifferentem
3253 2453 3347 2492 na-

1814 2539 1984 2583 turam
2034 2526 2280 2581 adversus
2336 2525 2693 2582 hereticorum
2734 2526 2932 2602 objecta
2983 2538 3155 2585 tuetur
3192 2543 3345 2604 atque

1813 2621 2108 2691 conﬁrmat.
2151 2618 2339 2674 Allatis
2377 2618 2533 2688 hujus
2561 2619 2636 2673 rei
2663 2620 2866 2690 gratia,
2915 2637 3043 2693 quas
3070 2623 3150 2680 illi
3176 2628 3346 2694 objec-

1818 2722 1960 2779 tant,
1987 2711 2271 2783 Scripturis
2307 2709 2546 2781 quosdam
2595 2709 2836 2766 Hilarius
2855 2715 3025 2786 jactat
3050 2720 3344 2788 responsio-

1817 2822 1943 2860 num
1971 2805 2169 2860 semina
2189 2847 2202 2869 ,
2238 2804 2407 2874 printo
2433 2804 2685 2875 genuinos
2717 2803 3112 2878 Scripturarum
3132 2827 3310 2867 sensus
3328 2855 3343 2880 ,

1816 2917 1917 2956 non
1947 2917 2009 2955 ea:
2045 2917 2103 2955 eo
2124 2901 2260 2971 quod
2288 2898 2439 2953 verba
2466 2899 2604 2952 nuda
2643 2908 2688 2953 et
2718 2917 2750 2954 a
2778 2901 2974 2956 ceteris
3012 2902 3217 2959 diuulsa
3258 2922 3344 2960 so-

1816 3005 1975 3062 nant,
2036 2994 2126 3048 sed
2174 3009 2238 3047 ex
2271 2992 2682 3046 antecedentibus
2725 3003 2774 3048 et
2835 2997 3262 3065 consequentibus
3296 3005 3348 3053 et

1815 3103 1878 3143 ea:
1904 3086 2110 3140 dicendi
2153 3085 2326 3139 causis
2353 3099 2462 3138 esse
2495 3083 2844 3154 expetendos:
2867 3084 3052 3141 deinde
3083 3085 3344 3143 Christum

1817 3196 1880 3235 ea:
1904 3179 2062 3234 unitis
2109 3178 2163 3231 in
2192 3177 2416 3247 idipsum
2445 3191 2609 3245 neque
2653 3185 2822 3230 tanien
2869 3179 3100 3249 confusis
3146 3181 3346 3236 naturis

1815 3287 1922 3328 rem
1945 3287 2101 3325 unam
2122 3278 2170 3325 et
2192 3267 2420 3323 eamdem
2461 3283 2604 3333 esse;
2633 3268 2707 3322 ita
2731 3268 2866 3324 enim
2894 3269 3044 3324 illum
3073 3270 3209 3326 dicta
3233 3289 3347 3344 ges-

1815 3374 1964 3435 taque
1997 3379 2091 3417 sua
2134 3376 2332 3432 semper
2370 3369 2680 3430 temperasse
2701 3397 2717 3425 ,
2747 3368 2798 3413 ut
2836 3370 2883 3412 et
2914 3357 3014 3414 Dei
3045 3371 3090 3416 et
3119 3359 3343 3417 hominis

1814 3456 1980 3527 ﬁlium
2017 3469 2126 3508 sese
2171 3452 2489 3507 declararet:
2519 3462 2776 3522 postremo
2813 3451 3178 3524 distinguenda
3231 3471 3340 3510 esse

1813 3566 1929 3623 qua:
1965 3548 2096 3604 dixit
2136 3557 2226 3601 aut
2253 3545 2406 3618 gessit
2454 3545 2684 3600 nondum
2728 3545 2902 3613 horno,
2926 3560 3041 3616 quis
3054 3547 3170 3616 jam
3190 3548 3342 3604 homo

1814 3646 2125 3716 moriturus,
2166 3659 2282 3716 quia
2320 3642 2647 3699 immortalis.
2696 3641 2833 3697 Hinc
2877 3641 3104 3700 duarum
3129 3643 3184 3696 in
3235 3661 3339 3701 uno

1817 3844 1899 3988 lii

1813 3918 1872 3988 (5

1740 4134 1875 4188 tione
1885 4129 2226 4194 exsultantes,
2250 4143 2354 4183 non
2372 4141 2481 4197 spe,
2511 4127 2600 4181 sed
2624 4125 2869 4194 ueritate;
2897 4141 3000 4182 non
3022 4125 3078 4182 in
3097 4126 3340 4200 imagine,

1925 3842 1995 3898 Et
2022 3859 2084 3898 ne
2103 3841 2170 3898 ad
2201 3841 2442 3912 unionem
2467 3838 2704 3912 impium.

1923 3914 2035 3971 Nec
2061 3909 2398 3985 separabitur.

1737 4205 1826 4261 sed
1851 4218 2080 4274 corpore.

1812 4276 1882 4348 (c)
1921 4267 2142 4348 Excusi,
2171 4269 2452 4339 corporalis
2483 4267 2764 4324 secundum
2793 4269 2873 4324 sui
2913 4269 3286 4340 plenitudinem
3314 4289 3333 4328 :

1741 4345 2097 4402 emendantur
2118 4357 2182 4396 ex
2207 4353 2336 4394 mss.

1813 4417 1892 4490 (ά)
1932 4413 2073 4490 Editi
2101 4412 2502 4490 exceploAParq
2521 4422 2670 4467 natus
2686 4421 2793 4490 est.
2818 4411 2954 4467 Tum
2969 4413 3092 4490 Δβθᾲ
3103 4422 3192 4490 ._e_t
3217 4413 3336 4490 Fin,

1740 4483 1900 4556 neque
1924 4487 2178 4556 diversum
2201 4491 2291 4556 aut
2313 4484 2531 4539 diuisum
2554 4494 2642 4538 aut
2661 4483 2905 4552 differens
2925 4485 3124 4551 aliquid
3152 4487 3205 4556 in
3225 4484 3337 4541 Deo

1738 4553 1878 4614 Deus
1900 4567 1972 4611 est
1996 4572 2014 4611 :
2044 4570 2106 4609 ac
2131 4553 2328 4626 deinde
2354 4571 2474 4611 cum
2508 4557 2638 4610 edit.
2673 4557 2815 4621 aliis,
2848 4572 2961 4610 cum
2989 4557 3044 4610 id
3071 4555 3208 4626 quod
3234 4567 3334 4622 est,

1741 4628 2074 4701 corporaliter
2093 4625 2327 4701 habitet,
2358 4635 2487 4701 etc.,_
2514 4626 2610 4701 tibi
2650 4628 2700 4680 in
2721 4641 2870 4701 ‘tnss.
2905 4644 3058 4698 quant
3085 4625 3171 4692 id,
3202 4637 3336 4701 e_lc_.,

1744 4697 1846 4757 hoc
1875 4710 1978 4761 est,
2012 4699 2063 4753 in
2093 4698 2206 4752 Deo
2238 4697 2392 4753 Patre
2419 4697 2548 4752 nihil
2575 4704 2659 4752 est
2685 4697 2829 4752 aliud
2851 4739 2866 4761 ,
2893 4697 3053 4767 quam
3100 4697 3240 4768 quod
3283 4698 3336 4752 in

1741 4771 1958 4828 Christo
1983 4769 2357 4838 corporaliter.

1815 4843 1886 4918 (ε)
1911 4843 2183 4918 Vala-bas.
2225 4856 2362 4918 ms._,
2392 4840 2605 4895 Martia.
2635 4850 2689 4894 et
2719 4839 2925 4911 aliquot
2960 4839 3052 4918 alii
3078 4839 3336 4918 ,limpius.

1743 4910 1907 4971 Vetus
1953 4912 2106 4969 Colb.
2151 4927 2270 4966 cum
2305 4911 2488 4966 Germ.
2531 4922 2587 4965 ut
2632 4910 2820 4978 supra,
2861 4927 2914 4966 η.
2959 4910 3050 4974 56,
3100 4911 3336 4980 impium.

1745 4987 1934 5042 Postea
1967 4987 2019 5040 in
2051 4984 2325 5052 plerisque
2353 4982 2635 5046 decederet,
2669 4995 2773 5035 non
2807 4981 3079 5035 decideret.

1817 5057 1889 5130 (ι’)
1921 5057 1975 5111 In
2007 5070 2135 5130 mss.
2172 5053 2380 5130 Martio.
2432 5062 2488 5130 et_
2517 5052 2635 5106 Vat.
2683 5052 2798 5130 bas.
2832 5068 2923 5130 nec
2950 5062 3257 5130 sepa_ratur_;
3286 5061 3343 5110 et

1747 5122 1918 5193 infra,
1963 5143 2053 5182 nec
2077 5125 2422 5192 discernitur,
2475 5122 2596 5178 loco
2642 5124 2795 5178 verbi
2854 5123 3114 5180 discerni:
3164 5125 3342 5180 minus

1745 5216 1893 5255 vere.

1820 5269 1893 5340 (g)
1919 5267 2070 5340 Apud
2107 5265 2258 5340 Bad.,
2289 5263 2381 5320 Er.
2404 5274 2456 5320 et
2486 5264 2633 5340 Lips.
2672 5265 3012 5320 desideratur
3043 5265 3346 5340 plenitudo:

1750 5335 1978 5412 qui’liic
2003 5338 2307 5412 declaratur
2333 5351 2437 5412 non
2457 5337 2598 5390 aliud
2623 5350 2744 5412 esse
2769 5352 2967 5412 ,_q_uam
2994 5337 3136 5412 quod
3164 5335 3351 5412 Chris-

1753 5405 1839 5467 t'us
1869 5421 1968 5466 est.
2003 5407 2123 5463 Mox
2153 5423 2272 5461 cum
2306 5409 2509 5479 optimo
2551 5405 2735 5461 codice
2760 5405 2915 5463 Colb.
2948 5405 3117 5479 magis
3148 5409 3349 5478 placuit

1756 5483 1944 5548 excita,
1976 5495 2134 5549 quam
2165 5495 2286 5533 cum
2312 5478 2433 5549 aliis
2459 5480 2678 5549 exagitet.

1835 5553 1912 5625 (It)
1938 5548 2285 5625 Carnulensis
2307 5548 2475 5604 codex
2501 5591 2528 5625 ,_
2548 5548 2579 5603 a
2621 5559 2858 5625 creatura
2894 5549 3073 5604 mundi
3091 5593 3130 5625 ,_
3155 5565 3295 5608 unus
3322 5568 3356 5608 e

1769 5621 1936 5679 Valic.
1972 5639 2002 5676 a
2023 5621 2311 5674 conditione
2351 5623 2529 5674 mundi
2549 5637 2568 5675 :
2608 5638 2714 5677 non
2741 5623 2846 5676 alio
2875 5637 3057 5677 sensu.
3089 5621 3355 5680 Constitu-

1770 5697 1838 5750 tio
1870 5695 2007 5749 idem
2033 5705 2186 5746 sonat
2208 5692 2298 5746 lib.
2330 5706 2403 5756 XI,
2430 5709 2484 5746 ll.
2514 5693 2602 5747 16.

1847 5764 1917 5846 (ii
1939 5763 2058 5846 Yet.
2090 5763 2207 5846 bas.
2237 5779 2338 5846 nis.
2368 5777 2490 5846 cum
2519 5763 2736 5846 Martia.
2768 5764 3126 5846 corporaliter.

1856 5833 1924 5909 (j)
1955 5837 2065 5893 lioc
2090 5843 2173 5892 est
2194 5879 2208 5906 ,
2244 5833 2622 5893 subsistentem
2648 5833 2908 5893 ellecerit.
