3930 6194
523 266 629 324 9.79

593 381 797 437 Christo
845 391 1143 437 naturarum
1174 382 1358 436 veritas
1382 379 1568 448 diffuse
1593 380 1895 435 adstruitur.

533 471 630 530 llis
657 474 837 546 positis
858 515 872 540 ,
905 473 972 528 ad
1000 475 1225 545 primum
1255 473 1609 527 haereticorum
1650 471 1904 545 objectum
1933 513 1950 540 ,
1986 473 2126 540 Quid

535 633 537 636 ι
598 581 688 621 me
703 565 836 620 dicis
862 565 1059 621 bonum
1079 556 1299 622 YNemo
1328 564 1500 620 bonus
1521 607 1535 632 ,
1567 565 1669 621 nisi
1693 581 1830 621 unus
1855 566 2016 634 Deus,
2049 584 2130 622 re-

598 662 740 732 ponit
757 658 1016 714 Christum
1047 661 1126 715 his
1149 661 1312 716 verbis
1340 678 1440 716 non
1468 660 1593 716 boni
1625 673 1714 716 aut
1766 662 2006 734 magistri
2038 679 2130 717 no-

597 772 712 813 men
731 769 989 826 respuere,
1013 755 1101 809 sed
1123 758 1233 828 ejus
1254 753 1624 824 reprehendere
1650 755 1826 825 ﬁdem,
1850 756 1937 826 qui
1960 756 2127 825 ipsum

597 851 766 906 Deum
792 865 892 903 non
916 848 1149 912 credens,
1180 847 1254 902 sic
1275 858 1440 902 tamen
1471 858 1821 921 nuncuparet;
1865 851 1967 904 imo
2017 866 2126 904 sese

593 945 760 1000 Deum
783 959 844 996 ac
863 941 1164 1012 magistrum
1184 941 1376 1005 testari,
1406 957 1519 994 cum
1543 957 1596 996 se
1615 943 1841 1011 sequenti
1875 942 2126 996 caelestem

597 1039 895 1092 thesaurum
918 1035 1208 1106 pollicetur.
1227 1033 1361 1088 Tum
1383 1035 1612 1105 pluribus
1631 1037 1942 1091 demonstrat
1961 1035 2127 1092 Chris-

596 1141 724 1197 tum,
749 1129 1052 1198 ubicumque
1084 1127 1250 1181 Deum
1275 1145 1430 1182 unum
1449 1130 1720 1201 pra'dicat,
1747 1146 1800 1182 se
1820 1130 1978 1184 alium
2009 1132 2128 1200 qui-

595 1224 712 1278 dem
739 1239 770 1276 a
792 1221 951 1276 Patre
981 1263 995 1287 ,
1030 1238 1132 1274 non
1152 1231 1321 1275 tamen
1351 1223 1564 1277 alterius
1587 1234 1784 1278 natura:
1809 1225 2122 1296 signiﬁcare.

527 1315 798 1388 Objectum
825 1313 1041 1368 alterum
1067 1353 1081 1380 ,
1124 1323 1183 1368 ut
1211 1315 1384 1368 sciant
1405 1323 1456 1370 te
1496 1316 1668 1370 solum
1699 1333 1880 1371 verum
1914 1318 2080 1373 Deum
2109 1362 2122 1384 ,

593 1417 648 1463 ct
677 1423 835 1477 quem
870 1406 1062 1462 misisti
1091 1406 1275 1461 .Icsnm
1299 1404 1595 1473 Christum,
1618 1425 1681 1463 ea:
1702 1411 2050 1480 superioribus
2068 1429 2128 1466 ac

597 1500 906 1554 continuatis
923 1501 1100 1554 huicce
1121 1499 1232 1553 loco
1244 1499 1408 1554 verbis
1429 1500 1602 1554 diluit.
1629 1499 1728 1555 Ubi
1745 1504 1875 1556 enim
1895 1501 2128 1558 Christus

593 1591 773 1663 (Joan.
806 1591 917 1662 xw)
959 1589 1134 1644 docuit
1188 1589 1400 1646 Patrem
1434 1592 1487 1646 in
1515 1609 1568 1646 se
1593 1609 1717 1655 esse,
1745 1594 1799 1648 in
1822 1612 1875 1648 se
1895 1597 2128 1664 loquente

594 1684 756 1754 loqui,
779 1684 834 1738 in
865 1701 920 1738 se
941 1691 1188 1752 operante
1216 1685 1446 1753 operari,
1469 1684 1521 1737 in
1544 1699 1596 1738 se
1625 1686 1730 1738 viso
1760 1686 1919 1740 videri
1943 1687 2124 1754 (Joan.

1754 265 1994 322 sane"
2039 265 2638 339 "ILABILEPISCOPI
3710 268 3798 322 est

2150 388 2198 445 Λ
2295 381 2436 436 solus
2464 381 2611 436 illum
2656 379 2796 437 Filio
2846 398 2945 437 non
2995 391 3165 437 tacet:
3211 383 3367 437 nescit
3410 391 3576 438 autem
3623 377 3796 448 Filius,

2307 479 2428 547 quia
2475 479 2603 533 nulli
2628 479 2829 533 revelat.

2305 661 2463 734 257
2501 662 2544 714 l.
2577 660 2732 716 Libro
2763 661 3026 732 superiore
3052 662 3176 733 quid
3200 664 3506 734 confectura.
3536 660 3670 727 Quid
3697 678 3797 714 con-

2233 760 2475 822 fututum.
2503 787 2571 796 —
2597 756 2918 811 Tractautcs
2939 757 3218 826 superiore
3246 758 3386 811 libro
3412 756 3476 812 de
3505 755 3801 813 indilferenti

2233 857 2423 903 natura
2461 849 2551 904 Dei
2583 849 2751 920 patris
2776 860 2827 902 et
2857 849 2946 904 Dei
2973 849 3089 915 lilii,
3116 859 3172 905 et
3205 849 3256 904 id
3287 845 3432 919 quod
3469 848 3668 903 dictum
3695 859 3802 915 est,

2233 940 2345 1011 Ego
2365 952 2411 996 et
2432 941 2594 996 Pater
2618 959 2774 996 unum
2799 959 2972 996 sumus
2990 941 3169 1014 (Joan.
3193 959 3247 1006 χ,
3263 941 3377 1012 ⁸58),
3401 940 3806 996 demonstrantes

2232 1050 2340 1089 non
2366 1033 2434 1089 ad
2465 1034 2766 1090 Solitariam
2797 1035 2965 1089 Deum
2994 1018 3293 1104 proﬁcere,
3317 1033 3412 1087 sed
3441 1033 3523 1104 (l)
3553 1033 3619 1086 ad
3648 1034 3801 1087 unita-

2235 1139 2340 1184 tem
2371 1130 2448 1199 (α)
2479 1128 2786 1183 indiscreta:
2816 1126 3113 1183 secundum
3143 1127 3554 1196 generationem
3579 1124 3802 1180 divinita-

2233 1221 2334 1285 tis;
2365 1221 2492 1276 dum
2521 1236 2694 1292 neque
2716 1220 2935 1275 aliunde
2960 1236 3120 1291 quam
3143 1236 3208 1272 cx
3235 1219 3347 1273 Deo
3373 1218 3521 1273 Deus
3544 1228 3696 1272 natus
3715 1228 3800 1281 est,

2231 1323 2287 1370 et
2330 1330 2395 1370 ex
2429 1315 2540 1370 Deo
2568 1315 2712 1370 Deus
2743 1330 2848 1368 non
2879 1324 3058 1383 potest
3103 1330 3208 1368 non
3252 1313 3302 1366 id
3342 1327 3466 1368 esse
3510 1311 3651 1384 quod
3689 1312 3808 1368 Deus

2232 1418 2314 1464 est
2346 1423 2361 1462 :
2393 1408 2799 1478 percursisque,
2829 1407 2930 1462 etsi
2972 1422 3078 1461 non
3109 1406 3381 1470 omnibus,
3419 1415 3601 1460 tamen
3637 1405 3697 1460 ad
3736 1407 3805 1458 iu-

2234 1500 2584 1571 tclligenliam
2613 1498 3012 1555 sufﬁcientibus
3039 1497 3308 1553 dictorum
3341 1497 3649 1552 divinorum
3671 1506 3810 1568 atque

2230 1593 2654 1663 apostolicorum
2688 1591 3050 1658 testimoniis,
3087 1589 3281 1660 quibus
3321 1589 3695 1662 inseparabilis
3731 1605 3809 1644 na-

2234 1695 2350 1740 tura
2383 1699 2447 1740 ac
2477 1695 2714 1756 potestas
2755 1685 2932 1740 Patris
2958 1698 3021 1738 ac
3055 1683 3178 1738 Filii
3210 1683 3531 1746 docebatur,
3576 1697 3733 1752 usque
3755 1683 3808 1736 ad

592 1775 924 1849 xv:).laudat
942 1777 1097 1845 ﬁdem
1119 1777 1479 1848 Apostolorum
1497 1795 1550 1832 se
1567 1779 1804 1834 exitionis
1826 1784 2027 1835 nomine
2049 1798 2132 1837 ve-
2161 1788 2208 1847 B
2237 1779 2378 1834 hunc
2404 1780 2720 1850 apostolica:
2749 1779 2872 1834 ﬁdei
2916 1778 3092 1834 locum
3139 1777 3406 1843 venimus,
3439 1791 3552 1847 quo
3582 1777 3656 1830 ait
3681 1793 3694 1828 :
3731 1774 3807 1828 Vi-

591 1886 648 1924 re
668 1885 732 1923 ea:
755 1867 1059 1922 Deonatum
1081 1869 1430 1938 credentium,
1452 1888 1514 1925 ac
1533 1873 1736 1927 tandem
1757 1872 1935 1944 (Joan.
1970 1875 2124 1949 xvn),

594 1963 840 2016 honorem
861 1963 933 2016 ita
955 1977 986 2014 a
1012 1961 1172 2016 Patre
1193 1963 1436 2032 postulat,
1463 1976 1517 2018 ut
1540 1967 1759 2021 vicissim
1783 1966 2129 2025 houoraturus

591 2055 658 2109 sit
701 2055 1078 2120 honorantem;
1125 2057 1197 2109 ita
1221 2067 1519 2122 potestatem
1543 2061 1761 2131 accipit,
1792 2072 1917 2115 utet
1971 2064 2128 2132 possit

590 2147 730 2202 omni
762 2147 908 2201 carni
953 2148 1110 2201 vitam
1133 2159 1378 2203 reternam
1401 2149 1586 2220 largiri
1610 2192 1626 2218 ,
1657 2168 1747 2205 nec
1764 2153 1948 2208 habeat
1977 2155 2129 2226 quid-

589 2255 742 2310 quam
770 2239 940 2293 minus
968 2256 999 2292 a
1021 2238 1217 2296 Patre:
1236 2241 1315 2295 his
1342 2242 1574 2298 onmibus
1601 2244 1838 2299 indicans
1853 2263 1906 2301 se
1925 2263 1987 2301 ea:
2019 2247 2130 2302 Pa-

589 2341 665 2387 tre
686 2339 881 2396 natum,
907 2339 954 2387 et
971 2348 1084 2386 cum
1107 2349 1164 2387 eo
1185 2343 1369 2388 natura
1392 2351 1571 2390 unum.
1599 2335 1796 2391 Deinde
1816 2356 1881 2393 ea:
1897 2340 2126 2410 ipsismet

595 2425 806 2496 objectis
833 2424 994 2479 verbis
1015 2427 1220 2496 conﬁcit
1239 2426 1499 2481 Christum
1522 2447 1552 2482 a
1577 2427 1734 2484 Patre
1760 2447 1861 2486 non
1882 2449 2128 2502 separan-

592 2517 716 2572 dum
750 2533 859 2572 esse
879 2527 1086 2585 natura,
1109 2520 1198 2590 qui
1232 2536 1334 2574 non
1355 2523 1673 2591 separandus
1699 2534 1770 2577 est
1809 2524 1940 2591 ﬁde,
1972 2541 2128 2597 neque

593 2615 705 2670 sine
720 2613 1027 2668 contumelia
1041 2615 1212 2668 vocari
1231 2613 1396 2669 Deum
1413 2632 1584 2670 verum
1605 2627 1818 2687 patrem,
1833 2620 1877 2673 si
1891 2620 2128 2675 credatur

593 2709 764 2780 ﬁlium
807 2710 1058 2780 peperisse
1099 2709 1413 2780 degenerem.
1457 2710 1688 2782 Denique
1730 2728 1794 2766 ea:
1821 2715 2128 2770 continuatis

595 2800 791 2871 objecta
817 2801 927 2854 loco
956 2800 1118 2854 verbis
1144 2817 1297 2855 unam
1343 2800 1515 2857 Patris
1543 2812 1590 2856 et
1620 2801 1752 2857 Filii
1779 2803 1999 2875 gloriam
2019 2821 2127 2860 esse

595 2894 804 2964 capiose
830 2893 1185 2965 subtiliterque
1204 2895 1460 2949 edisserit.

523 2982 715 3041 Postea
741 3001 806 3040 ea:
831 2987 1101 3040 occasione
1129 3027 1143 3051 ,
1186 3003 1300 3054 qua:
1343 2986 1509 3042 locant
1556 2989 1694 3045 dedit
1722 2990 1915 3047 Christi
1941 2993 2075 3048 dicto
2105 3034 2122 3061 ,

593 3077 712 3134 Non
739 3087 917 3149 potest
960 3077 1135 3135 Filius
1182 3081 1250 3136 ab
1271 3095 1330 3136 se
1372 3081 1548 3138 facere
1582 3085 1871 3156 quidquam
1900 3128 1914 3154 ,
1944 3088 2126 3142 evincit

2231 1873 2342 1926 dcte
2369 1889 2430 1926 ne
2467 1874 2582 1942 quis
2609 1888 2697 1926 vos
2728 1873 2941 1927 seducet
2981 1888 3072 1941 per
3113 1870 3502 1940 philosophiam
3544 1878 3590 1922 et
3627 1869 3808 1920 inanem

2229 1969 2577 2037 deceptionem
2597 1967 2876 2022 secundum
2899 1966 3224 2020 traditionem
3246 1965 3540 2029 hominum,
3556 1961 3808 2015 secundum

2229 2062 2479 2116 elementa
2509 2061 2711 2127 mundi,
2743 2070 2787 2115 et
2823 2076 2922 2114 non
2951 2059 3231 2114 secundum
3269 2057 3539 2111 Christum
3574 2072 3592 2110 :
3619 2056 3730 2125 quia
3768 2053 3809 2104 in

2229 2155 2343 2225 ipso
2383 2153 2638 2209 inhabitat
2679 2153 2844 2207 omnis
2875 2151 3142 2224 plenitudo
3173 2151 3462 2205 divinitatis
3506 2147 3811 2220 corporaliter

2229 2248 2452 2322 (Coloss.
2510 2265 2568 2316 ll,
2601 2249 2655 2313 8,
2711 2246 2787 2318 9).
2815 2247 2872 2302 In
2902 2261 3031 2318 quo,
3067 2261 3162 2316 per
3191 2243 3560 2313 corporaliter
3589 2241 3807 2296 habitan-

2229 2349 2340 2398 tem
2382 2341 2436 2396 in
2471 2356 2538 2397 eo
2575 2338 2880 2396 divinitatis
2922 2337 3338 2410 plenitudinem,
3387 2351 3580 2392 verum
3625 2343 3677 2389 et
3708 2347 3810 2411 per-

2228 2435 2428 2491 fectum
2461 2444 2516 2490 et
2544 2443 2782 2504 paternae
2811 2441 3018 2488 naturae
3050 2433 3217 2488 Deum
3250 2429 3617 2486 demonstrari
3640 2427 3803 2483 docui-

2229 2546 2350 2586 mus
2398 2548 2412 2584 :
2455 2530 2528 2584 ita
2578 2537 2637 2583 ut
2678 2527 2929 2583 habitans
2966 2525 3243 2598 plenitudo
3291 2538 3393 2580 nec
3432 2523 3708 2578 diversum
3744 2519 3810 2574 in-

2229 2623 2563 2694 telligeretur
2611 2623 2961 2691 signiﬁcare,
3030 2635 3206 2690 neque
3258 2621 3480 2673 unicum
3540 2635 3554 2669 :
3609 2629 3726 2670 cum
3765 2621 3809 2666 ct

2230 2715 2586 2787 incorporalis
2638 2715 2732 2770 Dei
2781 2714 3082 2785 corporalis
3133 2713 3396 2768 habitatio
3449 2709 3808 2781 proprietatem

2227 2807 2490 2863 naturalis
2517 2807 2736 2861 unitatis
2764 2807 2816 2861 in
2843 2807 2953 2861 Deo
2983 2806 3074 2876 qui
3106 2821 3171 2860 ex
3205 2805 3316 2859 Deo
3357 2803 3695 2858 substitisset
3727 2800 3808 2856 do-

2228 2907 2411 2966 ceret;
2443 2907 2498 2954 et
2532 2889 2786 2954 habitans
2826 2897 2878 2953 in
2919 2896 3139 2953 Christo
3180 2897 3345 2962 Deus,
3379 2894 3727 2952 subsistentis
3751 2891 3811 2962 (b)

2227 2991 2429 3048 Christi
2459 2991 2824 3058 nativitatem,
2855 2989 2983 3044 dum
3011 2989 3130 3059 ejus
3155 2997 3239 3044 est
3265 2988 3564 3054 habitator,
3588 2983 3811 3041 ostende-

2229 3096 2332 3142 ret.
2359 3084 2464 3142 Per
2499 3085 2642 3156 quod
2679 3084 2942 3156 impietati
2981 3099 3166 3140 eorum
3195 3083 3327 3138 satis
3369 3096 3654 3154 superque
3693 3078 3814 3135 arbi-

600 3168 730 3224 Filii
760 3187 874 3224 cum
903 3169 1062 3225 Patre
1089 3173 1437 3241 wqualitatem
1459 3216 1474 3242 ,
1503 3175 1690 3230 nedum
1727 3179 2081 3248 inﬁrmitatem
2106 3225 2120 3249 ,
2153 3185 2198 3248 C
2231 3190 2344 3236 tror
2363 3179 2528 3236 fuisse
2555 3194 2900 3250 responsum,
2924 3178 3016 3250 qui
3047 3178 3120 3241 id,
3144 3177 3290 3248 quod
3316 3190 3345 3230 a
3369 3177 3608 3232 Domino
3636 3175 3814 3230 dictum

522 3273 536 3317 Γ
597 3261 819 3316 ostendi.
848 3261 974 3316 Cum
1004 3265 1137 3318 enim
1160 3265 1337 3319 violati
1379 3266 1576 3322 sabbati
1601 3280 1796 3324 reatum
1837 3271 2126 3344 objicienti-

598 3352 690 3408 bus
735 3351 936 3409 Judceis
964 3355 1060 3408 hoc
1087 3358 1398 3428 respondens
1417 3398 1433 3425 ,
1467 3360 1697 3428 proxime
1725 3372 1873 3418 antea
1898 3365 2125 3432 prtemit-

599 3455 717 3514 tat,
774 3446 934 3502 Pater
979 3463 1134 3504 meus
1178 3465 1347 3520 usque
1391 3451 1553 3506 modo
1595 3462 1880 3522 operatur,
1939 3465 1994 3510 et
2031 3472 2130 3528 ego

599 3553 826 3608 operor;
877 3540 973 3594 sibi
1005 3541 1250 3609 Patrique
1278 3559 1435 3596 unant
1465 3554 1510 3597 et
1533 3559 1854 3600 communem
1875 3564 1984 3603 esse
2011 3566 2132 3621 ope-

599 3631 849 3684 rationem
887 3631 1157 3687 declarat:
1183 3635 1317 3688 sicut
1353 3650 1406 3688 se
1441 3636 1713 3704 conﬁrmat
1756 3640 1804 3692 ei
1843 3643 2089 3710 azqualem
2112 3685 2128 3710 ,

601 3739 717 3777 cum
757 3723 937 3777 iisdem
958 3725 1165 3797 indigne
1190 3727 1469 3796 ferentibus
1496 3731 1633 3800 quod
1675 3735 1923 3802 aequalem
1952 3753 2005 3791 se
2024 3737 2132 3794 Deo

601 3815 826 3886 faceret,
869 3817 1042 3869 statim
1085 3817 1290 3885 sabjicit
1314 3861 1329 3884 ,
1367 3819 1730 3894 Qutecumque
1759 3827 1900 3882 cnim
1934 3829 2024 3885 ille
2053 3831 2132 3886 fa-

603 3911 678 3965 cit
707 3951 720 3974 ,
770 3909 956 3964 eadem
1007 3919 1063 3966 et
1104 3911 1273 3968 Filius
1323 3914 1572 3971 similiter
1609 3917 1752 3974 facit.
1809 3921 1925 3976 Una
1981 3925 2134 3980 etiam

604 4003 874 4074 utriusque
922 4004 1156 4059 voluntas
1200 4007 1416 4062 subinde
1460 4008 1862 4071 demonstratur.

529 4096 614 4152 Ad
642 4097 698 4152 id
733 4097 871 4169 quod
914 4109 1095 4167 quarto
1144 4099 1429 4174 objiciunt,
1461 4102 1619 4160 Pater
1673 4107 1844 4177 major
1888 4125 1974 4165 me
2011 4119 2132 4178 est,

602 4191 699 4245 hoc
720 4190 948 4245 concedit
965 4208 1078 4246 vere
1101 4193 1223 4259 dici,
1253 4195 1372 4263 quia
1392 4205 1571 4250 auctor
1593 4193 1725 4252 Filii
1749 4209 1842 4266 est,
1862 4201 1950 4270 qui
1978 4218 2138 4272 neque

605 4283 759 4338 Patri
774 4284 1054 4355 tequandus
1071 4296 1145 4340 est
1165 4289 1439 4343 secundum
1461 4293 1679 4363 fortnam
1701 4294 1848 4348 servi.
1877 4293 1939 4350 Si
1967 4305 2136 4350 autem

605 4375 770 4431 Pater
791 4379 959 4442 maior
974 4387 1049 4431 est
1073 4377 1232 4445 Filio,
1257 4382 1378 4449 quia
1397 4383 1444 4435 ei
1459 4383 1545 4436 dat
1567 4385 1707 4454 quod
1723 4396 1818 4450 est;
1840 4383 2012 4441 Filius
2035 4404 2134 4443 non

607 4480 682 4525 est
705 4471 871 4525 minor
893 4468 1070 4535 Patre,
1104 4472 1225 4542 quia
1240 4473 1295 4526 id
1325 4490 1471 4530 omne
1489 4479 1677 4547 accipit
1697 4481 1833 4548 quod
1863 4480 2020 4536 Pater
2038 4493 2131 4538 est.

537 4563 808 4620 Postremo
854 4565 1196 4635 ignorantiam
1222 4607 1236 4632 ,
1287 4583 1440 4638 quam
1488 4571 1708 4627 lueretici
1753 4573 1956 4631 Christo
1991 4579 2134 4648 atﬁn-
2163 4579 2217 4640 D

605 4665 751 4729 gunt,
786 4656 1018 4725 pluribus
1057 4660 1369 4728 argumentis
1389 4662 1608 4732 repellit.
1637 4662 1756 4718 Non
1777 4668 1911 4721 enim
1941 4669 2133 4738 judicii

607 4749 744 4802 diem
760 4748 998 4821 ignorare
1023 4752 1185 4818 potuit
1211 4751 1437 4804 omnium
1449 4753 1700 4820 conditor,
1730 4756 1832 4810 diei
1853 4756 2008 4828 hujus
2033 4777 2130 4815 no-

603 4841 837 4894 minatim
875 4851 1054 4894 auctor
1075 4857 1134 4894 ac
1159 4839 1412 4898 Dominus
1429 4885 1444 4909 ,
1473 4861 1619 4914 quem
1641 4847 1771 4900 nihil
1799 4846 1956 4904 Pater
1979 4851 2129 4919 celat,

605 4935 660 4990 in
683 4951 784 5006 quo
813 4951 984 4990 omnes
1006 4937 1229 4991 thesauri
1249 4938 1473 4994 scientia:
1491 4951 1626 4996 sunt.
1654 4942 1788 5009 Quia
1817 4954 1986 5001 tamen
2014 4950 2133 5004 abs-

609 5030 753 5083 consi
776 5038 896 5084 sunt
915 5070 928 5092 ,
962 5039 1096 5085 recte
1113 5031 1305 5086 nescire
1331 5048 1386 5086 se
1429 5035 1550 5088 dicit
1574 5076 1588 5100 ,
1616 5038 1754 5108 quod
1792 5056 1894 5093 non
1918 5052 1991 5094 est
2027 5043 2134 5097 elo-

604 5121 879 5191 quendum.
909 5120 1066 5178 Solus
1092 5129 1260 5195 itaque
1285 5123 1445 5180 Pater
1479 5127 1610 5181 diem
1629 5129 1821 5202 judicii
1854 5133 1947 5187 scit
1971 5176 1986 5202 ,
2015 5135 2134 5205 quia

611 5231 694 5307 (l)
727 5234 806 5288 Ad
840 5233 1158 5290 divinitatem
1180 5237 1468 5294 indiscreta:
1497 5249 1714 5299 naturas.

613 5347 700 5421 (a)
723 5347 780 5402 In
803 5349 1034 5421 vulgatis
1059 5356 1114 5404 et
1135 5351 1407 5421 nonnullis
1439 5369 1570 5410 mss.
1602 5357 1893 5413 indiscreta:
1913 5369 2133 5416 naturae.

537 5419 596 5476 In
627 5419 958 5498 solo_codice
986 5420 1102 5498 bas.
1134 5420 1284 5498 vat.,
1315 5423 1566 5498 discretae,
1593 5430 1744 5498 cujus
1767 5445 1976 5486 necnon
2003 5430 2138 5487 Car-

539 5490 866 5562 nut.,trinm
915 5491 1093 5554 Colb.,
1119 5494 1276 5545 unius
1315 5490 1801 5562 Sorbon.,Marlin.
1849 5517 1910 5556 ac
1949 5503 2134 5560 Germ.

540 5561 863 5616 auctoritate
893 5563 1208 5617 sustulimus
1237 5563 1430 5623 deinde
1456 5561 1773 5625 vocabulum
1805 5587 2024 5628 naturae.

619 5630 691 5700 (b)
735 5630 789 5684 Id
821 5633 1323 5714 esthubsistentia
1361 5640 1619 5714 disdncti.
1652 5641 1838 5714 Neque
1882 5662 2010 5702 vero
2049 5647 2137 5704 hic

539 5716 641 5827 per
665 5716 724 5754 se
753 5703 1052 5784 ostenditur
1081 5706 1328 5761 nativitas
1357 5727 1369 5762 :
1396 5711 1489 5773 sed
1517 5727 1638 5766 cum
1663 5703 1801 5775 alius
1828 5717 1898 5772 sit
1921 5719 2011 5787 qui
2033 5703 2132 5773 ha?

580 5770 762 5827 itatur.
795 5770 932 5827 altus
959 5787 1050 5827 aut
1093 5773 1330 5827 habitat:
1374 5781 1546 5827 Patris
1578 5782 1868 5827 hzlhilsinlic
1919 5787 1968 5827 'm
2016 5789 2132 5827 rem:

580 5770 762 5838 itatur,
795 5770 932 5827 alius
959 5773 1050 5842 qui
1093 5773 1330 5845 habitat;
1374 5770 1546 5838 Patris
1578 5770 1892 5855 habitantis,
1919 5770 2134 5846 c'tV—Pilii

2229 3286 2312 3332 est
2348 3295 2362 3332 :
2399 3276 2504 3343 Qui
2525 3291 2606 3328 me
2634 3274 2783 3340 vidit,
2811 3272 2937 3328 vidit
2979 3281 3022 3327 et
3054 3271 3264 3326 Patrem
3291 3268 3475 3344 (Joan.
3521 3285 3638 3335 xlv,
3663 3265 3744 3339 9);
3773 3278 3817 3320 ct

2232 3367 2392 3422 Pater
2416 3368 2470 3421 in
2500 3383 2602 3433 me,
2627 3376 2676 3422 et
2706 3382 2798 3438 ego
2828 3367 2882 3419 in
2907 3363 3065 3419 Patre
3097 3364 3275 3436 (Joan.
3303 3379 3359 3427 ι,
3391 3362 3523 3433 38);
3551 3374 3628 3427 et,
3658 3359 3758 3431 Ego
3779 3370 3816 3412 et

2232 3459 2392 3515 Pater
2416 3476 2574 3514 unum
2603 3476 2782 3514 sumus
2815 3457 3004 3530 (lbid.,
3029 3456 3119 3528 30)
3143 3474 3158 3524 ;
3195 3465 3270 3522 et,
3305 3455 3496 3509 Omnia
3525 3471 3642 3527 qua:
3664 3451 3818 3508 Patris

2230 3564 2368 3620 sinu,
2414 3569 2525 3608 mea
2569 3562 2689 3607 sunt
2726 3551 2908 3626 (Joan.
2939 3567 3050 3611 xw,
3097 3548 3206 3621 l5),
3253 3549 3324 3623 (c)
3367 3548 3436 3604 ad
3477 3550 3742 3604 unitatem
3773 3553 3819 3599 et

2233 3645 2580 3701 concordiam
2609 3643 2902 3699 voluntatis
2932 3643 3197 3698 referrent
3226 3661 3238 3696 :
3272 3649 3330 3696 ut
3365 3641 3491 3711 quia
3539 3640 3668 3696 dicti
3708 3637 3818 3693 ﬁdes

2236 3749 2505 3803 maneret,
2537 3737 2670 3794 dicti
2698 3747 2876 3794 tamen
2903 3737 3313 3808 intelligentiam
3342 3735 3555 3791 fallacis
3578 3734 3817 3790 doctrinm

2235 3834 2429 3904 religio
2477 3834 2737 3888 ementita
2787 3840 3200 3902 corrumperet;
3239 3839 3297 3886 et
3337 3845 3460 3885 cum
3511 3829 3696 3900 negari
3729 3841 3818 3882 non

2236 3937 2422 3998 posset
2451 3925 2504 3979 in
2537 3923 2621 3979 his
2643 3925 2726 3997 (d)
2762 3924 3098 3980 voluntatum
3129 3937 3403 3989 assensus,
3431 3922 3485 3977 in
3523 3922 3719 3994 quibus
3743 3932 3818 3974 ns-

2239 4029 2372 4075 turte
2405 4019 2586 4074 unitas
2629 4017 2980 4088 prazdicatur,
3025 4016 3092 4073 ad
3138 4017 3464 4072 abolendam
3509 4027 3690 4073 tamen
3719 4027 3821 4069 eam

2237 4125 2359 4182 qua:
2402 4109 2701 4166 secundum
2755 4111 3091 4166 nativitatem
3139 4120 3222 4166 est
3269 4111 3571 4177 unitatem,
3615 4111 3821 4166 societas

2239 4216 2447 4262 tantum
2486 4208 2794 4263 concordia:
2832 4206 3166 4262 crederetur.
3207 4206 3312 4263 Sed
3357 4207 3522 4262 beato
3561 4204 3817 4278 Apostolo,

2240 4310 2357 4370 post
2378 4300 2541 4355 multa
2565 4300 2829 4355 naturalis
2850 4297 3013 4372 258
3033 4299 3274 4354 veritatis
3299 4315 3408 4354 non
3431 4299 3681 4369 ambigua
3699 4310 3821 4367 prm-

2239 4395 2415 4460 conia,
2467 4393 2830 4464 corporaliter
2871 4393 3165 4448 habitantis
3207 4392 3512 4448 divinitatis
3550 4388 3824 4462 plenitudi-

2240 4503 2364 4543 nem
2399 4488 2450 4542 in
2482 4487 2698 4542 Christo
2735 4487 2965 4543 docente
2991 4528 3005 4551 ,
3035 4486 3277 4542 abscissa
3322 4497 3410 4542 est
3448 4485 3629 4541 omnis
3664 4482 3822 4552 impite

2245 4579 2562 4635 temeritatis
2590 4580 2838 4646 assertio,
2869 4594 2990 4635 cum
3024 4579 3326 4634 naturalem
3361 4580 3627 4634 unitatem
3658 4578 3819 4632 incor-

2241 4674 2442 4745 poralis
2470 4673 2766 4728 divinitatis
2793 4674 3050 4729 habitatio
3074 4674 3378 4744 corporalis
3399 4673 3644 4730 efﬁceret
3668 4691 3680 4727 :
3703 4681 3755 4726 ut
3776 4668 3819 4723 id

2239 4767 2380 4839 quod
2423 4783 2530 4822 non
2575 4767 2722 4822 solus
2769 4775 2854 4823 est
2899 4767 3088 4835 Filius,
3133 4767 3227 4822 sed
3268 4766 3413 4838 quod
3461 4767 3514 4821 in
3553 4781 3620 4821 eo
3661 4770 3822 4819 manet

2239 4861 2432 4927 Pater;
2464 4875 2640 4932 neque
2669 4860 2844 4915 solum
2876 4869 3078 4926 manet,
3105 4861 3198 4914 sed
3251 4867 3308 4914 et
3354 4867 3613 4929 operatur
3657 4864 3713 4911 et
3755 4855 3823 4907 lo-

2240 4955 2464 5025 quitur;
2511 4970 2688 5027 neque
2743 4953 2916 5010 solum
2991 4963 3244 5025 operatur
3297 4964 3352 5009 et
3417 4953 3688 5024 loquitur,
3737 4947 3820 5003 sed

2241 5056 2296 5102 et
2357 5049 2571 5104 videtur
2641 5047 2736 5120 (ε),
2809 5061 2914 5102 non
2987 5047 3093 5102 sint
3153 5050 3534 5118 nuncupativa,
3578 5044 3670 5101 sed
3732 5055 3817 5095 ve-

2240 5154 2300 5196 ra
2335 5182 2348 5207 ,
2393 5140 2520 5197 dum
2565 5140 2727 5198 habet
2778 5140 2831 5196 in
2903 5154 2963 5196 se
3005 5155 3099 5212 per
3141 5153 3539 5201 sacramentum
3586 5135 3822 5196 nativita-

2245 5362 2298 5418 in
2327 5378 2434 5434 quo
2466 5362 2692 5429 habitat,
2721 5362 3068 5438 subsistentia
3106 5378 3212 5438 non
3250 5380 3352 5420 una
3389 5366 3717 5438 signiticalqr
3731 5382 3756 5438 κεν
3773 5371 3820 5418 et

2243 5443 2642 5508 consequenter
2683 5435 2985 5508 ostenditur
3033 5435 3306 5505 nativitas,
3358 5435 3464 5508 qua
3512 5438 3624 5494 sola
3665 5436 3820 5493 Filius

2246 5506 2384 5561 alius
2409 5523 2436 5559 a
2468 5507 2624 5561 Patre
2652 5507 2920 5561 subsistit.

2315 5576 2387 5646 (c)
2421 5577 2563 5645 Lips.
2595 5588 2650 5631 et
2676 5577 2822 5643 Ρη..
2851 5577 2920 5630 ad
2947 5581 3352 5636 unanimitatem.

2317 5648 2396 5719 (tt)
2422 5647 2474 5701 In
2501 5663 2602 5702 ms.
2634 5648 2871 5712 Martin.,
2899 5652 3200 5707 voluntatis.

2255 5751 2270 5797 Ξ
2314 5719 2538 5797 (e)_l’ar,_
2572 5727 2691 5797 post
2714 5719 2961 5797 Lipsiunt
2999 5722 3224 5797 ρηγίίιο
3265 5723 3352 5780 hic
3383 5734 3576 5794 puncto
3616 5724 3817 5797 subiicit

2237 5789 2455 5858 deinde,
2487 5789 2608 5846 No'n
2639 5789 2965 5861 sanqquasi
2994 5789 3109 5852 [nec
3138 5809 3168 5851 a
3191 5789 3556 5869 superioribus
3583 5789 3812 5854 absoluta
