3930 6194
141 334 233 395 281

1323 338 1410 394 DE
1442 338 1815 401 TRlNlTA'IE
1856 344 2053 400 LIBER
2093 347 2184 402 IX.

3297 353 3404 410 282

145 457 202 512 tis
225 453 292 526 (a)
317 461 369 508 et
405 453 571 508 virtus
600 452 868 519 virtutem,
897 461 952 508 et
995 461 1233 535 potestas
1269 465 1618 527 potestatem,
1657 467 1711 514 et
1739 463 1792 522 Α
1816 459 1964 515 lnbili
1995 462 2274 534 abnegatm
2303 462 2600 520 divinitatis
2628 465 2964 536 professione
2990 466 3320 525 subvertisse
3345 483 3404 525 se

143 559 310 606 natura
352 557 622 611 naturam;
671 557 857 604 tenens
901 563 996 618 per
1031 549 1367 606 nativitatem
1411 551 1524 622 ipsa
1555 555 1700 624 quod

144 657 276 699 suum
303 650 400 706 est,
433 649 488 694 et
517 655 582 694 ex
607 654 664 694 se
693 640 765 710 (ιι)
810 657 907 711 per
949 642 1236 712 imaginem
1277 644 1518 700 relerens
1554 646 1698 717 quod

144 739 189 794 in
216 753 268 793 se
294 745 392 803 est,
423 735 550 791 dum
581 746 632 790 et
656 737 828 807 imago
853 747 933 793 est
962 739 1198 793 auctoris
1227 748 1282 794 et
1310 739 1540 806 veritas;
1575 741 1697 810 quia

145 832 352 906 perfecta
397 833 645 888 nativitas
691 831 983 902 perfectam
1026 835 1312 903 imaginem
1357 845 1598 905 prmsmt,
1645 846 1700 892 et

143 923 386 997 plenitudo
409 924 704 978 divinitatis
740 926 1100 996 corporaliter
1139 926 1444 982 inhabitans
1473 940 1688 983 natura-

140 1018 228 1074 lem
255 1017 450 1072 obtinet
479 1017 782 1072 veritatem.

197 1112 242 1166 2.
279 1110 557 1181 Scriptura:
595 1111 777 1181 quibus
820 1113 1103 1167 abutuntur
1135 1114 1341 1168 Ariani.
1377 1112 1482 1168 Cur
1520 1131 1695 1169 earum

137 1220 311 1259 sensum
352 1221 448 1257 non
493 1214 854 1274 assequuntur.
880 1234 952 1244 —
981 1205 1045 1260 Et
1092 1205 1208 1260 hanc
1248 1207 1465 1277 quidem
1507 1211 1697 1278 quam;

134 1299 202 1353 vis
225 1297 287 1371 (c)
309 1299 374 1352 ita
397 1313 454 1354 se
486 1307 542 1353 nt
566 1309 694 1354 sunt
729 1299 998 1365 habeant,
1030 1300 1154 1372 quia
1197 1302 1458 1357 naturalis
1485 1317 1550 1357 ex
1584 1302 1695 1357 Deo

134 1393 254 1448 Deus
293 1408 390 1447 non
432 1402 606 1462 potest
659 1394 758 1448 nisi
803 1396 854 1448 in
897 1410 958 1450 ea
1005 1396 1303 1450 nativitatis
1346 1411 1458 1451 suae.
1504 1407 1692 1451 natura

134 1497 236 1538 esse
254 1481 324 1555 (ιι)
347 1499 443 1554 qua
472 1485 613 1539 Dens
650 1495 755 1551 est,
783 1495 835 1540 et
858 1487 1089 1542 viventis
1128 1498 1336 1542 naturae
1377 1488 1694 1544 indifferens

133 1570 284 1630 unitas
316 1576 687 1646 inseparabilis
726 1563 755 1631 a
795 1592 853 1632 se
880 1588 966 1634 est
1007 1579 1108 1634 sub
1150 1580 1378 1635 viventis
1417 1579 1694 1636 uativitate

130 1676 309 1722 natura:
335 1682 348 1719 :
378 1675 554 1722 tamen
583 1684 677 1738 per
704 1668 824 1724 fidei
865 1671 1190 1740 evangelica:
1229 1672 1522 1726 salutarem
1563 1688 1694 1727 con-

127 1758 378 1815 fessionem
408 1760 710 1832 subrepunt
754 1761 992 1817 haeretici
1028 1763 1096 1834 (e)
1144 1762 1211 1818 ad
1254 1764 1498 1818 veritatis
1539 1765 1688 1819 exei-

1805 555 1965 612 fidem
1990 558 2250 614 Ecclesire
2269 559 2588 629 gloriantur,
2619 575 2741 616 cum
2769 561 3015 632 relegunt
3045 580 3058 616 :
3092 561 3172 616 De
3196 561 3279 617 die
3307 580 3404 617 au-

1804 658 1903 703 tem
1932 648 2025 704 illa
2051 659 2095 704 et
2131 651 2258 704 hora
2285 668 2434 706 nemo
2464 654 2580 719 scit,
2613 669 2773 725 neque
2814 653 2996 725 Angeli
3025 654 3079 708 in
3107 655 3266 723 (telis,
3311 671 3403 710 nec

1805 740 1995 807 Filius,
2043 745 2144 798 nisi
2185 742 2343 798 Pater
2381 749 2522 801 solus
2559 744 2754 814 (Marc.
2790 763 2910 814 ιιιιι,
2943 746 3054 817 52).
3091 746 3206 802 Νοιι
3254 749 3398 804 enim

1802 837 2014 893 videtur
2062 839 2411 909 exacqnabilis
2465 854 2560 908 per
2610 840 2943 895 nativitatem
2997 854 3119 896 esse
3172 849 3396 907 natura,

1800 948 1920 1004 quae
1969 933 2322 1004 ignorationis
2367 934 2438 987 sit
2479 934 2803 989 necessitate
2844 933 3090 1000 diversa;
3132 945 3186 990 et
3235 935 3398 990 Pater

1800 1024 2025 1080 sciendo
2053 1039 2114 1078 ac
2140 1023 2312 1079 Filius
2354 1024 2648 1079 nesciendo
2676 1025 3024 1080 manifestent
3057 1026 3395 1081 dissimilitu-

1798 1116 1979 1172 dinem
2019 1116 2317 1172 divinitatis
2353 1133 2365 1169 :
2399 1117 2522 1186 quia
2565 1126 2618 1171 et
2664 1116 2912 1187 ignorare
2947 1117 3088 1172 Deus
3128 1117 3258 1172 nihil
3303 1118 3397 1173 de-

1799 1210 1946 1276 beat,
1981 1219 2036 1265 et
2065 1210 2320 1282 ignorans
2350 1224 2456 1264 non
2488 1209 2884 1278 comparandus
2912 1210 2983 1264 sit
3011 1210 3075 1264 ad
3109 1209 3393 1266 scientem.

1797 1301 1904 1359 Sed
1934 1303 2048 1358 haec
2078 1303 2255 1357 omnia
2281 1344 2295 1369 ,
2330 1316 2430 1357 nec
2458 1303 2666 1356 ratione
2699 1302 3090 1372 intelligentes,
3133 1317 3232 1358 nec
3263 1311 3397 1358 tem-

1797 1396 2017 1466 poribus
2056 1395 2447 1459 tlisaernentes,
2492 1409 2591 1449 nec
2639 1395 2718 1467 (It)
2759 1396 3110 1450 sacramentis
3157 1409 3391 1466 evange-

1797 1489 1914 1544 licis
1963 1487 2468 1559 apprehendentes,
2515 1503 2615 1543 nec
2663 1488 2931 1542 dictorum
2981 1488 3270 1542 virtutibus
3319 1489 3382 1559 (ἱ)

1795 1581 2116 1647 sentientes,
2148 1581 2313 1636 stulto
2339 1591 2500 1652 atque
2529 1581 2781 1651 imperito
2807 1581 2989 1636 furore
3015 1583 3280 1638 adversus
3310 1581 3391 1638 di-

1795 1677 2037 1732 vinitatis
2090 1686 2340 1732 naturam
2395 1677 2709 1746 loquuntnr,
2761 1677 2826 1732 ad
2878 1678 3178 1750 implendas
3234 1694 3393 1735 aures

1795 1769 2157 1841 ignorantium
2182 1770 2294 1824 sola
2341 1769 2454 1824 lucc
2485 1779 2537 1824 et
2579 1769 2714 1824 nuda
2747 1779 3133 1835 memorantes,
3162 1781 3253 1825 aut
3297 1772 3394 1827 ab—

128 1851 272 1919 dium,
303 1863 354 1907 ut
388 1854 690 1908 naturalem
737 1853 874 1908 Filio
901 1854 1190 1910 detrahant
1230 1859 1489 1911 unitatem
1515 1900 1528 1923 ,
1560 1857 1686 1910 dum

1814 1865 2150 1920 tolutionihus
2179 1879 2366 1919 eorum
2397 1864 2594 1929 tacitis,
2625 1873 2715 1917 ant
2736 1863 2951 1918 causis:
2981 1878 3102 1918 cum
3125 1863 3392 1920 dictorum

129 1947 258 2003 aliter
279 1957 430 2018 atque
455 1947 522 2002 ad
553 1948 696 2003 aliud
720 1949 883 2014 dicta,
912 1949 1068 2006 aliter
1089 1959 1252 2022 atque
1283 1951 1333 2006 in
1363 1952 1504 2006 aliud
1535 1953 1693 2007 intel-

128 2041 306 2112 ligenda
329 2053 675 2114 componunt.
701 2043 968 2115 Negantes
991 2046 1168 2114 itaque
1194 2045 1285 2100 Dei
1313 2046 1505 2112 lilium,
1536 2056 1692 2101 utun-

127 2145 197 2190 tur
216 2152 270 2191 ea
295 2140 608 2193 auctoritate
634 2155 738 2210 qua
771 2139 969 2194 dixerit
997 2159 1009 2193 :
1043 2140 1182 2206 Quid
1211 2156 1289 2193 me
1314 2141 1441 2195 dicis
1472 2140 1692 2194 bonum?

129 2224 268 2281 Nemo
292 2239 360 2282 est
390 2229 551 2282 bonus
575 2230 674 2284 nisi
695 2246 830 2284 unus
863 2229 1002 2285 Dens
1025 2229 1219 2302 (Marc.
1247 2247 1300 2296 Χ,
1335 2231 1422 2301 18)
1449 2249 1462 2283 :
1488 2242 1542 2284 ιιι
1569 2233 1690 2302 quia

125 2334 261 2373 unum
291 2320 448 2375 Deum
490 2322 761 2391 professio
797 2322 914 2390 ejus
961 2323 1138 2377 locuta
1184 2327 1276 2391 sit,
1323 2324 1579 2395 qaidquid
1623 2325 1689 2380 il-

126 2412 196 2467 lud
219 2413 284 2485 (Ῑ)
317 2415 506 2471 exinde
534 2415 587 2470 in
623 2417 717 2470 Dei
753 2418 971 2473 nomine
997 2419 1121 2484 erit,
1148 2419 1257 2488 jatn
1287 2436 1392 2473 non
1422 2421 1473 2474 in
1501 2430 1690 2476 natura

127 2511 202 2568 Dei
228 2524 448 2580 maneat,
489 2514 620 2584 quia
662 2514 802 2570 Dens
845 2531 982 2570 unus
1009 2525 1111 2570 est.
1155 2517 1329 2587 Atque
1358 2527 1414 2572 ut
1443 2517 1516 2582 id,
1549 2517 1692 2589 quod

127 2607 221 2676 ipse
250 2608 378 2663 Deus
403 2608 628 2676 dicitur,
655 2611 1054 2680 nuncupatione
1085 2612 1260 2680 petius
1283 2627 1442 2682 quam
1466 2612 1691 2668 veritate

128 2701 208 2767 sit;
231 2702 343 2758 hinc
367 2703 698 2760 confirmare
727 2704 988 2769 nituntur,
1021 2705 1141 2776 quia
1183 2705 1380 2760 dixerit
1409 2722 1422 2758 :
1455 2703 1584 2759 llam
1622 2714 1692 2759 est

129 2805 268 2848 autem
299 2798 395 2851 vita
434 2807 657 2861 teterna,
687 2807 743 2851 ut
769 2807 1082 2870 cognoscant
1109 2808 1158 2854 te
1204 2798 1284 2872 (g)
1311 2799 1475 2853 solum
1518 2814 1693 2854 verum

130 2883 267 2941 Deum
293 2887 462 2960 (Joan.
493 2905 628 2954 χιιι,
663 2890 738 2961 5).
770 2890 837 2944 Et
875 2901 931 2944 ιιι
966 2900 1116 2945 extra
1160 2890 1547 2961 proprietatem
1579 2890 1692 2946 veri

129 2980 202 3035 Dei
227 2983 307 3047 sit,
343 2983 394 3037 id
428 2981 698 3053 adjiciunt
727 3000 740 3036 :
773 2982 896 3038 Non
927 2993 1091 3054 potest
1135 2982 1306 3037 Filius
1338 2986 1508 3055 facere
1541 2984 1604 3037 ab
1640 2999 1694 3038 se

126 3074 384 3148 quidquam,
407 3078 506 3132 nisi
541 3077 681 3147 quod
696 3077 874 3131 viderit
898 3076 1106 3132 Putrem
1129 3079 1400 3149 facientem
1427 3077 1606 3151 (Joau.
1639 3095 1690 3145 ν,

129 3165 219 3235 19).
244 3168 466 3224 Tentant
496 3186 718 3242 quoque
758 3179 811 3226 et
843 3171 970 3225 illttd
1005 3188 1017 3225 :
1050 3171 1204 3226 Pater
1232 3172 1399 3240 major
1422 3171 1586 3246 259
1614 3188 1694 3225 me

1797 1959 2148 2030 intelligentia
2182 1969 2273 2013 attt
2308 1973 2374 2012 ex
2416 1956 2719 2028 prmpositis
2762 1966 2852 2011 aut
2891 1971 2958 2012 ex
2999 1957 3392 2029 consequenti-

1797 2052 1898 2106 bus
1923 2050 1992 2124 (j)
2025 2061 2332 2118 expetatur.

1868 2146 1922 2199 5.
1952 2143 2187 2199 Christus
2213 2153 2260 2198 et
2291 2142 2430 2198 Deus
2454 2151 2528 2198 est
2553 2153 2600 2197 et
2630 2144 2798 2198 homo.
2819 2143 3099 2198 Attendant
3122 2142 3397 2198 Nestorius

1794 2248 1843 2293 et
1874 2237 2232 2308 Eutycltes.—-
2262 2240 2435 2308 Atque
2461 2237 2652 2292 horum
2677 2237 2896 2307 quidem
2919 2238 3169 2305 superius
3191 2252 3398 2294 memo-

1797 2342 2036 2388 ratornm
2067 2332 2330 2386 rationem
2359 2347 2426 2386 ex
2451 2332 2582 2401 ipsis
2601 2331 2684 2386 vel
2715 2332 3042 2402 evangelicis
3072 2332 3153 2386 vel
3177 2341 3398 2403 aposto-

1796 2427 1915 2482 licis
1945 2425 2372 2496 professionibus
2408 2425 2479 2495 (Ic)
2512 2425 2806 2496 prmstituri
2831 2469 2845 2492 ,
2873 2425 3249 2483 admonendos
3275 2442 3398 2484 esse

1795 2533 1986 2574 omnes
2014 2519 2318 2572 communis
2348 2516 2469 2572 fidei
2498 2518 2873 2573 existimamus
2899 2535 2910 2570 :
2946 2526 3004 2572 ut
3042 2518 3094 2573 in
3135 2534 3238 2588 qna
3267 2533 3398 2574 eon-

1796 2611 2038 2668 fessione
2077 2610 2350 2666 aatcrnitas
2382 2613 2504 2665 vine
2533 2623 2638 2674 est,
2677 2612 2729 2664 in
2757 2611 2946 2665 eadem
2983 2612 3052 2667 sit
3091 2611 3400 2683 intelligen-

1799 2705 1869 2759 tia
1887 2704 2276 2778 (l):cternitatis
2294 2704 2414 2772 (ιιι).
2436 2703 2617 2758 Nescit
2642 2704 2798 2773 plane
2821 2703 2984 2758 vitam
3005 2719 3179 2772 suam,
3203 2707 3395 2773 nescit,

1795 2800 1885 2870 qui
1931 2797 2204 2852 Christum
2247 2795 2430 2851 .lesntn
2472 2806 2530 2850 ιιι
2564 2811 2751 2851 verum
2797 2795 2963 2851 Deum
3012 2796 3084 2850 ita
3121 2805 3175 2850 et
3210 2811 3396 2852 verum

1799 2893 2071 2948 hominem
2100 2891 2179 2964 (l)
2227 2893 2458 2964 ignorat.
2500 2891 2569 2946 Et
2613 2891 2852 2961 ejusdem
2891 2891 3120 2961 periculi
3165 2907 3253 2946 res
3291 2900 3396 2958 est,

1798 2985 2068 3042 Christum
2113 2985 2297 3041 Jesum
2341 2984 2426 3039 vel
2477 2983 2736 3053 Spiritum
2786 2985 2989 3048 Dentn,
3039 2983 3125 3038 vel
3179 2997 3398 3038 carnem

1799 3081 1967 3135 nostri
1998 3078 2242 3148 corporis
2266 3077 2560 3147 denegare.
2599 3077 2778 3130 Omnis
2807 3093 2926 3147 ergo
2953 3075 3034 3148 (ιι)
3067 3077 3154 3147 qui
3186 3075 3400 3145 conﬁteo

1799 3174 1934 3228 bitur
1961 3188 2040 3226 me
2061 3187 2234 3226 coram
2257 3170 2568 3234 hominibus,
2594 3168 2872 3239 conﬁtebor
2899 3178 2944 3222 et
2970 3185 3064 3239 ego
3091 3184 3207 3222 eum
3228 3183 3402 3221 coram

127 3259 367 3332 ett(loan.
396 3279 506 3330 xlv,
540 3262 660 3335 ‘28).
693 3263 978 3320 Postremo
1002 3263 1112 3335 jam
1156 3273 1426 3335 tamquam
1459 3258 1684 3321 indisso-
1720 3258 1765 3320 C
1799 3274 1944 3336 patre
1997 3280 2140 3331 meo,
2188 3263 2276 3335 qui
2329 3271 2400 3316 est
2462 3261 2516 3316 in
2567 3261 2723 3316 caelis.
2783 3259 2882 3326 Qui
2934 3271 3100 3315 autem
3149 3260 3402 3331 negaverit

183 3423 250 3498 (τί)
278 3425 491 3482 Addidit
520 3441 557 3482 e
583 3427 806 3497 regione
827 3425 1100 3491 librarius,
1131 3426 1196 3479 de
1225 3440 1343 3479 vera
1369 3440 1542 3479 carne.

128 3574 278 3621 essent
303 3583 314 3619 :
338 3582 456 3622 cum
492 3564 787 3622 manifeste
817 3565 1124 3621 referantur
1151 3563 1216 3618 ad
1244 3565 1428 3628 verba,
1454 3564 1509 3617 id
1527 3565 1684 3631 quod,

132 3653 228 3708 quae
251 3638 364 3695 licet
390 3654 497 3694 non
546 3638 779 3708 amplius
818 3639 1065 3706 repetita,
1102 3637 1254 3690 facile
1289 3646 1464 3690 tamen
1495 3636 1693 3691 intelli-

129 3719 290 3778 guntur
312 3711 539 3765 subinde
575 3709 905 3778 repetenda,
939 3710 1077 3761 sicut
1118 3718 1172 3762 et
1212 3708 1468 3762 vocabula
1500 3709 1551 3760 in
1583 3724 1640 3761 eo
1673 3723 1691 3762 :

130 3795 170 3835 ν.
194 3798 258 3850 3.,
285 3792 326 3837 et
359 3783 410 3835 id
443 3782 589 3853 quod
631 3798 732 3834 non
768 3780 932 3853 solum
961 3781 1011 3832 in
1045 3796 1102 3853 eo
1134 3788 1322 3844 manet,
1354 3780 1443 3832 sed
1472 3788 1516 3832 et
1543 3779 1597 3853 in
1635 3795 1694 3853 eo

130 3863 365 3920 operatur;
393 3865 438 3908 et
456 3850 523 3907 id
548 3855 687 3924 quod
714 3869 814 3905 non
843 3850 1011 3906 solum
1037 3851 1089 3904 in
1117 3866 1175 3904 eo
1203 3860 1444 3922 aperatur
1465 3859 1512 3904 et
1535 3850 1696 3920 loqui-

133 3933 216 3984 tur.
235 3926 313 3979 sed
337 3936 381 3979 et
410 3927 462 3978 in
487 3941 554 3980 eo
585 3924 804 3978 videtur.

189 3997 250 4064 (ιι)
269 3996 320 4051 In
357 4013 462 4051 uno
490 4013 524 4064 e_
559 4011 688 4050 mss.
722 3995 920 4061 Vatic.,
954 3994 1155 4048 virtutis
1181 3996 1502 4055 virtutem,et
1531 4001 1699 4062 potes-

133 4067 228 4120 tatis
241 4077 555 4138 potestatem,
577 4077 624 4122 et
647 4068 844 4120 n'aturm
865 4076 1122 4120 naturam.
1139 4065 1321 4121 Virtus
1346 4064 1514 4138 Filius
1537 4064 1700 4138 habet

133 4139 174 4190 in
197 4135 250 4192 se
285 4140 538 4196 virtutem
578 4153 698 4209 qua:
727 4138 886 4192 Pater
912 4147 997 4191 est
1026 4155 1040 4191 :
1071 4137 1218 4209 quia,
1252 4147 1307 4189 nt
1335 4135 1531 4189 dicitur
1560 4135 1698 4188 libro

133 4211 396 4279 superiore,
425 4207 608 4274 n.24,
624 4225 729 4264 non
750 4209 891 4264 aliud
917 4219 1042 4263 sunt
1069 4211 1118 4262 in
1148 4207 1258 4262 Deo
1288 4222 1405 4276 quae
1432 4220 1526 4259 sua
1547 4217 1695 4279 sunt,

134 4273 262 4348 quam
287 4273 421 4352 quod
463 4294 554 4338 est
587 4273 710 4352 ipse
743 4298 754 4333 :
788 4292 842 4336 et
874 4296 1019 4334 num.
1051 4280 1120 4333 26
1151 4296 1164 4332 :
1199 4273 1526 4332 lles'natura:
1567 4273 1694 4330 Filii

136 4362 218 4415 est;
241 4355 320 4407 sed
341 4356 521 4410 endem
553 4370 634 4408 res
656 4362 700 4405 et
721 4363 919 4406 natura!
949 4352 1120 4405 I’ntris
1147 4361 1240 4403 est.

191 4423 254 4491 (b)
283 4427 430 4494 Apud
461 4425 622 4486 Bad..
662 4423 758 4478 Er.
788 4424 922 4477 etin
951 4439 1053 4478 ms.
1090 4421 1206 4475 Vat.
1237 4423 1378 4484 bas.,
1409 4437 1499 4492 per
1533 4420 1696 4494 ipsius

135 4491 388 4566 imaginem.
427 4498 560 4554 Haec
590 4497 660 4551 ita
697 4494 1042 4565 intelligenda
1077 4511 1091 4546 :
1125 4503 1297 4566 tenens
1336 4491 1426 4560 per
1457 4492 1696 4566 nativita-

137 4562 233 4629 tem,
255 4581 342 4622 seu
367 4578 425 4624 ut
450 4569 669 4624 soboles
703 4562 899 4631 Patris,
927 4567 1040 4634 ipsa
1074 4565 1210 4634 quod
1240 4580 1410 4629 sttnnt,
1433 4573 1566 4632 .puta
1597 4562 1696 4615 Pa-

139 4636 233 4701 tris,
262 4650 326 4714 est
343 4658 366 4714 _:
393 4654 442 4697 et
471 4657 567 4714 per
594 4639 890 4714 imaginem,
917 4652 1016 4714 seu
1045 4645 1308 4714 quatenus
1337 4636 1511 4706 imago
1527 4649 1695 4714 ,‘qna:

137 4722 187 4759 ex
219 4726 283 4774 se,
310 4711 359 4766 id
384 4707 488 4777 est,
530 4727 596 4766 ex
634 4707 749 4778 ipsa
789 4708 961 4764 Patris
991 4707 1289 4762 substantia
1323 4715 1402 4762 est
1425 4746 1440 4772 ,
1474 4707 1697 4777 referens

137 4781 250 4851 quod
272 4782 322 4836 in
341 4800 414 4851 se,
443 4785 564 4838 scil.
595 4783 648 4836 in
673 4783 788 4850 ipso
813 4779 976 4834 Patre
1003 4789 1100 4833 est.

198 4850 262 4924 (c)
295 4850 411 4911 Par.
441 4857 518 4908 ita
549 4864 603 4906 ut
629 4853 681 4906 in
703 4868 758 4924 se
774 4851 1025 4924 habeant.

198 4917 268 4991 (α’)
295 4925 405 4980 Dtto
436 4941 571 4981 tnss.
604 4923 741 4995 quod
762 4920 903 4995 Deus
928 4933 1020 4976 est.
1051 4920 1187 4975 Tum
1211 4919 1330 4974 Vat.
1365 4919 1476 4995 itas.
1504 4917 1699 4995 codex,

139 4995 410 5062 utrivmtis,
441 5014 549 5052 non
575 4991 645 5050 et.
672 4994 800 5049 Duas
831 4993 919 5048 hic
949 5000 1239 5062 tanguntur
1281 4991 1548 5052 rationes,
1574 4991 1701 5062 qni-

141 5062 222 5118 bus
246 5060 513 5122 Christum
545 5069 712 5123 Deum
745 5080 868 5120 esse
896 5060 1190 5119 doceamur
1219 5080 1231 5114 :
1261 5063 1428 5130 prima
1458 5060 1699 5130 quidem,

141 5137 258 5204 quod
284 5150 531 5195 nascatur
554 5157 619 5194 ex
648 5137 781 5198 Deo.
810 5135 1144 5205 proindeque
1169 5143 1262 5187 aut
1290 5133 1456 5205 Dens,
1476 5142 1580 5205 aut
1607 5132 1702 5205 de-

141 5202 312 5275 gener;
338 5212 507 5267 altera
538 5226 689 5276 vero,
721 5202 862 5278 quod
903 5202 1250 5278 sicut'Pater,
1291 5204 1365 5257 ita
1393 5213 1444 5256 et
1475 5203 1589 5278 ipse
1618 5202 1702 5256 vi-

143 5281 444 5408 :ttqzhabeat
469 5283 522 5337 in
543 5274 862 5350 semetipso.
891 5278 1107 5334 Videsis
1137 5277 1329 5332 librum
1367 5274 1702 5343 superiorem

143 5360 188 5404 ιι.
213 5360 295 5406 45.

201 5422 264 5490 (ε)
289 5423 340 5478 ln
369 5440 477 5479 uno
510 5440 540 5480 e
572 5439 706 5481 mss.
743 5422 914 5478 Vatic.
948 5421 1017 5476 ad
1042 5419 1267 5475 veritatis
1290 5416 1620 5490 diversitatis.
1647 5415 1705 5469 ln

147 5489 308 5564 altero.
333 5496 400 5550 ad
426 5496 736 5551 diversitatis
767 5512 786 5550 :
820 5492 964 5564 quod
989 5492 1271 5564 legendum
1291 5489 1708 5564 suspicawsf“

147 5559 394 5641 Erasmus,
421 5569 533 5638 ipse
553 5585 674 5641 cum
699 5557 1117 5641 Ded-exhibens
1143 5561 1211 5641 ad
1231 5559 1574 5641 adversitatis.
1601 5557 1706 5641 Re:

149 5629 398 5692 linendum
429 5629 550 5692 cum
594 5640 717 5693 aliis
753 5637 927 5698 libris,
961 5635 1027 5689 ad
1068 5633 1294 5688 ueritatis
1331 5630 1610 5695 excidium,
1655 5629 1711 5684 id

151 5714 519 5782 abnveram
545 5710 680 5766 Filio
713 5719 958 5782 naturam
991 5706 1254 5782 auferant.
1291 5774 1303 5782 _
1481 5771 1493 5782 ο

165 5777 274 5857 -_.(f)
299 5779 578 5853 Particultrf
603 5782 791 5857 exinde
814 5786 865 5835 ct
884 5780 998 5847 jam
1029 5777 1083 5834 in
1109 5774 1338 5847 vulgatis
1387 5774 1602 5829 omissae
1625 5786 1712 5828 ι·εά

155 5854 422 5910 ιιιιιιιιιιιιιι⁸
444 5869 545 5925 ope
570 5855 700 5911 mss.

1878 3562 1955 3636 (g)
1987 3560 2044 3616 In
2075 3560 2308 3625 excusis,
2343 3561 2510 3636 solum
2537 3569 2581 3613 et
2609 3576 2800 3614 verum.
2829 3559 2991 3614 Abest
3017 3567 3062 3611 et
3092 3573 3120 3612 a
3149 3571 3326 3626 graeco
3349 3568 3404 3614 et

1797 3634 1943 3690 mssJ
1964 3635 2014 3688 in
2048 3647 2275 3702 quorum
2327 3634 2599 3703 plerisque
2631 3647 2751 3684 mox
2780 3640 3005 3693 teneant,
3045 3645 3151 3684 non
3185 3639 3398 3686 tentant.

1871 3712 1950 3787 (Ιι)
2001 3713 2117 3766 Vat.
2170 3713 2286 3787 bas.
2340 3729 2500 3787 ιιιςηΔ
2529 3720 2848 3787 sacramenta
2890 3711 3181 3787 evangelica
3224 3725 3243 3762 .·
3277 3724 3403 3787 cor-

1798 3781 2068 3842 rectorem
2102 3785 2241 3852 sapit
2267 3800 2370 3836 non
2401 3783 2533 3837 satis
2559 3783 3036 3850 circntuslteetum,
3062 3781 3149 3849 qui
3182 3794 3286 3835 non
3310 3782 3404 3835 ad-

1800 3857 1964 3911 vertit
1991 3867 2110 3926 post
2141 3853 2580 3926 apprehendentes
2617 3852 2891 3926 subaudiri
2933 3852 3043 3906 lucc
3084 3852 3276 3913 omnia,
3319 3853 3400 3926 vi-

1804 3924 2006 3982 delicet
2071 3926 2364 3993 Scriptura:
2428 3925 2735 3978 testimonia
2807 3925 3125 3978 Arianorum
3185 3924 3405 3978 nomine

1805 3998 2052 4071 proxime
2088 3998 2247 4071 allata
2281 4013 2438 4071 :qna:
2482 3996 2557 4049 illi
2605 4006 2903 4071 arguuntur
2945 4010 3050 4048 non
3095 3993 3404 4071 expendere

1805 4065 2099 4125 secundum
2132 4065 2450 4138 Evangeliea
2476 4065 2833 4126 sacramenta.
2855 4069 2958 4138 hoc
2977 4075 3082 4128 est,
3105 4065 3402 4138 secundum

1807 4157 1868 4196 ea
1899 4156 2019 4211 qua:
2048 4140 2202 4195 nobis
2235 4135 2582 4211 Evangelinm
2611 4139 2871 4211 revelavit
2904 4154 2916 4190 :
2947 4136 3000 4188 in
3034 4135 3228 4205 quibus
3265 4151 3404 4206 prm-

1807 4206 2020 4281 ciptinm
2052 4213 2226 4266 locum
2263 4206 2471 4264 obtinet
2496 4206 2694 4264 Christi
2732 4219 2841 4262 tum
2861 4217 3086 4273 :rterna,
3121 4214 3234 4260 tum
3269 4217 3404 4262 tem-

1803 4284 2003 4354 poralis
2031 4283 2300 4337 nativitas.

1877 4379 1938 4447 (ἰ)
1968 4375 2085 4430 Vat.
2117 4376 2241 4430 bas.
2274 4374 2466 4447 codex,
2499 4374 2733 4428 scientes.
2770 4372 3250 4447 Bandinus_aulcm
3283 4379 3403 4447 post

1803 4443 2070 4503 Latinium
2118 4462 2180 4500 ex
2222 4445 2556 4516 conjectura,
2605 4447 2991 4500 consentientes.
3039 4443 3402 4500 Retinendutn

1800 4520 2024 4574 omnino
2068 4519 2357 4581 sentientes,
2401 4519 2504 4572 hoc
2547 4525 2632 4572 est
2657 4518 2945 4571 verborum
2970 4516 3401 4585 evangelicorum

1802 4592 2046 4661 proxime
2086 4590 2369 4645 allatorunt
2417 4589 2464 4642 vi
2512 4588 2652 4642 haud
2704 4589 2835 4642 satis
2885 4589 3104 4660 probata
3153 4599 3403 4657 perSpcc-

1724 4696 1777 4756 D
1804 4673 1982 4732 taque.

1878 4755 1950 4830 (λ)
2000 4755 2072 4809 Ita
2115 4754 2446 4830 antiquiores
2497 4752 2616 4807 libri
2663 4749 3207 4830 (qttorum__pleriqne
3245 4756 3401 4802 antea

1808 4822 2012 4884 habent
2042 4822 2316 4897 propositis
2350 4840 2458 4880 non
2514 4824 2851 4895 prwpositis).
2879 4822 2982 4877 Alii
3012 4835 3158 4887 vero,
3191 4834 3403 4888 exspec-

1806 4909 1962 4953 tetur.

1879 4993 1956 5064 (Ις)
1979 4994 2073 5048 Er.
2104 4993 2334 5064 Lips.ict
2361 4991 2484 5045 Par.
2518 4987 2826 5064 praestaturi
2834 5003 2860 5064 _:
2891 4982 3290 5064 refragantibus

1810 5054 1948 5119 Dalii
1972 5074 2028 5119 et
2053 5054 2351 5136 potioribus
2369 5054 2529 5136 mss;
2554 5059 2768 5136 etiamsi
2797 5057 2888 5112 lib.
2920 5071 2993 5120 tv,
3025 5070 3091 5136 ιι..
3111 5056 3166 5118 7,
3193 5065 3247 5108 et
3275 5054 3404 5109 alibi

1812 5136 1914 5190 hoc
1942 5130 2166 5189 verbum
2199 5135 2250 5188 in
2277 5135 2360 5188 his
2389 5133 2551 5186 etiam
2579 5145 2641 5184 ea
2673 5130 2880 5183 ratione
2908 5130 3238 5182 enuntietur.

1885 5225 1948 5296 (ι)
1983 5225 2096 5280 Hoc
2127 5233 2229 5286 est,
2257 5233 2315 5296 ut
2356 5220 2810 5296 quemadmodum
2839 5218 3022 5283 Pater,
3057 5217 3126 5270 ita
3158 5226 3212 5271 et
3237 5216 3408 5296 Filius

1813 5297 1865 5353 in
1894 5289 2099 5352 aiterna
2127 5311 2220 5351 seu
2251 5289 2431 5348 divina
2462 5293 2795 5360 intelligatur
2825 5305 2946 5344 csse
2971 5297 3185 5353 natura,
3211 5289 3256 5342 si
3287 5289 3407 5358 qni-

1813 5369 1936 5424 dcm
1965 5367 2124 5437 hujus
2146 5377 2202 5419 ut
2222 5365 2364 5420 illius
2390 5363 2660 5437 confessio
2683 5362 2980 5437 vitainobis
3004 5366 3224 5437 praestat
3249 5371 3408 5414 mter-

1815 5430 2081 5497 nitatem':
2117 5439 2259 5509 quod
2285 5437 2484 5492 clarius
2514 5434 2674 5500 infra,
2709 5450 2764 5487 ιι.
2794 5434 2886 5500 55,
2919 5430 3225 5501 exponitur.

1887 5531 1983 5606 (ιιι)
2007 5533 2131 5606 Hrgc
2148 5530 2315 5606 citant
2335 5525 2964 5606 LeoadLeonem,Ang.
2995 5523 3154 5595 epist.
3189 5539 3408 5591 cxxxtv,

1811 5620 1862 5662 c.
1894 5599 2037 5670 3,'et
2061 5601 2390 5657 Theodoret.
2423 5617 2459 5655 ιι
2493 5600 2630 5655 Dial.
2665 5615 2718 5669 p.
2747 5599 2869 5653 106.

1888 5697 1966 5769 (ιι)
2000 5695 2234 5769 Verbum
2263 5695 2426 5764 inquit
2457 5697 2509 5749 in
2543 5693 2768 5764 vulgatis
2792 5690 2879 5745 hic
2907 5689 3175 5769 adjectum
3207 5689 3412 5769 abSque

1814 5761 1957 5852 mss.
1971 5765 2313 5835 auctoritate,
2332 5761 2795 5839 supervacaneum
2819 5777 2942 5820 esse
2961 5768 3176 5820 constat
3193 5775 3257 5819 ex
3285 5761 3414 5819 sub--

1815 5855 1990 5900 llCXlSi
