3930 6194
488 307 617 380 287’

1677 316 1934 406 ,ΒΑΝΟΤΙ
1975 316 2231 374 ιιιιΑιιιι
2274 316 2582 375 EPISCOPI

3670 322 3766 378 288

487 439 777 514 passiones
809 438 920 495 Deo
943 435 1110 492 sociae
1135 431 1382 505 sunt,(i)
1413 439 1468 488 et
1499 431 1570 504 (ο)
1601 431 1875 504 spiritales
1903 434 2091 504 nequi-
2121 432 2175 494 A
2198 432 2443 502 corporis
2488 432 2656 488 nostri
2690 445 2911 488 manere
2931 473 2947 500 ,
2992 432 3088 489 sed
3125 432 3176 489 in
3223 433 3314 490 Dei
3353 434 3542 506 gloria.
3583 435 3648 490 Et
3671 435 3767 493 hoc

407 519 414 529 ’
489 532 581 589 tite
612 547 678 589 ac
716 530 934 588 malitia:
968 533 1266 598 potestates
1299 525 1571 596 triumpho
1603 525 1810 592 carnis,
1847 525 1959 582 Deo
1995 541 2094 596 per

491 641 712 684 carnem
742 623 1029 684 moriente.
1063 619 1392 675 subduntur.

565 719 617 775 8.
652 716 858 771 Fideles
890 713 995 768 Deo
1022 714 1076 767 in
1104 712 1314 768 Christo
1335 711 1491 784 pleni.
1517 740 1591 754 —
1622 710 1789 782 llujus
1817 711 1978 782 igitur
2007 725 2096 766 sa-

493 807 758 868 cramenti
784 807 1076 878 Apostolus
1096 805 1368 870 conscius,
1400 813 1454 860 et
1482 819 1575 874 per
1609 804 1891 860 Dominum
1922 805 2096 875 ipsum

495 901 619 960 ﬁdei
651 901 932 957 scientiam
963 899 1190 968 adeptus
1210 941 1224 965 ,
1254 912 1376 953 cum
1420 913 1525 953 non
1559 898 1832 969 ignoraret
1875 899 2098 968 incapa-

495 1007 615 1051 cem
644 992 760 1063 ejus
785 1006 908 1048 esse
942 1000 995 1046 et
1037 989 1292 1044 mundum
1318 1032 1331 1057 ,
1363 996 1420 1045 et
1447 989 1729 1058 homines,
1771 998 1824 1044 et
1854 988 2100 1060 philoso-

496 1083 679 1156 phiam
705 1126 722 1152 ,
755 1083 860 1149 ait,
902 1082 1079 1138 Videte
1123 1099 1187 1136 ne
1213 1082 1325 1152 quis
1355 1098 1443 1136 vos
1489 1083 1696 1137 seducat
1737 1098 1827 1151 per
1871 1081 2101 1155 philoso-

499 1176 676 1250 phiam
701 1184 748 1230 et
773 1176 977 1229 inanem
1016 1174 1367 1244 deceptionem
1410 1173 1687 1228 secundum
1727 1171 1809 1243 (2)
1866 1172 2103 1228 traditio-

501 1284 618 1324 nem
649 1267 722 1340 (b)
757 1267 1054 1333 hominum,
1088 1265 1368 1320 secundum
1413 1263 1660 1318 elementa
1699 1263 1900 1329 mundi,
1925 1273 1971 1317 et
1999 1279 2102 1318 non

499 1363 780 1418 secundum
805 1359 988 1414 Iesum
1019 1357 1281 1413 Christum
1306 1376 1324 1412 :
1353 1358 1474 1428 quia
1503 1359 1554 1411 in
1580 1358 1691 1428 ipso
1716 1356 1966 1411 inhabitat
1993 1373 2104 1411 om-

501 1454 582 1509 nis
611 1453 876 1525 plenitudo
902 1453 1184 1507 divinitatis
1212 1451 1573 1520 corporaliter,
1605 1460 1652 1504 et
1677 1452 1795 1504 estis
1825 1453 1878 1505 in
1905 1451 2000 1505 illo
2024 1467 2104 1506 re-

513 1546 662 1616 pleti,
691 1543 761 1618 (c)
790 1544 929 1616 quod
954 1553 1027 1600 est
1048 1554 1202 1615 caput
1234 1545 1398 1598 onmis
1427 1543 1744 1614 principatus
1766 1552 1811 1596 et
1841 1543 2103 1614 potestatis

503 1636 728 1712 (Coloss.
779 1651 849 1703 ιι,
895 1636 929 1692 8
966 1646 1012 1690 et
1051 1634 1236 1708 seqq.).
1288 1635 1544 1706 Exposita
1590 1635 1770 1704 itaque
1813 1635 2103 1690 habitantis

503 1729 858 1798 corporaliter
887 1728 1182 1784 divinitatis
1211 1727 1263 1783 in
1299 1743 1365 1784 eo
1390 1727 1754 1799 plenitudine,
1788 1742 2102 1783 sacramen-

2201 526 2379 597 lingua
2406 525 2582 582 omnis
2611 525 2974 583 conﬁtebitur.
3006 528 3211 584 Etcum
3243 529 3483 586 coelestia
3511 541 3564 586 et
3588 540 3765 589 terres-

2203 620 2300 674 tria
2345 617 2423 691 (h)
2452 634 2591 687 genu
2632 617 2851 675 ﬂectent
2880 637 2894 673 :
2925 619 3027 676 hoc
3070 630 3229 690 caput
3263 621 3440 676 omnis
3471 623 3770 693 principatus

2201 722 2257 769 et
2283 714 2564 783 potestatis
2595 722 2706 780 est,
2741 722 2802 768 ut
2825 714 2874 769 ei
2911 713 3160 770 universa
3201 730 3342 784 genu
3385 713 3639 771 ﬂectendo
3661 717 3776 772 sub-

2198 805 2339 875 jecta
2365 805 2502 872 sint,
2536 806 2586 859 in
2619 820 2725 873 quo
2752 820 2938 861 sumus
2968 805 3190 877 repleti,
3221 815 3276 861 et
3304 807 3394 877 qui
3429 822 3522 877 per
3550 807 3776 864 habitan-

2203 907 2308 952 tem
2339 899 2392 953 in
2419 914 2478 954 se
2504 899 2859 968 corporaliter
2888 899 3182 955 divinitatis
3225 900 3586 972 plenitudine,
3613 903 3659 956 in
3689 903 3776 959 Dei

2203 991 2370 1062 patris
2397 991 2466 1044 sit
2486 991 2656 1062 gloria
2682 990 3042 1047 conﬁtendus.

2276 1084 2329 1138 9.
2360 1082 2498 1138 Deus
2524 1084 2659 1138 idem
2682 1096 2862 1139 auctor
2889 1087 3295 1158 regenerationis
3324 1094 3512 1142 nostra:
3540 1097 3584 1141 et
3611 1087 3780 1143 Christi

2202 1177 2605 1230 resurrectionis.
2628 1207 2698 1217 —-
2731 1176 3104 1232 Demonstrato
3127 1188 3306 1232 autem
3340 1185 3395 1233 et
3424 1186 3623 1232 naturre
3647 1195 3778 1247 sum,

2204 1277 2258 1324 et
2284 1269 2667 1338 assumptionis
2696 1277 2894 1323 nostra:
2921 1277 3283 1335 sacramento,
3313 1283 3438 1325 eum
3467 1271 3519 1324 in
3547 1285 3608 1326 eo
3630 1271 3783 1338 pleni-

2204 1358 2388 1414 tudine
2415 1359 2711 1416 divinitatis
2753 1371 3032 1429 manente,
3081 1377 3182 1417 nos
3227 1361 3279 1416 in
3318 1377 3384 1416 eo
3425 1376 3525 1433 per
3566 1362 3614 1416 id
3651 1362 3780 1433 quod

2205 1453 2368 1508 homo
2397 1463 2552 1508 natus
2573 1465 2653 1508 εει
2677 1453 2984 1520 repleamur
3011 1472 3023 1508 :
3056 1455 3322 1525 reliquam
3345 1454 3782 1525 dispensationem

2205 1544 2455 1600 humana)
2487 1545 2678 1601 salutis
2703 1546 3038 1616 exsequitur,
3064 1545 3276 1612 dicens,
3303 1546 3370 1601 In
3391 1564 3492 1618 quo
3515 1557 3560 1602 et
3588 1549 3785 1602 circum-

2205 1638 2298 1692 cisi
2323 1638 2442 1692 estis
2466 1638 2854 1692 circumcisione
2883 1655 2983 1692 non
3013 1654 3169 1693 manu
3200 1639 3339 1709 facta
3354 1640 3409 1693 in
3444 1641 3788 1710 exspoliatione

2205 1731 2436 1796 corporis
2462 1730 2652 1794 carnis,
2685 1731 2775 1784 sed
2794 1731 2846 1785 in
2868 1732 3257 1786 circumcisione
3282 1731 3475 1786 Christi
3500 1735 3785 1804 consepulti,

503 1834 614 1880 tum
643 1823 1030 1894 assuntptionis
1057 1831 1256 1881 nostra:
1284 1823 1542 1878 continuo
1572 1822 1830 1891 subjecit,
1870 1821 2091 1877 dicens:
2125 1829 2173 1888 B
2199 1824 2245 1878 ci
2273 1825 2326 1876 in
2353 1822 2676 1891 baptismate,
2699 1824 2752 1877 in
2772 1840 2872 1890 quo
2897 1832 2942 1878 et
2976 1824 3055 1896 (5)
3077 1825 3531 1880 conresurrexistis
3550 1843 3634 1896 per
3654 1826 3790 1895 ﬁdem

501 1914 644 1971 Estis
675 1917 728 1970 in
748 1932 806 1970 eo
826 1915 1026 1984 repleti.
1059 1913 1131 1970 Ut
1159 1914 1304 1970 enim
1336 1915 1388 1969 in
1420 1929 1486 1970 eo
1509 1915 1802 1970 divinitatis
1832 1913 1996 1987 264
2019 1921 2103 1970 est

502 2007 815 2079 plenitudo,
844 2008 916 2062 ita
960 2022 1058 2062 nos
1095 2008 1147 2062 in
1181 2022 1246 2062 eo
1287 2022 1475 2062 sumus
1506 2007 1716 2078 repleti.
1747 2008 1932 2080 Neque
1971 2023 2103 2065 sane

502 2100 601 2171 ait,
629 2101 759 2156 estis
781 2100 997 2170 repleti,
1019 2099 1138 2165 sed,
1162 2099 1214 2154 in
1241 2115 1299 2154 eo
1322 2100 1440 2155 estis
1467 2100 1650 2168 repleti
1669 2115 1688 2156 :
1707 2101 1831 2172 quia
1857 2116 1953 2171 per
1982 2100 2104 2156 lidei

502 2207 657 2265 Spem
687 2193 741 2248 in
786 2191 949 2247 vitam
982 2201 1242 2247 aeternam
1291 2191 1599 2263 regenerati
1640 2207 1704 2247 ac
1747 2193 2104 2264 regenerandi

503 2302 693 2344 omnes
715 2303 859 2343 nunc
885 2283 1155 2342 inChristi
1182 2301 1416 2359 corpore
1445 2296 1665 2341 manent
1691 2288 1803 2362 (d);
1827 2285 2105 2358 replendis

503 2395 690 2456 postea
731 2383 886 2455 ipsis,
922 2399 1027 2438 non
1055 2385 1166 2455 jam
1209 2386 1264 2440 in
1292 2402 1377 2452 eo,
1405 2385 1501 2442 sed
1538 2386 1589 2440 in
1620 2385 1776 2456 ipsis,
1807 2382 2105 2441 secundum

506 2489 718 2550 tempus
742 2478 875 2534 illud
904 2478 973 2534 de
1003 2493 1107 2550 quo
1135 2478 1428 2549 Apostolus
1456 2480 1552 2545 ait,
1583 2479 1686 2545 Qui
1715 2479 1792 2550 (ὅ)
1826 2481 2108 2550 transﬁgu-

504 2575 638 2631 rabit
667 2573 737 2648 (e)
767 2592 954 2645 corpus
983 2575 1286 2630 humilitatis
1331 2583 1519 2629 nostra:
1541 2617 1555 2641 ,
1596 2579 1861 2647 conforme
1903 2574 2108 2645 corpori

504 2667 686 2740 gloria:
712 2683 820 2721 sua:
864 2665 1035 2739 (Phil.
1093 2683 1150 2722 ιιι
1169 2709 1183 2731 ,
1212 2666 1326 2738 21).
1371 2667 1522 2722 Nunc
1553 2666 1713 2738 igitur
1737 2668 1792 2722 in
1821 2683 1886 2724 eo
1915 2667 2108 2737 repleti

504 2774 713 2825 sumus,
748 2759 798 2815 id
830 2769 935 2827 est,
969 2775 1064 2828 per
1087 2761 1512 2830 assumptionem
1540 2759 1720 2814 carnis
1745 2760 1893 2830 ejus,
1924 2761 1975 2814 in
2001 2774 2108 2830 quo

504 2851 800 2908 divinitatis
829 2851 1106 2922 plenitudo
1136 2850 1497 2922 corporaliter
1529 2850 1813 2906 inhabitat.
1846 2852 1910 2906 Et
1947 2851 2108 2922 hujus

503 2946 622 3018 spei
665 2954 867 3001 nostra:
895 2959 1001 3000 non
1031 2944 1224 3013 exigua
1255 2943 1308 2997 in
1336 2957 1403 2997 eo
1443 2951 1684 3012 potestas
1721 2954 1823 2998 est.
1867 2943 2108 3014 Namque

503 3037 648 3109 quod
673 3037 859 3108 repleti
885 3037 937 3091 iu
961 3052 1027 3091 eo
1052 3050 1259 3099 sumus,
1287 3034 1388 3090 hoc
1408 3044 1491 3090 est
1512 3044 1674 3104 caput
1697 3051 1760 3091 ac
1787 3037 2106 3108 principium

505 3131 683 3186 omnis
711 3128 1018 3201 potestatis,
1048 3128 1344 3184 secundum
1379 3129 1507 3186 illud
1542 3148 1554 3184 :
1583 3131 1651 3188 Ut
1679 3131 1730 3185 in
1760 3132 1980 3186 nomine
2007 3146 2108 3187 suo

505 3237 666 3278 omne
695 3236 834 3292 genu
866 3220 936 3294 (ι’)
963 3219 1174 3288 ﬂectat,
1205 3222 1537 3291 cmlestium,
1569 3233 1622 3278 et
1652 3226 2016 3292 terrestrium,
2053 3233 2108 3280 et

507 3314 874 3380 infernarum;
907 3325 958 3369 et
997 3316 1176 3372 omnis
1217 3317 1392 3386 lingua
1442 3317 1782 3385 conﬁteatur,
1822 3321 1945 3390 quia
1991 3320 2098 3374 Do-

507 3406 684 3463 minus
706 3406 864 3463 Jesus
893 3406 972 3480 (4)
1001 3407 1051 3463 in
1083 3407 1252 3478 gloria
1288 3407 1384 3463 Dei
1422 3409 1588 3476 patris
1638 3408 1862 3479 (Philip.
1896 3427 1952 3476 ιι,
2011 3410 2102 3476 10,

509 3500 619 3573 Η).
653 3500 938 3557 Confessio
983 3499 1160 3572 itaque
1189 3500 1304 3556 haec
1342 3502 1449 3558 erit
1475 3519 1487 3554 :
1520 3500 1703 3557 Iesum
1732 3503 1784 3556 in
1815 3503 1983 3574 gloria
2015 3505 2105 3558 Dei

507 3595 690 3664 patris,
712 3602 769 3650 et
797 3602 982 3650 natum
1011 3593 1063 3648 in
1091 3592 1311 3648 homine
1334 3592 1411 3666 (g)
1429 3594 1540 3664 jam
1582 3594 1767 3650 nonin
1790 3595 2104 3653 inﬁrmitate

581 3729 659 3801 (1)
711 3728 778 3783 Et
817 3729 1068 3799 spiritalis
1097 3731 1334 3802 nequitia
1357 3745 1420 3784 ac
1459 3729 1672 3785 malitia:
1713 3734 1995 3802 potestatis,
2021 3733 2111 3791 de-

507 3809 1036 3945 “agamnam,-
1065 3872 1222 3940 paulo
1245 3880 1387 3943 post,
1412 3883 1459 3928 et
1480 3889 1583 3927 non
1604 3855 1882 3930 secundum
1905 3875 1941 3930 Ι
1945 3893 2107 3945 esum,

513 3941 712 3996 omissa
740 3957 873 3997 voce
902 3941 1164 3997 Christum

582 4014 662 4084 (ὅ)
689 4012 1138 4086 Transfiguravit;
1169 4013 1387 4082 deinde,
1419 4017 1673 4088 corporis,
1708 4030 1814 4072 non
1843 4022 2070 4091 corpori.

580 4129 656 4208 (α)
697 4135 845 4209 Lips.
877 4145 928 4192 et
971 4135 1094 4209 Par.
1140 4137 1390 4209 spiritalis
1434 4139 1715 4207 nequitia:
1752 4139 2111 4196 renitentibus

509 4208 632 4263 aliis
655 4208 825 4263 libris.
857 4209 978 4263 Mox
1008 4208 1359 4265 Carnutensis
1383 4210 1578 4279 codex,
1601 4210 1657 4265 in
1688 4226 1862 4280 carne,
1892 4227 1999 4269 non
2022 4230 2111 4285 per

517 4296 742 4334 carnem.

583 4350 659 4426 (h)
688 4350 890 4426 anes
919 4365 1086 4420 prope
1115 4353 1578 4426 mss._rtraditi0nes
1607 4369 1626 4410 :
1657 4355 1903 4424 quamvis
1927 4370 2111 4426 supra,

509 4436 568 4476 ιι.
595 4422 617 4474 1
642 4463 657 4482 .
689 4422 829 4476 libro
855 4427 1135 4492 superiore
1164 4438 1217 4476 ιι.
1247 4424 1348 4492 55,
1380 4434 1435 4480 et
1463 4425 1502 4478 l.
1528 4441 1564 4490 ι,
1597 4441 1653 4481 ιι.
1674 4422 1749 4482 13
1771 4468 1786 4493 ,
1817 4422 2116 4484 exhibeant

511 4493 857 4547 traditionem.

2205 1917 2516 1989 Operationis
2543 1914 2675 1982 Dei,
2713 1917 2799 1987 qui
2829 1917 3066 1971 excitavit
3106 1934 3224 1972 eum
3263 1935 3296 1970 a
3334 1918 3549 1971 mortuis
3587 1918 3789 1989 (Coloss.

2205 2025 2264 2078 ιι,
2307 2011 2360 2076 1,
2395 2008 3198 2081 19.).Circumcidimuritaque,
3219 2027 3324 2066 non
3346 2011 3512 2084 265
3527 2011 3792 2067 circumci-

2207 2102 2360 2159 sione
2411 2103 2646 2172 carnali,
2697 2102 2794 2159 sed
2838 2104 3254 2160 circumcisione
3282 2103 3505 2170 Christi,
3537 2104 3587 2160 id
3618 2115 3716 2170 est,
3746 2105 3791 2160 in

2207 2215 2405 2254 novum
2438 2198 2710 2255 hominem
2739 2199 2934 2253 renati.
2963 2197 3097 2255 Cum
3128 2199 3270 2255 enim
3306 2199 3701 2266 consepelimur
3722 2200 3791 2270 (6)

2210 2291 2538 2366 baptismate
2569 2294 2632 2366 (i)
2666 2293 2805 2362 ejus,
2836 2293 2979 2346 mori
3011 2307 3109 2346 nos
3138 2307 3366 2348 necesse
3395 2301 3480 2347 est
3518 2307 3584 2347 ex
3628 2301 3793 2348 vetere

2211 2388 2462 2452 homine;
2496 2389 2617 2458 quia
2649 2386 3254 2457 regeneratiobaptismi
3284 2385 3700 2441 resurrectionis
3722 2395 3794 2441 est

2209 2483 2400 2537 virtus.
2432 2483 2498 2536 Et
2523 2481 2638 2537 lucc
2666 2481 3011 2538 circumcisio
3037 2480 3238 2535 Christi
3263 2489 3365 2546 est,
3384 2495 3490 2535 non
3519 2480 3795 2552 exspoliari

2213 2591 2379 2631 carne
2404 2573 2651 2645 praeputii
2673 2614 2687 2638 ,
2721 2573 2816 2627 sed
2848 2580 2993 2628 totos
3023 2572 3288 2627 commori
3318 2572 3407 2639 ei,
3439 2580 3495 2626 et
3519 2587 3616 2639 per
3647 2571 3696 2627 id
3722 2580 3791 2626 to-

2217 2679 2299 2724 tos
2334 2679 2518 2738 postea
2551 2667 2600 2723 ei
2636 2667 2843 2724 vivere.
2871 2668 2943 2722 In.
2972 2681 3040 2722 eo
3072 2667 3214 2721 enim
3248 2667 3323 2741 (j)
3358 2667 3690 2738 resurgimus
3715 2682 3797 2738 per

2214 2764 2332 2834 ejus
2373 2763 2470 2818 Dei
2499 2763 2656 2818 tidem
2678 2807 2692 2830 ,
2733 2763 2822 2832 qui
2854 2778 2976 2818 eum
3013 2761 3298 2816 suscitavit
3327 2776 3357 2816 a
3391 2761 3644 2816 mortuis.
3677 2760 3797 2817 Cre-

2216 2854 2424 2910 deudus
2453 2869 2584 2926 ergo
2613 2855 2753 2909 Deus
2773 2863 2878 2920 est,
2904 2854 3060 2922 cujus
3087 2854 3411 2923 operatione
3437 2851 3690 2908 Christus
3713 2869 3798 2909 ex-

2214 2949 2409 3004 citatus
2439 2964 2468 3003 a
2499 2947 2728 3003 mortuis
2759 2956 2843 3004 est
2872 2965 2883 3000 ε
2918 2947 3040 3017 quia
3073 2946 3206 3002 lides
3243 2947 3348 3002 ista
3376 2947 3718 3019 conresurgit
3753 2948 3797 3002 in

2214 3041 2454 3098 Christo.

2287 3136 2374 3193 10.
2415 3134 2563 3190 Idem
2589 3134 2825 3190 Christus
2851 3143 2902 3188 ut
2930 3133 3084 3188 homo
3109 3133 3346 3199 moritur,
3371 3143 3426 3188 ut
3455 3133 3592 3189 Deus
3621 3151 3675 3190 se
3695 3150 3796 3188 sus-

2212 3232 2357 3287 citat.
2406 3263 2476 3272 —
2520 3231 2941 3287 Consummatur
2970 3228 3165 3284 deinde
3216 3229 3287 3283 ita
3341 3244 3504 3283 omne
3551 3228 3796 3298 assumpti

2210 3324 2451 3380 hominis
2477 3333 2879 3380 sacramentum
2907 3341 2921 3376 :
2949 3322 3019 3378 Et
3062 3340 3149 3379 vos
3175 3323 3255 3396 (k)
3285 3325 3480 3378 mortui
3501 3341 3617 3379 cum.
3645 3324 3799 3380 essetis

2207 3421 2261 3474 in
2289 3417 2488 3472 delictis
2536 3425 2583 3472 et
2625 3417 2878 3488 prwputio
2924 3416 3095 3504 car‘uis
3140 3425 3338 3482 vestrm,
3387 3416 3664 3492 viviﬁcavit
3697 3433 3795 3470 cum

2207 3509 2320 3574 illo,
2350 3510 2554 3564 donatis
2579 3509 2717 3564 vobis
2763 3509 2996 3562 omnibus
3021 3508 3241 3571 delictis,
3273 3508 3450 3563 delens
3475 3510 3615 3578 quod
3640 3509 3801 3563 adver-

2209 3618 2323 3657 sum
2338 3617 2430 3658 nos
2455 3611 2562 3657 erat
2585 3599 2985 3674 chirographunt
3010 3600 3062 3654 in
3087 3601 3371 3666 sententiis,
3394 3601 3534 3671 quod
3559 3611 3668 3656 erat
3696 3617 3802 3655 con-

2291 3735 2368 3808 (l)
2402 3737 2498 3791 Ms.
2532 3736 2732 3793 Veron.
2762 3739 2818 3791 in
2843 3737 3061 3806 gloriam
3100 3745 3176 3792 est
3208 3734 3304 3789 Dei
3343 3709 3561 3804 Ifatris,
3606 3751 3798 3808 gnere,

2217 3812 2289 3870 εἰς
2313 3808 2458 3875 δόξαν
2481 3811 2594 3865 θεοῦ
2612 3809 2830 3886 πᾳτρόςς
2870 3808 3028 3886 paulo
3055 3817 3197 3878 post,
3229 3808 3412 3862 Jesum
3442 3809 3802 3866 substituimus

2214 3896 2278 3937 ex
2316 3889 2501 3934 nostro
2533 3895 2634 3934 ms.
2665 3878 2832 3935 Antea
2863 3878 3036 3934 Jesus.

2312 3949 2365 4007 δι
2399 3949 2828 4007 Consurrexislis.

2312 3952 2344 4006 5
2399 3949 2828 4007 Consurrexislis.

2285 3949 2365 4096 (6;
2405 4021 2635 4079 Praefert
2661 4024 2938 4094 exemplar
2967 4024 3172 4081 Veron.
3205 4025 3500 4096 baptismati
3529 4025 3661 4096 ejus.

2289 4144 2366 4211 (el
2399 4144 2588 4199 Plures
2623 4159 2753 4197 mss.
2787 4143 3192 4214 trans/iguravit.
3228 4142 3441 4214 Martin.
3478 4144 3803 4214 transforma-

2216 4216 2286 4270 uil
2315 4232 2332 4270 :
2363 4215 2502 4285 quod
2547 4225 2602 4271 et
2643 4215 2804 4270 habet
2841 4213 2982 4268 Vat.’
3006 4216 3121 4268 bas.
3156 4213 3365 4278 codex,
3399 4213 3492 4280 qui
3536 4228 3658 4267 cum
3681 4226 3804 4285 non-

2219 4282 2394 4371 nullis
2413 4288 2536 4371 aliis
2561 4297 2746 4358 postea
2774 4285 3017 4358 subjicit,
3052 4289 3313 4357 conforme
3353 4285 3551 4356 faciens
3580 4282 3801 4355 corpori,

2219 4358 2305 4414 vel
2334 4360 2584 4424 corporis.

2224 4501 2246 4503 _
2294 4428 2362 4503 (Γ)
2386 4431 2460 4485 Ita
2495 4430 2719 4503 Bad.ac_
2737 4430 2980 4503 plerique
3008 4443 3141 4503 mss.
3172 4429 3242 4482 At
3269 4427 3413 4503 apud
3439 4426 3565 4503 Er._,_
3596 4427 3734 4503 Lips.
3758 4430 3805 4477 et

2223 4498 2380 4568 Par},
2409 4503 2667 4572 ﬂectatur.
2699 4501 2756 4556 lu
2788 4498 3046 4557 msIVat.
3075 4501 3193 4557 bas.
3225 4508 3278 4554 et
3316 4500 3491 4555 altero
3523 4498 3727 4560 Vatic.,
3757 4503 3806 4572 ut

582 4562 655 4644 (c)
685 4563 776 4644 Sic
805 4564 1048 4644 plfriqtte
1089 4580 1152 4644 ac
1185 4566 1436 4644 melioris
1465 4575 1604 4622 noue
1638 4583 1770 4644 mss.
1813 4570 2115 4626 faventibus
2141 4564 2194 4624 D
2219 4573 2274 4628 in
2316 4562 2521 4629 nomine
2569 4573 2698 4628 Jesu
2745 4589 2920 4627 omnes
2965 4589 3098 4644 genu
3141 4573 3346 4644 [lectam
3378 4588 3396 4624 :
3427 4585 3493 4624 ex
3536 4584 3645 4636 quo
3669 4564 3804 4644 sequi

509 4635 766 4710 subuexis
788 4678 802 4700 ,
841 4635 992 4710 Quod
1017 4637 1195 4708 repleti
1233 4639 1285 4691 in
1312 4655 1604 4710 eoisumus,
1645 4640 1743 4693 hoc
1765 4649 1841 4694 est
1867 4651 2020 4710 caput
2052 4659 2112 4696 ac

512 4708 826 4784 principium
850 4709 1015 4784 omnis
1038 4710 1326 4784 potestatis.
1344 4709 1502 4784 Editi
1533 4724 1688 4779 vero,
1718 4711 1804 4779 qui
1831 4722 1905 4765 est
1932 4708 2110 4784 caput,

511 4779 784 4850 quomodo
813 4779 1130 4850 legiturlib.
1163 4797 1210 4842 ι,
1245 4797 1297 4836 n.
1337 4780 1421 4836 15.

585 4847 665 4922 (ll)
695 4850 752 4904 In
770 4847 958 4905 codice
989 4849 1109 4905 Vat.
1147 4851 1260 4906 bas.
1285 4893 1300 4916 ,
1330 4851 1546 4906 Martin.
1566 4893 1582 4919 ,
1613 4851 1823 4908 duobus
1876 4852 2030 4909 Colb.
2060 4863 2115 4909 et

511 4936 619 4995 uno
662 4923 894 4995 Sorbon.
945 4937 1225 4995 perperam
1280 4923 1366 4977 hic
1411 4923 1662 4995 adjicitur
1705 4925 1908 4995 repleti.
1956 4925 2114 4982 Ratio

509 4994 706 5062 quippe
749 4993 834 5048 bie
873 4993 1156 5062 subjicitur
1197 5010 1293 5050 cur
1325 4994 1511 5048 lideles
1543 4995 1595 5050 in
1628 4993 1846 5051 Christo
1877 4996 1986 5051 siut
2021 5014 2110 5053 rc-

510 5064 650 5136 pleti
689 5064 830 5131 Deo,
873 5065 994 5135 quia
1026 5066 1278 5120 nimirum
1318 5075 1538 5121 manent
1569 5069 1620 5121 in
1651 5067 1820 5136 ipsius
1846 5083 2071 5136 corpore
2092 5111 2107 5135 ,

510 5134 652 5204 quod
684 5137 868 5208 gloria:
893 5137 1004 5204 jam
1045 5139 1311 5207 particeps
1343 5137 1566 5204 factum,
1600 5134 1709 5192 Deo
1746 5134 1969 5208 proinde
1997 5134 2110 5206 ple;

512 5221 639 5280 nunt
669 5207 759 5261 sit.
786 5206 1001 5280 Manent
1030 5223 1193 5279 porro
1225 5206 1274 5262 in
1306 5210 1424 5278 ejus
1453 5224 1701 5279 corpore,
1737 5206 1859 5280 quia
1893 5221 1949 5264 ut
1977 5211 2125 5278 dicis

512 5286 599 5331 tur
624 5277 676 5332 itt
707 5279 840 5346 psal.
876 5295 946 5340 LI,
971 5277 1160 5335 n.‘16:
1186 5277 1419 5336 Christus
1449 5277 1686 5335 naturam
1711 5277 1769 5335 in
1786 5298 1839 5336 se
1861 5283 2108 5338 universa:

512 5351 1005 5422 carnisrassumpsit.
1052 5351 1204 5406 Unde
1239 5369 1357 5422 cap.
1390 5351 1424 5405 4
1458 5353 1508 5406 in
1541 5353 1724 5406 Matth.
1756 5369 1811 5407 ιι.
1848 5355 1944 5420 12,
1979 5369 2106 5409 caro

511 5419 709 5494 Christi
744 5419 931 5477 civitas
977 5419 1337 5494 nuneupatur,
1380 5424 1430 5478 in
1469 5439 1570 5494 qna
1601 5425 1840 5494 quaedam
1885 5419 2107 5480 uniuersi

512 5491 712 5565 generis
741 5494 951 5565 humani
977 5491 1302 5565 congregatio
1326 5491 1634 5556 continetur,-
1657 5496 1922 5562 adeoque,
1951 5507 2008 5550 ut
2033 5498 2108 5552 ait

514 5562 830 5634 Ambrosius
859 5580 946 5634 ep.
979 5562 1119 5619 nunc
1145 5562 1324 5628 L’xxvr,
1353 5566 1416 5620 ad
1443 5566 1722 5633 Irenaeum,
1757 5584 1809 5621 ιι.
1828 5568 1862 5625 8
1891 5586 1904 5621 :
1936 5569 1990 5621 in
2015 5569 2108 5623 illa

511 5648 666 5709 carne
688 5632 876 5709 Christi
895 5632 985 5709 per
1005 5639 1317 5692 consortium
1336 5637 1567 5709 ejusdem
1586 5632 1785 5693 natura:
1806 5655 1924 5694 caro
1946 5640 2108 5694 omnis

513 5704 724 5781 humani
746 5704 1219 5781 generishonarala
1247 5704 1740 5781 estCReplebuutur
1762 5720 1942 5781 autem
1966 5712 2017 5766 in
2047 5726 2106 5768 se

512 5774 664 5901 ἕνείιέ
689 5789 810 5901 εὲιιη
832 5778 1018 5901 atterite
1039 5778 1282 5847 ejusdem
1305 5782 1357 5836 in
1381 5774 1614 5852 propriis
1634 5777 1954 5852 corporibus
1977 5798 2110 5839 con-

544 5863 605 5901 or
666 5862 687 5901 ει
749 5862 847 5901 run
881 5887 893 5901 .

512 5857 687 5904 801⁵163
714 5857 893 5904 erunt.

2216 4645 2469 4709 deberet,
2509 4645 2754 4708 caelestes,
2789 4659 2894 4699 non
2943 4641 3241 4698 caelestium.
3299 4641 3521 4710 Graece,
3547 4645 3630 4697 ἶνα
3674 4641 3802 4710 ᾖντῷ

2217 4717 2425 4791 ὀνόματι
2446 4722 2590 4776 Ιησοῦ
2616 4722 2720 4772 πᾶν
2746 4717 2870 4792 ’γόνυ
2899 4717 3097 4789 κάμψῃ.

2250 4810 2371 4905 ..(9)
2396 4807 2538 4862 Editi
2563 4807 2876 4905 hieaddunt
2903 4806 3104 4870 Deum;
3132 4821 3252 4878 quae
3274 4821 3379 4862 vox
3401 4806 3556 4861 abest
3575 4819 3604 4858 a
3631 4800 3787 4876 potioo

2217 4881 2366 4934 ribus
2398 4894 2530 4934 mss.
2648 4889 2662 4905 '

2289 4949 2368 5021 (h)
2401 4950 2455 5005 In
2489 4966 2589 5006 ms.
2623 4949 2836 5005 Martin.
2870 4949 2957 5006 hic
2982 4951 3234 5022 adjicitur
3262 4959 3308 5004 et
3337 4949 3564 5022 inferna.

2287 5016 2593 5096 (i)'t\_utiqui
2615 5023 2735 5096 l_ibri
2766 5022 2977 5096 Martin.
3007 5016 3150 5096 Vat“
3172 5016 3518 5096 _bas.,Colb.,
3544 5016 3797 5096 ctc_.,bap«

2218 5089 2411 5166 tisin'ati
2460 5089 2591 5166 ejus.
2625 5093 2993 5166 Remigianus,
3041 5094 3346 5166 baptismate
3385 5093 3476 5166 ei;
3501 5089 3802 5166 quodsatis

2216 5159 2509 5237 arridebat'.
2541 5165 2649 5221 Sed
2682 5159 2951 5232 quomodo
2981 5159 3154 5237 supra
3186 5165 3394 5237 dicitur
3419 5159 3801 5237 circumcisione

2217 5235 2430 5298 Christi.
2480 5237 2551 5291 ita
2598 5245 2651 5290 et
2697 5251 2839 5308 nunc
2870 5233 3173 5308 baptismate
3203 5237 3333 5304 ejus,
3383 5233 3434 5289 id
3468 5245 3572 5302 est,
3602 5243 3802 5299 suscep-

2217 5309 2364 5365 tione
2392 5308 2726 5377 baptismatis
2747 5307 2815 5363 ab
2839 5307 2955 5377 ipso
2988 5309 3240 5364 instituti.

2284 5401 2355 5476 (j)
2395 5401 2958 5476 Martiniatuts‘codex
2981 5443 2996 5468 ,
3047 5402 3420 5476 resurreximus
3454 5416 3472 5455 :
3503 5408 3557 5455 et
3604 5404 3794 5470 postea,

2215 5472 2538 5528 consurrexit
2567 5475 2619 5527 in
2649 5472 2874 5540 Christo,
2906 5488 3013 5528 non
3046 5473 3384 5544 conresurgit.

2286 5566 2360 5637 (h)
2401 5566 2473 5619 Ita
2504 5583 2636 5624 mss.
2670 5566 2814 5622 Editi
2857 5583 2988 5624 vero
3015 5566 3332 5638 particulam
3374 5581 3491 5619 cum
3537 5561 3801 5638 prseligunt

2215 5638 2381 5694 verbo
2412 5639 2618 5693 mortui.
2651 5639 2802 5706 Quod
2833 5640 2924 5695 lib.
2974 5637 3097 5696 ιζιι.
3136 5639 3219 5703 15,
3251 5653 3278 5691 a
3323 5652 3453 5691 mss.
3501 5637 3687 5690 abesse
3717 5645 3802 5706 an-

2217 5712 2545 5766 notavimus.
2599 5701 2721 5764 Mox
2750 5724 2850 5764 ms.
2884 5710 3116 5766 Martius
3134 5701 3340 5764 donans
3361 5709 3500 5765 vobis
3520 5707 3690 5762 omnia
3714 5701 3794 5755 de-

2218 5782 2362 5910 ξξὶια,
2410 5780 2681 5904 quomodo
2711 5773 2905 5853 legitur
2951 5782 3046 5838 lib.
3093 5798 3150 5850 x,
3201 5795 3256 5836 ιι.
3286 5774 3380 5850 47,
3432 5793 3585 5838 secus
3630 5784 3795 5833 autem

2240 5867 2254 5896 1
2303 5890 2314 5904 .
2353 5867 2387 5908 l'.
2424 5870 2473 5907 ll.
2545 5892 2561 5907 -.
2587 5890 2597 5905 ς
3010 5909 3015 5910 γ

2240 5867 2314 5908 ¹υο
2353 5867 2387 5908 l'.
2424 5870 2473 5907 ll.
2512 5867 2597 5907 τίῆ,
