3930 6194
114 255 203 313 289

1315 258 1401 314 DE
1441 255 1812 315 TRINITATE
1853 257 2055 315 LIBER
2097 259 2187 316 IX.

3288 264 3398 324 290

119 374 304 426 trarittm
357 371 499 426 nobis
527 387 546 426 :
574 381 622 426 et
670 372 844 445 ipsum
888 372 1000 427 tulit
1028 388 1055 428 e
1083 371 1270 441 medio,
1303 375 1512 445 alﬁgens
1557 373 1692 427 illud
1720 379 1775 439 Α
1802 375 1904 429 tuis
1935 374 2196 440 excitans,
2227 375 2316 447 qui
2340 384 2422 432 est
2445 385 2568 432 ante
2593 383 2821 432 mortem
2851 374 3096 434 Christus
3116 385 3393 448 operatus,

119 465 233 518 cruci
259 481 274 518 :
301 465 378 536 (l)
409 474 595 520 exutus
622 483 850 529 carnem,
880 476 927 519 et
954 461 1223 537 potestates
1250 467 1468 520 ostentui
1493 482 1599 521 esse
1621 466 1692 535 [e—

119 560 189 624 cit,
210 560 524 631 triumphatis
553 561 634 613 his
664 558 740 631 (u)
765 561 816 614 in
841 563 1111 632 semetipso
1139 560 1301 630 (Ibid.
1333 563 1400 616 15
1425 571 1472 616 et
1495 564 1688 632 seqq.).

118 652 448 722 Apostolicam
479 653 642 708 ﬁdem
667 653 848 708 szcculi
878 654 1039 709 homo
1067 669 1173 709 non
1202 655 1363 726 capit,
1395 666 1448 711 et
1470 655 1545 727 (ὁ)
1568 670 1692 709 sen-

116 762 192 802 sus
229 749 302 802 sui
342 746 485 802 dicta
517 749 659 803 alius
688 757 884 819 prwter
927 764 1088 821 quam
1141 749 1308 820 ipsius
1352 763 1532 804 sermo
1581 764 1687 803 non

119 839 338 911 explicat.
369 840 512 896 Deus
534 839 811 907 Christum
844 857 872 896 a
919 844 1148 898 mortuis
1168 821 1401 909 excitat,
1426 853 1481 898 et
1507 842 1690 899 Chris-

121 934 281 988 tumin
325 950 429 1005 quo
474 936 833 1004 corporaliter
873 936 1172 992 divinitatis
1206 936 1482 1006 plenitudo
1529 937 1681 992 inha-

119 1028 244 1082 bitat.
275 1027 378 1083 Sed
405 1029 806 1084 eonviviﬁcavit
837 1045 935 1085 nos
974 1045 1096 1085 cum
1127 1031 1242 1094 illo,
1293 1031 1502 1086 donans
1534 1031 1690 1087 nobis

119 1129 327 1192 peccata,
371 1129 427 1176 et
469 1121 662 1178 dolens
691 1123 1110 1193 chirographum
1158 1123 1232 1196 (c)
1273 1123 1408 1195 legis
1457 1123 1683 1194 peccati,

118 1215 234 1287 quod
261 1232 349 1286 per
373 1217 674 1272 sententias
701 1219 1004 1272 anteriores
1034 1219 1364 1272 contrarium
1390 1218 1549 1274 nobis
1571 1228 1690 1274 erat

120 1307 201 1363 hoc
221 1309 402 1364 tollens
446 1308 516 1364 de
566 1309 766 1376 medio,
799 1319 854 1364 et
883 1311 1027 1365 cruci
1058 1310 1305 1381 aiﬁgens,
1342 1312 1531 1366 mortis
1569 1312 1690 1383 lege

119 1414 256 1455 carne
299 1415 415 1455 sese
460 1401 742 1471 spolians,
793 1410 1094 1473 potestates
1139 1404 1374 1458 ostentui
1427 1403 1684 1470 reddens,

120 1494 426 1564 triumphalis
454 1495 540 1550 his
587 1497 639 1551 in
671 1498 984 1567 semetipso.
1016 1498 1082 1552 Et
1111 1498 1178 1552 de
1219 1497 1563 1569 triumphalis
1588 1515 1687 1568 po-

119 1590 369 1644 testatibus
397 1591 451 1645 in
490 1591 809 1662 semetipso,
842 1601 1005 1662 atque
1045 1596 1280 1649 OStentui
1309 1595 1554 1663 redditis,
1589 1595 1686 1650 de-

117 1679 305 1749 letoque
331 1680 711 1752 chirographo,
762 1683 1154 1752 viviﬁcatisque
1183 1686 1357 1755 nobis,
1387 1686 1498 1756 jam
1529 1701 1689 1757 supe-

1797 479 1847 523 et
1882 468 2023 523 idem
2047 469 2117 524 sit
2142 470 2381 540 spolians
2409 487 2467 527 se
2487 487 2650 527 carne
2683 471 2994 528 moriturus.

1870 561 1956 616 1-1.
1985 561 2112 617 Caro
2140 562 2357 634 spoliata
2380 572 2428 618 et
2450 580 2604 618 carne
2628 580 2685 618 se
2703 562 2932 635 spolians
2958 580 3088 619 unus
3117 571 3190 618 est
3218 562 3399 618 Cirris-

1795 663 1960 708 tus.—
1972 654 2163 711 Jamne
2186 657 2493 727 apostolicm
2525 655 2649 712 ﬁdei
2677 665 3074 712 sacramentum
3101 655 3398 728 intelligis?

1792 747 1984 804 Jamne
2012 747 2283 804 Christum
2306 750 2579 821 cognitum
2611 749 2816 806 habes?
2845 749 3044 818 Qumro
3080 751 3224 806 enim
3256 765 3284 802 a
3319 759 3395 818 te,

1793 842 1913 911 quis
1944 841 2014 896 sit
2043 857 2206 898 carne
2236 858 2296 899 se
2342 843 2602 914 spolians,
2635 853 2689 900 et
2711 861 2832 915 quae
2857 845 2927 900 sit
2973 859 3100 900 caro
3143 843 3233 898 illa
3260 858 3390 915 spo-

1793 935 1961 989 liata?
1993 936 2228 1006 Duplicis
2255 937 2398 992 enim
2430 938 2802 1008 intelligentiae
2841 938 2911 994 ab
2939 937 3200 1008 Apostolo
3227 947 3388 994 teneo

1793 1026 2263 1097 signiﬁcationem,
2310 1029 2555 1100 spoliata:
2598 1031 2800 1099 carnis,
2853 1047 3021 1102 seque
3066 1047 3232 1088 carne
3270 1047 3396 1104 spo-

1791 1119 1974 1174 liantis
1998 1137 2013 1175 :
2046 1122 2258 1177 etinter
2288 1121 2400 1178 haec
2415 1121 2686 1178 Christum
2709 1124 2872 1178 audio
2901 1138 2996 1193 per
3018 1124 3393 1194 operationem

1793 1213 1888 1270 Dei
1937 1230 1966 1270 a
2021 1215 2249 1272 mortuis
2296 1218 2606 1272 excitatum.
2660 1217 2727 1273 Et
2778 1233 2900 1273 cum
2943 1218 3016 1272 sit
3057 1216 3334 1274 Christum
3363 1233 3395 1273 a

1791 1309 2022 1362 mortuis
2051 1309 2290 1364 excitans
2321 1310 2484 1376 Deus,
2515 1311 2692 1380 sitque
2722 1320 2778 1366 et
2800 1310 3052 1366 Christus
3077 1311 3342 1366 excitatus
3363 1326 3397 1367 a

1793 1401 2020 1457 mortuis
2046 1419 2058 1454 :
2085 1402 2359 1474 interrogo
2379 1403 2502 1475 quis
2529 1416 2610 1460 est
2630 1420 2794 1460 carne
2820 1420 2878 1460 se
2909 1405 3169 1474 Spolians,
3197 1412 3250 1460 et
3271 1405 3393 1475 quis

1792 1502 1876 1548 est
1919 1494 2188 1549 Christum
2219 1511 2250 1550 a
2280 1497 2505 1552 mortuis
2550 1499 2815 1564 excitans,
2850 1514 3056 1570 nosque
3101 1481 3391 1554 viviﬁcans

1791 1602 1914 1642 cum
1943 1587 2195 1642 Christo?
2229 1588 2285 1645 Si
2313 1590 2457 1644 enim
2507 1607 2614 1645 non
2647 1591 2786 1647 idem
2834 1599 2920 1647 est
2963 1591 3210 1648 Christus
3252 1609 3397 1649 mor-

1794 1686 1936 1742 tuus,
1969 1679 2056 1748 qui
2103 1688 2186 1734 est
2228 1694 2354 1734 caro
2398 1681 2665 1750 spoliata;
2701 1683 2882 1739 carnis
2913 1683 3156 1751 spoliatae
3197 1699 3394 1740 nomen

116 1775 207 1828 rius
231 1774 339 1848 (lib.
370 1791 422 1840 ι,
453 1792 507 1830 ιι.
545 1775 632 1846 i3)
667 1779 1036 1833 tractavimus.
1077 1780 1186 1834 lloc
1218 1795 1348 1834 vero
1379 1795 1688 1836 sacramen-

1805 1771 2018 1825 ostcnde
2042 1790 2054 1824 :
2086 1781 2142 1827 et
2169 1787 2353 1826 rursus
2392 1784 2641 1827 naturam
2687 1775 2823 1843 ejus,
2876 1775 2965 1844 qui
2993 1789 3053 1830 se
3080 1790 3244 1832 carne
3271 1790 3399 1846 spo-

119 1874 205 1919 tum
231 1869 346 1936 quis
372 1868 453 1922 vel
483 1868 880 1938 apprehendet,
914 1872 997 1926 vel
1025 1872 1188 1944 266
1210 1873 1529 1943 eloquetur?
1559 1873 1690 1930 Sus-

116 1963 221 2014 citat
240 1962 476 2031 operatio
503 1963 600 2016 Dei
623 1961 902 2018 Christum
931 1979 959 2018 a
990 1965 1238 2029 mortuis,
1270 1975 1323 2020 et
1348 1965 1464 2021 haec
1493 1965 1688 2021 eadem

117 2053 194 2107 Dei
210 2057 442 2124 operatio
476 2071 573 2110 nos
601 2055 832 2111 viviﬁcat
853 2073 975 2112 cum
1004 2056 1243 2124 Cliristo,
1275 2067 1330 2114 et
1351 2058 1469 2114 haec
1497 2059 1686 2115 eadem

116 2149 181 2221 (ά)
206 2152 438 2220 operatio
481 2151 653 2206 donat
681 2161 921 2222 peccata,
972 2151 1396 2224 chirographum
1428 2152 1606 2218 delet,
1637 2161 1692 2208 et

115 2242 254 2315 afﬁgit
282 2245 425 2300 cruci
471 2265 484 2300 :
533 2259 755 2300 carnem
796 2260 857 2299 se
905 2247 1074 2311 exuit,
1129 2253 1422 2315 potestates
1450 2244 1688 2300 ostentui

116 2334 286 2401 reddit,
319 2351 382 2390 ac
405 2334 473 2390 de
502 2335 587 2390 his
615 2336 667 2390 in
696 2336 992 2407 semetipso
1019 2335 1331 2407 triumphat.
1364 2335 1540 2392 Habes
1559 2351 1689 2404 ape-

117 2428 352 2484 rationem
380 2429 477 2485 Dei
523 2427 799 2486 Christum
841 2445 871 2485 a
906 2431 1134 2486 mortuis
1159 2431 1449 2486 excitantis
1477 2447 1489 2484 :
1521 2431 1689 2487 habes

115 2531 158 2577 et
181 2521 440 2577 Christum
473 2523 588 2580 haec
622 2525 735 2595 ipsa
766 2526 819 2579 in
868 2541 929 2580 se
956 2541 1076 2596 quae
1125 2525 1268 2580 Deus
1316 2534 1576 2596 operatur
1619 2524 1690 2600 (ε)

115 2627 422 2685 operantem.
456 2615 702 2673 Christus
724 2618 868 2672 enim
892 2628 1136 2673 mortuus
1158 2626 1261 2683 est,
1292 2633 1457 2674 carne
1479 2634 1537 2674 se
1565 2633 1692 2690 spo-

115 2706 244 2763 iiaus.
264 2709 411 2765 Tene
437 2726 566 2781 ergo
589 2710 862 2765 Christum
884 2709 1158 2766 hominem
1186 2726 1214 2764 a
1235 2710 1347 2766 Deo
1367 2726 1433 2766 es
1465 2713 1692 2767 mortuis

116 2800 406 2868 excitatum,
443 2813 568 2859 tene
617 2803 784 2858 Deum
837 2804 1109 2859 Christum
1142 2805 1332 2861 salutis
1361 2815 1559 2860 nostrae
1610 2804 1688 2878 (“2)

116 2896 456 2961 Operationem
499 2911 624 2951 cum
678 2908 825 2953 esset
875 2897 1168 2953 moriturus
1217 2911 1534 2968 operantem
1574 2915 1587 2951 :
1634 2907 1691 2953 ut

116 3000 216 3040 cum
243 2988 353 3044 tunc
374 2988 516 3044 Deus
546 2999 800 3060 operatur
827 2987 881 3042 in
905 2988 1146 3056 Christo,
1184 2989 1254 3061 (ι’)
1285 3004 1522 3060 operans
1564 2989 1692 3046 licet

117 3076 252 3148 Deus,
297 3081 541 3152 spolians
568 3095 628 3137 se
675 3091 851 3137 tamen
883 3081 1130 3138 Christus
1181 3097 1346 3137 carne
1396 3082 1690 3138 moriturus

114 3170 171 3224 sit
191 3191 201 3223 :
224 3182 268 3229 et
295 3189 421 3229 cum
453 3184 701 3230 mortuus
728 3183 813 3231 est
837 3172 1105 3241 Christus,
1129 3189 1360 3244 aperans
1389 3183 1516 3230 ante
1543 3189 1690 3230 mor-

1791 1864 1960 1930 Iiavit,
2009 1880 2243 1934 expone.
2298 1867 2458 1939 267
2514 1867 2777 1924 Eumdem
2831 1869 2974 1923 enim
3025 1883 3148 1924 esse
3181 1870 3397 1926 invenio

1794 1955 1961 2010 Deum
1991 1954 2264 2013 Christum
2313 1974 2343 2014 a
2388 1961 2616 2015 mortuis
2646 1959 2976 2027 excitatum,
3027 1961 3118 2032 qui
3148 1977 3311 2018 carne
3339 1977 3400 2020 se

1791 2049 2062 2120 Spoliavit,
2097 2061 2152 2106 et
2181 2066 2394 2106 rursum
2418 2053 2705 2123 Spoliatam
2735 2068 2954 2109 carnem
2976 2053 3254 2110 Christum
3275 2069 3399 2111 esse

1793 2157 1822 2197 a
1855 2143 2081 2199 mortuis
2124 2144 2414 2201 excitatum
2446 2165 2459 2200 :
2495 2145 2693 2202 deinde
2722 2146 3052 2218 principatus
3079 2157 3138 2204 et
3163 2158 3401 2220 potesta-

1795 2243 1875 2292 tes
1903 2237 2136 2292 ostentui
2165 2237 2480 2294 reddentem
2533 2249 2588 2294 et
2618 2239 3036 2310 triumphantem
3085 2241 3298 2312 reperio
3343 2242 3399 2300 in

1795 2329 2108 2400 semetipso.
2164 2329 2503 2402 lntelligisne
2551 2331 2694 2387 hunc
2745 2333 3168 2404 triumphantem
3220 2349 3403 2406 p0tes-

1795 2427 1932 2475 tates
1959 2420 2012 2476 iu
2061 2421 2391 2492 semetipso?
2420 2422 2671 2479 Sentisne
2701 2423 2843 2495 quod
2890 2439 2920 2479 a
2967 2441 3025 2480 se
3049 2439 3156 2482 non
3187 2427 3400 2484 differat

1795 2529 1922 2568 caro
1969 2514 2219 2585 Spoliata,
2275 2523 2330 2570 et
2380 2530 2544 2572 carne
2571 2531 2630 2572 se
2677 2517 2960 2586 Spolians?
3014 2518 3070 2574 In
3101 2521 3399 2592 semetipso

1795 2608 1938 2663 enim
1968 2609 2285 2679 triumphat,
2316 2607 2369 2664 id
2400 2620 2502 2677 e5t,
2533 2611 2585 2665 in
2615 2626 2677 2666 ea
2705 2627 2808 2682 qua
2841 2627 2902 2668 se
2933 2628 3098 2669 carne
3120 2615 3397 2684 Spoliavit.

1801 2700 2037 2757 Videsne
2085 2702 2156 2756 ita
2205 2702 2373 2758 Deum
2414 2711 2468 2760 et
2495 2702 2768 2760 hominem
2803 2704 3124 2775 praedicari:
3155 2717 3213 2762 ut
3255 2723 3404 2765 mors

1799 2794 2022 2861 homini,
2058 2795 2170 2850 Deo
2199 2811 2329 2851 vero
2381 2795 2562 2851 carnis
2610 2797 2866 2852 excitatio
2911 2798 3237 2868 deputetur;
3293 2815 3401 2856 non

1797 2897 1976 2944 tamen
2009 2897 2066 2943 ut
2095 2886 2234 2942 alius
2263 2887 2331 2943 sit
2375 2888 2464 2959 qui
2494 2896 2739 2943 mortuus
2782 2898 2886 2956 est,
2938 2899 2994 2947 et
3022 2891 3162 2947 alius
3211 2891 3284 2948 sit
3307 2907 3406 2962 per

1794 2998 1952 3052 quem
2007 2991 2254 3037 mortuus
2311 2981 2590 3052 resurgit?
2652 2982 2896 3053 Spoliata
2945 2983 3088 3039 enim
3143 2983 3225 3056 (h)
3270 2997 3401 3040 caro

1793 3074 2039 3131 Christus
2068 3081 2152 3131 est
2196 3084 2439 3130 mortuus
2470 3093 2481 3128 :
2513 3084 2566 3130 et
2591 3091 2777 3131 rursus
2813 3075 3087 3132 Christum
3115 3092 3141 3132 a
3171 3076 3400 3133 mortuis

1795 3169 2056 3234 excitans,
2091 3168 2231 3224 idem
2257 3167 2506 3224 Christus
2537 3178 2621 3225 est
2646 3185 2809 3226 carne
2835 3184 2894 3226 se
2939 3169 3204 3240 Spolians.
3235 3167 3399 3225 Natu-

115 3270 202 3319 tem
228 3264 373 3322 Deus
395 3308 409 3331 ,
463 3276 736 3321 mortuum
771 3276 947 3322 tamen
1001 3265 1276 3321 Christum
1316 3266 1565 3336 operatio
1594 3267 1690 3322 Dei
1721 3247 1765 3311 (ἶ
1798 3278 1911 3318 ram
1943 3263 2038 3317 Dei
2083 3262 2135 3317 in
2165 3261 2366 3318 virtute
2413 3263 2828 3320 resurrectionis
2858 3264 3098 3335 iutellige
3128 3282 3141 3320 :
3172 3263 3396 3336 dispen—

114 3359 314 3424 excitet;
340 3374 466 3416 cum
494 3359 615 3431 ipse
641 3359 713 3414 sit
758 3359 922 3429 (idem
954 3358 1046 3431 sit)
1078 3357 1154 3430 (g)
1181 3356 1458 3415 Christum
1489 3373 1517 3413 a
1547 3374 1692 3415 mor-

175 3516 245 3586 (Ι)
283 3516 488 3573 Exutus
514 3532 691 3572 carne.

175 3653 239 3723 (α)
279 3655 333 3711 lu
367 3673 473 3711 ms.
517 3657 742 3724 Carnul.
777 3653 862 3711 hic
904 3654 1119 3709 additur
1150 3671 1264 3708 cunt
1297 3653 1490 3724 ﬁducia
1515 3671 1532 3708 :
1555 3654 1698 3724 quod

114 3719 250 3780 etiam
275 3739 452 3784 exstat
483 3719 579 3784 liii.
609 3745 648 3791 ι,
681 3744 734 3782 ιι.
770 3728 855 3793 15,
899 3737 952 3781 οι
979 3727 1070 3780 lib.
1102 3742 1156 3788 χ,
1188 3744 1241 3780 ιι.
1273 3719 1364 3789 47,
1420 3725 1507 3780 ubi
1554 3719 1694 3780 idem

115 3797 189 3868 ille
210 3797 351 3855 locus
381 3817 491 3855 non
515 3799 707 3854 eodem
735 3813 957 3868 prorsus
980 3797 1140 3852 modo
1161 3799 1466 3853 exhibetur.
1506 3798 1559 3849 In
1589 3812 1690 3851 ms.

113 3867 213 3923 Vat.
243 3871 350 3926 bas.
382 3882 440 3928 et
468 3871 681 3925 Martio.
715 3867 904 3925 exutus
943 3885 1166 3926 cantent.
1209 3878 1256 3922 et
1302 3868 1618 3939 principatus
1645 3879 1693 3923 et

112 3951 352 4006 potestates
383 3943 749 4008 dehonestum,
779 3949 827 3995 et
853 3957 969 3993 cum
999 3941 1193 4010 ﬁducia
1219 3940 1562 4009 triumphans.
1594 3939 1690 3994 ilic

110 4022 261 4067 autem
293 4015 587 4085 diligenter
607 4011 1037 4079 observandum,
1082 4011 1224 4082 quod
1253 4019 1433 4085 erutus
1461 4027 1683 4085 caruerit,

109 4097 197 4137 non
229 4081 461 4152 passive,
495 4084 590 4138 sed
635 4086 811 4138 active
857 4081 1121 4146 sumatur,
1172 4083 1324 4153 quasi
1379 4081 1610 4153 spolians
1637 4099 1690 4136 se

110 4169 259 4219 carne,
308 4155 589 4223 quomodo
646 4155 843 4225 legitur
890 4154 1048 4216 infra,
1078 4152 1198 4225 lib.
1228 4170 1282 4221 x,
1331 4168 1386 4207 ιι.
1421 4153 1528 4225 _47,
1581 4152 1688 4225 imo

110 4227 244 4281 etiam
275 4222 360 4284 hic
385 4228 476 4281 ubi
505 4222 814 4282 eadem'tlla
839 4225 998 4280 verba
1025 4224 1388 4294 explicantur.
1421 4222 1490 4276 Et
1513 4223 1564 4277 in
1590 4223 1688 4278 hac

110 4297 296 4370 quidem
325 4298 727 4370 signiﬁcatione
754 4296 925 4352 activa
957 4305 1065 4350 stat
1109 4305 1218 4350 tota
1269 4295 1350 4348 vis
1383 4296 1687 4364 argumenti

109 4369 483 4440 subsequentis.
518 4371 854 4438 Quamquam
883 4383 982 4440 pro
1027 4377 1220 4440 exutus
1255 4381 1461 4420 carnem
1506 4374 1554 4418 et
1594 4382 1687 4436 po-

107 4439 304 4507 testates,
336 4442 505 4497 modo
534 4444 586 4496 in
614 4440 799 4495 latinis
845 4439 1122 4493 codicibus
1155 4440 1332 4506 legere
1363 4445 1466 4500 est,
1499 4453 1686 4505 exspo-

107 4507 220 4565 h'ans
242 4514 568 4581 principatus
595 4529 613 4566 :
643 4511 1095 4580 eoosentiuntque
1123 4523 1300 4579 graeca
1327 4508 1680 4581 exemplaria,

108 4579 668 4647 etiam'Germanense,
701 4583 840 4651 quod
870 4579 1021 4636 Pauli
1047 4581 1305 4650 epistolas
1325 4595 1500 4649 graece
1530 4588 1583 4634 et
1607 4579 1683 4633 la-

111 4651 201 4709 line
223 4657 623 4726 complectitur,
651 4649 729 4707 abi
749 4652 906 4726 annis
933 4649 1124 4707 saltem
1151 4651 1300 4726 mille
1319 4659 1615 4726 exaratum,
1641 4652 1691 4705 in
1725 4649 1772 4708 D

109 4736 196 4790 quo
217 4736 265 4780 ut
290 4719 492 4781 in'aliis
513 4719 690 4782 exstat
710 4723 1124 4796 ἀπεκδυσάμενος
1144 4725 1238 4796 τὰς
1261 4723 1455 4796 ἀρχάς.
1487 4719 1686 4796 verum

110 4806 159 4872 ex
187 4799 443 4854 vocabulo
469 4802 567 4859 τὰς
593 4799 772 4872 ἀρχόις
803 4796 956 4872 [acile
979 4794 1173 4848 'cmtiici
1197 4794 1367 4863 ρυιοιι
1391 4797 1479 4872 τὴν
1495 4794 1684 4872 adipata.

109 4864 318 4940 Etcerte
344 4864 782 4940 Augusuniis'de
805 4866 1181 4940 Peccat._ruer.
1206 4875 1258 4919 et
1277 4865 1487 4940 remiss.
1515 4880 1563 4940 e.
1594 4866 1684 4930 27,

113 4948 154 5004 et
175 4937 258 4993 lib.
292 4955 386 4995 xvi
414 4936 605 4996 contra
635 4938 893 4993 Faustum
938 4952 988 4992 ο.
1020 4936 1111 5002 29,
1147 4951 1357 4990 necnon
1386 4938 1452 4990 de
1498 4937 1687 5004 Agone

110 5003 286 5066 Christ.
321 5027 370 5067 ο.
404 5012 464 5081 2,
500 5027 620 5066 eum
655 5021 842 5065 nostro
872 5008 1076 5081 Hilario
1119 5008 1246 5081 legit
1269 5023 1456 5062 exuens
1495 5003 1688 5081 securo

111 5094 222 5134 ueut.
252 5084 340 5139 Sic
368 5093 424 5138 et
449 5077 774 5138 Ambrosius
828 5080 922 5133 lib.
980 5095 1013 5134 v
1059 5079 1113 5134 in
1156 5079 1376 5144 Lucam,
1435 5094 1487 5131 ιι.
1538 5077 1682 5132 107:

117 5146 303 5210 Enen:
326 5173 381 5210 se
407 5171 619 5210 carnem
647 5152 970 5222 principutus
997 5161 1042 5204 et
1071 5159 1346 5220 potestates
1375 5165 1548 5222 οιιιιιοδ
1575 5159 1702 5222 nos

119 5222 266 5290 αντη,
317 5238 373 5282 et
421 5227 566 5280 libro
619 5219 673 5278 ιιί
717 5224 786 5278 de
820 5219 970 5278 'Fide
1017 5219 1179 5276 c.’2:
1218 5223 1318 5289 Qui
1361 5220 1521 5290 afﬁxi:
1567 5219 1702 5273 illud

122 5291 569 5368 (chirographum)
592 5296 752 5368 cruci,
780 5310 988 5348 carnem
1015 5309 1068 5368 se
1089 5295 1274 5368 exuit:
1303 5298 1391 5368 sed
1421 5291 1699 5368 Poteram):

117 5361 302 5422 διεκυίῖ
315 5361 663 5431 earrtem,etc.
685 5361 907 5420 Deinum
929 5365 1068 5433 apud
1088 5366 1334 5420 eumdem
1349 5361 1697 5418 Atuhrosium

127 5447 290 5509 auctor
317 5440 510 5495 Tract.
541 5439 590 5493 in
615 5438 932 5509 Symbolum
965 5436 1350 5505 Apostolorum
1381 5453 1392 5488 :
1430 5433 1558 5509 Non
1580 5449 1699 5509 ergo

121 5507 413 5582 cujusquam
427 5513 559 5582 jure
580 5527 640 5564 ac
659 5504 913 5578 potestate
939 5504 1119 5562 exutus
1142 5519 1220 5582 est
1265 5521 1440 5582 carne,
1468 5504 1558 5559 sed
1588 5504 1698 5582 ipse

124 5588 164 5651 ὃς
185 5584 327 5635 exciit.
364 5577 507 5636 Nam
554 5583 636 5651 qui
666 5589 828 5651 potest
878 5595 980 5631 non
1023 5578 1221 5651 moriri
1287 5579 1462 5641 nollet,
1515 5577 1696 5647 procul

126 5647 250 5724 {Min
273 5655 409 5724 quia
440 5647 864 5724 coluitniortuus
892 5659 987 5706 est.
1023 5649 1172 5715 Quod
1195 5651 1264 5702 ita
1310 5666 1418 5724 esse
1440 5661 1695 5724 _compro-

127 5713 228 5776 bans
253 5713 530 5794 Apostolus
578 5723 668 5796 ait,
723 5720 957 5796 spolians
983 5713 1232 5796 secat-ne,
1284 5713 1694 5796 priucipatushet

133 5786 375 5857 potestates
416 5786 896 5866 exemplaritIHw
925 5800 1104 5848 tamen
1133 5791 1209 5848 illi
1249 5786 1317 5848 ab
1361 5786 1564 5848 Hilario
1594 5786 1697 5843 dif-

1797 3357 2061 3413 sationem
2094 3354 2331 3412 hominis
2360 3355 2412 3411 in
2459 3367 2636 3413 morte
2681 3371 2969 3429 cognosce.
3020 3357 3087 3413 Et
3128 3373 3249 3414 cum
3292 3358 3405 3414 sint

1879 3515 1959 3590 (2)
2005 3515 2330 3586 Operatioue.

1813 3653 2010 3734 ferunt.
2042 3654 2193 3734 quod
2213 3663 2342 3734 post
2363 3670 2564 3734 exueus
2579 3672 2648 3734 se_
2679 3673 2906 3734 caruerit,
2960 3659 3219 3730 adjiciunt
3260 3661 3405 3734 prin-

1803 3727 2026 3802 cipatus,
2053 3727 2210 3802 quod
2233 3727 2456 3802 verbum
2483 3726 2714 3802 Hilarius
2743 3731 2995 3786 omittere
3019 3726 3157 3788 solet
3185 3726 3404 3802 :quam-

1802 3799 1881 3850 vis
1906 3807 2082 3923 tarutin
2108 3797 2300 3882 eadem
2334 3798 2496 3854 lectio
2519 3814 2626 3853 non
2662 3801 2841 3870 ignota
2859 3803 2907 3857 ei
2936 3802 3118 3872 fuerit,
3141 3813 3210 3859 ‘ut
3233 3797 3404 3875 liquet

1802 3882 1862 3923 ex
1898 3886 1950 3922 ιι.
2062 3907 2076 3923 .

1798 3882 1862 3923 ex
1898 3886 1950 3922 ιι.
1988 3871 2112 3923 11.’

1869 3939 1963 4016 (ὁ)-
1984 3939 2040 3994 In
2070 3957 2171 3995 ms.
2205 3939 2327 4016 Vatf
2361 3939 2502 4008 bas.,
2531 3957 2710 4016 sensus
2739 3947 2872 4016 ejus.
2913 3943 3030 3999 Non
3058 3945 3400 4016 estaudien-

1795 4009 2203 4086 dusErasmus,
2237 4013 2326 4086 qui
2348 4014 2735 4086 excessus‘loco
2758 4009 2941 4069 sensus
2969 4015 3252 4086 legendum
3277 4032 3402 4074 esse

1793 4082 2080 4152 conjecmt.
2117 4083 2229 4138 Hoc
2258 4082 2358 4138 Sibi
2393 4084 2506 4137 vult
2535 4102 2547 4136 :
2580 4084 2728 4138 Pauli
2765 4086 2923 4139 ﬁdem
2959 4082 3120 4140 hoino
3145 4089 3260 4142 sola
3292 4103 3400 4142 sa:-

1793 4154 1900 4207 culi
1937 4155 2197 4225 sapientia
2228 4154 2525 4209 instructus
2571 4171 2674 4226 non
2707 4157 3036 4226 assequitur,
3083 4172 3258 4226 neque
3283 4159 3400 4214 dic-

1796 4227 2522 4301 torumilliusinterpretatio
2540 4225 2758 4281 aliunde
2785 4225 3072 4297 repetenda
3101 4225 3205 4296 est,
3237 4245 3398 4301 quam

1798 4310 1867 4349 ex
1893 4297 2013 4350 aliis
2041 4297 2209 4364 ipsius
2235 4296 2412 4350 dictis.

1872 4367 1942 4438 (c)
1984 4367 2136 4435 Quod
2184 4367 2271 4420 hic
2302 4365 2987 4444 Hilarius__chirographum
3014 4371 3154 4444 legis
3183 4373 3395 4443 peccati,

1794 4447 1849 4513 et
1882 4437 2248 4513 snpraLnum.
2304 4439 2374 4513 7,,
2408 4437 2916 4513 simplicitet’le‘rjem
2961 4437 3198 4512 peccati}
3243 4437 3401 4501 vocat

1791 4509 1829 4580 li.
1864 4525 1904 4574 ι,
1937 4526 1990 4564 ιι.
2027 4511 2092 4564 13
2121 4526 2135 4562 :
2161 4510 2461 4564 sententiam
2483 4509 2678 4572 mortis.
2714 4509 2924 4570 favente
2961 4509 3326 4580 Tertulliano,
3359 4516 3397 4571 1.

1787 4579 1854 4634 de
1869 4579 2126 4634 Pudicitia
2144 4598 2198 4635 ιι.
2226 4581 2311 4647 19,
2334 4582 2421 4635 ubi
2444 4581 2601 4707 legit:
2627 4583 2813 4639 donato
2835 4586 3176 4656 chirographo
3198 4579 3396 4641 mortis.

1871 4651 1951 4707 (d)
1994 4652 2223 4707 Rursum
2257 4653 2342 4707 hic
2373 4667 2474 4707 anu
2521 4694 2533 4706 .
2565 4653 2686 4707 Er..
2714 4656 2932 4707 Lips.ct
2962 4656 3109 4707 Par..
3141 4656 3242 4707 Dei
3269 4673 3396 4707 ane-

1871 4651 1951 4728 (d)
1994 4652 2223 4728 Hursum
2257 4653 2342 4708 hic
2373 4651 2686 4728 apudaEr”
2714 4656 2932 4725 Lips.ct
2961 4651 3109 4722 Pari,
3141 4656 3242 4712 Dei
3269 4673 3396 4728 ape-

1799 4723 1935 4778 ratio'
1963 4739 1983 4778 :
2013 4723 2141 4778 Bad.
2168 4734 2222 4779 et
2249 4740 2352 4779 tns.
2385 4723 2796 4782 dissidentibus.

1896 4798 1945 4865 e)
1987 4795 2148 4852 Solus
2175 4795 2345 4851 codex
2379 4794 2498 4851 Vat.
2528 4795 2670 4864 bas.,
2695 4807 2979 4865 operatum.

1980 4866 2195 4934 Excusi,
2226 4877 2459 4936 operetur
2487 4866 2602 4920 licet
2632 4885 2645 4921 :
2677 4881 2864 4923 contra
2896 4869 3051 4926 ﬁdem
3083 4883 3213 4925 mss.

1899 4940 1952 5010 g)
1994 4937 2136 4993 Editi
2163 4949 2389 5006 excepto
2409 4937 2535 5010 Par.
2564 4936 2798 4994 Christus
2822 4957 2854 4993 a
2881 4939 3096 4995 mortuis
3121 4940 3397 4999 excitatus:

1800 5009 2204 5079 refragantibus
2232 5009 2468 5077 scriptis.
2804 5073 2808 5078 _

1873 5079 1948 5151 (h)
1991 5079 2144 5147 Apud
2173 5079 2405 5134 Leonem
2439 5079 2596 5148 epist.
2640 5097 2792 5136 nova:
2819 5081 3073 5138 editionis
3111 5098 3309 5140 cxxxrv
3333 5084 3402 5141 ad

1807 5151 2045 5224 Leopem
2073 5152 2370 5224 Augustum
2394 5165 2440 5205 ο.
2471 5153 2526 5224 ὅ,
2553 5151 2645 5205 ubi
2671 5153 2785 5207 hare
2806 5153 3016 5224 aliaque
3043 5153 3230 5210 Hilarii
3259 5156 3402 5212 dicta

1807 5221 2115 5295 latidautur,
2151 5223 2375 5295 spoliata
2416 5222 2551 5275 enim
2581 5237 2736 5278 carne
2767 5239 2785 5277 :
2815 5221 2973 5280 male.
3001 5225 3271 5295 Quidquid
3301 5227 3404 5284 hoc

1805 5292 1947 5347 libro
1977 5292 2239 5348 hactenus
2266 5293 2595 5362 disputatum
2620 5303 2725 5359 est,
2755 5295 2849 5350 sed
2879 5296 2994 5352 lucc
3020 5292 3252 5353 maxime
3274 5313 3402 5354 sen-

1805 5365 1994 5428 tentia,
2052 5363 2104 5418 in
2151 5379 2274 5418 eum
2305 5381 2409 5418 non
2455 5365 2730 5430 convenit,
2783 5370 2872 5433 qui
2925 5368 3147 5422 verbum
3179 5383 3208 5422 a
3239 5385 3404 5425 carne

1805 5435 2005 5490 Christi
2033 5445 2247 5491 mortua
2272 5443 2577 5506 separatum
2601 5439 2852 5492 senserit.
2890 5437 3045 5494 Unde
3076 5439 3311 5495 Hilarius
3337 5441 3406 5498 ab

1805 5521 1868 5561 ea
1889 5506 2145 5575 opinione
2169 5523 2274 5562 non
2299 5507 2568 5562 immerito
2590 5508 2829 5563 creditur
2851 5509 3075 5566 alienus.
3105 5512 3236 5566 Cum
3261 5513 3407 5568 enim

1804 5592 1966 5653 carne
1992 5593 2052 5634 se
2074 5578 2336 5653 spolians,
2372 5578 2774 5653 caro_spoli_a_ta,
2799 5591 2854 5636 et
2875 5595 3092 5638 carnem
3120 5583 3407 5653 spoliatam

1805 5651 2046 5705 excitans
2077 5650 2176 5719 ipsi
2211 5665 2348 5705 unus
2374 5659 2428 5706 et
2473 5650 2615 5706 idem
2646 5651 2894 5706 Christus
2923 5653 3013 5719 sit,
3047 5650 3244 5710 nec'sit
3268 5669 3410 5711 unus

1804 5721 2008 5777 unitate
2038 5730 2266 5787 naturae,
2300 5723 2392 5777 sed
2427 5737 2670 5791 persona:
2700 5740 2712 5776 :
2747 5724 2990 5792 sequitur
3017 5740 3143 5783 eum
3171 5728 3410 5786 sensisse

1803 5807 2092 5862 personam
2123 5792 2286 5850 Verbi
2308 5793 2457 5850 carni
2481 5793 2724 5868 spoliatzc
2753 5795 2979 5854 unitum.
