3930 6194
153 237 242 308 eos
1271 245 1360 304 oe
1400 233 1778 304 TRINITATE
1819 231 2024 304 Lmen
2054 231 2145 305 tit.
3287 256 3393 316 eos

150 379 393 422 concursu.
418 361 516 421 Sed
537 375 650 423 non
676 359 810 418 alius
834 367 992 431 atque
1016 359 1262 419 diversus
1284 370 1385 429 est,
1413 361 1487 436 (a)
1514 363 1603 434 qui
1628 376 1688 417 se
1713 363 1766 423 Α
1792 360 1947 417 irasci
1975 360 2292 433 intelligitur
2315 376 2375 419 se
2404 361 2604 422 bonum
2628 363 2753 422 dici.
2810 366 2877 422 Et
2907 367 3255 438 quaerendam
3306 380 3390 426 est

151 458 418 522 exinanivit,
462 465 514 510 et
552 453 643 526 qui
689 453 916 509 formam
944 453 1087 509 servi
1136 457 1365 527 accepit.
1399 454 1691 525 Accepisse
1793 467 1950 522 quam
1983 454 2142 507 aliam
2174 453 2242 510 de
2271 470 2330 509 se
2362 456 2754 524 professionem
2783 470 2991 528 arguat,
3019 462 3108 531 qui
3139 476 3246 516 non
3275 471 3393 518 cre-

150 554 266 611 eniui
288 568 380 605 non
412 559 576 619 potest
599 547 719 619 ejus
740 563 858 603 esse
890 549 976 617 qui
1010 563 1115 604 non
1158 549 1258 617 sit;
1293 549 1415 619 quia
1447 551 1565 618 ejus
1596 550 1687 614 sit,
1791 546 2001 602 dendus
2022 557 2106 603 est
2133 564 2324 604 nomen
2356 548 2406 604 in
2434 564 2494 606 se
2520 551 2772 606 bonitatis
2805 569 3050 621 arguere.

147 645 220 716 qui
243 642 492 704 subsistat,
516 641 776 709 accipere.
793 638 933 711 Ergo
951 641 1239 696 evacuatio
1263 643 1450 696 forma:
1473 657 1578 696 non
1606 650 1691 698 est
1864 640 1949 694 16.
1988 639 2169 694 Fidem
2201 642 2564 718 interregantis
2597 645 2784 715 arguit,
2822 663 2922 700 non
2953 647 3392 705 dium—Videa-

147 734 330 791 abolitio
355 743 547 788 natura:
575 749 589 785 :
618 732 742 802 quia
766 733 856 802 qui
876 747 934 788 se
954 742 1198 800 evacuat,
1235 748 1344 788 non
1365 743 1516 789 caret
1543 749 1686 801 sese;
1792 749 1912 789 mus
1944 734 2143 806 itaque,
2174 735 2301 807 quid
2343 746 2537 805 pra-ter
2559 740 2758 795 bonum
2798 741 3136 812 interrogans
3156 741 3353 798 dixerit
3379 761 3392 799 τ

147 829 208 900 (l)
250 837 295 882 et
319 827 399 896 qui
443 825 654 897 accipit,
703 836 901 881 manet.
950 827 1018 880 Et
1061 841 1182 881 cum
1232 826 1426 900 (idem)
1472 830 1588 896 ipse
1620 829 1690 884 sit
1790 827 1862 879 ait
1895 829 2036 882 enim
2065 870 2078 894 ,
2134 827 2380 900 Magister
2410 830 2557 895 bone,
2579 833 2702 902 quid
2731 832 2847 887 boni
2878 835 3069 905 faciant
3115 832 3307 906 (Marci
3340 851 3394 900 ι,

147 934 368 975 eraeuans
386 929 435 972 et
455 918 736 988 accipiens,
772 918 935 974 habet
959 919 1177 989 quidem
1207 919 1351 974 ineo
1380 934 1688 975 sacramen-
1792 920 1858 974 17
1887 921 1947 993 )?
1978 921 2118 976 Duas
2151 923 2315 993 igitur
2341 940 2426 980 res
2454 929 2892 998 connuncupavit
2927 949 2939 984 :
2975 937 3031 983 et
3070 928 3270 984 bonum
3293 970 3308 996 ,
3343 937 3398 984 et

147 1022 254 1078 tum,
279 1009 406 1081 quod
431 1022 730 1065 seevaeuat
768 1018 825 1066 et
864 1012 1097 1081 accipit;
1155 1028 1259 1066 non
1308 1021 1485 1068 tatnen
1529 1013 1689 1068 habet
1789 1015 2128 1083 magistrum.
2159 1017 2226 1072 Et
2247 1019 2370 1087 quia
2401 1035 2506 1074 non
2537 1021 2713 1089 arguit
2758 1020 2956 1075 bonum
3004 1034 3066 1076 se
3107 1021 3249 1088 dici;
3293 1021 3398 1078 hoc

145 1105 390 1168 interitum,
421 1118 484 1157 ne
510 1118 613 1158 non
655 1111 830 1158 exstet
855 1118 1146 1169 evacuans,
1175 1112 1232 1161 et
1273 1117 1344 1160 ne
1371 1121 1478 1160 non
1507 1105 1578 1160 sit
1598 1120 1688 1160 ac—
1792 1122 2020 1164 necesse
2044 1116 2124 1164 est
2156 1121 2384 1181 arguat,
2433 1111 2575 1182 quod
2609 1113 2866 1183 magister
2893 1113 3066 1169 bonus
3093 1113 3267 1168 dictus
3301 1113 3393 1168 sit.

142 1196 330 1266 cipiens.
374 1194 552 1264 itaque
594 1197 876 1250 evacuatio
929 1211 997 1251 eo
1045 1194 1280 1266 proiicit,
1331 1206 1388 1251 ut
1435 1197 1687 1268 proﬁciat
1790 1200 1866 1256 Ita
1890 1213 2072 1259 autem
2100 1205 2276 1275 arguit
2304 1220 2363 1262 se
2389 1207 2701 1278 magistrum
2736 1207 2936 1261 bonum
2971 1205 3077 1262 dici
3103 1246 3117 1270 ,
3151 1214 3208 1262 ut
3236 1205 3395 1262 (idem

145 1289 280 1342 forata
302 1287 452 1350 servi,
485 1302 587 1341 non
618 1295 676 1341 ut
702 1285 974 1352 Christus,
1003 1289 1093 1357 qui
1125 1289 1176 1342 in
1221 1289 1390 1344 forma
1417 1288 1512 1343 Dei
1543 1295 1682 1358 erat,
1788 1295 2170 1367 interrogantis
2192 1298 2389 1368 potius,
2409 1315 2568 1369 quam
2592 1299 2679 1355 vel
2704 1299 2941 1370 magistri
2971 1300 3024 1354 in
3048 1314 3107 1355 se
3148 1298 3232 1354 vel
3266 1298 3392 1354 boni

137 1377 435 1451 (i)Christns
454 1395 573 1437 esse
593 1396 702 1435 non
728 1389 977 1447 maneat;
1003 1396 1125 1436 cum
1155 1381 1386 1437 formam
1407 1384 1552 1439 servi
1577 1395 1683 1439 non
1790 1403 1987 1444 nomen
2024 1402 2293 1460 argueret.
2326 1391 2549 1448 Juvenis
2589 1394 2733 1448 enim
2781 1393 3022 1449 insolens
3074 1407 3169 1463 per
3219 1392 3399 1448 obser-

137 1473 454 1530 nisiChrisms
492 1475 782 1544 acceperit.
815 1473 918 1542 Qui
949 1490 1070 1529 eum
1117 1489 1180 1532 se
1210 1477 1572 1542 evacuaverit,
1627 1487 1686 1532 ut
1788 1481 2021 1534 vantiam
2047 1480 2183 1552 legis
2212 1479 2282 1554 (Ι)
2304 1524 2318 1547 ,
2353 1491 2406 1537 et
2431 1483 2590 1538 finem
2619 1482 2750 1558 legis
2780 1485 2868 1554 qui
2897 1483 3146 1539 Christus
3182 1494 3262 1538 est
3302 1499 3396 1537 ne-

133 1582 320 1622 ntanens
339 1567 562 1638 Spiritus
587 1567 832 1622 Christus
859 1566 1001 1623 idem
1029 1566 1278 1624 Christus
1308 1571 1470 1626 homo
1497 1579 1680 1637 esset;
1788 1572 1967 1627 sciens
1986 1614 2001 1640 ,
2033 1581 2090 1628 et
2133 1574 2480 1644 iustificatam
2509 1591 2569 1632 se
2610 1576 2661 1631 in
2691 1577 2946 1646 operibus
2971 1576 3310 1645 existimans,
3343 1585 3399 1632 et

133 1661 175 1718 in
196 1675 395 1730 corpore
415 1660 711 1715 demutatio
756 1659 972 1715 habitus
1003 1669 1059 1716 et
1104 1663 1404 1732 assumptio
1448 1673 1678 1731 naturae,
1787 1678 1896 1719 non
1923 1664 2232 1736 intelligens
2271 1668 2483 1722 venisse
2514 1684 2635 1724 eum
2668 1668 2732 1722 ad
2765 1683 2894 1723 oves
2927 1668 3166 1738 perditas
3198 1667 3396 1722 domus

130 1751 428 1825 naturarum
472 1755 740 1808 manentis
768 1753 1065 1808 divinitatis
1109 1769 1218 1808 non
1252 1756 1478 1824 peremit
1512 1773 1526 1809 :
1557 1757 1683 1826 quia
1715 1751 1763 1814 B
1791 1757 1954 1812 Israel
1986 1758 2204 1828 (Matth.
2233 1775 2330 1826 xv,
2356 1760 2470 1832 2i),
2493 1771 2545 1816 et
2575 1760 2908 1831 impossibile
2925 1775 3046 1815 esse
3079 1760 3182 1830 legi
3213 1775 3306 1829 per
3339 1759 3399 1813 li.

131 1859 241 1898 unus
279 1855 426 1915 atque
454 1845 594 1902 idem
622 1844 873 1902 Christus
899 1847 989 1914 sit,
1019 1854 1074 1901 et
1093 1847 1378 1902 demutans
1420 1849 1683 1919 habitum,
1797 1854 1919 1908 dem
1946 1853 2344 1924 justiIiCaIionis
2374 1855 2584 1910 salvare
2613 1854 2901 1911 credentes
2939 1851 3116 1926 (Rom.
3151 1868 3263 1920 vni,
3315 1854 3396 1924 5),

128 1949 169 1991 et
196 1951 476 1993 assumens.
1795 1955 2066 2018 tamquam
2096 1949 2467 2004 communium
2500 1958 2890 2020 prmeeptorum
2915 1957 2968 2003 et
3006 1948 3056 2002 in
3088 1947 3204 2018 lege
3233 1946 3403 2017 scrip—

186 2027 646 2098 l5.Ezpenduntur
692 2029 891 2102 objecta
911 2030 1287 2086 haereticorum.
1330 2031 1564 2087 Christus
1586 2049 1686 2088 non
1789 2047 1970 2095 torum
2003 2041 2316 2112 magistrum
2351 2042 2648 2112 interrogat
2691 2039 2977 2095 Dominum
3011 2039 3143 2108 legis
3191 2046 3244 2092 et
3280 2034 3404 2091 unl-

124 2126 266 2196 arguit
286 2126 412 2193 quod
438 2125 646 2178 dicatur
671 2125 1158 2181 bonum—Ostensa
1187 2126 1367 2195 itaque
1382 2140 1682 2181 sacramen-
1791 2133 2032 2202 genitum
2070 2130 2261 2187 Deum.
2292 2131 2603 2188 Detestatus
2654 2131 2834 2202 itaque
2863 2129 3122 2186 Dominus
3167 2127 3306 2183 hanc
3333 2128 3403 2184 de

127 2226 266 2272 torum
293 2217 712 2288 dispensatione,
757 2234 855 2289 per
898 2233 1058 2289 quam
1112 2219 1353 2274 haeretici
1377 2220 1686 2291 ignorantes
1789 2239 1851 2278 se
1874 2224 2190 2294 irreligiosae
2222 2223 2342 2279 ﬁdei
2377 2223 2789 2292 professionem,
2813 2222 2954 2293 quod
2989 2231 3259 2291 tamquam
3285 2234 3400 2273 ma-

124 2325 331 2380 quosque
375 2310 654 2378 fallerent,
688 2321 744 2366 ut
772 2327 857 2377 ea,
887 2327 1006 2382 quia
1034 2327 1130 2382 per
1158 2313 1421 2382 assumpti
1452 2313 1687 2368 hominis
1791 2316 1956 2386 gister
1983 2315 2116 2387 legis
2157 2315 2605 2386 interrogaretur,
2640 2315 2941 2383 respondit,
2971 2311 3113 2380 Quid
3141 2329 3218 2366 me
3249 2327 3402 2366 vocas

124 2403 483 2459 naturamdicta
499 2415 763 2476 gestaque
780 2404 1423 2468 sunt,omniainfirmitaﬁ
1441 2407 1689 2462 divinita-
1791 2408 2020 2462 bonum?
2051 2411 2225 2478 Atque
2259 2416 2316 2462 ut
2355 2407 2682 2482 signiﬁcqret
2709 2417 2976 2478 quatenus
3008 2405 3167 2480 271
3202 2404 3401 2459 intelli-

123 2493 174 2548 tis
213 2495 590 2564 adscriberent,
639 2508 696 2553 et
721 2497 908 2552 formae
929 2498 1022 2552 Dei
1045 2497 1388 2568 deputarent,
1432 2500 1686 2570 quidquid
1791 2499 1997 2570 gendus
2027 2507 2082 2554 et
2111 2497 2442 2568 profitendus
2472 2497 2647 2554 bonus
2678 2509 2819 2554 esset
2850 2539 2866 2566 ,
2920 2496 3186 2566 subjecit,
3234 2493 3401 2550 Nemo

119 2584 271 2641 iurene
289 2591 423 2645 servi
447 2588 764 2660 propriae(d)
787 2601 969 2661 aptum
992 2599 1101 2646 est:
1128 2607 1270 2648 nunc
1295 2593 1424 2663 ipsis
1447 2593 1690 2664 proposi—
1792 2592 1972 2657 bonus,
2007 2591 2108 2644 nisi
2152 2607 2285 2646 unus
2334 2588 2511 2658 Deus;
2544 2607 2652 2646 non
2704 2605 2966 2660 reapuens
3015 2587 3271 2643 bonitatis
3307 2603 3404 2643 no-

119 2677 316 2736 tionibus
341 2696 526 2737 eorum
576 2683 1010 2752 respondendum
1075 2694 1178 2740 est.
1232 2684 1372 2740 Tuto
1407 2686 1550 2742 enim
1576 2686 1686 2757 jam
1792 2699 1939 2746 men,
1970 2685 2015 2738 si
2055 2683 2155 2740 sibi
2191 2682 2292 2738 hoc
2318 2695 2587 2754 tamquam
2618 2682 2728 2739 Deo
2761 2681 3132 2753 deputaretur.

120 2771 344 2828 dictorum
388 2776 730 2848 singulorum
795 2792 992 2849 genera
1063 2777 1521 2849 dijudicabuntnr,
1564 2795 1686 2836 cum
1865 2778 1954 2833 i7.
1989 2777 2056 2832 Et
2085 2779 2272 2833 bonum
2292 2786 2337 2832 et
2363 2780 2668 2851 magistrum
2698 2793 2808 2832 sese
2836 2778 3403 2849 ostendit.-—Denlque

122 2861 319 2923 Verbum
347 2878 403 2924 et
430 2885 655 2927 cautem
681 2913 696 2938 ,
725 2870 776 2926 id
805 2879 910 2938 est,
935 2872 1103 2927 Deum
1124 2880 1183 2928 et
1209 2871 1479 2928 hominem
1501 2872 1685 2932 Jesum
1790 2871 2087 2925 ostendens
2127 2885 2188 2924 se
2215 2869 2458 2940 magistri
2489 2870 2541 2924 in
2572 2884 2630 2924 se
2657 2869 2805 2936 boni.
2837 2885 2930 2940 per
2974 2869 3130 2926 fidem
3163 2869 3281 2940 eius
3309 2870 3399 2941 qui

118 2957 349 3017 Christum
376 2965 493 3020 sola
525 2964 668 3021 ﬁdes
701 2966 771 3020 sit
809 2965 1082 3021 conﬁteri.
1108 2965 1277 3022 Deum
1311 2967 1472 3036 igitur
1498 2965 1684 3021 Domi-
1795 2971 2068 3032 tamquam
2099 2960 2372 3016 hominem
2389 2960 2778 3032 interrogabat,
2797 2976 2993 3016 nomen
3017 2976 3263 3033 arguere,
3282 2969 3405 3032 post

121 3065 221 3105 num
247 3066 475 3111 mastran
506 3056 700 3113 Jesum
729 3055 1004 3112 Chrismm
1051 3073 1116 3113 ex
1158 3072 1228 3113 eo
1256 3056 1559 3127 negandum
1593 3073 1690 3128 per
1792 3053 2104 3125 iactantiam
2134 3053 2351 3125 juvenis
2381 3065 2432 3109 et
2476 3053 2700 3126 gloriam
2747 3056 2878 3127 legis
2909 3055 3144 3126 impletae
3165 3097 3182 3124 ,
3214 3057 3286 3111 ita
3318 3069 3405 3111 re-

121 3155 328 3203 naturstn
359 3150 606 3207 haeretici
647 3151 991 3218 existimant,
1020 3151 1146 3222 quia
1167 3150 1366 3205 dixerit
1394 3168 1405 3202 :
1443 3150 1579 3216 Quid
1607 3169 1685 3205 me
1712 3139 1758 3202 Β
1791 3145 2005 3215 spondit
2039 3163 2051 3199 :
2085 3144 2257 3201 Unum
2294 3147 2385 3203 tibi
2432 3149 2618 3202 deest:
2648 3146 2775 3202 vade
2805 3187 2821 3214 ,
2871 3163 3199 3219 quiet-umque
3245 3147 3400 3202 habes

120 3239 254 3310 270
289 3242 411 3299 dicis
454 3242 691 3298 honuni?
730 3240 899 3296 Nemo
935 3251 1010 3296 est
1040 3243 1201 3298 bonus
1229 3243 1329 3298 nisi
1379 3259 1513 3296 unus
1543 3243 1685 3300 Deus
1794 3241 1973 3308 vende,
1999 3251 2045 3294 et
2067 3241 2135 3294 da
2161 3241 2494 3312 pauperibus,
2525 3251 2571 3295 et
2598 3241 2802 3296 habebis
2829 3241 3125 3296 thesaurum
3157 3242 3210 3295 in
3240 3239 3399 3306 emta;

122 3328 282 3396 (Marci
301 3350 353 3400 ι,
378 3334 488 3407 18).
517 3336 713 3392 Omnis
735 3337 1145 3405 responsionum
1181 3335 1318 3390 ratio
1340 3351 1562 3392 necesse
1579 3346 1684 3403 est,
1794 3343 1842 3386 et
1873 3335 2006 3400 ueni,
2030 3349 2234 3404 sequere
2261 3350 2341 3388 me
2360 3332 2556 3403 (Marc.
2589 3351 2646 3400 χ,
2672 3333 2790 3407 21).
2822 3333 2942 3389 Non
2974 3333 3166 3405 refugit
3193 3332 3406 3388 bonita-

123 3439 167 3479 ut
203 3443 259 3483 ex
288 3429 768 3501 interrogationum
818 3431 999 3492 uisis
1047 3429 1434 3500 proﬁciscatur.
1498 3429 1577 3485 Ad
1632 3429 1686 3484 id
1795 3428 1866 3483 tis
1888 3427 2033 3484 dese
2055 3443 2273 3494 nomen,
2303 3430 2394 3498 qui
2420 3429 2695 3485 caelestem
2729 3430 3043 3486 thesaurum
3077 3429 3401 3500 pollicetur:

116 3519 230 3572 enim
259 3522 677 3592 respondebitur
700 3561 717 3588 ,
762 3520 906 3576 unde
932 3531 1224 3591 quaeretur.
1254 3521 1322 3576 Et
1345 3523 1574 3592 primum
1601 3537 1687 3578 re-
1797 3534 1900 3575 nec
1931 3522 2246 3591 magistrum
2279 3536 2338 3576 se
2369 3536 2475 3576 non
2504 3520 2616 3576 vult
2645 3521 2833 3587 videri,
2867 3520 2957 3592 qui
2980 3521 3171 3577 ducem
3195 3536 3254 3576 se
3279 3535 3404 3591 per-

117 3611 245 3677 quiro
275 3629 302 3667 a
330 3615 458 3671 dicti
482 3615 650 3687 hujus
673 3615 1082 3680 calumniatore,
1115 3623 1365 3670 utrumne
1383 3614 1435 3669 id
1459 3630 1688 3686 arguere
1799 3611 1957 3667 feel-.13
1979 3614 2134 3684 hujus
2159 3615 2506 3670 beatitudinis
2531 3614 3025 3685 prtestat.'l‘errenae
3051 3623 3230 3670 atttem
3255 3613 3322 3670 de
3345 3628 3406 3671 se

113 3704 358 3768 hominum
408 3711 696 3768 existimet
723 3751 738 3775 ,
785 3725 883 3766 cur
935 3709 1110 3766 bonus
1154 3709 1331 3765 dictus
1377 3713 1468 3776 sit,
1518 3725 1689 3780 seque
1796 3706 2067 3774 Opinionis
2092 3705 2249 3762 iidem
2277 3708 2473 3780 arguit,
2507 3707 2800 3764 bonitatem
2824 3707 2876 3763 in
2907 3707 3025 3764 solo
3053 3708 3166 3764 Deo
3198 3708 3405 3765 docens

116 3800 325 3857 maluerit
349 3805 552 3859 malum
576 3803 709 3858 dici.
745 3803 800 3859 ld
832 3804 975 3858 enim
1008 3802 1304 3872 signiﬁcari
1336 3803 1546 3859 videtur
1578 3803 1685 3859 hoc
1796 3812 1940 3852 esse.
1979 3797 2044 3852 Et
2077 3809 2132 3852 ut
2160 3815 2220 3854 se
2249 3809 2302 3855 et
2332 3801 2499 3855 Deum
2532 3809 2587 3856 et
2619 3801 2818 3856 bonum
2850 3801 3180 3872 signiﬁcaret
3201 3843 3216 3869 ,
3252 3801 3410 3857 boni-

112 3891 228 3948 dicto
251 3936 264 3958 ,
311 3895 449 3962 Quid
480 3914 562 3952 me
591 3897 783 3951 bonum
819 3895 987 3950 dicis?
1013 3895 1128 3951 Non
1159 3895 1354 3966 opinor
1396 3896 1684 3968 quiSquam
1795 3893 1925 3948 tatis
1950 3905 2032 3948 est
2061 3908 2190 3948 usus
2213 3894 2432 3956 ofﬁciis,
2461 3894 2713 3950 caelestes
2741 3897 3027 3950 thesauros
3065 3894 3328 3965 pandens,
3354 3905 3410 3950 et

114 3993 198 4038 tam
224 4001 398 4044 vecors
429 3994 560 4055 erit,
587 3998 647 4046 ut
677 3990 893 4044 malitiae
921 3989 1312 4060 professionem
1339 3990 1390 4044 ei
1425 3991 1557 4044 velit
1585 3990 1684 4044 ad-
1795 4000 1858 4041 se
1883 3986 1950 4040 ad
1978 4001 2071 4040 eos
2099 3987 2353 4056 praavium
2387 3988 2648 4043 tribuens.
2684 3988 2754 4042 ita
2779 3997 2830 4043 el
2853 4004 2977 4058 qua:
2996 3989 3095 4042 sibi
3129 3993 3407 4058 tamquam

112 4078 331 4145 scribere,
362 4082 452 4153 qui
479 4082 690 4138 dixerit
714 4101 728 4137 :
760 4081 941 4137 Venite
963 4083 1032 4136 ad
1054 4099 1133 4136 me
1151 4099 1326 4138 omnes
1353 4084 1442 4152 qui
1470 4082 1683 4137 iabora-
1799 4078 2005 4134 homini
2037 4087 2242 4133 tantum
2261 4077 2661 4144 deferebantur,
2693 4079 3024 4144 detestatur;
3062 4095 3236 4148 neque
3259 4093 3318 4134 se
3339 4081 3408 4135 ab

113 4169 160 4220 tis
183 4181 222 4224 et
241 4177 432 4229 onerati
459 4178 589 4230 estis
608 4217 623 4241 ,
654 4184 702 4230 et
733 4191 824 4247 ego
867 4190 954 4229 uos
1000 4175 1252 4244 reﬁciam.
1290 4173 1475 4229 Tollite
1497 4176 1684 4246 iugum
1802 4170 1907 4238 his,
1940 4187 2060 4243 quae
2083 4171 2194 4228 Deo
2224 4171 2537 4241 deputabat,
2561 4172 2836 4240 professus
2865 4172 3098 4226 alienum
3126 4182 3208 4226 εει
3242 4187 3254 4226 :
3284 4187 3407 4227 eum

112 4276 245 4317 meum
263 4283 411 4338 super
439 4284 555 4332 vos,
591 4277 636 4322 et
666 4267 846 4322 discite
875 4283 1025 4331 ante,
1055 4268 1175 4337 quia
1199 4267 1336 4321 mitis
1364 4283 1478 4320 sum
1506 4276 1556 4321 et
1581 4267 1683 4321 hu-
1797 4283 1966 4322 unum
1999 4268 2170 4322 Deum
2196 4266 2393 4320 honttm
2425 4267 2708 4331 confitens,
2745 4279 2808 4322 ea
2839 4266 2952 4334 ipse
2982 4266 3295 4336 loqueretur
3322 4275 3405 4321 at-

113 4354 220 4410 nn'lis
259 4360 442 4426 corde;
482 4370 538 4416 et
591 4359 855 4414 invenietis
895 4360 1122 4429 requiem
1167 4359 1437 4413 animabus
1479 4361 1682 4415 uestris.
1794 4375 1905 4429 que
1932 4369 2138 4430 ageret,
2167 4375 2286 4429 quae
2314 4358 2474 4414 unius
2530 4357 2623 4415 Dei
2659 4359 2898 4428 virtutis,
2928 4358 3187 4415 bonitatis
3244 4368 3410 4432 atque

109 4439 267 4515 Iugum
308 4453 442 4507 enim
479 4469 660 4508 meum
717 4466 871 4506 suave
911 4461 1022 4517 est,
1062 4460 1108 4506 et
1153 4467 1287 4505 cum
1360 4467 1527 4505 meum
1581 4452 1688 4506 leue
1717 4514 1753 4517 φ
1800 4462 2010 4506 naturae
2040 4459 2184 4506 sunt.

111 4514 174 4588 est
197 4539 362 4610 (Heu.
399 4560 478 4610 xx,
515 4544 594 4600 28
625 4555 671 4598 et
701 4540 887 4615 seqq.).
923 4514 1100 4598 Mitem
1123 4557 1182 4597 se
1215 4541 1496 4611 profitetur
1523 4553 1686 4613 atque
1714 4514 1771 4576 Β
1877 4546 1964 4601 18.
2001 4543 2243 4616 Magistri
2274 4560 2386 4599 cum
2417 4545 2522 4615 ﬁde
2546 4561 2728 4600 nomen
2755 4545 3224 4613 accepit—Quam
3250 4544 3414 4614 igitur

113 4630 365 4692 humilem:
399 4649 454 4693 et
480 4637 645 4692 irasci
668 4637 938 4701 credetur,
968 4635 1042 4707 (e)
1075 4650 1172 4690 cur
1191 4634 1366 4691 bonus
1387 4635 1561 4690 dictus
1581 4637 1688 4692 sit?
1801 4653 1912 4692 non
1960 4637 2216 4692 bonitatis
2262 4651 2458 4692 nomen
2491 4638 2784 4709 refugerit,
2818 4637 2913 4691 sed
2956 4653 3135 4707 neque
3163 4635 3410 4709 magistri

112 4720 479 4784 Professionum
527 4731 650 4785 haec
697 4729 982 4784 diversitas
1009 4726 1238 4783 dissidet
1267 4768 1281 4794 ,
1333 4737 1391 4782 ut
1427 4727 1687 4785 bonitatis
1803 4729 2064 4785 honorem
2103 4735 2453 4798 recusaverit,
2487 4731 2583 4786 sed
2616 4731 2775 4786 fidem
2812 4731 2931 4801 ejus
2955 4733 3047 4800 qui
3076 4731 3129 4785 in
3177 4745 3240 4786 se
3269 4727 3403 4784 nihil

113 4830 199 4873 sum
220 4824 366 4879 testis
398 4837 606 4878 nomen
648 4822 701 4877 in
732 4836 790 4878 se
818 4820 1072 4878 bonitatis
1117 4829 1360 4876 accuset.
1402 4818 1521 4875 Non
1553 4835 1686 4891 ergo
1801 4824 1906 4880 nisi
1949 4839 2272 4896 corporeum
2302 4834 2357 4881 et
2381 4825 2597 4882 carnale
2625 4825 2892 4896 sapuisset
2913 4866 2930 4894 ,
2973 4825 3242 4898 arguerit;
3287 4824 3414 4882 hinc

173 4935 240 5006 (i)
270 4935 335 4991 Et
360 4936 449 5007 qui
477 4935 700 5006 accepit.

117 5064 215 5110 ante
239 5066 412 5112 autem
444 5065 621 5112 totum
657 5053 708 5108 in
741 5051 908 5106 forma
949 5048 1091 5105 servi
1138 5055 1428 5120 nuneupet.
1478 5046 1680 5104 Confer
1865 5048 1939 5120 (c)
1963 5046 2020 5101 in
2044 5061 2148 5101 ms.
2173 5044 2338 5100 Corb.
2367 5044 2640 5115 etaliquot
2659 5043 2798 5111 aliis,
2820 5045 3073 5100 maculis
3090 5045 3148 5100 in
3167 5061 3414 5118 corpore:

113 5124 414 5200 ltuncloeum
446 5143 579 5183 cum
609 5134 764 5200 tract.
797 5123 884 5200 Ps.
910 5136 1097 5200 t._xv_m,
1131 5136 1186 5174 ιι.
1478 5199 1483 5200 γ
1554 5189 1568 5200 “
1795 5116 2089 5192 glossema.

160 5196 230 5284 ς’)
252 5199 366 5284 “09
387 5209 499 5284 εἶδεν
533 5199 625 5272 9'"
657 5211 715 5284 ⁵9
735 5192 1063 5284 ίεέξίῗξέηίῖῗέν
1091 5189 1686 5284 ¹1Ἶ¹Ξ.³¹Ξ¹Ξὲ,ἓὲἷεῖ¹ἐέ⁵3
1804 5189 1830 5284 ί
1871 5208 2050 5284 (dum
2079 5207 2320 5284 ριετῖίιυθ
2347 5219 2477 5284 [ηεξ.
2506 5207 2577 5262 At
2601 5205 2762 5272 editi,
2796 5215 3048 5278 aptatum.
3075 5205 3196 5268 Mox
3223 5209 3280 5284 in
3315 5223 3411 5266 co-

111 5269 179 5331 iitti
205 5269 351 5327 servi
399 5269 639 5351 formam
681 5269 926 5334 accepit,
957 5277 1053 5351 seu
1087 5269 1228 5351 Apost
1271 5269 1663 5317 evacuationen

1861 5269 2065 5337 ee'Vat.
2081 5269 2210 5335 'bas.
2234 5269 2344 5333 'toto
2367 5277 2624 5333 enim.....
2649 5269 2854 5351 genere,
2879 5295 2987 5335 non
3019 5287 3126 5334 tuto
3153 5281 3409 5346 enim...”

113 5349 234 5428 sua:
259 5357 368 5428 ius!
393 5342 550 5428 ιιιίιέ
575 5348 659 5424 est
688 5348 847 5406 atque
871 5344 986 5391 erat
1013 5344 1158 5389 ante.
1207 5418 1227 5428 Δ
1269 5415 1282 5428 ⁸
1309 5418 1325 5428 _
1359 5403 1693 5428 “manu.”
1799 5369 2008 5428 genam

163 5411 228 5482 (ὃ)
269 5413 438 5480 Editi,
480 5411 724 5468 Christus
761 5403 826 5463 ea:
854 5423 908 5461 se
935 5421 1040 5460 non
1079 5415 1282 5458 ntaneat
1305 5418 1325 5458 :
1355 5403 1665 5473 castigatqu

113 5493 162 5534 εἰ
195 5499 316 5539 .
347 5487 440 5542 Sic
470 5487 635 5548 int'rs,
666 5499 719 5535 ιι.
757 5481 851 5545 '59,
880 5486 939 5532 ut
965 5487 1186 5531 maneret
1230 5492 1336 5530 esse
1363 5473 1459 5529 Dei
1493 5479 1665 5548 [arma

1331 5403 1693 5544 ,‘jﬁ‘fm‘:
1799 5403 2144 5522 w\ietus
2169 5443 2344 5500 codex
2368 5443 2525 5498 Colb.
2556 5457 2675 5496 cum
2697 5441 2883 5548 ὸοιιιιξ.

471 5533 744 5609 λιξίἧᾶἡῆιί
765 5533 1101 5623 :m'ysterium
1130 5549 1346 5623 egregie
1374 5533 1694 5623 _e_xpiicator
1881 5540 1957 5623 {)
1989 5539 2094 5623 ραι
2139 5536 2712 5623 tamen‘o‘bsecqtus‘sa;
2736 5533 2887 5623 nuth,
2923 5542 3018 5623 est1
3052 5543 3110 5623 ut
3136 5533 3346 5620 dicitur
3361 5545 3416 5591 et

113 5603 743 5690 t.t.'3.:';:"is;"a“'i;
773 5603 916 5678 βεξι.
943 5603 1140 5684 lenm,
1165 5603 1228 5673 ἷι.
1260 5603 1319 5673 "'t.
1374 5603 1662 5690 ﬂie'obite

1862 5603 2111 5666 aeneia"
2140 5624 2263 5690 cap.
2314 5607 2463 5690 i9_in
2515 5605 2707 5662 Matth.
2765 5621 2820 5662 ιι.
2855 5603 2889 5658 5
2922 5605 3107 5690 :nlzuto
3143 5609 3301 5690 attint,
3333 5609 3414 5662 in-

115 5676 366 5754 advehi;
386 5676 495 5754 est
505 5676 837 5752 uocabulum
853 5691 1044 5748 Christi
1070 5676 1139 5744 ad
1180 5697 1423 5746 naturam
1447 5687 1688 5743 divinam
1806 5685 1928 5754 quit
1959 5683 2287 5754 Augustinus
2315 5679 2474 5754 epist.
2502 5692 2645 5734 nunc
2675 5691 2835 5744 CLVII,
2871 5694 2927 5732 ιι.
2945 5676 3024 5754 ’25
3049 5696 3060 5732 :
3085 5681 3224 5750 quod
3249 5697 3301 5736 se
3326 5697 3412 5734 ar-

114 5748 496 5836 .ua't's'c'iituiti.
520 5748 832 5824 udi—ﬁet
857 5771 1200 5832 usurpatum.
1807 5748 2076 5827 rogandus
2100 5767 2252 5824 quam
2279 5748 2450 5806 uerius
2479 5764 2705 5805 seruasse
2731 5748 3085 5820 responderat.
