3930 6194
536 236 644 297 295

1725 233 1968 295 SANCTI
2011 233 2161 293 lllLA

2308 233 2617 298 EPISCOPI
3717 239 3806 298 996

539 352 885 426 intelligitur,
917 353 1059 426 quod
1105 353 1262 410 aliter
1295 351 1364 409 ad
1391 350 1682 424 Apostolos
1723 353 2036 423 magistrum
2071 367 2130 408 se
2159 355 2209 414 A
2236 354 2607 410 Testimonium
2655 353 2818 425 patris
2871 351 3014 425 apud
3057 349 3298 418 Iudaeos;
3321 366 3475 423 opera
3515 351 3715 408 Christi.
3748 387 3810 399 .-

541 451 859 503 conﬁtentes
890 447 1097 503 loculus
1128 457 1228 511 est,
1249 445 1436 501 dicens
1469 445 1538 499 :l"
1545 463 1599 500 os
1623 462 1701 500 me
1727 447 1918 500 vocatis
1947 447 2138 516 magis-

546 547 681 594 trum
707 549 752 594 et
790 539 1095 603 Demittunt,
1135 549 1183 592 et
1215 539 1336 593 bene
1364 538 1559 604 dicitis;
1591 556 1702 594 sunt
1731 539 1918 592 etenim
1953 536 2134 611 (Joan.

547 648 666 696 xm,
699 633 812 701 15),
839 641 892 686 et
913 647 1033 686 cum
1063 630 1437 686 alibidixissrt
1462 649 1474 685 :
1505 630 1589 686 Ne
1616 633 1863 686 vocemini
1880 631 2136 702 magistri,

545 723 666 792 quia
691 725 932 795 magister
951 731 1112 777 vester
1137 721 1372 777 Christus
1400 733 1473 777 est
1501 720 1677 796 (Matt.
1716 739 1866 786 xxttt.
1904 719 2016 794 10).
2041 722 2141 778 Ubi

546 828 665 868 cum
698 812 800 870 ﬁde
827 813 1082 886 magister
1104 823 1208 883 est,
1242 815 1313 871 ibi
1336 815 1472 871 adeo
1492 815 1692 880 laudat,
1725 825 1784 871 ut
1807 824 1858 871 et
1891 817 2143 886 proﬁtea-

549 918 634 965 tur
663 909 764 964 hoc
809 927 1004 966 nomen
1035 928 1047 964 :
1080 910 1165 968 hic
1192 926 1320 967 vero
1349 911 1473 966 boni
1523 911 1764 982 magistri
1805 926 2002 966 nomen
2033 927 2140 965 non

547 1001 929 1074 recognoscit,
975 1002 1063 1058 ubi
1092 1019 1191 1060 nec
1224 1001 1486 1059 Dominus
1528 1003 1836 1059 intellectus
1865 1011 1949 1059 est
1981 1018 2100 1059 esse
2127 1043 2144 1071 ,

549 1111 651 1152 nec
680 1095 926 1152 Christus
959 1113 972 1152 :
1005 1096 1178 1153 solum
1201 1113 1365 1153 unum
1402 1097 1569 1152 Deum
1593 1097 1790 1153 bonum
1823 1097 2144 1167 praedicans,

551 1206 659 1245 non
687 1204 748 1245 se
773 1190 958 1259 utique
995 1205 1026 1246 a
1055 1190 1164 1246 Deo
1193 1189 1270 1262 (i)
1301 1205 1608 1256 secernens,
1643 1191 1732 1260 qui
1768 1197 1823 1244 et
1862 1188 2148 1244 Dominum

553 1301 614 1342 se
662 1285 936 1357 professus
983 1293 1040 1342 et
1081 1283 1378 1352 Christum,
1413 1284 1603 1340 ducem
1636 1283 1877 1340 thesauri
1912 1283 2152 1340 cwlestis

553 1377 821 1434 ostendat.

634 1472 720 1526 l9.
757 1467 951 1541 Ubique
976 1465 1230 1525 Dominus
1253 1486 1344 1526 nec
1373 1469 1608 1526 eumdem
1635 1487 1748 1526 cum
1778 1468 1932 1526 Patre
1957 1487 2048 1526 nec
2075 1469 2156 1524 di-

557 1580 757 1619 versum
795 1579 848 1618 se
899 1563 1182 1634 proﬁtetur.
1236 1563 1388 1619 Fidei
1427 1566 1652 1632 honore,
1700 1563 1928 1635 adeoque
1972 1573 2157 1618 natura

558 1656 692 1727 patri
719 1672 771 1710 se
799 1655 1312 1728 azquavit.—Tenuit
1339 1665 1520 1712 autem
1554 1658 1694 1712 hunc
1723 1672 1938 1727 semper
1967 1657 2123 1711 Domi
2141 1688 2155 1697 -

2242 449 2575 520 Quamquam
2626 451 2786 521 igitur
2813 449 2864 503 in
2900 448 3147 520 plurimis
3194 463 3258 504 ac
3287 464 3421 519 pene
3451 450 3690 504 omnibus
3712 451 3811 506 dic-

2245 543 2312 596 tis
2359 543 2679 598 sacramenti
2714 543 2874 614 hujus
2919 541 3232 613 praestiterit
3287 542 3670 598 absolutionem
3696 583 3710 611 ,
3754 559 3812 601 ne

2242 637 2459 708 quando
2487 638 2770 695 confessus
2801 637 2967 694 Deum
2999 645 3201 706 patrem
3229 679 3242 703 ,
3277 635 3344 692 ab
3369 637 3488 706 ejus
3536 651 3593 692 se
3635 637 3813 694 unitate

2245 730 2613 796 discerneret;
2649 746 2824 802 neque
2869 745 2931 786 se
2984 729 3035 784 in
3069 729 3276 785 unitate
3322 729 3489 799 ipsius
3530 728 3812 797 collocans,

2246 824 2496 880 eumdem
2527 833 2704 880 tamen
2749 838 2911 878 unum
2939 831 2994 876 et
3015 821 3316 877 solitarium
3349 820 3722 891 proﬁteretur:
3751 831 3816 875 ta-

2249 933 2372 972 men
2403 915 2561 971 etiam
2594 932 2659 971 ex
2690 916 2790 970 hoc
2811 913 2897 970 vel
2929 913 3161 968 maxime
3192 911 3510 983 intelligitur
3535 927 3817 967 sacramen-

2251 1019 2362 1066 tum
2385 1020 2438 1066 et
2460 1009 2678 1066 unitatis
2695 1018 2750 1066 et
2772 1009 3060 1064 nativitatis
3081 1007 3410 1072 doceri,cum
3427 1006 3521 1073 ait,
3545 1005 3655 1078 Ego
3674 1016 3817 1060 autem

2253 1103 2414 1158 habeo
2436 1102 2777 1158 testimonium
2803 1103 2972 1174 majus
2997 1098 3220 1154 Joanne.
3255 1100 3424 1168 Opera
3453 1099 3586 1152 enim
3618 1114 3722 1168 qua:
3745 1099 3819 1153 de-

2253 1197 2327 1250 dit
2351 1196 2478 1250 mihi
2508 1194 2665 1250 Pater
2692 1203 2746 1248 ut
2785 1193 3050 1262 perﬁciam
3079 1208 3160 1257 ea,
3204 1192 3317 1261 ipsa
3345 1206 3504 1263 opera
3531 1205 3641 1260 qua:
3677 1190 3815 1260 facio,

2256 1287 2594 1343 testimonium
2621 1285 2886 1358 perhibent
2911 1285 2973 1339 de
3005 1302 3102 1349 me,
3132 1285 3372 1354 quoniam
3398 1282 3562 1338 Pater
3584 1299 3658 1336 me
3683 1283 3816 1338 misit.

2257 1378 2325 1433 Et
2351 1381 2438 1451 qui
2460 1379 2595 1434 misit
2635 1395 2713 1432 me
2742 1376 2918 1444 Pater,
2951 1376 3060 1446 ipse
3087 1375 3382 1444 testiﬁcatus
3423 1382 3497 1428 est
3520 1376 3582 1427 de
3607 1389 3698 1427 me.
3728 1371 3818 1428 Ne-

2257 1491 2356 1545 que
2383 1489 2557 1529 uocem
2584 1474 2695 1542 eius
2721 1487 2961 1542 umquam
2987 1469 3204 1524 audistis
3229 1511 3244 1535 ,
3295 1485 3458 1539 neque
3483 1471 3697 1540 figuram
3727 1469 3818 1541 ejus

2260 1565 2487 1632 vidistis,
2533 1574 2578 1619 et
2609 1564 2812 1618 verbum
2837 1563 2951 1631 eius
2987 1579 3091 1616 non
3131 1560 3327 1615 habetis
3355 1561 3408 1614 in
3440 1559 3577 1615 vobis
3601 1575 3819 1614 manens:

2261 1658 2500 1728 quoniam
2526 1674 2673 1725 quem
2695 1657 2835 1710 misit
2857 1655 2963 1721 ille,
2989 1655 3107 1708 huic
3129 1670 3216 1707 vos
3243 1669 3343 1707 non
3362 1653 3566 1706 creditis
3587 1651 3748 1723 (Joan.
3773 1667 3817 1716 v,

558 1765 660 1806 nus
700 1750 823 1806 ﬁdei
878 1750 1262 1806 ecclesiastica
1314 1750 1566 1818 modum,
1624 1758 1683 1805 ut
1724 1759 1928 1822 patrem
1985 1751 2152 1806 Deum
2184 1753 2233 1814 B
2261 1751 2331 1808 36
2357 1762 2403 1806 et
2429 1749 2615 1822 seqq).
2652 1750 2862 1805 Patrem
2903 1757 3153 1802 testatum
3184 1760 3306 1801 esse
3325 1745 3396 1802 de
3425 1745 3560 1801 Filio
3587 1742 3821 1815 qﬁomodo

559 1861 725 1901 unmn
760 1846 1079 1916 praedicans,
1108 1860 1136 1898 a
1161 1853 1498 1900 sacramento
1519 1859 1578 1899 se
1606 1843 1699 1899 Dei
1746 1859 1851 1897 non
1880 1851 2158 1914 separaret

560 1939 722 1995 unius
745 1981 758 2006 ,
802 1937 927 1994 dum
958 1954 1056 2010 per
1087 1949 1330 1993 naturam
1382 1937 1675 1992 nativitatis
1705 1951 1879 2006 neque
1907 1936 2068 1990 alium
2100 1950 2159 1992 se

561 2030 732 2086 Deum
763 2030 1104 2102 proﬁteretur
1133 2046 1275 2099 esse,
1313 2045 1488 2100 neque
1511 2030 1686 2100 ipsum
1713 2047 1727 2084 :
1755 2028 1876 2100 quia
1905 2044 2028 2085 eum
2059 2042 2160 2084 nec

562 2123 761 2181 diversi
787 2124 1000 2194 generis
1023 2123 1188 2180 Deum
1215 2137 1336 2179 esse
1369 2131 1556 2178 natura
1585 2122 1637 2176 in
1665 2137 1732 2178 eo
1755 2122 1912 2178 unius
1938 2121 2034 2177 Dei
2068 2137 2162 2192 pa-

565 2219 714 2287 titur,
748 2235 922 2290 neque
952 2219 1204 2274 nativitas
1246 2217 1482 2274 admittit
1526 2234 1631 2273 non
1664 2217 1958 2287 perfectum
1999 2216 2161 2288 272

564 2312 615 2366 ei
655 2327 776 2368 esse
820 2311 962 2382 quod
989 2311 1129 2367 ﬁlius
1149 2320 1253 2368 est.
1282 2310 1359 2364 lla
1388 2325 1491 2366 nec
1530 2308 1847 2380 separabilis
1869 2325 1897 2362 a
1926 2309 2038 2363 Deo
2067 2323 2163 2378 po-

566 2413 674 2461 test
702 2420 841 2471 esse,
867 2420 1041 2477 neque
1069 2405 1184 2476 ipsc
1209 2413 1310 2460 est.
1342 2403 1446 2459 Per
1471 2403 1612 2474 quod
1663 2403 1736 2458 ita
1777 2418 1994 2458 omnem
2033 2417 2164 2457 ser—

566 2497 745 2552 monis
769 2498 851 2552 sui
882 2483 1648 2569 signiﬁeationem'temperat,
1690 2505 1746 2550 ut
1768 2493 2024 2565 quidquid
2051 2495 2164 2550 Deo

569 2592 706 2662 patri
736 2589 956 2646 honoris
984 2601 1373 2661 protestaretur
1393 2631 1408 2657 ,
1441 2589 1493 2644 id
1528 2587 1925 2644 modestissima
1946 2587 2163 2644 confes-

567 2684 722 2739 sione
744 2682 903 2736 etiam
929 2682 1028 2738 sibi
1049 2681 1322 2753 proprium
1349 2695 1470 2736 esse
1488 2690 1833 2735 monstraret.
1857 2680 1993 2734 Cum
2023 2678 2164 2734 enim

568 2773 667 2842 ait,
700 2773 901 2830 Credite
928 2775 982 2828 in
1018 2772 1217 2844 Deum,
1259 2784 1305 2828 et
1333 2774 1386 2827 in
1414 2791 1491 2829 me
1520 2773 1708 2828 credite
1734 2770 1914 2841 (Joan.
1949 2787 2057 2840 xlv,
2090 2771 2164 2840 1),

569 2883 752 2940 qumro
785 2867 862 2941 (a)
911 2869 962 2923 in
994 2883 1100 2938 quo
1132 2883 1191 2923 se
1217 2867 1274 2922 in
1305 2878 1491 2921 natura
1539 2864 1892 2930 discreverit,
1925 2865 2015 2935 qui
2059 2880 2165 2920 non

568 2961 824 3018 discrevit
855 2962 907 3016 in
947 2959 1192 3017 honore?
1235 2959 1430 3014 Dicens
1455 2959 1597 3014 enim
1621 3001 1634 3025 ,
1670 2957 1736 3011 Et
1773 2960 1826 3012 in
1856 2975 1934 3014 me
1956 2959 2164 3026 credite,

569 3069 693 3111 cum
721 3053 966 3118 dixisset,
1011 3051 1077 3107 Et
1121 3053 1173 3105 in
1206 3049 1371 3106 Deum
1411 3051 1802 3106 credite:aune
1829 3066 1924 3122 per
1947 3049 1999 3106 id
2025 3049 2167 3122 quod

2261 1860 2388 1900 vere
2419 1842 2750 1913 intelligitur,
2783 1857 2903 1896 cum
2935 1856 3036 1896 nec
3060 1839 3174 1910 ipse
3199 1839 3348 1894 visus
3371 1837 3463 1902 sit,
3488 1852 3586 1894 nec
3610 1853 3705 1891 vox
3725 1835 3820 1905 ejus

2260 1936 2440 1993 audita
2466 1936 2572 1990 sit?
2613 1935 2827 1991 Memini
2857 1933 3072 2005 quidem
3115 1933 3180 1989 de
3218 1932 3376 1989 ctelis
3403 1931 3636 1987 auditam
3663 1944 3821 1985 vocem

2263 2030 2452 2098 fuisse,
2472 2029 2740 2085 dicentem
2767 2044 2781 2083 :
2805 2027 2900 2082 llic
2929 2036 3011 2082 est
3039 2026 3179 2082 ﬁlius
3204 2041 3358 2081 meus
3387 2024 3637 2091 dilectus,
3664 2024 3712 2078 in
3739 2038 3824 2093 quo

2265 2127 2348 2199 (5)
2375 2127 2449 2196 (c)
2496 2126 2633 2180 bene
2660 2123 2821 2196 2'73
2850 2120 3146 2192 complacui
3182 2137 3196 2174 :
3230 2121 3378 2176 hunc
3421 2119 3598 2175 audite
3640 2116 3822 2186 (Matth.

2263 2233 2343 2284 ut,
2379 2217 2483 2288 17).
2519 2217 2583 2272 Et
2609 2215 2878 2287 quomodo
2907 2229 3006 2269 vox
3040 2212 3140 2269 Dei
3186 2211 3371 2267 audita
3423 2226 3529 2266 non
3569 2219 3684 2276 est,
3724 2224 3823 2264 cum

2265 2317 2505 2380 patet-me
2534 2307 2682 2364 vocis
2735 2305 3184 2376 signiﬁcationem
3235 2301 3317 2375 (6)
3369 2301 3423 2358 in
3466 2316 3526 2358 se
3555 2316 3652 2357 vox
3677 2300 3825 2355 audita

2267 2401 2579 2457 contineat?
2627 2399 2734 2456 Sed
2783 2398 2924 2454 forte
2968 2398 3022 2452 in
3051 2396 3410 2468 Jerosolymis
3436 2405 3704 2452 manentes
3741 2408 3826 2448 non

2266 2497 2572 2561 audierunt,
2603 2496 2728 2566 quia
2759 2493 2811 2548 in
2843 2492 3074 2548 desertis
3118 2491 3356 2546 Joannes
3415 2490 3564 2546 solus
3611 2487 3825 2544 audierit.

2267 2587 2627 2658 Quaerendum
2673 2601 2802 2658 ergo
2845 2587 2896 2641 in
2952 2583 3305 2654 Jerosolytnis
3336 2582 3608 2654 quomodo
3637 2589 3828 2636 testatus

2269 2694 2352 2740 est
2379 2683 2577 2740 Pater?
2626 2680 2742 2738 Non
2771 2681 2913 2737 enim
2944 2674 3252 2734 testimonio
3285 2677 3400 2748 jam
3433 2675 3651 2732 Joannis
3694 2673 3828 2728 utitur

2272 2797 2458 2838 vocem
2499 2796 2531 2836 e
2558 2780 2698 2836 coelo
2721 2777 3010 2842 audientis,
3041 2775 3136 2830 sed
3162 2773 3327 2830 habet
3353 2773 3710 2829 testimonium
3737 2784 3827 2823 ma-

2267 2875 2357 2945 jus
2387 2873 2595 2928 Joannc
2618 2914 2632 2938 ,
2677 2880 2732 2926 et
2775 2868 2919 2941 quod
2951 2869 3052 2923 hoc
3093 2875 3266 2932 esset,
3301 2866 3561 2921 continuo
3601 2859 3826 2932 subjecit:

2276 2967 2446 3037 Opera
2469 2965 2602 3020 enim
2632 2979 2746 3032 qua:
2771 2962 2910 3016 dedit
2935 2959 3058 3014 mihi
3089 2958 3250 3014 Pater
3273 2958 3606 3029 utperfrciam
3629 2971 3703 3020 ea,
3735 2953 3826 3022 ipsa

2272 3076 2429 3129 opera
2451 3073 2566 3130 qua:
2589 3058 2746 3128 facio,
2779 3054 3123 3109 testimonium
3143 3052 3410 3124 perhibent
3432 3053 3494 3106 de
3512 3067 3604 3115 me,
3628 3046 3828 3121 quoniam

570 3149 644 3204 ait
668 3189 681 3214 ,
713 3148 769 3201 in
796 3164 894 3212 me,
927 3161 1030 3202 non
1060 3154 1115 3202 et
1135 3161 1286 3200 suam
1318 3145 1634 3216 intelligitur
1662 3145 1993 3216 signiﬁcasse
2014 3155 2169 3200 nalu-
2193 3147 2238 3210 C
2278 3149 2432 3207 Pater
2455 3167 2534 3205 me
2557 3149 2710 3204 misit.
2736 3151 2982 3220 Agnosco
3005 3145 3301 3202 testimonii
3323 3146 3690 3201 auctoritatem
3716 3159 3728 3196 :
3755 3154 3830 3193 ne-

573 3240 735 3294 ram?
767 3238 1019 3294 Naturam
1051 3238 1209 3309 plane
1249 3252 1476 3308 separa,
1524 3239 1568 3294 si
1614 3238 1774 3294 ﬁdem
1820 3254 2059 3309 separas.
2111 3237 2170 3294 Si

573 3331 872 3388 credidisse
892 3333 1011 3388 sine
1035 3331 1254 3387 Christo
1295 3332 1346 3385 in
1378 3332 1545 3387 Deum
1577 3331 1684 3386 vita
1715 3332 1806 3398 sit,
1831 3333 2104 3388 Christum
2139 3347 2168 3384 a

575 3425 670 3483 Dei
718 3434 773 3482 et
800 3424 1022 3482 nomine
1051 3434 1106 3482 et
1132 3425 1459 3497 proprietate
1505 3423 1720 3480 divelle.
1751 3423 1906 3492 Quod
1934 3424 1980 3479 si
2006 3424 2168 3480 vitam

574 3519 788 3592 perﬁcit
815 3520 1034 3578 credere
1065 3519 1144 3593 (b)
1172 3520 1224 3574 in
1256 3518 1473 3576 Christo
1495 3533 1620 3584 eos,
1651 3517 1740 3588 qui
1770 3517 1822 3572 in
1854 3519 2023 3574 Deum
2053 3533 2171 3575 cre-

573 3612 723 3678 dant;
748 3613 895 3668 verbi
919 3612 1169 3668 virtutem
1199 3611 1426 3681 diligens
1455 3609 1627 3665 lector
1647 3608 1936 3679 expendat,
1971 3608 2172 3666 Credite

574 3706 629 3760 in
656 3704 843 3773 Deum,
875 3716 922 3760 et
967 3707 1021 3760 in
1072 3722 1150 3759 me
1189 3705 1397 3759 credite.
1428 3703 1562 3759 Cum
1589 3703 1730 3758 enim
1762 3703 1855 3768 ait,
1891 3701 2092 3760 Credite
2119 3706 2171 3759 in

575 3795 767 3865 Deum,
795 3807 841 3852 et
867 3797 918 3852 in
947 3814 1026 3853 me
1051 3797 1264 3864 credite,
1290 3796 1482 3852 uniens
1503 3811 1561 3852 se
1592 3795 1710 3851 ﬁdei
1745 3797 1860 3863 Dei,
1893 3806 1946 3852 et
1969 3809 2171 3854 naturae

576 3891 693 3961 ejus
723 3889 914 3957 univit,
947 3889 1028 3963 (‘2)
1057 3905 1179 3946 cum
1212 3900 1510 3945 memorato
1551 3891 1694 3957 Deo,
1738 3888 1790 3944 in
1835 3906 1993 3961 quem
2025 3891 2171 3946 credi

576 3995 870 4056 oporteret,
920 3995 974 4041 et
1003 3985 1053 4040 in
1095 4001 1154 4042 se
1180 3984 1425 4040 docuerit
1452 4000 1572 4040 esse
1599 3985 1924 4042 credendum
1955 4005 1967 4041 ε
2005 3988 2170 4044 Deum

576 4095 635 4136 se
668 4095 760 4150 per
785 4078 838 4134 id
866 4079 1086 4144 docens,
1119 4095 1240 4136 cum
1273 4079 1602 4136 credendum
1632 4079 1714 4153 (3)
1765 4081 1814 4135 in
1858 4097 1981 4137 cum
2008 4083 2078 4138 sit
2105 4083 2173 4139 ab

576 4172 662 4230 his
686 4216 702 4241 ,
741 4174 828 4245 qui
864 4175 914 4229 in
944 4175 1113 4230 Deum
1137 4172 1383 4230 credant.
1415 4173 1765 4229 Occasionem
1792 4181 1969 4231 tamen
1999 4175 2176 4230 irreli-

573 4267 742 4337 giosa‘.
763 4266 976 4321 unionis
1002 4263 1265 4322 exclusit:
1294 4265 1414 4336 quia
1441 4282 1560 4321 cum
1592 4275 1647 4320 et
1669 4266 1720 4320 in
1750 4265 1940 4334 Deum,
1969 4267 2086 4322 etin
2115 4283 2174 4324 se

576 4356 902 4413 credendum
925 4357 1198 4428 professus
1216 4357 1306 4424 sit,
1339 4357 1498 4414 ﬁdem
1521 4357 1588 4414 de
1609 4371 1669 4414 se
1700 4356 1777 4430 (4)
1805 4358 2047 4416 solitario
2065 4376 2170 4416 non

577 4449 813 4520 reliquit.

2275 3262 2379 3318 que
2409 3247 2551 3301 enim
2599 3244 2880 3315 quisquam
2911 3241 3014 3296 nisi
3044 3240 3213 3295 Filius
3249 3255 3279 3295 a
3324 3239 3488 3296 Patre
3530 3238 3714 3294 missus
3740 3233 3830 3289 lucc

2273 3350 2480 3413 ageret.
2521 3340 2668 3410 Opus
2711 3353 2839 3408 ergo
2875 3318 3044 3392 suum
3064 3335 3432 3391 testimonium
3464 3346 3563 3391 εει.
3605 3332 3702 3390 Sed
3729 3327 3828 3400 quid

2275 3433 2491 3490 tandem
2521 3431 2792 3502 sequitur?
2823 3430 2890 3484 Et
2936 3430 3024 3500 qui
3057 3445 3136 3488 me
3165 3429 3300 3484 misit
3333 3427 3519 3494 Pater,
3553 3428 3656 3497 ipse
3679 3421 3829 3490 testi/i-

2276 3536 2420 3581 catus
2445 3537 2518 3580 est
2545 3524 2608 3579 de
2635 3539 2731 3578 me.
2780 3521 2959 3591 Neque
2987 3537 3156 3576 vocem
3183 3524 3297 3594 ejus
3338 3537 3584 3592 umquam
3626 3515 3828 3579 audistis,

2274 3636 2434 3691 neque
2463 3619 2683 3689 ﬁguram
2715 3618 2826 3687 ejus
2857 3615 3074 3680 uidistis,
3106 3627 3153 3668 et
3184 3614 3391 3668 verbum
3420 3618 3532 3688 ejus
3559 3629 3652 3667 non
3671 3606 3830 3663 habetis

2276 3715 2328 3768 in
2350 3713 2487 3768 vobis
2532 3728 2764 3766 manens.
2815 3710 2978 3765 Extra
3005 3709 3210 3764 crimen
3243 3725 3373 3780 ergo
3404 3717 3531 3763 sunt
3567 3708 3831 3778 ignorantes

2279 3804 2642 3861 testimonium
2677 3802 2883 3870 Patris,
2932 3803 3021 3872 qui
3053 3801 3107 3856 in
3135 3802 3218 3857 his
3248 3817 3538 3873 numquam
3570 3797 3761 3854 auditus
3784 3806 3832 3846 ac

2276 3901 2422 3955 visus
2450 3897 2540 3964 sit,
2565 3905 2619 3950 et
2646 3896 2696 3949 in
2725 3894 2807 3950 his
2837 3911 2944 3948 non
2973 3893 3425 3950 maneatverbnm
3459 3891 3611 3963 ejus?
3636 3887 3729 3946 Sed
3749 3898 3832 3940 non

2276 3998 2402 4046 sunt
2449 3990 2548 4044 sub
2581 3988 2734 4043 venia
2764 3986 3022 4059 incogniti
3064 3987 3164 4042 sibi
3210 3986 3506 4042 testimonii
3537 3984 3687 4056 :quia
3717 3977 3834 4035 testi-

2279 4081 2516 4138 tnouium
2563 4081 2630 4136 de
2658 4096 2717 4136 se
2763 4081 2937 4136 Patris
2967 4097 3190 4151 operum
3237 4094 3461 4135 suorum
3511 4071 3833 4133 testimonium

2278 4192 2400 4234 esse
2441 4177 2744 4248 proﬁtetur.
2773 4175 2948 4247 Opera
2982 4176 3144 4246 igitur
3169 4173 3237 4229 de
3268 4188 3333 4227 eo
3373 4179 3636 4228 testantur
3659 4162 3778 4238 quod
3811 4175 3833 4213 τι

2278 4269 2436 4325 Patre
2466 4269 2536 4324 sit
2573 4268 2802 4333 missus;
2847 4267 2942 4323 sed
2982 4265 3086 4322 hoc
3123 4280 3346 4336 operum
3386 4260 3730 4320 testimonium
3755 4253 3835 4308 Pa-

2279 4363 2376 4419 tris
2397 4371 2497 4418 est.
2530 4362 2592 4417 Et
2621 4376 2742 4416 cum
2772 4361 3016 4432 operatio
3046 4359 3170 4414 Filii
3198 4358 3374 4414 Patris
3399 4355 3740 4415 testimonium
3759 4347 3832 4410 sit,

2278 4470 2396 4511 eam
2427 4469 2648 4510 necesse
2678 4463 2758 4510 est
2780 4453 2990 4525 operari
3014 4453 3066 4508 in
3093 4451 3311 4508 Christo
3334 4461 3575 4507 naturam
3599 4447 3672 4521 (tt)
3701 4439 3833 4500 intel-

647 4543 739 4600 20.
772 4542 929 4598 Pater
982 4543 1046 4600 de
1091 4543 1233 4600 Filio
1271 4553 1481 4600 testatus
1530 4555 1577 4601 et
1625 4562 1728 4601 non
1773 4547 1982 4602 auditus
2028 4549 2172 4620 quid.
2207 4546 2256 4609 D
2281 4549 2550 4622 ligendam
2577 4563 2719 4612 esse,
2752 4563 2850 4619 per
2866 4562 3025 4618 quam
3051 4547 3202 4602 testis
3228 4554 3280 4601 et
3309 4545 3471 4602 Pater
3490 4532 3833 4608 est.Atqueita

649 4683 732 4756 (Ι)
758 4684 1007 4756 secernit.

647 4755 728 4828 (2)
756 4755 887 4828 Cum
913 4764 1331 4828 commemorato.

649 4825 731 4899 (5)
758 4826 826 4883 1η
852 4844 913 4883 eo
938 4829 1023 4882 sit.
1044 4827 1134 4883 Sic
1167 4836 1323 4899 antea
1355 4825 1566 4899 dixerat
1589 4825 1860 4899 Hilarius,
1889 4829 2092 4899 credere
2120 4832 2173 4886 in

577 4897 802 4956 Christo.
849 4899 1078 4966 Exinde,
1107 4897 1393 4968 inreligiosi
1419 4898 1646 4961 unionis,
1679 4907 1738 4952 ut
1767 4899 1848 4954 vel
1891 4898 2016 4955 hine
2045 4916 2173 4959 con-

576 4973 823 5028 ﬁrmetur
863 4969 1172 5041 conjectura
1199 4969 1502 5026 doctissimi
1533 4970 1756 5023 editoris
1803 4970 2135 5027 Benedictini
2157 5017 2170 5039 ,

575 5041 898 5114 suspicantis
924 5041 1242 5099 vocabulum
1273 5041 1476 5096 unionis
1517 5041 1799 5097 masculini
1827 5042 2045 5113 generis
2079 5044 2176 5100 Hi-

651 5181 725 5253 (a)
761 5180 980 5253 Aliquot
1002 5179 1337 5253 recentiores
1366 5192 1498 5232 mss.
1543 5177 1596 5232 in
1621 5193 1722 5248 quo
1750 5193 1804 5232 se
1820 5189 2040 5253 natura.
2066 5180 2179 5253 So-

575 5250 671 5308 lus'
687 5253 855 5308 codex
888 5251 1009 5307 Vat.
1039 5251 1154 5307 bas.
1219 5251 1271 5304 in
1310 5265 1410 5318 qua
1459 5264 1513 5303 se
1553 5261 1759 5304 natura.
1817 5250 2176 5308 Retinendum

575 5338 696 5379 cum
731 5323 851 5380 aliis
874 5324 929 5377 in
955 5338 1075 5391 quo,
1105 5321 1210 5377 hoc
1233 5328 1337 5383 est,
1369 5332 1651 5390 quatenus.

647 5395 726 5468 (b)
755 5395 1036 5468 hlallemus
1060 5394 1113 5447 in
1143 5392 1426 5468 Christum,
1457 5393 1500 5447 si
1530 5409 1664 5468 mss.
1688 5393 1972 5468 accederet
1993 5403 2180 5449 aucto-

576 5463 729 5522 ritas.
754 5464 994 5520 Subinde
1027 5466 1076 5518 in
1106 5479 1208 5519 ms.
1237 5463 1356 5517 Vat.
1388 5463 1530 5531 bas.,
1560 5463 1827 5518 verborum
1847 5466 2101 5519 uirtutem.

650 5535 720 5607 (c)
747 5536 1089 5607 Colbertinus
1115 5535 1308 5607 codex,
1353 5535 1476 5607 bene
1506 5537 1702 5605 placui.
1731 5535 1945 5590 Nullum
1967 5536 2068 5607 hic
2096 5537 2179 5590 in—

576 5605 916 5661 commodum
942 5647 957 5671 ,
999 5606 1140 5677 quod
1171 5605 1334 5677 verba
1365 5605 1503 5677 hunc
1528 5607 1704 5660 audite
1723 5650 1738 5674 ,
1773 5622 1878 5662 non
1915 5605 1983 5662 ad
2013 5607 2178 5662 Joan-

578 5691 701 5746 nem
727 5677 779 5732 in
810 5675 1078 5745 desertis,
1121 5675 1216 5732 sed
1261 5675 1327 5731 ad
1357 5676 1648 5746 Apostolos
1689 5677 1742 5733 in
1795 5688 1980 5734 monte
2034 5679 2173 5734 facta

578 5744 725 5804 sint:
758 5763 881 5805 cum
904 5747 958 5802 in
987 5744 1109 5818 his,
1154 5745 1256 5802 Hic
1282 5757 1356 5803 est
1391 5744 1532 5817 [ilius
1556 5764 1715 5816 meus,
1742 5750 1826 5806 vis
1868 5751 2171 5822 argumenti

2280 4689 2415 4747 lario
2440 4705 2580 4746 esse.
2607 4686 2863 4759 Ejusdem
2891 4685 3109 4759 generis
3137 4685 3235 4741 fuit
3261 4685 3312 4740 id
3337 4685 3568 4741 nominis
3587 4679 3714 4753 apud
3738 4688 3832 4732 om-

2279 4779 2396 4824 nes.
2430 4777 2551 4818 cum
2591 4757 2687 4830 pro
2714 4757 2992 4830 margarita
3019 4757 3317 4830 adhibitum
3345 4768 3451 4813 est.

2355 4834 2433 4907 (ly)
2468 4834 2522 4907 l_n
2557 4829 2982 4907 anteriorierat,
3006 4829 3242 4884 solitarii.

2354 4903 2432 4972 (5)
2468 4903 2606 4959 Bene
2638 4903 2835 4974 placui.
3149 4973 3155 4974 γ
3216 4963 3222 4968 _

2354 4976 2435 5050 (6)
2464 4975 2530 5030 1η
2559 4992 2612 5030 se
2635 4973 2772 5046 ipsa.
2805 4973 3022 5040 Postea,
3053 4973 3347 5028 audierant.

2284 5178 2620 5258 sita_sit.__Sed
2648 5179 2961 5258 mirum_qui
2983 5189 3202 5258 sanctus
3225 5179 3422 5258 Doctor
3440 5177 3594 5258 verba
3610 5189 3634 5228 a
3658 5171 3826 5258 JOa‘ptt'c

2283 5251 2467 5306 audita
2499 5250 2595 5306 lib.
2627 5267 2700 5318 vt,
2730 5267 2786 5306 n.
2816 5238 2902 5317 19,
2932 5251 3192 5318 proferat,
3227 5253 3298 5306 uti
3322 5267 3385 5307 ea
3410 5249 3651 5321 habemus
3673 5238 3826 5321 iniit-llr

2283 5333 2426 5396 gata,
2450 5323 2637 5396 Matth.
2682 5310 2760 5396 in,
2793 5310 3047 5386 l7,'libro
3078 5310 3254 5378 autem
3285 5338 3400 5396 Viti,
3430 5338 3503 5396 n._
3525 5317 3610 5396 25,
3633 5310 3819 5396 etalibi,

2285 5386 2463 5463 qualia
2491 5395 2623 5464 psal.
2647 5409 2707 5458 ll,
2737 5395 2789 5460 7,
2833 5402 3076 5456 exstant,
3122 5408 3186 5448 ac
3243 5386 3455 5447 tandem
3489 5386 3824 5464 hiegutijacenl

2285 5458 2636 5527 Matth-xv",
2667 5464 2720 5518 5.
2747 5458 2950 5519 Deinde
2981 5473 3216 5531 paterna:
3249 5464 3395 5520 vocis
3431 5458 3822 5534 signiﬁcatione"!

2283 5537 2337 5607 in
2367 5536 2545 5592 audita
2579 5552 2730 5602 voce,
2758 5552 2878 5606 quae
2921 5534 3114 5607 Filium
3161 5535 3564 5607 demonstrarit,
3603 5534 3824 5607 contuiert

2280 5606 2438 5662 docet
2467 5624 2482 5661 :
2512 5609 2636 5677 quia
2664 5598 2807 5663 ﬁlius
2828 5606 3119 5678 signiﬁcari
3139 5607 3344 5678 nequit,
3376 5605 3499 5677 quin
3525 5598 3670 5656 simul
3691 5598 3823 5664 sigm-

2280 5678 2752 5751 ﬁceturet_pater.
2863 5749 2876 5751 _
3041 5749 3048 5751 Α
3193 5747 3224 5751 _
3325 5748 3335 5751 _
3485 5741 3596 5751 __...
3666 5738 3677 5751 .

2354 5733 2435 5822 (ά)
2462 5747 2521 5806 In
2547 5733 2801 5807 T'ractatu
2845 5749 2914 5808 de
2960 5749 3166 5807 unitate
3192 5747 3370 5807 Patris
3397 5757 3450 5806 et
3483 5741 3626 5812 Filii,
3664 5738 3821 5805 inquo
3882 5733 3883 5777 l
