3930 6194
97 284 178 341 297
1231 273 1320 331 DE
1358 273 1728 335 TRINITATE
1780 278 1981 336 LIBER
2020 280 2111 336 1X.
3214 281 3321 339 298

94 397 292 455 Christus
310 404 542 463 operans,
574 391 654 464 (a)
683 399 738 449 et
769 392 822 448 in
853 392 969 463 ejus
994 406 1160 462 Opere
1188 393 1348 467 Pater
1376 404 1578 452 testans
1602 437 1616 461 ,
1648 398 1696 458 Λ
1731 399 1950 467 cipictis.
1988 399 2256 463 Quomuuo
2287 397 2494 469 potestis
2545 412 2632 452 nos
2674 396 2879 451 credere
2899 437 2916 466 ,
2953 395 3040 469 qui
3079 399 3325 453 honorem

97 491 163 561 (l)
196 485 510 542 ostenduntur
540 484 915 555 inseparabilis
961 484 1256 541 secundum
1290 487 1622 542 nativitatem
1730 492 1793 546 ab
1824 492 2115 547 hominibus
2135 493 2365 565 accipitis
2392 534 2405 557 ,
2434 502 2482 547 et
2510 493 2753 547 honorem
2784 493 2924 556 eius,
2955 492 3043 564 qui
3073 501 3150 547 est
3186 494 3327 548 solus

96 597 190 639 esse
211 588 417 645 natura);
467 592 591 633 cum
639 578 735 635 Dei
766 578 832 633 de
859 577 1073 636 Christo
1103 580 1468 636 testimonium
1495 622 1509 646 ,
1559 595 1623 636 ea
1729 582 1891 649 Deus,
1925 602 2026 640 non
2049 586 2277 657 qureritis
2305 584 2468 658 (Ibid.
2496 585 2567 641 40
2596 592 2640 640 et
2661 584 2867 657 seqq.)?
2898 585 3168 641 Honorem
3226 585 3327 640 im-

99 680 187 749 ipsa
206 672 375 730 Christi
396 687 510 729 esse
537 670 872 745 signiﬁcetur
907 672 1171 742 operatio.
1737 677 1934 749 probat
1976 678 2253 733 hominum
2305 678 2470 749 :quia
2511 677 2686 734 honor
2715 679 2891 749 potius
2931 676 3253 748 quaerendus
3299 693 3332 732 a

152 765 223 821 2i.
248 763 403 820 Iudici
431 762 639 819 Patrem
670 780 773 819 non
802 763 1040 819 uiderunt
1065 774 1155 818 aut
1177 765 1473 831 audierunt,
1506 764 1629 835 quia
1731 770 1844 826 Deo
1875 779 1996 837 est,
2032 780 2088 826 et
2114 770 2408 826 inﬁdelium
2441 780 2525 827 est
2554 770 2816 827 honorem
2844 770 2914 826 ab
2946 772 3205 827 alterutro
3238 785 3331 827 ac-

101 859 259 914 Cltristo
298 874 391 912 non
423 857 768 912 crediderunt.
809 856 944 912 Hinc
971 866 1159 913 natura
1198 859 1460 930 utriusque
1500 874 1626 911 una.
1731 864 1938 935 cipere.
1974 862 2111 931 Quid
2140 864 2282 920 enim
2327 865 2488 920 homo
2516 863 2721 920 homini
2758 863 2983 919 honoris
3014 862 3331 934 impertiat?

99 946 262 1005 -Νοη
288 956 400 1004 sum
438 948 617 1019 itaque
660 957 822 1004 mra
865 960 1075 1005 malum
1130 966 1239 1005 non
1283 949 1483 1021 cogniti
1527 947 1630 1004 Sibi
1730 957 2017 1031 Cognitum
2048 959 2229 1030 itaque
2258 957 2364 1014 sibi
2392 958 2485 1023 ait,
2518 958 2865 1015 dilectionem
2896 957 2992 1012 Dei
3019 960 3071 1012 in
3108 957 3194 1013 his
3222 971 3331 1014 non

104 1041 374 1108 testimonii;
396 1057 511 1098 cum
540 1057 679 1113 Opus
703 1041 903 1099 Christi
934 1042 1306 1101 testimonium
1337 1043 1406 1099 de
1432 1059 1498 1099 eo
1529 1042 1631 1098 Pa-

1768 1071 1854 1112 sse
1884 1066 1976 1112 :et
1996 1072 2102 1111 non
2134 1055 2404 1111 manentis
2425 1055 2478 1110 in
2502 1054 2588 1109 his
2619 1053 2923 1110 dilectionis
2951 1052 3047 1108 Dei
3067 1052 3207 1109 hanc
3235 1053 3345 1109 do—‘

103 1139 176 1194 tris
194 1139 266 1193 sit.
288 1136 459 1209 Neque
488 1137 542 1192 in
572 1152 673 1207 eo,
708 1137 852 1209 quod
894 1140 1143 1196 testantis
1179 1153 1371 1196 vocem
1398 1153 1505 1194 non
1535 1153 1632 1194 au-

100 1233 280 1300 dierint,
300 1240 349 1286 et
376 1232 594 1302 ﬁguram
620 1246 724 1287 non
755 1232 1025 1300 viderint,
1050 1244 1103 1289 et
1126 1233 1346 1289 verbum
1376 1232 1492 1303 ejus
1520 1248 1632 1288 nia-

101 1338 205 1379 nens
236 1338 326 1379 non
355 1322 676 1390 habuerint,
730 1324 935 1380 idcirco
990 1326 1109 1381 sine
1168 1324 1455 1381 testimonii
1501 1332 1631 1380 sunt

99 1418 385 1474 censcientia.
413 1416 495 1474 Ad
530 1418 581 1473 id
606 1418 752 1475 enim
783 1417 859 1491 (b)
887 1419 1031 1491 quod
1061 1419 1262 1475 dictum
1291 1430 1373 1475 est
1399 1437 1413 1473 :
1450 1417 1634 1491 Neque

101 1527 233 1565 rorem
252 1511 348 1581 eius
386 1511 639 1577 audistis,
682 1528 842 1581 neque
884 1511 1107 1585 ﬁguram
1148 1513 1267 1583 ejus
1308 1513 1541 1580 vidistis,
1588 1521 1635 1567 et

98 1604 260 1659 uerbum
284 1606 384 1676 ejus
413 1622 516 1660 non
547 1605 741 1660 habetis
770 1606 823 1660 in
855 1605 994 1661 vobis
1033 1621 1244 1660 manens
1299 1602 1435 1676 (Job
1466 1620 1497 1656 v
1522 1646 1536 1672 ,
1565 1605 1633 1658 37

101 1697 259 1765 “38);
280 1696 346 1770 (c)
373 1708 427 1753 ut
454 1714 579 1753 cum
622 1706 847 1754 testatus
874 1699 940 1754 de
961 1714 1026 1754 eo
1051 1698 1208 1754 Pater
1231 1698 1442 1763 fuisset,
1476 1712 1635 1753 causa

100 1802 242 1848 tamen
278 1808 435 1862 neque
476 1793 629 1849 vocis
669 1793 895 1859 auditae,
947 1808 1123 1864 neque
1152 1793 1282 1848 visre
1314 1793 1497 1863 ﬁgurae
1523 1832 1539 1859 ,
1582 1801 1637 1847 et

102 1883 217 1939 verbi
239 1885 283 1938 in
320 1884 396 1939 his
423 1901 533 1940 non
562 1887 833 1941 manentis
860 1892 1042 1958 poSset
1074 1886 1336 1958 intelligi,
1378 1886 1635 1942 continuo

1736 1157 1825 1205 cet
1851 1163 2099 1217 causam,
2131 1149 2255 1220 quia
2286 1163 2345 1205 se
2374 1147 2685 1204 venientem
2720 1146 2773 1201 in
2813 1144 3224 1215 nominepatris
3250 1145 3337 1201 sui

1738 1257 1847 1298 non
1874 1243 2168 1314 accipiunt.
2201 1241 2340 1311 Quid
2367 1255 2499 1311 rogo
2524 1248 2606 1296 est
2626 1281 2640 1306 ,
2675 1238 2727 1293 in
2757 1239 2975 1293 nomine
3004 1237 3179 1293 Patris
3214 1252 3339 1293 eum

1735 1335 1966 1391 venire?
1996 1333 2268 1405 Numquid
2299 1333 2479 1399 aliud,
2520 1347 2682 1403 quam
2728 1331 2780 1386 in
2812 1332 3030 1385 nomine
3061 1329 3194 1385 Dei?
3234 1332 3343 1384 Aut

1741 1427 2001 1499 numquid
2029 1443 2135 1483 non
2168 1426 2371 1483 idcirco
2399 1426 2451 1481 in
2475 1424 2560 1480 his
2586 1423 2804 1479 dilectio
2839 1423 2931 1478 Dei
2959 1426 3063 1478 non
3088 1430 3191 1490 est,
3216 1422 3342 1493 quia

1747 1535 1851 1573 non
1883 1527 2168 1589 susceptus
2196 1517 2267 1574 sit
2299 1517 2352 1572 in
2383 1518 2600 1572 nomine
2627 1516 2723 1571 Dei
2755 1515 3015 1571 veniens?
3047 1516 3153 1570 Aut
3179 1529 3340 1569 num-

1739 1611 1871 1682 quid
1902 1611 1954 1666 in
1982 1626 2043 1667 se
2064 1626 2170 1665 non
2194 1620 2249 1665 et
2277 1618 2522 1665 naturam
2549 1609 2642 1665 Dei
2673 1607 3087 1678 signiﬁcaverat,
3112 1606 3339 1664 dicens:

1743 1701 1867 1758 Non
1893 1703 2046 1758 uultis
2068 1702 2241 1757 venire
2263 1701 2331 1756 ad
2364 1718 2463 1767 me,
2489 1711 2544 1755 ut
2572 1701 2724 1755 vitam
2753 1700 3020 1755 habeatis?
3048 1700 3180 1756 Nam
3209 1710 3265 1757 et
3289 1699 3344 1757 in

1740 1797 1930 1853 eodem
1977 1797 2092 1867 ipse
2130 1811 2381 1852 sermone
2401 1796 2511 1866 jam
2544 1795 2755 1851 dixerat
2789 1811 2804 1851 :
2836 1796 3017 1862 Amen,
3050 1813 3198 1850 amen
3227 1797 3342 1850 dico

1739 1888 1878 1944 vobis
1898 1930 1912 1951 ,
1945 1888 2188 1959 quoniam
2212 1889 2344 1941 uenit
2374 1887 2527 1954 hora,
2557 1896 2605 1942 et
2640 1904 2774 1941 nunc
2807 1898 2909 1951 est,
2938 1889 2990 1941 in
3015 1903 3114 1958 qua
3136 1887 3348 1941 audient

97 1976 302 2047 subjecit,
326 1975 482 2051 274
511 1977 770 2046 Quoniam
794 1994 943 2048 quem
976 1977 1110 2031 misit
1140 1976 1248 2042 ille,
1288 1977 1406 2031 huic
1427 1992 1514 2031 vos
1534 1992 1638 2031 non
1736 1981 1927 2035 mortui
1947 1997 2114 2036 uocem
2127 1979 2511 2054 ﬁlii275Dei;
2533 1980 2966 2052 etquiaudierint,
2988 1981 3153 2035 vivent
3179 1978 3344 2052 (Ibid.

97 2069 433 2139 crcditisUbid.
476 2069 575 2143 58)
605 2090 617 2126 :
642 2087 702 2128 se
731 2072 971 2136 credito,
1004 2081 1059 2128 et
1082 2086 1269 2129 vocem
1300 2072 1392 2126 Dei
1420 2070 1641 2126 audien-

95 2161 207 2229 dam,
237 2172 285 2218 et
303 2161 519 2235 ﬁguram
550 2162 646 2219 Dei
670 2163 975 2230 videndam,
1007 2172 1061 2219 et
1083 2163 1305 2219 verbum
1335 2161 1454 2233 ejus
1479 2162 1533 2217 in
1558 2161 1642 2217 his

100 2254 165 2325 qui
188 2254 446 2313 crederent
472 2256 660 2313 inesse
686 2254 1093 2325 demonstrans;
1128 2270 1248 2311 cum
1290 2270 1388 2325 per
1431 2263 1640 2311 natura:

97 2348 368 2404 unitatemin
389 2363 447 2405 se
462 2349 629 2406 Pater
655 2360 709 2406 et
738 2349 1074 2421 loqueretur,
1094 2357 1151 2405 et
1170 2349 1464 2417 videretur,
1489 2346 1567 2420 (d)
1590 2354 1648 2403 et

97 2438 352 2496 haberetur.
385 2440 657 2512 Numquid
692 2457 798 2497 non
839 2451 897 2498 et
940 2441 1157 2499 Patrem
1208 2441 1494 2514 signiﬁcat,
1523 2457 1646 2498 cum

98 2532 257 2588 missus
284 2533 344 2590 ab
374 2550 439 2590 eo
474 2536 604 2591 est?
645 2533 914 2607 Numquid
947 2550 1006 2591 se
1036 2550 1133 2606 per
1168 2535 1403 2606 aliquam
1440 2544 1648 2591 natura:

99 2624 405 2685 dilierentiam
447 2644 477 2685 a
512 2628 678 2685 Patre
717 2629 1010 2698 discernit,
1042 2645 1163 2687 cum
1205 2631 1277 2701 (e)
1323 2630 1447 2686 hinc
1490 2629 1652 2687 Pater

98 2727 262 2778 testans
285 2722 346 2780 de
372 2739 437 2782 eo
457 2767 473 2792 ,
524 2739 702 2795 neque
732 2725 946 2780 auditus
969 2767 987 2794 ,
1020 2739 1198 2795 neque
1226 2724 1372 2780 visus
1399 2724 1508 2792 sit,
1541 2738 1642 2781 nec

100 2813 359 2873 intellectus
379 2818 485 2886 sit,
519 2820 646 2890 quia
673 2819 842 2875 misso
864 2834 892 2871 a
926 2818 1086 2874 Patre
1116 2817 1216 2873 sibi
1248 2832 1357 2873 non
1380 2816 1644 2874 creditum

99 2907 180 2962 sit?
200 2907 302 2966 Non
324 2926 381 2967 se
410 2926 549 2983 ergo
572 2911 880 2982 unigenitus
908 2910 1053 2967 Deus
1079 2925 1107 2964 a
1131 2910 1244 2965 Deo
1273 2919 1488 2980 separat
1510 2950 1525 2974 ,
1552 2924 1645 2980 pa-

103 3009 208 3055 trem
218 3002 369 3059 Deum
384 3004 775 3061 conﬁtenszsed
791 3019 885 3074 per
897 3002 1345 3075 signiﬁcationem
1362 3002 1530 3073 patris
1546 3002 1656 3058 Deo

103 3104 220 3166 patre
238 3098 624 3165 demonstrato,
642 3112 702 3155 se
715 3112 926 3169 quoque
943 3097 996 3152 in
1016 3096 1111 3152 Dei
1134 3095 1339 3152 honore
1354 3094 1656 3158 constituit.

155 3189 228 3244 22.
257 3190 432 3247 Honor
459 3211 494 3248 a
522 3191 642 3247 Deo
669 3190 999 3262 quterendus.
1041 3188 1141 3243 Dei
1169 3190 1441 3245 dilectione
1482 3198 1655 3245 carent

1740 2087 1795 2139 v,
1825 2071 1944 2145 55).
1973 2072 2110 2129 Cutn
2142 2073 2195 2128 in
2229 2074 2446 2128 nomine
2470 2071 2648 2128 Patris
2677 2073 2860 2138 venit;
2895 2087 3070 2142 neque
3099 2071 3218 2143 ipse
3242 2072 3346 2127 Pa-

1742 2175 1826 2223 ter
1851 2175 1936 2221 est
1958 2206 1974 2234 ,
2007 2181 2106 2221 nec
2147 2174 2326 2221 tamen
2370 2179 2475 2220 non
2507 2163 2560 2218 in
2593 2179 2656 2219 ea
2703 2174 2785 2220 est
2815 2164 3118 2221 divinitatis
3149 2174 3341 2222 natura

1745 2273 1850 2332 qua
1878 2259 2039 2315 Pater
2063 2265 2149 2315 est
2185 2258 2348 2329 :quia
2386 2267 2439 2312 et
2462 2246 2605 2311 Filio
2636 2267 2683 2310 et
2712 2256 2824 2312 Deo
2848 2258 3123 2327 proprium
3171 2263 3256 2312 est
3297 2257 3352 2312 in

1747 2352 1966 2409 nomine
2022 2351 2120 2407 Dei
2172 2351 2341 2422 patris
2372 2351 2578 2406 venire.
2614 2350 2821 2406 Deinde
2874 2351 3220 2421 accipiendas
3270 2361 3357 2409 cst

1748 2444 1886 2501 alius
1909 2445 1962 2499 in
1991 2442 2211 2499 nomine
2252 2442 2446 2508 eodem
2473 2442 2717 2499 veniens.
2766 2441 2874 2498 Sed
2915 2442 3003 2497 hic
3043 2442 3205 2500 homo
3228 2454 3311 2500 cst
3335 2487 3353 2513 ,

1751 2553 1781 2592 a
1808 2552 1915 2610 quo
1941 2536 2046 2593 sibi
2079 2533 2154 2608 (g)
2186 2536 2452 2593 honorem
2486 2534 2735 2592 homines
2773 2535 3103 2605 sperabunt,
3162 2546 3219 2594 et
3266 2538 3356 2594 eui

1752 2630 2013 2686 honorem
2043 2629 2273 2686 reddent
2301 2628 2575 2694 vicissim;
2610 2642 2733 2685 cum
2781 2638 2955 2685 tamen
3004 2644 3062 2685 se
3103 2629 3243 2686 idem
3296 2631 3353 2686 in

1752 2723 1972 2778 nomine
2004 2722 2177 2778 Patris
2203 2721 2415 2777 venisse
2438 2720 2607 2777 fallet.
2639 2720 2707 2775 Et
2737 2720 2824 2775 hic
2852 2720 3069 2792 quidem
3099 2721 3178 2795 (It)
3206 2723 3353 2778 anti-

1753 2815 2013 2873 christum
2067 2815 2356 2886 signiﬁcari
2420 2828 2524 2869 non
2577 2814 2867 2870 obscurum
2916 2825 3039 2881 est,
3069 2817 3356 2874 mendacio

1758 2909 1969 2980 paterni
1997 2908 2233 2964 nominis
2276 2908 2618 2979 gloriantem.
2672 2904 2739 2961 Et
2777 2921 2899 2962 cum
2933 2906 3074 2962 hunc
3114 2907 3355 2964 [notiora-

1757 3003 1891 3058 hunt
1912 3045 1925 3067 ,
1955 3010 2116 3073 atque
2144 3001 2213 3057 ab
2251 3016 2316 3057 eo
2368 2999 2777 3055 honorabuntur
2806 3000 2982 3071 (hunc
3031 3000 3175 3055 enim
3204 3001 3364 3071 spiri-

1762 3108 1872 3154 tum
1903 3098 2107 3154 erroris
2135 3097 2408 3167 excipient
2429 3096 2482 3167 );
2516 3082 2780 3151 honorem
2811 3095 2929 3165 ejus
2965 3095 3055 3165 qui
3096 3104 3178 3151 est
3209 3096 3361 3152 solus

1762 3188 1905 3245 Deus
1934 3203 2039 3244 non
2072 3194 2336 3260 quaerent.

105 3242 647 3341 una..:.';-;;'.;.;.;.'.
671 3242 776 3340 ἷᾶ
788 3242 910 3339 Ᾱᾶἇ
922 3242 1291 3355 ".;....-,..-....‘.;
1314 3242 1659 3354 ;'s.m.,‘.‘.s
1684 3242 1729 3306 Ο
1763 3242 1775 3244 ’
1818 3242 1943 3341 '23;
1960 3242 2061 3339 15..-
2082 3242 2135 3338 ξι
2156 3242 2351 3339 Christi
2372 3282 2538 3337 honor
2562 3281 2943 3354 inseparabilis
2973 3312 3044 3323 —
3063 3284 3215 3339 Αηηθ
3236 3297 3360 3339 cum

104 3373 144 3427 in
161 3374 248 3433 hoc
269 3379 378 3449 ipso
412 3379 722 3457 eodemque
746 3394 1023 3446 sermone,
1053 3378 1106 3434 in
1137 3393 1245 3450 quo
1273 3377 1527 3449 operibus
1549 3378 1662 3433 suis

105 3470 251 3527 testari
276 3488 330 3530 se
357 3473 541 3546 ipsum
572 3488 604 3528 a
631 3473 793 3528 Patre
823 3472 1047 3529 missum
1090 3487 1210 3529 esse
1238 3472 1433 3537 docet,
1461 3481 1517 3528 et
1559 3471 1661 3525 Pa-

106 3570 211 3617 trem
234 3573 507 3623 testantem
536 3566 683 3636 quod
712 3565 780 3623 ab
807 3581 873 3622 eo
899 3565 1096 3622 missus
1118 3565 1193 3620 sit
1215 3564 1502 3636 signiﬁcat,
1536 3578 1658 3620 cum

104 3652 319 3715 dixisset:
346 3660 413 3716 Et
442 3661 699 3716 honorem
741 3663 853 3733 ejus
877 3701 891 3727 ,
919 3660 1009 3729 qui
1037 3668 1109 3714 est
1148 3659 1291 3715 solus
1333 3657 1474 3714 Deus
1497 3699 1514 3727 ,
1557 3674 1661 3712 non

103 3753 286 3819 queritis
316 3754 489 3827 (Ibid.
523 3752 638 3826 44)
665 3794 680 3819 ,
730 3752 801 3827 (Ῑ)
837 3769 943 3809 non
978 3763 1156 3809 tamen
1186 3752 1385 3809 dictum
1423 3752 1527 3809 hoc
1564 3766 1666 3806 nu-

103 3837 222 3911 dum,
249 3854 296 3902 et
323 3861 427 3903 non
458 3855 629 3903 antea
659 3846 725 3902 ad
756 3845 975 3901 unitatis
1004 3845 1165 3901 ﬁdem
1192 3854 1547 3918 praeparatum
1578 3859 1668 3902 rc-

105 3931 245 4003 liquit.
283 3937 548 4009 Superius
595 3937 738 3993 enim
772 3937 843 3993 ita
872 3937 947 3992 ait
992 3954 1004 3990 :
1049 3936 1174 3992 Non
1201 3937 1355 3992 vultis
1398 3938 1568 3993 venire
1595 3935 1665 3991 ad

105 4039 180 4091 me,
207 4037 256 4080 tu
279 4029 430 4085 vitam
454 4029 715 4085 habeatis.
750 4026 1016 4084 Honorem
1035 4028 1099 4083 ab
1122 4018 1412 4084 hominibus
1446 4044 1550 4084 non
1569 4043 1661 4083 ac-

104 4118 346 4187 cipio;sed
381 4124 610 4198 δοθηουὶ
638 4138 757 4190 uos,
792 4123 1034 4193 quoniam
1062 4123 1387 4180 dilectionem
1421 4122 1522 4179 Dei
1562 4140 1665 4180 non

108 4207 265 4271 habetis
287 4216 339 4272 in
361 4217 524 4274 vobis.
564 4215 680 4289 Ego
704 4218 817 4273 ueni
847 4218 900 4273 in
922 4218 1126 4274 nomine
1149 4220 1309 4289 patris
1335 4219 1471 4288 mei,
1493 4228 1541 4275 et
1564 4235 1668 4275 non

106 4308 331 4376 accepistis
358 4326 440 4366 me
468 4328 482 4364 :
511 4311 564 4366 si
585 4310 721 4365 alius
746 4310 938 4367 uenerit
962 4310 1018 4366 in
1048 4310 1255 4367 nomine
1275 4327 1390 4379 suo,
1422 4310 1569 4367 illum
1587 4328 1671 4367 re»

162 4418 229 4493 (ll
258 4421 571 4479 Ostendam.

108 4506 177 4587 hic
201 4514 325 4587 liber
344 4515 459 4573 lere
488 4525 640 4571 totus
660 4515 965 4587 exscriptus
987 4525 1065 4572 est
1086 4555 1101 4583 ,
1126 4515 1517 4587 intelligendum
1546 4531 1674 4572 esse.
1703 4518 1761 4580 D

108 4576 153 4634 1η
173 4585 412 4660 ms._Vat.
448 4587 597 4656 bas.,
619 4604 752 4660 ea...
784 4576 973 4642 na'tura
1008 4576 1362 4660 intelligenda.
1396 4588 1522 4643 Haec
1550 4587 1681 4660 abs—
1705 4576 1743 4580 —
1789 4576 1930 4660 male
1960 4580 2257 4660 praeferunt
2296 4578 2413 4634 bas.
2457 4578 2575 4660 Vat.
2611 4594 2675 4633 ac
2711 4580 2921 4660 Martia.
2950 4621 2965 4645 ,

113 4667 197 4720 que
241 4658 575 4715 obscuritate
608 4661 679 4714 ita
712 4659 908 4730 legeris
935 4676 948 4713 :
979 4673 1096 4714 eam
1122 4658 1345 4715 necesse
1372 4670 1456 4714 est
1481 4659 1678 4714 intelli-

110 4736 544 4802 Samusnaturam
572 4732 788 4802 operari
813 4731 864 4802 in
896 4730 1132 4785 Christo.

163 4796 229 4871 (α)
260 4799 537 4858 Vetustior
569 4796 673 4856 nis.
708 4800 889 4867 Colb.,
922 4802 1044 4856 etin
1064 4803 1175 4871 ejus
1199 4818 1372 4870 Opera.
1405 4800 1538 4856 Tres
1570 4800 1680 4865 alii,

111 4879 147 4921 et
172 4874 268 4943 ejus
287 4889 467 4943 opera.
497 4873 624 4927 Mox
651 4873 925 4943 plerique,
956 4887 1054 4943 pro
1082 4874 1451 4937 ostenduntur,
1482 4871 1687 4927 habent

112 4942 347 5065 gtlendunt
372 4960 392 4999 :
422 4945 514 4999 cui
564 4942 730 5000 verbo
760 4942 821 4999 in
859 4942 967 4999 lib.
997 4942 1067 5001 de
1099 4946 1235 4998 unit.
1270 4943 1555 5015 subjicitur
1591 4958 1687 4997 vo-

176 5027 202 5065 a
224 5030 292 5065 se.

108 5023 202 5065 Cilla
224 5030 292 5069 σε.

165 5081 232 5154 (b)
260 5086 521 5143 Erasmus
550 5098 753 5143 temere
775 5084 862 5141 hic
881 5084 949 5140 de
988 5100 1087 5140 suo
1125 5085 1320 5156 adjecit
1350 5086 1572 5141 verbum
1597 5101 1680 5141 re—

118 5154 277 5229 [crtm
308 5158 454 5228 quod
480 5168 669 5229 postea
691 5158 760 5211 ab
790 5156 919 5229 aliis,
937 5154 1232 5213 editoribus
1262 5168 1527 5229 retentum
1549 5166 1676 5225 est.,

114 5223 169 5279 At
190 5223 534 5298 perspicuum
566 5238 648 5285 est
669 5242 827 5283 voces
852 5228 921 5281 ad
943 5229 997 5281 id
1025 5228 1336 5286 referendas
1361 5244 1480 5284 esse
1502 5229 1568 5284 ad
1594 5223 1681 5285 se-

118 5303 337 5369 quentes.
373 5308 505 5368 puta
528 5300 607 5369 ad
635 5300 877 5353 continuo
905 5299 1139 5369 subjecit.

170 5364 238 5440 (ς)
262 5364 403 5426 Editi
429 5413 447 5437 ,
480 5368 556 5426 Et
598 5386 714 5424 cum
754 5364 1030 5424 testatus;
1074 5380 1129 5425 ut
1158 5388 1312 5426 causa
1339 5380 1507 5426 tamen
1531 5412 1546 5439 ,
1583 5370 1678 5426 lli-

114 5431 487 5498 hﬁi'oratione
512 5441 741 5511 abrupta
764 5455 983 5512 prorsus
1005 5452 1164 5512 atque
1176 5443 1421 5498 confusa.
1448 5431 1544 5498 Sic.
1562 5457 1685 5502 pos-

118 5516 189 5584 {et
210 5516 317 5566 tota
343 5513 436 5584 illa
470 5512 691 5584 phrasis
726 5512 965 5568 ordinari
993 5530 1007 5567 :
1044 5512 1112 5568 Ut
1153 5531 1266 5568 cum
1306 5524 1515 5568 testatus
1545 5514 1608 5567 de
1630 5528 1687 5568 eo

117 5572 257 5636 Pater
274 5572 497 5655 fuisset:
527 5600 686 5638 causa
733 5593 902 5640 tamen
943 5600 1101 5650 neque
1138 5586 1275 5640 vocis
1310 5585 1525 5651 auditae,
1553 5595 1685 5649 etc.,

117 5654 515 5728 posset’intelligi
549 5670 570 5710 :
597 5655 662 5709 ad
688 5656 743 5709 id
766 5655 901 5723 quod
930 5655 1122 5728 dictum
1143 5666 1218 5710 est
1252 5655 1479 5728 {Neque
1518 5669 1689 5708 uocem

117 5720 216 5803 diu.
232 5720 619 5803 audistisletc.
646 5768 662 5792 ,
689 5720 932 5803 continuo
951 5727 1190 5803 _subjccit
1222 5743 1235 5781 :
1266 5720 1523 5797 Quoniam
1541 5739 1690 5797 quem

118 5794 235 5851 misit
258 5795 379 5863 ille,
407 5799 535 5852 huic
557 5813 643 5852 vos
662 5816 762 5853 non
784 5798 1010 5854 creditis.

375 5890 664 5956 Panos.
745 5891 835 5953 X.

1763 3377 1835 3433 ob
1862 3376 1968 3433 hoe
1993 3376 2343 3432 dilectionem
2396 3375 2491 3430 Dei
2534 3389 2640 3430 non
2676 3375 2913 3430 habeant
2941 3417 2955 3442 ,
2987 3375 3110 3446 quia
3143 3377 3365 3430 venien-

1767 3482 1874 3528 tem
1901 3487 1960 3528 se
1992 3471 2043 3525 in
2076 3470 2295 3528 nomine
2322 3468 2500 3525 Patris
2533 3483 2641 3523 non
2672 3469 3013 3538 acceperint,
3051 3477 3105 3523 et
3143 3483 3361 3524 rursum

1764 3563 2071 3620 venientem
2117 3562 2283 3618 alium
2315 3560 2368 3616 in
2397 3560 2589 3617 eodem
2635 3559 2853 3615 nomine
2899 3560 3262 3630 recipientes,
3306 3569 3363 3615 et

1768 3658 2033 3715 honorem
2058 3658 2128 3713 ab
2157 3656 2416 3713 alterutro
2442 3653 2772 3725 accipientes
2791 3695 2807 3721 ,
2834 3652 3092 3710 honorem
3124 3652 3244 3725 ejus
3271 3652 3366 3724 qui

1768 3753 1918 3809 solus
1938 3751 2082 3808 Deus
2110 3759 2195 3806 est
2237 3763 2346 3805 non
2378 3746 2654 3820 requirant
2680 3787 2696 3813 ,
2726 3761 2980 3816 separare
3028 3761 3087 3802 se
3115 3745 3364 3802 Christus

1768 3846 1837 3903 ab
1874 3845 2081 3902 honore
2110 3843 2269 3900 unius
2318 3844 2409 3899 Dei
2442 3843 2642 3914 poterit
2686 3841 2948 3912 intelligi;
2994 3856 3116 3897 cum
3169 3841 3372 3897 idcirco

1769 3955 1877 3996 non
1927 3947 2202 4009 quaeratur
2230 3936 2407 3992 honor
2449 3935 2619 3991 solius
2651 3933 2784 4001 Dei,
2827 3933 2949 4005 quia
2998 3933 3368 3989 antichristunt

1772 4030 2121 4103 suscipiendo
2171 4045 2279 4086 non
2327 4029 2399 4086 sit
2442 4028 2535 4085 ille
2563 4026 2886 4097 susceptus?
2924 4024 3056 4081 Nam
3088 4026 3239 4097 cujus
3285 4042 3374 4082 re-

1770 4124 2059 4195 pudiatio,_
2096 4121 2321 4179 honoris
2367 4120 2536 4177 solius
2571 4119 2666 4175 Dei
2709 4117 3097 4188 praetermissio
3143 4131 3258 4185 est;
3315 4120 3371 4176 in

1774 4218 1933 4290 hujus
1963 4217 2168 4274 honore
2194 4229 2420 4272 necesse
2449 4221 2533 4269 est
2557 4211 2823 4268 honorem
2856 4210 3028 4268 solius
3072 4211 3169 4269 Dei
3211 4226 3332 4270 esse
3351 4257 3367 4281 ,

1777 4310 1833 4368 in
1861 4311 2017 4384 cujus
2060 4311 2103 4367 si
2131 4308 2479 4380 susceptione
2525 4305 2890 4371 mansissent,
2920 4305 3182 4365 honorem
3210 4307 3376 4366 solius

1855 4510 1934 4585 (ά)
1980 4509 2036 4564 ln
2081 4522 2184 4585 ins.
2214 4506 2403 4585 Colb.,
2433 4505 2589 4585 deest
2631 4517 2680 4562 et
2709 4505 2982 4585 haberetur
3012 4526 3030 4564 :
3058 4510 3210 4585 cujus
3259 4512 3380 4567 loco

3012 4590 3060 4635 ct
3088 4582 3374 4638 audiretur.

1790 4658 1940 4712 Sicut
1963 4650 2110 4708 enim
2137 4652 2429 4718 loqueretur
2449 4650 2515 4705 ad
2536 4665 2705 4704 uocem
2740 4653 2852 4722 ejus
2883 4651 3129 4711 audistis,
3160 4663 3211 4707 et
3237 4655 3379 4708 victe—

1790 4738 1931 4784 retur
1976 4723 2042 4779 ad
2091 4739 2249 4793 neque
2283 4722 2503 4793 ﬁguram
2527 4724 2640 4793 eius
2684 4722 3014 4775 vidistis:ita
3063 4722 3128 4776 ad
3176 4724 3380 4779 verbum

1796 4801 1909 4871 ejus
1931 4812 2031 4871 non
2058 4792 2255 4871 habetis
2279 4792 2480 4871 rectius
2508 4792 2714 4871 referas
2732 4792 3031 4871 _Itaberclttt_':
3057 4793 3177 4871 Mox
3203 4794 3256 4849 in
3284 4811 3379 4850 eo-

1794 4862 1917 4925 dem
1951 4867 2073 4921 Vat.
2103 4867 2217 4920 bas.
2252 4863 2463 4928 codice,
2497 4862 2743 4933 numquid
2771 4863 3053 4930 separabile
3079 4865 3256 4934 aliqua
3284 4883 3383 4921 na-

1796 4952 1925 4995 tura:
1950 4937 2251 5010 differentia
2278 4953 2295 4989 :
2330 4937 2382 4990 in
2414 4934 2629 4989 Martin.
2655 4934 2902 5003 numquid
2925 4936 3203 5005 separabili
3227 4954 3385 5008 quam

1786 5023 2004 5076 natura,
2037 5020 2143 5064 etc.

1860 5105 1931 5174 (ε)
1977 5099 2108 5156 illud
2139 5097 2260 5151 hinc
2280 5097 2465 5174 aptius
2495 5094 2794 5174 coltmreret
2821 5097 2997 5174 verbis
3035 5114 3196 5174 neque
3229 5102 3386 5174 audi-

1789 5165 1877 5232 tus
1894 5165 1924 5229 ε’
1937 5179 2062 5243 puta
2082 5211 2112 5247 _,_
2130 5184 2245 5222 cum
2276 5166 2433 5222 Pater
2462 5174 2652 5246 testans
2678 5165 2740 5221 de
2765 5182 2823 5221 eo
2850 5210 2865 5231 ,
2898 5169 3016 5247 hinc
3044 5165 3190 5247 __(Seu
3225 5172 3382 5247 ideo)

1787 5239 1949 5318 neque
1990 5241 2196 5297 auditus
2225 5280 2242 5307 ,
2290 5254 2448 5309 neque
2490 5239 2667 5305 uisus,
2721 5254 2884 5309 neque
2930 5239 3217 5297 intellectus
3266 5239 3382 5313 sit;
3462 5270 3465 5275 ι

1785 5320 1930 5391 quia.
1960 5329 2069 5373 etc.

1861 5408 1948 5483 (θ’)
1975 5407 2093 5462 Vat.
2119 5404 2232 5459 bas.
2259 5415 2490 5483 mssnon
2513 5410 2683 5456 tamen
2703 5401 3029 5458 nescientium
3051 5400 3150 5457 hoc
3171 5405 3385 5476 dictum,

1792 5493 1839 5538 et
1863 5481 1987 5545 non,
2015 5481 2438 5544 etc.,corrnpte.

1870 5569 1948 5643 (ῃ)
1976 5568 2125 5637 Lips.
2157 5571 2214 5619 et
2236 5563 2386 5631 Par.,
2418 5562 2661 5617 honorem
2688 5562 2929 5621 hominis.

1826 5660 1948 5787 h(h)
1979 5656 2248 5716 Scribitnr
2292 5663 2606 5711 constanter
2653 5656 2706 5711 in
2734 5658 2970 5729 antiquis
3012 5658 3167 5715 libris
3193 5703 3210 5732 ,
3252 5676 3392 5723 ante.

1863 5741 2062 5787 mlum.

1797 5741 2062 5791 christum.

2764 5882 2842 5946 10
