3930 6194
118 304 198 361 ΞΜ
1302 297 1395 359 DE
1432 296 1804 358 TRINI'I'A'I‘E
1852 301 2060 359 LIBER
2099 300 2190 358 IX.
3269 301 3376 357 302

117 415 400 474 esurientem
456 412 757 479 alentibus,
807 420 861 468 et
905 412 1173 469 sitientem
1223 414 1565 483 potantibus,
1617 426 1672 471 et
1697 426 1745 484 Α
1774 419 1904 486 ﬁlio,
1931 428 1992 476 ut
2014 419 2067 475 in
2094 417 2172 491 (f)
2195 418 2354 475 unius
2373 417 2585 475 Domini
2609 423 2948 473 sacramento
2968 424 3241 481 maneret,
3269 431 3375 472 non

118 516 334 579 ingratum
378 505 759 571 \‘isilantibtw,
799 514 854 560 el
896 504 1134 561 Clausum
1165 519 1386 561 carcere
1416 506 1677 577 fremten-
1781 504 2029 586 relinqui'
2065 513 2388 580 videbatur;
2446 512 2690 569 Scribam
2746 511 3042 579 admonet,
3101 511 3375 582 quomodo

120 600 314 655 tantibus
336 596 533 652 datur:
569 595 763 661 Venite,
785 594 1037 651 benedicti
1066 599 1224 663 patris
1252 599 1389 663 mei,
1423 600 1682 669 possidete
1777 604 2049 662 Christum
2082 605 2249 661 David
2282 605 2450 661 lilium
2480 619 2604 663 esse
2631 604 2873 671 diceret,
2903 618 3024 660 cum
3058 604 3221 658 David
3250 618 3377 659 eum

1782 701 2072 757 Dominum
2100 716 2255 758 suum
2284 708 2434 756 esset
2459 699 2769 770 professus;
2796 712 2899 754 nec
2922 706 3113 754 natura
3141 699 3374 763 sineret,

1779 804 1839 851 ut
1863 795 1955 867 qui
1976 803 2123 851 tanto
2147 793 2463 866 patriarcha:
2482 801 2625 850 esset
2650 793 2796 849 ﬁlius
2813 836 2827 858 ,
2849 801 2996 849 esset
3017 800 3071 847 et
3091 791 3374 847 Dominus.

1780 888 1896 945 Hoc
1920 888 2062 952 ideo,
2095 896 2153 943 ut
2178 886 2252 961 (g)
2276 901 2335 942 se
2363 885 2551 941 Scriba
2569 925 2585 953 ,
2614 884 2909 940 secundum
2935 898 3153 940 onmem
3176 890 3232 937 et
3258 897 3380 951 par-

1780 990 1893 1037 tum
1919 981 2098 1037 Maria:
2121 996 2243 1052 quae
2264 994 2328 1036 ex
2352 977 2520 1034 David
2541 967 2683 1034 esset
2703 978 2875 1033 solum
2899 991 3022 1033 eum
3051 974 3377 1046 intelligens,

1788 1074 2075 1130 Dominum
2104 1073 2305 1144 potius,
2337 1069 2633 1126 secundum
2662 1068 2921 1137 Spiritum
2949 1110 2962 1133 ,
2992 1067 3158 1123 David
3187 1066 3379 1122 memi.

1780 1168 1953 1223 uisset
1976 1180 2121 1230 esse,
2145 1179 2303 1235 quam
2326 1162 2528 1228 ﬁlium;
2550 1172 2608 1218 et
2627 1159 2681 1215 id
2702 1160 2844 1231 quod
2870 1159 3069 1214 dictum
3089 1168 3202 1214 est:
3226 1157 3381 1221 Audi,

1782 1259 1974 1325 Israel,
2013 1257 2267 1313 Dominus
2300 1255 2439 1310 Deus
2466 1264 2637 1309 noster
2668 1252 2920 1307 Dominus
2947 1267 3079 1305 unus
3099 1259 3172 1305 est
3190 1249 3385 1322 (Marc.

1782 1368 1890 1423 xn,
1920 1351 2027 1417 29)
2053 1393 2068 1420 ,
2099 1366 2130 1406 a
2164 1349 2373 1406 Domini
2402 1349 2564 1404 unius
2594 1354 2935 1403 sacramento
2964 1344 3234 1401 Christum
3277 1358 3383 1399 non

118 1430 254 1499 simi,
288 1430 410 1502 quid
437 1430 507 1486 de
537 1430 663 1489 boni
694 1430 878 1501 operis
907 1432 1376 1487 consummatione
1404 1447 1512 1489 non
1553 1448 1683 1503 ege-

1813 1452 2088 1515 epararet,
2118 1457 2240 1498 cum
2264 1449 2445 1496 tantus
2471 1438 2774 1510 patriarcha
2811 1446 2867 1494 et
2901 1437 3192 1508 prophetes
3215 1451 3338 1491 eum
3362 1476 3378 1503 ,

116 1524 491 1582 ratilnterdum
519 1526 664 1583 enim
687 1525 1055 1597 indulgentem
1100 1525 1513 1600 officiosumque
1538 1543 1681 1596 esse,
1783 1536 1875 1607 qui
1902 1551 1967 1591 ex
2000 1543 2154 1590 utero
2185 1532 2399 1587 Domini
2432 1539 2557 1586 ante
2584 1528 2867 1585 luciferum
2907 1527 3120 1599 genitus
3157 1526 3382 1592 fuisset,

119 1632 205 1672 non
232 1615 472 1687 perfecta:
498 1626 577 1675 est
609 1616 890 1675 αιιπίιιιιὶς
927 1634 940 1671 ε
976 1616 1211 1687 perfecta
1238 1629 1417 1676 autem
1446 1620 1683 1676 cbaritas
1790 1628 2075 1684 Dorninum
2102 1624 2203 1681 sibi
2237 1622 2615 1695 proﬁteretur:
2646 1636 2752 1676 non
2782 1620 2967 1691 utique
2993 1620 3279 1675 immemor
3308 1618 3387 1673 le.

118 1725 250 1766 cuine
287 1709 360 1783 (b)
401 1709 665 1781 cujusque
704 1710 848 1767 modi
889 1710 1241 1783 indulgentia:
1286 1713 1527 1783 implevit
1560 1712 1682 1770 oili-

1813 1722 1907 1788 εἰς,
1951 1734 2127 1790 neque
2167 1718 2424 1788 ignorans
2465 1715 2753 1770 Dominum
2793 1713 2959 1769 alium
2987 1726 3095 1767 non
3126 1710 3392 1768 conﬁten-

116 1804 252 1869 cium,
289 1818 406 1861 cum
451 1819 564 1861 non
622 1802 905 1874 reliquerit
944 1804 1083 1875 quod
1120 1806 1276 1862 alteri
1315 1806 1553 1874 debeat,
1595 1807 1687 1878 qui

1813 1813 1954 1879 lum,
1985 1810 2081 1866 sed
2107 1825 2231 1866 eum
2252 1850 2267 1875 ,
2297 1809 2389 1880 qui
2421 1806 2682 1862 naturalis
2708 1813 3051 1861 sacramento
3089 1802 3387 1859 nativitatis

118 1908 292 1953 tanaim
316 1898 475 1957 alteri
500 1909 763 1969 quantum
804 1899 906 1954 sibi
948 1899 1159 1956 reddat.
1202 1899 1312 1957 Sed
1354 1903 1687 1973 ignoratione
1791 1922 1858 1963 ex
1880 1903 2234 1975 incorporalis
2272 1902 2368 1957 Dei
2392 1908 2545 1956 utero
2566 1898 2926 1959 substitisset.
2951 1897 3155 1968 absque
3178 1896 3396 1951 violata:

114 1993 444 2049 consummati
485 1993 809 2050 sacramenti
832 1992 1111 2049 detentum
1156 1994 1422 2062 Scribam,
1458 1993 1538 2066 (2)
1565 2010 1691 2065 pro-
1790 1997 1926 2070 legis
1954 1996 2060 2053 ﬁde
2086 1995 2375 2051 Dominum
2404 2006 2525 2049 esse
2552 1990 2988 2063 intelligendum;
3014 2002 3139 2045 cum
3166 2000 3305 2042 unus
3330 2001 3399 2041 ex

116 2083 372 2141 fessionem
407 2084 477 2157 (c)
508 2084 631 2140 ﬁdei
660 2086 919 2141 Dominus
943 2087 1289 2152 collaudatis,
1318 2097 1375 2143 et
1400 2103 1507 2143 non
1536 2089 1693 2159 longe
1794 2106 1921 2158 uno,
1952 2106 2050 2161 per
2075 2089 2235 2144 unius
2261 2085 2476 2142 Domini
2505 2092 2787 2152 naturam,
2820 2081 3046 2139 haberet
3071 2080 3126 2135 in
3152 2093 3214 2135 se
3241 2088 3399 2134 natu-

119 698 421 762 pratpamum
444 688 584 742 vobis
604 703 813 759 regnum
833 704 867 741 α
889 687 1245 743 constitutione
1261 689 1436 743 mundi
1460 688 1678 762 (Matth.

117 799 219 847 xxv,
243 779 361 851 54).
395 778 496 834 Vel
528 779 635 835 illis
663 780 857 848 quibus
885 780 1000 837 hmo
1031 777 1111 851 (1)
1157 779 1407 849 pauperis
1438 780 1517 854 (α)
1563 783 1678 851 api-

120 877 227 930 ritus
262 886 465 931 merces
512 881 630 929 est:
676 870 826 925 Beati
875 887 1126 942 pauperes
1168 873 1390 941 spiritu,
1437 874 1681 945 quoniam

118 970 309 1039 ipsarum
335 973 406 1020 est
433 980 649 1038 regnum
674 963 920 1019 actorum
950 963 1162 1035 (Matth.
1199 980 1246 1030 ν,
1278 963 1359 1036 5).
1398 964 1680 1023 Perfectus

117 1059 187 1117 hic
207 1060 396 1119 fructus
423 1066 542 1127 est,
571 1069 625 1115 et
652 1058 895 1114 absoluta
927 1060 1199 1129 possessio
1226 1068 1314 1117 est
1335 1102 1351 1127 .
1381 1069 1438 1117 et
1467 1076 1680 1133 praepa-

118 1155 196 1209 rati
222 1153 355 1223 regni
384 1153 736 1209 non/incerta
782 1152 998 1209 traditio
1038 1152 1249 1223 (Marc.
1308 1171 1372 1221 x,
1405 1154 1530 1227 20).
1574 1156 1684 1214 Aut

120 1245 336 1317 numquid
364 1244 686 1303 adolescens
719 1246 898 1302 minus
923 1246 1128 1316 aliquid
1158 1246 1352 1305 horum
1384 1250 1681 1306 conﬁteba-

119 1337 219 1393 tnr.’
239 1335 362 1395 Nam
391 1345 666 1407 exaequata
694 1336 760 1392 ad
791 1352 1031 1393 amorem
1058 1353 1217 1395 suum
1246 1338 1538 1397 dilectione
1559 1356 1685 1411 pro-

114 2195 217 2235 cum
241 2196 272 2237 a
301 2180 393 2235 Dei
428 2194 597 2248 regno
625 2195 745 2235 esse
774 2180 1110 2249 rcSpondens
1133 2221 1147 2245 ,
1196 2195 1303 2236 non
1345 2188 1526 2236 tamen
1567 2196 1691 2236 eum

116 2274 158 2329 in
192 2275 294 2344 ipsa
327 2273 442 2344 jam
482 2272 659 2329 beatae
697 2272 813 2343 Spei
844 2272 1192 2342 possessione
1216 2271 1519 2328 constituit.
1553 2271 1693 2329 Ten.

114 2365 253 2423 debat
293 2365 438 2421 enim
466 2364 553 2438 (ά)
588 2365 726 2420 felici
755 2380 917 2420 cursu
938 2406 953 2431 ,
984 2366 1083 2420 etsi
1116 2364 1381 2436 ignoranti
1406 2404 1424 2431 ,
1455 2373 1514 2421 et
1550 2380 1693 2435 prte-

114 2456 205 2512 lata
247 2459 497 2513 uentribus
546 2456 838 2512 dilectione
886 2456 1018 2525 Dei,
1063 2466 1118 2512 et
1155 2456 1421 2513 charitate
1464 2455 1694 2527 proximi

111 2565 208 2605 sua:
233 2551 397 2621 ipsius
435 2549 715 2606 dilectioni
750 2559 1055 2619 cxmquata.
1100 2548 1235 2605 Cum
1281 2559 1460 2604 tamen
1504 2549 1553 2604 ei
1595 2548 1697 2617 ipsi

116 2642 315 2713 proximi
341 2642 600 2698 charitati
627 2658 865 2697 amorem
896 2642 989 2697 Dei
1020 2630 1370 2713 praetulisset,
1394 2643 1506 2715 jam
1533 2643 1699 2716 278

115 2750 203 2788 non
251 2735 774 2791 holocaustomatum
826 2742 884 2790 et
925 2734 1316 2791 sacriﬁciorum
1369 2736 1698 2807 praescriptis

118 2826 489 2883 continebatur.
523 2826 640 2882 Non
670 2834 786 2881 erat
813 2826 970 2897 longe
1001 2826 1137 2882 istud
1166 2827 1234 2884 ab
1260 2828 1572 2899 evangelica
1610 2841 1700 2881 sa-

117 2930 385 2977 cramento.

176 3011 255 3068 26.
288 3011 548 3068 Nondum
575 3020 649 3067 est
675 3012 730 3067 in
758 3028 916 3083 regno
948 3009 1080 3077 Dei,
1113 3012 1233 3082 quia
1262 3012 1488 3067 nondum
1514 3012 1569 3066 in
1598 3011 1704 3082 [ide

119 3101 283 3162 Christi
307 3106 427 3162 Dei.
458 3136 531 3148 —
556 3105 622 3163 Et
648 3122 745 3161 cur
772 3122 878 3161 non
934 3106 1091 3175 longe
1142 3121 1174 3161 a
1222 3104 1318 3160 Dei
1368 3121 1537 3177 regno
1592 3106 1661 3161 sit
1684 3148 1699 3173 ,

1792 2182 1907 2239 rale
1936 2180 2078 2252 quod
2107 2179 2368 2235 Dominus
2393 2187 2497 2233 est.

1864 2274 1956 2327 27.
1993 2270 2272 2341 Epilogus.
2295 2298 2367 2309 —-
2392 2268 2524 2336 Quis
2551 2281 2683 2339 ergo
2710 2276 2795 2323 est
2822 2265 2900 2334 (ὅ)
2929 2265 3039 2336 jam
3068 2277 3213 2320 nunc
3240 2264 3403 2319 relic-

1797 2375 1886 2421 tus
1912 2363 2219 2434 ambigendi
2251 2361 2444 2417 locus?
2470 2360 2734 2416 Dominus
2759 2360 2877 2430 ipse
2902 2358 3229 2429 praecipuum
3255 2372 3410 2413 man-

1798 2459 1983 2513 datum
2006 2455 2144 2525 legis
2166 2455 2218 2509 in
2245 2454 2403 2508 unius
2424 2452 2636 2507 Domini
2660 2450 3005 2507 confessione
3028 2465 3092 2506 ac
3117 2450 3410 2507 dilectione

1800 2549 2003 2605 docens
2045 2561 2199 2615 esse,
2244 2562 2354 2601 non
2392 2561 2493 2601 suo
2534 2544 2599 2599 ad
2626 2544 2792 2617 319
2813 2543 3092 2610 Scribam,
3134 2544 3229 2600 sed
3270 2543 3408 2600 Pro-

1803 2642 1981 2713 pheta:
2006 2639 2317 2696 testimonio
2338 2653 2470 2694 usus
2496 2647 2580 2694 est
2600 2680 2615 2704 ,
2643 2652 2767 2694 esse
2789 2652 2850 2693 se
2870 2638 3156 2693 Dominum
3180 2655 3194 2691 :
3225 2636 3414 2693 Domi-

1804 2752 1930 2792 num
1959 2751 2018 2791 se
2046 2745 2224 2790 tamen
2255 2747 2474 2804 semper
2514 2747 2611 2802 per
2651 2731 2738 2797 id,
2778 2730 2923 2802 quod
2965 2729 3062 2785 Dei
3106 2718 3246 2785 ﬁlius
3286 2738 3403 2797 est,

1803 2844 1929 2885 esse
1952 2828 2285 2899 signiﬁcans.
2314 2826 2417 2881 Per
2440 2824 2491 2879 id
2518 2825 2663 2879 enim
2688 2822 2743 2878 in
2771 2833 3113 2879 sacramento
3134 2823 3229 2879 Dei
3254 2823 3414 2878 unius

1807 2938 1904 2993 per
1944 2921 2283 2976 nativitatem
2324 2926 2508 2974 manet
2527 2960 2543 2987 ,
2572 2917 2697 2988 quia
2724 2917 2820 2975 Dei
2850 2917 2904 2972 in
2932 2933 2991 2972 se
3022 2927 3268 2972 naturam
3310 2916 3409 2973 Dei

1806 3014 2063 3069 nativitas
2086 3021 2303 3078 tenens,
2335 3012 2387 3066 in
2413 3010 2583 3066 Deum
2611 3010 2841 3065 alterum
2870 3024 2979 3064 non
2992 3008 3314 3080 (“excedat
3335 3011 3417 3066 di-

1806 3108 2069 3164 versitate
2106 3114 2344 3169 natum;
2384 3114 2441 3160 et
2480 3104 2679 3160 veritas
2717 3104 3086 3176 generationis
3124 3119 3225 3161 nec
3265 3104 3416 3161 Patri

125 3198 180 3267 (ε)
202 3215 350 3269 quam
378 3199 596 3254 futurus
616 3198 785 3268 magis
809 3199 860 3252 in
894 3198 987 3253 Dei
1020 3213 1187 3268 regno
1206 3198 1297 3264 sit,
1318 3213 1379 3251 ex
1400 3197 1531 3268 ipsis
1547 3197 1708 3255 dictis
1728 3194 1778 3258 C
1811 3200 2012 3256 adimat
2041 3214 2110 3255 ne
2140 3214 2246 3253 non
2278 3197 2354 3268 (Ιι)
2384 3198 2646 3253 Dominus
2672 3197 2778 3263 sit,
2810 3210 2913 3252 nec
2941 3194 3081 3252 Filio
3111 3213 3218 3253 non
3253 3198 3417 3268 perii.

119 3287 302 3346 Domini
342 3290 759 3363 intelligendum
796 3300 902 3346 cst.
946 3290 1201 3360 Sequitur
1238 3290 1417 3345 enim:
1451 3289 1517 3345 Et
1556 3308 1703 3347 nemo

112 3384 208 3451 ius
240 3382 464 3438 audebat
508 3397 628 3436 eum
670 3384 1008 3453 interrogare.
1056 3381 1124 3435 Et
1186 3382 1501 3452 respondens
1548 3382 1704 3438 Iesus

118 3474 231 3528 dixit
255 3477 441 3531 docens
472 3476 526 3529 in
548 3474 771 3545 templo:
802 3473 1074 3539 Quomodo
1099 3473 1275 3527 dicunt
1303 3473 1504 3529 Scribat
1550 3473 1707 3530 Chri-

118 3576 232 3621 stum
250 3569 417 3638 ﬁlium
445 3584 555 3623 esse
576 3566 748 3621 Dauid
765 3567 791 3621 Ρ
819 3566 845 3620 Ι
852 3583 941 3637 pse
965 3571 1098 3621 enim
1128 3564 1297 3621 Dauid
1335 3567 1459 3621 dicit
1503 3568 1557 3621 in
1584 3566 1709 3637 Spi-

116 3660 203 3713 ritu
240 3671 448 3716 sancto:
480 3659 626 3715 Dixit
657 3658 911 3714 Dominus
944 3658 1167 3713 Domino
1196 3675 1329 3726 tneo,
1361 3659 1498 3715 Sede
1522 3678 1555 3714 a
1582 3661 1710 3716 dea:-

121 3752 197 3804 tris
220 3753 371 3820 uicis,
399 3754 570 3807 donec
598 3768 786 3821 ponam
810 3751 1048 3805 inimicos
1070 3760 1186 3805 tuos
1211 3750 1490 3806 “sbellum
1520 3752 1710 3824 pedum

122 3852 301 3898 tuorum
322 3843 500 3914 (Psal.
529 3859 621 3900 cu
644 3884 657 3906 ,
685 3843 760 3913 1).
780 3842 906 3911 Ipse
926 3841 1095 3899 Dauid
1112 3843 1238 3897 dicit
1258 3859 1374 3898 eum
1396 3843 1706 3911 Dominum;

120 3945 157 3989 et
181 3938 305 3993 unde
324 3949 404 3995 est
430 3938 580 4007 ﬁlius
602 3941 719 4011 ejus
739 3934 937 4009 (Marc.
969 3952 1083 4004 xu,
1113 3934 1207 4007 δι)
1231 3937 1253 3990 i
1284 3936 1401 3992 Non
1425 3937 1586 4009 longe
1606 3938 1711 4008 igi-

120 4036 195 4084 tur
212 4045 242 4086 a
268 4032 364 4089 Dei
391 4047 568 4103 regno
598 4041 683 4088 est
710 4031 897 4087 Scriba
924 4046 1088 4086 utinm
1115 4030 1285 4087 Deum
1307 4031 1596 4099 eotnﬁtens,
1617 4033 1710 4103 qui

123 4123 240 4179 ultra
263 4125 446 4180 omnia
475 4133 627 4181 esset
656 4123 983 4194 diligendus.
1016 4123 1121 4181 Sed
1150 4123 1475 4181 admonetur
1500 4142 1594 4181 sua
1626 4128 1708 4195 ip-

122 4213 217 4269 sius
242 4216 615 4287 professione,
647 4232 745 4271 cur
776 4226 1174 4271 sacramrnlutn
1206 4216 1340 4286 legis
1368 4216 1577 4286 ignoret
1600 4257 1615 4281 ,
1656 4225 1713 4272 ct

123 4302 368 4362 Clu-istum
402 4308 696 4365 Dominum
732 4306 899 4365 ﬁlium
932 4308 1028 4363 Dei
1059 4308 1265 4365 nesciat
1290 4325 1390 4378 per
1420 4310 1713 4366 nativitatis

125 4409 347 4455 naturam
378 4400 436 4456 in
472 4400 576 4455 lide
608 4400 766 4455 unius
794 4400 1009 4457 Domini
1038 4400 1430 4457 conﬁtendum.
1479 4402 1548 4457 Et
1584 4404 1709 4474 quia

120 4502 205 4557 per
223 4493 379 4548 unius
404 4492 621 4549 Domini
646 4492 943 4550 secundum
967 4492 1139 4563 legem
1169 4492 1590 4564 professionem,
1614 4496 1708 4550 Dci

238 4629 257 4696 )
288 4629 550 4705 ξαιφενὶε
575 4634 763 4705 spiritu
787 4634 969 4690 mercis
995 4643 1090 4689 est.

178 4630 257 4845 Γ)
288 4630 550 4705 Pauperis
575 4634 763 4705 spiritu
787 4650 804 4687 ι

203 4701 259 4764 2)
284 4701 391 4758 Per
414 4708 804 4776 professionem.

196 4771 254 4843 5)
283 4773 461 4831 Etiam
480 4792 644 4831 natae.

196 4771 254 4843 5)
283 4771 461 4831 Etiam
480 4771 644 4831 natae.

182 4885 255 4958 (α)
281 4888 505 4960 Aiiqunt
546 4903 681 4945 mss.
726 4890 970 4960 pauperis
1017 4890 1224 4962 spiritu.
1276 4889 1531 4947 Nonnulli
1581 4892 1707 4959 alii,

182 4959 421 5017 ﬂetibus
453 4962 662 5017 spiritu.

183 4978 421 5084 “rm”
453 4978 662 5044 Ψητὲι·
876 5033 888 5046 .
918 5032 930 5044 .
1183 5033 1194 5044 .
1271 5033 1282 5045 .
1456 5036 1466 5046 .
1664 5035 1674 5046 .

183 5030 203 5102 (
240 5033 257 5097 )
283 5031 478 5088 Excust
494 5075 510 5098 ,
534 5031 887 5102 hujuscemodi
912 5031 1241 5104 indulgentia
1264 5033 1520 5105 implebit:
1544 5044 1709 5091 casu-

122 5106 300 5171 gttur
324 5117 395 5158 ex
423 5118 552 5158 mss.

184 5170 340 5297 (ahala
369 5174 632 5246 vulgatis,
656 5191 752 5244 per
774 5175 1175 5247 professionem:
1210 5176 1579 5249 expunximus
1616 5193 1709 5248 per

125 5256 179 5297 ex
331 5259 468 5297 mss.

125 5256 179 5297 ex
202 5244 307 5298 Ide
331 5244 483 5299 mss.‘
776 5244 786 5247 ⁷
872 5244 882 5247 ⁷
1279 5244 1299 5249 ’
1617 5244 1626 5248 ’

129 5382 140 5386 _
186 5312 262 5386 (ὀ)
292 5316 423 5371 Sola
464 5316 628 5372 editio
663 5316 787 5371 Par.
810 5359 825 5383 ,
866 5315 1005 5386 ﬁdeli
1032 5334 1207 5373 cursu.
1239 5316 1375 5375 Tum
1411 5332 1541 5373 mss.
1580 5316 1701 5372 Vat.

128 5382 333 5459 neget
382 5386 595 5444 Martin.
647 5388 741 5459 etsi
772 5382 1039 5459 ignorata.
1090 5389 1256 5459 Magis
1304 5390 1539 5459 placeret
1580 5403 1706 5443 cum

402 5460 631 5536 ignorati
649 5499 666 5525 ,
692 5458 742 5513 si
908 5458 1016 5515 duo
1040 5453 1317 5536 uocabula
1334 5471 1453 5529 post
1475 5461 1710 5536 privtum

521 5524 813 5613 exstarent.
838 5529 1032 5613 verum
1049 5530 1170 5586 ideo
1188 5524 1447 5613 ignorans
1474 5524 1568 5613 ille
1578 5546 1711 5613 cur-

128 5601 378 5669 ηιςοίει
402 5600 639 5657 hominis
662 5601 958 5672 ignorantis
981 5598 1149 5658 Deum
1168 5642 1185 5670 ,
1212 5598 1505 5657 secundum
1534 5600 1661 5656 illud
1692 5643 1708 5668 ,

132 5666 217 5742 11h.
240 5684 331 5739 ιιι,
372 5689 435 5733 ηρ
457 5671 549 5727 ηε
570 5672 747 5729 Deum
775 5673 1151 5742 nemquoscit,
1189 5673 1290 5727 nisi
1323 5673 1627 5742 conﬁteatur
1662 5680 1711 5726 et

139 5713 340 5825 res:
369 5713 1151 5825 rata.gustasset";
1187 5713 1710 5808 ῐτὶῑέαἶῆ’ζ”ἓι’ἔ.”ιιῐὲ

138 5812 262 5868 enim
294 5812 480 5868 Patris
517 5824 569 5869 et
620 5812 739 5870 Filii
789 5815 1025 5883 cognitio
1052 5824 1487 5872 consummatum
1529 5828 1705 5869 sacra-

1727 4637 1781 4698 D

1812 3293 1918 3348 ciat
1946 3308 2014 3346 ne
2041 3305 2152 3347 non
2178 3290 2250 3345 sit
2273 3300 2327 3346 et
2350 3290 2633 3345 Dominus.
2664 3290 2841 3360 Atque
2869 3290 2941 3344 ita
2970 3304 3146 3360 neque
3170 3291 3416 3346 auctori-

1812 3396 1978 3443 tatem
2008 3386 2171 3441 l’ater
2195 3383 2429 3451 amittit,
2463 3400 2562 3440 nec
2600 3392 2849 3439 staturam
2885 3382 3056 3439 Filius
3084 3399 3190 3439 non
3222 3392 3372 3440 tenet
3396 3402 3441 3455 ε,

1811 3495 1910 3551 per
1931 3477 2076 3551 quod
2102 3492 2203 3534 nec
2230 3476 2370 3533 Deus
2400 3485 2552 3547 pater
2578 3490 2688 3532 non
2712 3474 2974 3531 Dominus
3005 3491 3143 3531 unus
3171 3485 3256 3532 est
3277 3518 3291 3540 ,
3317 3492 3417 3533 ne-

1809 3588 1915 3644 que
1943 3570 2252 3642 unigenitus
2290 3569 2357 3640 (i)
2389 3568 2529 3624 Deus
2558 3569 2821 3629 Dominus
2859 3578 3142 3639 separatur
3168 3569 3239 3623 ab
3267 3583 3416 3635 uno;

1810 3681 1934 3722 cum
1961 3680 2027 3720 ex
2049 3678 2157 3720 uno
2184 3663 2415 3718 Domino
2439 3678 2577 3719 unus
2598 3663 2713 3733 ipse
2733 3663 2992 3718 subsistat
3012 3663 3066 3717 in
3090 3662 3415 3718 Dominum:

1812 3759 2100 3815 Dominum
2154 3771 2316 3813 unum
2360 3757 2433 3810 ita
2472 3771 2543 3812 ex
2585 3756 2703 3827 lege
2741 3754 2974 3824 docens,
3016 3763 3078 3810 ut
3116 3768 3175 3811 se
3202 3770 3421 3827 quoque

1810 3852 2101 3909 Dominum
2132 3848 2401 3921 Propheta
2431 3848 2513 3921 (ὅ)
2542 3855 2687 3905 teste
2714 3848 3002 3904 conﬁrmet
3034 3846 3230 3921 (Dauid
3255 3847 3405 3905 Psat.

1811 3961 1895 4001 (nx
1910 3943 1953 4014 ).

1884 4039 1975 4095 28.
2004 4035 2091 4091 Ea:
2113 4036 2239 4105 ipsis
2264 4022 2624 4090 hereticorum
2647 4034 2859 4104 objectis
2882 4034 3221 4103 conﬁrmatur
3241 4033 3340 4089 Dei
3362 4036 3419 4089 in

1810 4128 2019 4184 Christo
2047 4139 2255 4183 natura.
2284 4126 2665 4183 Haerent-orum
2695 4126 2968 4191 obiectum.
3002 4125 3298 4181 —Tendat
3317 4141 3417 4196 per

1810 4229 2039 4275 caeteras
2066 4221 2217 4291 impii
2247 4219 2443 4275 furoris
2486 4217 2885 4289 propositiones
2922 4216 3049 4272 ﬁdei
3088 4218 3420 4289 evangelicae

1810 4314 2126 4379 responsio,
2161 4322 2216 4368 et
2241 4311 2329 4367 his
2358 4312 2490 4382 ipsis
2520 4310 2714 4381 quibus
2743 4310 3090 4381 impugnatur
3116 4321 3415 4382 repugnet:

1812 4412 1871 4459 et
1908 4404 2073 4458 armis
2111 4403 2309 4459 excidii
2348 4402 2431 4458 sui
2471 4403 2731 4469 vincens,
2775 4403 2933 4458 unius
2962 4401 3195 4474 Spiritus
3234 4404 3376 4461 dicta
3402 4441 3419 4473 ,

1812 4497 1976 4552 Istius
1994 4512 2210 4567 quoque
2230 4496 2355 4554 ﬁdei
2385 4496 2719 4553 demonstret
2742 4508 2867 4552 esse
2884 4495 3208 4551 doctrinam.
3232 4495 3420 4569 Neque

1878 4639 1963 4785 (ιζ
1993 4640 2233 4698 Excidat.

1880 4714 1936 4785 (5
1992 4712 2231 4770 Testante

1880 4712 1963 4785 (5)
1992 4712 2251 4770 Testante.

1814 4903 2053 4950 mentum
2081 4903 2193 4960 est,
2223 4893 2375 4965 cujus
2400 4890 2734 4964 ignoratione
2756 4888 3004 4946 detentus
3035 4889 3221 4946 Scriba
3246 4894 3410 4953 modo

1811 4965 2112 5022 dicebatur.

1883 5034 1956 5121 (ε)
1984 5037 2042 5092 ιιι
2069 5034 2429 5121 θκουείεηςιιί
2452 5035 2657 5121 futurus
2682 5048 2700 5086 :
2738 5046 2918 5121 pravo.
2946 5031 3151 5089 Sensus
3176 5043 3288 5121 est,
3316 5055 3410 5093 cur

1812 5103 1992 5179 magis.
2009 5123 2104 5163 seu
2131 5122 2228 5162 cur
2254 5103 2460 5176 potius,
2478 5121 2580 5159 non
2600 5103 2751 5176 longe
2771 5120 2804 5158 a
2826 5119 3002 5177 regno,
3029 5121 3179 5176 quant
3203 5105 3413 5176 futurus

1808 5180 1865 5235 in
1890 5195 2046 5251 regno
2071 5179 2299 5233 dicatur.

1883 5270 1960 5354 (ί)
1990 5267 2172 5324 Codex
2199 5266 2321 5324 Vat.
2350 5266 2465 5324 bas.
2490 5279 2615 5323 cum
2642 5266 2884 5334 Martio,
2906 5265 3203 5325 uninsDei:
3229 5274 3409 5331 minus

1806 5356 2316 5486 cogi'wgcabulum
2360 5426 2415 5467 se
2454 5410 2508 5466 in
2550 5409 2781 5481 vulgatis
2804 5411 3064 5469 omissum
3100 5414 3405 5475 restituitur

1811 5500 1876 5542 ΘΧ
1904 5499 2036 5540 MSS.

1888 5575 1967 5647 (Ii)
1992 5575 2155 5640 Editi,
2184 5590 2247 5631 ne
2275 5591 2379 5631 non
2402 5572 2637 5647 Densusit
2654 5587 2674 5627 :
2702 5572 3089 5647 reluctantibus
3116 5590 3247 5639 mss.
3270 5585 3409 5642 Tum

1816 5643 2083 5703 Vatlbas.
2111 5648 2281 5703 codex
2300 5688 2316 5713 ,
2343 5662 2435 5702 nec
2461 5643 2604 5701 Filio
2627 5661 2732 5699 non
2757 5646 3014 5716 proﬁciat.

1882 5736 1946 5812 (i)
1969 5737 2095 5812 ﬁgas.
2111 5735 2549 5812 (λῇὺᾶθιῦειίιι.
2562 5780 2575 5812 ,
2590 5737 2884 5812 «tripertitus
2921 5736 3194 5812 Dominus,
3216 5744 3413 5798 omissa

1819 5807 1949 5868 voce
1975 5808 2138 5865 Deus.
2165 5808 2288 5867 Vat.
2312 5812 2454 5880 bas.,
2484 5807 2940 5882 unigenitus'Deus
2968 5807 3206 5869 Domino.
