3930 6194
544 295 653 354 505

1746 287 2008 348 SANCTI'
2032 286 2286 346 illLARll
2327 285 2634 345 EPISCOPI

3723 286 3812 344 3M

546 408 692 466 enim
723 406 860 463 alius
886 404 1163 469 Christus,
1193 415 1354 474 quam
1383 402 1474 476 qui
1501 409 1584 458 est
1615 401 1969 472 prmdicatus,
2000 404 2145 461 Deus
2172 401 2220 462 A
2250 402 2637 458 monstratione
2664 398 2835 457 fuerat
2864 399 3128 466 elocutus,
3154 401 3365 460 dicens:
3404 400 3507 456 Vos
3535 416 3612 455 me
3637 405 3812 469 amatis,

547 502 757 558 scilicet
793 516 983 565 vcrus,
1025 507 1079 555 et
1130 498 1181 553 in
1219 498 1315 552 Dei
1347 498 1506 554 unius
1535 497 1648 553 veri
1688 499 1854 569 gloria
1888 514 2145 555 manens:

549 601 606 650 et
630 593 767 649 sicut
793 608 853 647 se
878 590 1160 644 Dominum
1188 605 1256 647 ex
1282 590 1401 661 lege
1421 633 1436 658 ,
1467 590 1596 647 dum
1628 606 1828 663 negare
1853 591 2147 660 videretur,

549 683 860 755 professus;
887 683 956 737 ita
984 689 1040 737 et
1065 682 1118 737 in
1144 681 1454 754 Evangeliis
1478 699 1666 739 verum
1695 698 1754 740 se
1783 685 1986 750 Deum,
2019 684 2148 740 dum

551 792 659 831 non
705 774 952 832 conﬁteri
999 773 1338 830 existimatur
1380 776 1691 832 ostendens.
1740 775 1855 832 Hoc
1898 776 2042 831 enim
2092 789 2152 831 se

549 867 696 924 dicto
736 867 886 939 ejus,
934 883 1002 923 ne
1047 882 1170 924 eum
1198 883 1382 924 verum
1412 870 1580 924 Deum
1609 883 1729 924 esse
1758 866 1993 924 lucretici
2021 881 2154 923 con-

552 960 827 1028 ﬁteantur,
871 968 1165 1015 excusant:
1212 958 1341 1016 Haec
1383 970 1457 1017 est
1495 970 1664 1016 autem
1700 961 1803 1015 vita
1830 970 2055 1024 aeterna,
2097 969 2156 1014 ut

552 1054 722 1108 sciant
753 1061 801 1107 te
829 1052 997 1107 solum
1027 1068 1201 1107 verum
1243 1052 1444 1119 Deum,
1490 1062 1536 1107 et
1565 1070 1712 1129 quem
1746 1053 1928 1108 misisti
1974 1052 2155 1108 Iesum

554 1145 822 1202 Christum
855 1146 1034 1220 (Joan.
1068 1162 1206 1214 xvu,
1236 1145 1313 1219 5).
1348 1146 1406 1202 In
1436 1161 1503 1202 eo
1532 1162 1767 1219 namque
1796 1147 1939 1219 quod
1970 1146 2080 1215 ait,
2111 1157 2159 1203 te

553 1240 721 1295 solum
761 1256 931 1294 verum
969 1237 1168 1307 Deum,
1212 1253 1471 1309 separare
1501 1255 1561 1295 se
1590 1254 1622 1294 a
1650 1241 1879 1295 veritate
1925 1240 2020 1296 Dei
2062 1255 2159 1310 per

556 1332 929 1403 exceptionem
961 1331 1186 1386 solitarii
1227 1331 1602 1400 existimatur;
1646 1347 1769 1388 cum
1801 1332 1951 1388 solus
1998 1346 2160 1388 verus

558 1424 703 1481 Dens
732 1424 835 1480 nisi
875 1440 935 1480 se
978 1433 1188 1480 tantum
1228 1426 1529 1482 solitarium
1563 1426 1731 1483 Deum
1776 1443 1884 1483 non
1926 1428 2160 1498 patiatur

565 1515 815 1586 intelligi.
848 1516 912 1570 Et
941 1531 1070 1573 vere
1098 1516 1244 1572 istud
1273 1517 1403 1573 ﬁdes
1433 1519 1727 1588 apostolica
1778 1536 1886 1576 non
1932 1520 2154 1591 patitur,

557 1607 696 1664 duos
737 1624 897 1665 veros
926 1609 1060 1666 deos
1087 1610 1272 1677 credi;
1304 1613 1427 1682 quia
1461 1620 1667 1668 natura:
1699 1615 1861 1669 unius
1896 1613 1990 1669 Dei
2023 1613 2158 1669 nihil

557 1701 797 1756 alienum
838 1701 1329 1771 naturtecjusdem
1378 1704 1769 1775 exaequandum
1816 1706 1887 1760 sit
1924 1705 2185 1771 veritati.,

2251 504 2299 552 et
2326 495 2531 551 creditis
2556 495 2801 567 quoniam
2821 512 2852 548 a
2874 494 2984 550 Deo
3007 496 3158 560 exivi,
3186 505 3234 550 et
3261 513 3292 551 a
3312 494 3477 550 Patre
3497 496 3609 551 veni
3632 498 3679 549 in
3705 496 3813 550 hunc

2252 589 2503 645 mundum
2529 588 2693 659 (ibid.
2717 589 2789 645 27
2808 597 2854 644 et
2877 589 2995 659 9.8).
3018 588 3064 644 A
3084 589 3244 644 Patre
3269 589 3414 645 enim
3444 589 3498 643 in
3526 587 3665 644 hunc
3684 606 3811 645 mun-

2253 682 2379 736 dum
2407 691 2661 747 venerat,
2695 680 2775 755 (2)
2806 681 2929 754 quia
2970 696 3001 737 a
3041 682 3152 738 Deo
3193 682 3420 738 exierat.
3466 680 3600 736 Nam
3626 689 3682 736 ut
3706 682 3819 736 uati-

2255 778 2476 832 vitatem
2507 790 2658 831 suam
2694 776 2745 830 in
2776 776 3020 832 exitione
3058 774 3394 846 significasse
3435 773 3816 844 intelligeretur,

2254 867 2483 937 subjecit
2525 882 2585 924 se
2627 882 2654 921 a
2698 867 2859 923 Patre
2901 868 3134 924 venisse.
3193 867 3259 921 Et
3285 882 3407 922 cum
3438 881 3535 937 per
3559 865 3610 920 id
3635 880 3664 918 a
3692 865 3820 922 Patre

2257 959 2505 1026 venerit,
2538 958 2662 1030 quia
2691 974 2719 1013 a
2752 959 2864 1015 Deo
2892 959 3081 1016 exierit
3106 975 3122 1024 ;
3154 958 3322 1015 exitio
3347 959 3469 1028 ejus
3500 973 3529 1013 a
3558 957 3665 1014 Deo
3688 956 3821 1013 abso-

2261 1054 2373 1109 luta
2401 1054 2650 1110 nativitas
2674 1063 2779 1122 est,
2808 1070 2967 1125 quam
2998 1054 3204 1125 paterni
3229 1053 3465 1110 nominis
3486 1061 3568 1108 est
3587 1051 3820 1108 c0nt‘essio

2258 1158 2566 1205 consecuta.
2611 1147 3039 1221 Intelligentibus
3082 1149 3260 1220 itaque
3288 1146 3562 1217 Apostolis
3604 1146 3697 1201 hoc
3728 1146 3821 1201 exi-

2261 1243 2423 1299 tionis
2451 1251 2847 1298 sacramentum
2866 1284 2881 1307 ,
2914 1241 3030 1297 hzrc
3056 1241 3269 1296 locutus
3294 1250 3375 1296 est
3400 1256 3415 1293 :
3448 1238 3605 1293 Modo
3628 1238 3820 1293 creditis.

2266 1335 2397 1390 Ecce
2419 1335 2550 1389 venit
2578 1335 2739 1402 hora,
2771 1343 2818 1390 et
2846 1332 2928 1408 (5)
2955 1350 3094 1389 nunc
3135 1332 3210 1405 (b)
3246 1332 3415 1398 venit,
3447 1339 3505 1385 ut
3543 1330 3823 1401 dispergam

2261 1427 2601 1497 unusquisque
2652 1426 2707 1480 in
2757 1442 2850 1481 sua
2875 1468 2890 1491 ,
2942 1435 2992 1480 et
3039 1442 3117 1480 me
3167 1425 3336 1480 solum
3383 1422 3708 1488 relinquatis:
3751 1421 3821 1476 sed

2261 1538 2363 1577 non
2390 1538 2503 1577 sunt
2525 1522 2686 1586 solus,
2713 1521 2957 1591 quoniam
2986 1518 3146 1574 Pater
3172 1535 3370 1573 mecum
3397 1526 3476 1573 est
3507 1515 3665 1588 (Ibid.
3686 1515 3749 1573 32
3784 1524 3823 1569 et

2262 1616 2387 1687 55).
2418 1615 2491 1673 Ut
2516 1614 2806 1671 exitionem
2835 1613 3007 1680 illam,
3028 1626 3134 1669 non
3159 1611 3550 1667 alienationem
3574 1624 3600 1662 a
3625 1608 3724 1664 Deo
3745 1622 3822 1675 pa-

2264 1715 2349 1765 tre
2387 1708 2608 1764 doceret
2633 1721 2754 1763 esse
2776 1747 2790 1772 ,
2819 1705 2913 1761 sed
2946 1704 3276 1761 nativitatem
3309 1712 3559 1759 naturam
3592 1701 3640 1756 in
3665 1714 3717 1756 se
3748 1698 3824 1755 Dei

557 1792 677 1849 Non
707 1793 811 1847 erit
839 1792 983 1848 enim
1025 1793 1077 1848 in
1122 1793 1215 1850 Dei
1258 1795 1413 1849 unius
1453 1797 1683 1852 veritate
1727 1797 1867 1853 Deus
1911 1812 2087 1865 unus,
2116 1795 2162 1852 si
2192 1797 2241 1857 B
2268 1802 2436 1874 patris
2475 1801 2751 1857 nascendo
2792 1800 3149 1863 retinentem;
3203 1796 3438 1868 subjecit
3464 1811 3572 1852 non
3601 1808 3658 1851 se
3682 1793 3825 1848 solum

557 1897 710 1942 extra
754 1892 1000 1941 naturam
1046 1886 1204 1941 unius
1245 1885 1338 1942 Dei
1383 1888 1535 1951 veri,
1584 1887 1806 1943 alterius
1846 1888 2062 1959 generis
2108 1896 2163 1944 et

560 1997 669 2037 non
712 1979 1013 2037 secundum
1043 1981 1376 2038 nativitatem
1411 1983 1672 2038 naturalis
1699 1982 1798 2039 sibi
1833 1984 1975 2040 Deus
2002 1998 2164 2041 verus

559 2074 804 2133 exsistat.

631 2166 725 2223 29.
758 2165 842 2222 Ea:
867 2166 1125 2238 adjunctis
1154 2165 1316 2221 verbis
1361 2166 1598 2223 diluitur.
1642 2165 1808 2223 Deum
1838 2183 1900 2224 ex
1926 2165 2035 2222 Deo
2066 2183 2165 2222 na-

562 2272 678 2319 tura
715 2260 973 2318 Christum
1012 2271 1293 2334 agnoscunt
1325 2261 1579 2332 Apostoli.
1603 2293 1666 2303 --
1689 2262 1794 2319 Sed
1827 2270 1886 2318 ut
1916 2262 2019 2319 hoc
2048 2262 2166 2332 ipso

563 2354 755 2411 eodem
786 2354 934 2411 dicto
964 2370 1068 2411 non
1099 2354 1349 2427 ambigue
1378 2355 1495 2425 ipse
1534 2371 1595 2412 se
1635 2355 1691 2411 in
1732 2356 1888 2411 unius
1918 2355 2012 2411 Dei
2053 2354 2166 2411 veri

568 2457 763 2504 natura
806 2448 970 2504 Deum
1023 2463 1210 2504 verum
1265 2447 1540 2518 professus
1580 2463 1701 2504 esse
1747 2447 2093 2519 intelligatur,
2135 2462 2167 2501 a

579 2541 984 2611 superioribus,
1037 2540 1164 2596 huic
1218 2548 1394 2596 tamen
1442 2540 1588 2595 dicto
1633 2541 1959 2596 continuatis
2008 2550 2168 2610 atque

562 2634 805 2705 junctis,
857 2634 1282 2705 proiessionibus
1326 2633 1705 2706 responsionis
1749 2646 1948 2690 nostra:
1988 2648 2169 2691 sermo

566 2726 889 2783 descendat:
922 2735 979 2781 ut
1008 2741 1106 2797 per
1132 2726 1330 2797 gradus
1372 2725 1757 2781 demonSIrata:
1798 2726 1949 2793 ﬁdei,
1973 2725 2082 2796 jam
2115 2726 2166 2780 in

573 2821 694 2891 ipso
722 2820 875 2890 apice
905 2820 1021 2875 veri
1053 2820 1144 2875 Dei
1188 2818 1387 2873 Christi
1431 2818 1696 2873 libertatis
1738 2826 1939 2873 nostra:
1979 2818 2167 2873 ﬁducia

568 2914 939 2986 conquiescat.
976 2914 1104 2968 Post
1135 2912 1300 2983 280
1327 2919 1723 2968 sacramentum
1757 2911 1936 2980 itaque
1965 2927 2171 2966 sermo-

570 3008 656 3063 nis
699 3008 816 3075 ejus
838 3048 851 3073 ,
885 3020 993 3074 quo
1023 3004 1267 3058 dixerat:
1302 3002 1401 3069 Qui
1431 3019 1508 3057 me
1537 3002 1662 3058 vidit
1692 3002 1814 3056 vidit
1845 3011 1892 3057 et
1922 3001 2173 3069 Patrem;

572 3111 658 3158 et:
695 3099 819 3155 Non
844 3097 1050 3154 creditis
1078 3096 1237 3162 mihi,
1270 3096 1409 3162 quod
1434 3112 1527 3167 ego
1550 3096 1603 3150 in
1632 3094 1792 3151 Patre
1811 3138 1827 3163 ,
1854 3105 1902 3151 et
1932 3095 2087 3150 Pater
2117 3095 2173 3150 in

2266 1910 2427 1959 esse,
2460 1894 2555 1951 sed
2583 1894 2795 1949 Patrem
2822 1908 3004 1950 secum
3045 1906 3198 1959 esse,
3243 1892 3448 1947 virtute
3485 1889 3665 1960 utique
3694 1894 3826 1957 atque

2266 1989 2474 2045 unitate
2517 1997 2755 2043 naturtc:
2785 2003 2906 2042 cum
2935 2001 3116 2042 secum
3144 1985 3304 2041 Pater
3332 1986 3386 2039 in
3418 1998 3480 2041 se
3525 1996 3731 2038 manens
3762 1992 3828 2034 es-

2267 2089 2379 2148 set,
2415 2080 2467 2134 in
2500 2079 2758 2151 loquente
2783 2092 2842 2135 se
2868 2058 3030 2147 atque
3057 2086 3316 2149 operante
3346 2086 3403 2132 et
3432 2090 3660 2146 operans
3682 2080 3730 2129 et
3763 2071 3827 2125 lo-

2267 2186 2467 2243 quens.
2512 2170 2720 2228 Deinde
2760 2179 2816 2225 ut
2855 2185 3070 2225 causam
3114 2170 3278 2225 totius
3307 2168 3470 2240 hujus
3498 2169 3578 2223 sui
3604 2160 3829 2221 sermonis

2269 2266 2619 2332 ostenderet,
2648 2264 2846 2335 adjecit
2871 2282 2883 2318 :
2916 2264 3043 2319 Htec
3067 2264 3268 2318 locutus
3293 2279 3411 2317 sum
3438 2261 3607 2328 vobis,
3632 2267 3681 2314 ut
3702 2258 3747 2311 in
3768 2270 3830 2309 nte

2268 2375 2440 2432 pacem
2467 2359 2711 2413 habeatis.
2743 2357 2809 2412 In
2838 2357 2933 2412 hoc
2955 2366 3125 2412 autem
3150 2357 3342 2412 steculo
3370 2353 3733 2410 tribulationem
3754 2350 3829 2402 ha-

2269 2450 2485 2506 bebitis:
2512 2450 2601 2506 sed
2650 2449 2722 2521 (c)
2764 2450 3037 2521 animthui
3076 2458 3265 2514 estote,
3303 2448 3429 2519 quia
3466 2447 3561 2501 vici
3597 2458 3679 2517 ego
3699 2441 3826 2514 281
3878 2524 3879 2527 η

2271 2544 2520 2598 mundum
2549 2542 2712 2615 (Ibid.
2739 2543 2857 2613 55).
2888 2544 3126 2600 Locutus
3157 2557 3287 2612 ergo
3312 2543 3414 2597 ista
3444 2550 3557 2607 est,
3583 2547 3640 2594 ut
3660 2534 3827 2608 paciﬁci

2271 2637 2324 2694 in
2367 2654 2435 2694 eo
2482 2645 2802 2703 manerent,
2848 2651 3026 2707 neque
3066 2634 3470 2691 dissensionum
3511 2631 3679 2688 studio
3700 2640 3830 2698 super

2274 2730 2396 2786 ﬁdei
2424 2729 2899 2798 disceptationibus
2927 2728 3284 2794 dissiderent;
3320 2743 3447 2784 cum
3477 2727 3564 2799 qui
3601 2722 3734 2781 solus
3765 2734 3809 2774 re

2273 2825 2626 2893 linqueretur,
2669 2839 2772 2878 non
2801 2823 2949 2878 stilus
2987 2832 3165 2891 esset;
3209 2832 3264 2879 et
3305 2823 3399 2890 qui
3438 2837 3466 2875 a
3497 2822 3605 2877 Deo
3628 2819 3825 2875 exisset,
3878 2866 3879 2909 ᾗ

2273 2932 2394 2972 eum
2439 2933 2465 2969 a
2513 2933 2617 2986 quo
2659 2916 2859 2971 exisset
2899 2915 3065 2970 Deum
3111 2916 3162 2970 in
3204 2930 3266 2971 se
3308 2914 3565 2975 haberet:
3592 2905 3826 2966 deindein

2273 3008 2470 3065 saeculo
2501 3008 2675 3066 vexati
2702 3050 2716 3074 ,
2756 3008 3019 3076 patientes
3061 3006 3484 3076 promissionum
3514 3003 3624 3075 ejus
3649 3004 3823 3061 essent,

2276 3101 2366 3173 qui
2396 3100 2651 3157 mundum
2675 3116 2703 3156 a
2728 3101 2840 3156 Deo
2864 3100 3114 3157 exeundo
3138 3109 3195 3156 et
3216 3100 3389 3155 Deum
3416 3111 3596 3155 secum
3624 3088 3828 3149 habendo
3878 3100 3879 3129 ι

571 3193 689 3248 me?
718 3191 796 3264 (l)
835 3190 1003 3245 Verba
1025 3228 1042 3255 ,
1073 3203 1189 3259 qua:
1218 3203 1309 3258 ego
1338 3187 1519 3259 loquor
1548 3188 1686 3243 vobis
1705 3231 1719 3254 ,
1762 3206 1865 3243 non
1904 3206 1937 3242 a
1977 3206 2056 3244 me
2095 3189 2173 3244 lo—
2200 3192 2246 3256 C
2276 3193 2516 3248 vicisset.

572 3300 734 3356 quor;
756 3283 844 3339 sed
870 3281 1052 3349 Pater,
1076 3281 1162 3349 qui
1184 3283 1236 3335 in
1264 3296 1343 3334 me
1367 3290 1537 3335 manet
1553 3324 1568 3346 ,
1595 3281 1706 3351 ipse
1731 3283 1852 3352 facit
1875 3298 2032 3351 opera
2057 3298 2174 3337 sua.

579 3373 787 3431 Credite
820 3374 984 3441 mihi,
1014 3372 1258 3443 quoniam
1299 3389 1391 3445 ego
1431 3373 1483 3426 in
1518 3371 1704 3440 Patre,
1737 3382 1786 3428 et
1819 3373 1977 3429 Pater
2009 3376 2066 3428 iu
2101 3391 2180 3429 me

578 3480 692 3524 est:
722 3469 803 3524 sin
832 3476 1001 3522 autem
1021 3507 1036 3535 ,
1068 3466 1147 3521 rel
1173 3476 1381 3536 prapter
1409 3483 1566 3537 opera
1589 3466 1705 3536 ipsa
1744 3468 1937 3523 credite
1976 3467 2175 3539 (Joan.

576 3579 694 3630 xw,
723 3563 756 3619 9
771 3572 819 3617 et
843 3561 1027 3633 seqq.).
1048 3562 1174 3623 Post
1201 3560 1549 3631 multiplicem
1570 3574 1699 3631 ergo
1716 3560 1857 3616 hunc
1885 3562 2178 3633 ingentium

578 3655 960 3726 mysteriorum
1018 3668 1367 3720 sermonem,
1427 3653 1673 3723 sequitur
1729 3654 2177 3724 rcSpondentium

581 3747 973 3818 discipulorum
1022 3762 1207 3805 sermo
1257 3748 1395 3802 iste:
1455 3745 1613 3802 Nunc
1660 3764 1781 3820 ergo
1827 3750 2011 3805 scimus
2059 3752 2183 3819 quia

582 3839 720 3895 nosti
747 3839 923 3893 omnia
947 3881 961 3905 ,
993 3850 1038 3894 et
1067 3855 1170 3894 non
1200 3840 1352 3894 habes
1382 3856 1582 3895 necesse
1618 3850 1677 3895 ut
1715 3842 1901 3913 aliquis
1938 3853 1987 3899 te
2023 3844 2180 3899 inter-

581 3940 757 4003 roget;
784 3932 836 3985 in
860 3931 955 3986 hoc
974 3931 1230 3986 credimus
1250 3932 1493 4003 quoniam
1515 3948 1546 3986 a
1568 3931 1677 3987 Deo
1700 3935 1854 3989 existi
1872 3934 2051 4008 (Joan.
2069 3953 2181 4005 xvt,

585 4026 657 4082 50
681 4037 729 4081 et
754 4024 869 4098 51).
901 4024 1203 4082 Virtutibus
1234 4026 1286 4080 in
1316 4041 1382 4082 eo
1415 4025 1510 4082 Dci
1532 4068 1547 4092 ,
1577 4038 1820 4084 naturam
1851 4046 2063 4100 quoque
2091 4032 2185 4087 Dei

585 4122 1004 4180 intellexerunt:
1038 4136 1211 4192 neque
1240 4121 1383 4176 enim
1414 4136 1575 4177 nosse
1613 4122 1827 4190 omnia,
1858 4131 1914 4180 et
1940 4124 2183 4181 cordinm

586 4213 944 4286 cogitationes
980 4212 1157 4279 scire,
1200 4213 1346 4268 missi
1388 4214 1565 4282 potius
1590 4229 1621 4269 a
1653 4213 1763 4269 Deo
1803 4223 1992 4286 posset
2025 4229 2182 4283 esse,

588 4320 750 4376 quam
793 4305 925 4359 nati.
968 4304 1024 4358 In
1060 4304 1162 4359 hoc
1192 4319 1322 4375 ergo
1350 4319 1410 4361 se
1437 4304 1663 4361 credere
1694 4305 2016 4376 proﬁtentur
2041 4306 2184 4379 quod

587 4411 617 4451 a
647 4396 761 4453 Deo
790 4395 1016 4459 exierit,
1050 4396 1173 4465 quia
1206 4404 1413 4451 natura:
1442 4396 1495 4450 in
1524 4412 1589 4451 eo
1616 4397 1711 4453 Dei
1743 4407 1893 4454 esset
1924 4407 2183 4465 potestas.

657 4487 751 4545 30.
781 4485 1041 4541 Exitionis
1071 4486 1275 4541 nomine
1303 4486 1357 4539 id
1384 4496 1503 4557 apte
1529 4487 1845 4558 signiﬁcant.
1890 4488 2066 4546 Exitio
2094 4490 2187 4546 illa

587 4580 903 4635 nativitatem
929 4578 1052 4633 dicit
1073 4620 1086 4644 ,
1119 4595 1222 4633 non
1248 4578 1607 4633 alienationem
1634 4595 1665 4633 a
1700 4578 1873 4636 Patre.
1895 4612 1964 4620 —
1986 4581 2187 4638 Intelli-

2354 3286 2445 3341 51.
2480 3282 2525 3337 F
2529 3285 2672 3339 ilium
2702 3283 2962 3355 inﬁrmum
2995 3299 3097 3338 non
3121 3283 3302 3355 probat
3331 3283 3514 3353 glorier
3541 3276 3721 3350 petitio,
3747 3286 3829 3326 non

2282 3379 2547 3448 potestatis
2577 3377 2823 3449 acceptio.
2867 3375 3100 3431 Potestas
3138 3376 3303 3430 omnis
3326 3373 3472 3429 Filio
3498 3381 3570 3429 est
3588 3363 3827 3440 congenita.
3878 3360 3879 3433 ξ

2281 3501 2354 3511 —-
2376 3470 2659 3525 Postremo
2690 3469 2853 3523 totius
2874 3468 3113 3541 mysterii
3141 3466 3300 3522 ﬁdem
3332 3467 3626 3527 locuturus,
3648 3453 3829 3515 elevatis
3878 3458 3879 3493 ι

2285 3562 2337 3617 in
2385 3561 2579 3617 omium
2608 3559 2781 3617 oculis
2807 3560 2882 3614 ait
2921 3578 2933 3613 :
2990 3556 3170 3626 Pater,
3213 3558 3346 3614 venit
3405 3560 3549 3622 hora,
3592 3546 3829 3617 honoriﬁca
3878 3564 3879 3611 ξ

2284 3652 2450 3722 ﬁlium
2479 3662 2643 3714 tuum,
2669 3661 2727 3707 ut
2754 3652 2893 3723 ﬁlius
2918 3650 2997 3724 (4)
3025 3661 3143 3706 tuus
3170 3649 3478 3721 honori/iret
3503 3660 3566 3704 te.
3608 3645 3740 3702 Sicut
3759 3638 3828 3691 der
3878 3660 3879 3675 π

2286 3748 2409 3803 disti
2430 3747 2510 3803 illi
2535 3756 2839 3818 potestatem
2865 3746 3029 3801 cumis
3058 3746 3250 3810 carnis,
3282 3755 3337 3800 ut
3364 3760 3515 3801 omne
3530 3738 3658 3814 quod
3680 3729 3828 3791 dedisti

2284 3839 2387 3905 illi,
2415 3841 2497 3894 det
2527 3840 2569 3894 ei
2607 3841 2761 3894 vitam
2801 3849 3045 3894 (sternam
3086 3837 3269 3911 (Joau.
3320 3853 3454 3906 xvn,
3484 3838 3507 3893 l
3534 3843 3579 3890 et
3605 3829 3676 3903 2).
3702 3828 3823 3884 Anne

2287 3933 2384 3989 tibi
2412 3934 2662 3988 inﬁrmus
2688 3932 2921 4000 videtur,
2952 3947 3073 3988 eum
3106 3931 3456 3987 lionoriﬁcari
3484 3946 3543 3986 se
3579 3921 3744 3996 rogat?
3766 3915 3829 3971 δίε

2287 4024 2448 4096 plane
2478 4023 2748 4089 inﬁrmus,
2784 4023 2888 4078 nisi
2918 4022 3260 4079 honoriﬁcari
3306 4037 3367 4079 se
3397 4020 3592 4078 idcirco
3619 4009 3825 4101 postulat,
3878 4044 3879 4101 1

2288 4124 2348 4172 ut
2368 4116 2483 4187 ipse
2497 4114 2814 4171 houoriﬁcet
2838 4114 3217 4171 honor-antem.
3242 4113 3319 4170 De
3335 4112 3545 4170 honore
3565 4098 3827 4176 accipiendo
3878 4098 3879 4137 ὲ

2288 4219 2343 4267 ct
2370 4208 2672 4277 reddendo,
2704 4209 2846 4266 libro
2872 4209 2980 4265 alio
3010 4209 3152 4280 (Lib.
3187 4225 3269 4276 ιιι,
3300 4227 3353 4264 n.
3390 4207 3482 4279 12)
3515 4200 3822 4262 tractavimus.

2287 4313 2338 4359 et
2365 4304 2555 4360 eadem
2583 4302 2868 4359 revolvere
2888 4301 3175 4358 admodum
3199 4300 3278 4374 (ά)
3312 4302 3545 4359 otiosum
3585 4304 3677 4353 est.
3703 4288 3827 4345 Certe

2290 4410 2396 4451 non
2424 4395 2712 4467 ambigitur
2739 4396 2965 4467 gloriam
3005 4394 3205 4451 idcirco
3225 4395 3376 4466 posci
3401 4436 3417 4461 ,
3469 4403 3526 4448 ut
3555 4385 3827 4463 gloriﬁcelttt‘

2293 4487 2633 4558 impertiens.
2675 4487 2783 4545 Sed
2811 4487 3019 4544 iortein
3051 4503 3118 4544 eo
3148 4488 3451 4545 imbecillus
3476 4495 3585 4552 est,
3612 4474 3732 4552 «ιιιοά
3754 4483 3826 4541 βο·

2295 4591 2545 4638 tcstalem
2577 4582 2752 4637 omnis
2781 4582 2960 4637 carnis
2989 4582 3216 4651 accepit.
3257 4581 3340 4638 Sit
3384 4591 3590 4651 quoque
3627 4561 3824 4633 aeceP‘i"

589 4675 826 4748 gentiam
860 4672 939 4746 (a)
998 4681 1176 4728 autem
1220 4687 1408 4728 eorum
1447 4671 1760 4727 collaudans
1803 4672 2060 4730 Dominus
2099 4692 2187 4733 re-
2213 4658 2267 4719 Ῑ)
2296 4678 2578 4747 potestatis
2608 4675 2898 4743 imbecilla.
2927 4676 3026 4731 nisi
3059 4683 3248 4745 potens
3276 4685 3360 4731 est
3401 4675 3524 4739 illis,
3561 4679 3679 4740 quos
3699 4667 3823 4713 secer

587 4767 828 4839 spondit,
873 4780 980 4821 non
1022 4766 1207 4832 utique
1237 4763 1378 4833 quod
1413 4764 1607 4819 missus
1634 4774 1798 4828 esset,
1841 4765 1935 4820 sed
1975 4766 2115 4836 quod
2156 4785 2185 4823 a

588 4858 703 4917 Deo
723 4861 959 4927 exisset,
984 4858 1283 4929 profectum
1314 4855 1607 4912 nativitatis
1633 4871 1698 4913 ex
1728 4857 2047 4928 incorporali
2076 4859 2188 4916 Deo

587 4952 689 5009 sub
730 4953 981 5008 exitiouis
1025 4950 1417 5022 signiﬁcatione
1465 4956 1715 5005 testatum
1763 4948 1858 5021 (V.
1914 4949 2099 5018 lib.vr,
2133 4970 2186 5007 ιι.

586 5045 714 5118 50).
746 5045 878 5101 Nam
909 5055 963 5102 et
993 5045 1109 5115 ipse
1138 5044 1471 5099 nativitatem
1503 5058 1652 5098 suam
1684 5042 1784 5099 sub
1813 5043 2062 5101 exitionis
2090 5044 2188 5101 de-

657 5181 736 5256 (Ι)
768 5182 832 5238 Et
860 5183 1029 5238 verba.
1064 5182 1225 5237 Paulo
1256 5191 1404 5256 post,
1430 5192 1476 5238 et
1508 5181 1667 5237 Pater
1690 5183 1743 5236 in
1768 5199 1848 5238 me
1872 5182 1989 5240 sine
2015 5185 2181 5241 verbo

584 5255 868 5332 esttjugta
896 5270 1129 5332 graecum
1149 5296 1164 5320 ,
1191 5257 1275 5312 καὶ
1304 5255 1331 5310 ὁ
1361 5261 1536 5332 πατὴρ
1564 5256 1615 5309 ἓν
1645 5256 1778 5328 ἐμοί.

659 5326 739 5400 (2)
767 5326 926 5395 Quia
955 5325 1086 5382 Deo.

659 5441 736 5513 (a)
765 5441 821 5496 In
847 5455 908 5496 ea
939 5439 1055 5513 scil.
1087 5437 1244 5513 sitam
1277 5437 1411 5513 lidc,
1444 5453 1545 5506 qua
1566 5452 1752 5513 _e_nm_a
1785 5438 1894 5494 Deo
1916 5440 2094 5513 exisse
2122 5454 2183 5496 se

587 5506 811 5567 credere
838 5506 1173 5578 proﬁtentur,
1206 5510 1465 5563 Dominus
1495 5509 1769 5564 collaudat
1797 5519 1850 5565 ct
1875 5511 2179 5577 conﬁrmat,

586 5596 709 5635 cum
726 5581 907 5637 statim
931 5581 1252 5649 respondet,
1280 5579 1681 5635 Modo-creditis.
1706 5581 1970 5647 Quocirca
1993 5583 2179 5647 verba,

590 5667 692 5705 non
718 5653 888 5721 utique
920 5652 1056 5720 quod
1083 5652 1266 5721 missus
1290 5661 1458 5721 esset,
1483 5652 1572 5705 sed
1595 5651 1732 5721 quod
1755 5670 1789 5706 a
1824 5651 1936 5706 Deo
1959 5656 2178 5720 exisset,

534 5736 549 5741 ί
588 5736 696 5777 non
720 5722 785 5775 ad
805 5719 1072 5786 respondit
1093 5763 1108 5788 ,
1137 5719 1233 5777 sed
1259 5720 1326 5777 ad
1355 5719 1746 5794 intelligentiam
1770 5724 2072 5781 collaudatis
2098 5740 2182 5781 re-

587 5791 810 5849 ferenda
832 5799 975 5846 sunt.

611 5799 810 5849 'creuda
832 5799 975 5846 sunt.

2295 4770 2394 4840 pit,
2427 4769 2550 4822 vitae
2596 4768 2835 4823 tribuere
2881 4766 3254 4823 aeternitatem.
3290 4765 3396 4823 Sed
3430 4767 3482 4821 in
3508 4777 3570 4818 eo
3598 4759 3697 4828 ipso
3717 4758 3824 4818 (ιυο-

2296 4876 2424 4931 que,
2458 4858 2602 4929 quod
2629 4858 2861 4928 accepit,
2893 4868 3100 4913 natura:
3119 4858 3296 4929 aliqua
3315 4858 3589 4913 inﬁrmitas
3607 4840 3819 4939 arguilutc

2299 4952 2381 5009 Sit
2414 4953 2571 5022 plane
2598 4953 2843 5022 acceptio
2873 4951 3176 5019 inﬁrmitas,
3206 4952 3307 5007 nisi
3330 4951 3570 5007 Christus
3590 4958 3645 4998 ex
3673 4931 3824 4993 nativi-

2298 5055 2409 5102 tatc
2451 5048 2653 5118 potius,
2682 5061 2839 5118 quam
2881 5061 2946 5103 ex
2970 5045 3384 5102 innascibilitate
3414 5045 3547 5101 Deus
3566 5048 3703 5095 verus
3734 5030 3818 5093 Gii-

2363 5183 2444 5257 (5)
2469 5184 2587 5240 Vox
2627 5202 2760 5240 nunc
2797 5185 2951 5242 abest
2989 5199 3020 5242 a
3056 5183 3243 5243 codice
3283 5196 3488 5243 nostro.
3531 5174 3675 5237 Paulo
3696 5170 3817 5241 Ρ⁰⁵¹¹
3878 5184 3879 5191 “

2292 5256 2643 5326 dispargatttr.

2364 5326 2444 5401 (4)
2477 5330 2633 5384 Deest
2663 5337 2800 5385 tuus.

2357 5438 2434 5513 (b)
2465 5440 2613 5510 Lips.
2639 5451 2694 5497 et
2718 5442 2857 5513 (Par.
2885 5443 3048 5498 veniet
3074 5443 3222 5505 hora,
3261 5438 3631 5513 refragantibtt§
3649 5414 3817 5513 ξιὲῑξ

2289 5497 2482 5592 ιινῗείθι
2504 5497 2682 5580 graeco
2703 5497 3046 5592 E’pxc-rourépct
3065 5556 3081 5580 ,
3105 5518 3190 5592 θεαὶ
3207 5497 3558 5592 ξῦνέλῆῖυθεν.
3581 5497 3708 5592 Ψξίξθ

2294 5560 3088 5642 ueniinfuitfc'r'é'ﬁka'inoiei
3486 5560 3576 5637 ins.
3601 5575 3698 5648 ωε.
3722 5560 3816 5648 Ῡέίξ

2365 5651 2436 5729 (ο)
2477 5653 2550 5729 l_ta
2593 5653 2740 5729 Lips.
2782 5671 2904 5711 eum
2948 5641 3080 5714 mss.
3130 5658 3199 5713 At
3240 5641 3330 5712 Er.
3358 5665 3477 5729 post
3518 5645 3653 5710 Bad.,
3695 5641 3816 5690 aaut"

2292 5727 2446 5797 ecqui.
2481 5725 2604 5780 Par.
2634 5726 3042 5796 aninueqaiores.

2370 5795 2448 5869 (tl)
2487 5796 2543 5852 lu
2573 5812 2677 5853 ms.
2712 5795 2840 5854 Vat.
2864 5800 3002 5865 bas.,
3036 5800 3287 5855 odiosum.
