3930 6194
131 240 227 297 505

1320 244 1408 302 DE
1446 244 1817 304 TRINITATE
1869 247 2075 307 LIBER
2104 250 2196 307 lX.

3296 264 3404 323 506

131 355 269 424 Quod
294 355 338 411 si
384 357 632 427 acceptio
659 357 953 427 potestatis,
989 358 1103 414 sola
1134 368 1215 415 est
1246 359 1568 432 significatio
1612 377 1701 417 na-
1727 365 1783 428 Α
1808 370 1919 421 tum
1939 377 2212 437 postremo
2225 371 2532 430 omniahaec
2549 374 2986 433 taliabsolotiono
3011 376 3357 437 concluderet
3386 400 3401 437 :

132 447 357 517 tiritatis,
386 448 438 502 in
465 465 569 519 qua
599 451 805 519 accepit
825 449 877 506 id
902 450 1043 522 quod
1066 460 1185 517 est;
1211 467 1317 508 non
1346 461 1432 510 est
1472 454 1701 511 inltrmi-

131 538 218 594 tati
272 538 413 593 datio
461 537 790 609 deputanda,
841 556 961 611 qua:
1018 551 1188 598 totum
1238 543 1343 599 hoc
1387 553 1699 602 nascentem

130 640 442 686 consummat
481 646 602 687 esse
631 633 773 704 quod
820 633 962 689 Deus
988 646 1087 690 est.
1118 634 1250 692 Cum
1279 637 1423 693 enim
1465 639 1699 696 innasci-

131 724 241 780 ltilis
265 722 404 778 Deus
442 723 512 779 ad
540 725 831 795 perfectam
865 727 1062 782 divina:
1107 730 1459 789 beatitudinis
1504 734 1700 790 nativi-

132 827 275 873 tatem
300 818 573 890 unigenito
607 820 719 876 Deo
746 833 939 878 auctor
961 823 1051 888 sit,
1085 836 1363 881 auctorem
1401 829 1696 886 nativitatis

132 926 234 968 esse
272 921 667 968 sacramentum
697 913 774 987 (τι)
806 925 1086 987 paternum
1133 928 1236 974 est.
1287 917 1555 978 Caeterum
1587 940 1693 978 non

132 1005 272 1059 habet
312 1004 715 1072 contumeliam,
745 1005 820 1081 (ὁ)
882 1025 1002 1079 qua:
1059 1025 1119 1066 se
1167 1014 1404 1069 auctoris
1449 1017 1529 1068 sui
1579 1031 1702 1071 esse

131 1092 389 1165 imaginem
434 1097 667 1167 genuina
713 1099 994 1157 nativitate
1058 1116 1418 1160 consummat.
1474 1106 1701 1165 Dedisse

133 1188 254 1243 enim
285 1197 604 1258 potestatem
630 1192 808 1247 omnis
829 1195 1029 1260 carnis,
1076 1206 1131 1251 et
1173 1196 1241 1252 ad
1293 1198 1342 1253 id
1389 1197 1604 1257 dedisse
1645 1210 1702 1258 ut

132 1279 210 1335 det
228 1280 273 1335 ei
300 1282 459 1337 vitam
484 1292 764 1351 aeternam,
794 1284 960 1343 habet
984 1300 1039 1343 et
1086 1288 1138 1343 in
1181 1290 1342 1346 dante
1378 1291 1520 1363 quod
1546 1303 1702 1364 pater

131 1382 221 1440 cst,
248 1382 297 1429 et
322 1375 374 1429 in
415 1375 721 1446 accipiente
765 1378 909 1449 quod
939 1379 1081 1435 Dens
1115 1391 1198 1437 est
1232 1401 1244 1436 :
1276 1397 1399 1438 cum
1448 1393 1504 1440 et
1551 1385 1604 1440 in
1635 1400 1702 1442 eo

131 1468 432 1538 signiﬁcetur
458 1468 622 1526 Pater
649 1485 793 1538 esse,
823 1473 965 1544 quod
997 1473 1242 1545 dederit;
1273 1485 1327 1532 et
1358 1476 1410 1531 in
1439 1492 1504 1535 eo
1530 1478 1703 1534 Filius

131 1561 254 1617 Deus
278 1572 512 1629 maneat,
539 1563 684 1633 quod
715 1566 838 1620 vita:
851 1573 1069 1622 teternte
1086 1567 1278 1625 danda:
1299 1572 1591 1642 sumpserit
1607 1587 1703 1643 po-

131 1661 370 1709 testatem.
400 1653 674 1712 Naturalis
701 1657 863 1730 igitur
887 1658 999 1715 filio
1026 1660 1123 1715 Dei
1145 1669 1200 1717 et
1221 1664 1504 1734 congenita
1524 1664 1702 1721 omnis

1807 458 1937 515 Haec
1964 472 2035 516 est
2080 472 2254 518 autem
2303 466 2404 521 vita
2429 478 2642 537 (eterna,
2675 481 2731 525 ut
2758 471 2927 526 sciant
2951 482 3000 526 te
3032 471 3199 526 solum
3227 488 3404 527 verum

1803 549 1993 617 Deum,
2023 565 2069 609 et
2092 572 2241 626 quem
2271 559 2455 614 misisti
2475 559 2656 617 Iesum
2683 561 2946 618 Christum
2972 561 3139 634 (Ibid.
3174 578 3312 631 χιιι,
3344 564 3406 619 1-

1802 642 2033 717 5).Vita:
2061 656 2278 705 aeterna:
2303 650 2466 707 ﬁdem
2500 654 2584 709 vel
2614 655 2777 726 loqui,
2814 655 3088 723 bmretice,
3123 655 3292 723 disce,
3319 658 3406 714 vel

1803 741 2047 797 credere.
2080 742 2147 797 Et
2176 759 2363 815 separa
2396 762 2426 802 a
2456 747 2568 803 Deo
2588 749 2881 818 Christum,
2913 752 2957 805 si
2981 760 3158 821 potes,
3189 765 3217 803 a
3241 750 3403 808 Patre

1804 835 2022 903 Filium,
2054 853 2082 891 a
2113 838 2225 895 Deo
2249 854 2375 895 vero
2398 856 2560 912 super
2584 843 2763 897 omnia
2785 843 2976 911 Deum,
2996 858 3026 898 a
3074 844 3193 899 solo
3235 859 3400 900 unum

1805 925 1967 1001 (unus
1994 929 2138 985 enim
2170 932 2432 988 Dominus
2458 942 2541 988 est
2561 933 2721 1006 lesus
2746 935 2989 991 Christus
3011 977 3029 1004 ,
3069 936 3094 992 l
3133 935 3254 992 Cor.
3285 951 3401 1002 vnt,

1803 1019 1891 1094 6);
1922 1023 1966 1078 si
1998 1023 2107 1078 vita
2140 1036 2340 1080 mterna
2363 1036 2447 1081 est
2486 1027 2538 1081 in
2567 1027 2737 1082 Deum
2780 1027 2953 1083 solum
2992 1043 3179 1085 verum
3227 1028 3405 1085 credi-

1804 1113 1949 1168 disse
1989 1114 2067 1185 (g)
2099 1115 2237 1171 sine-
2262 1114 2493 1171 Christo.
2547 1116 2601 1173 Si
2651 1132 2782 1173 vero
2825 1128 3080 1189 separato
3130 1118 3345 1175 Christo
3371 1136 3403 1176 a

1803 1206 1921 1261 solo
1946 1206 2063 1261 Deo
2096 1222 2242 1274 vero,
2295 1208 2347 1263 in
2393 1208 2735 1266 confessione
2775 1211 2959 1266 solius-
2986 1210 3083 1266 Dei
3126 1212 3238 1267 veri
3293 1213 3403 1267 vita

1803 1308 2006 1353 aeterna
2051 1314 2159 1355 non
2206 1301 2446 1372 capitur;
2481 1317 2586 1357 non
2617 1302 2857 1375 intelligo
2885 1303 3158 1376 quomodo
3186 1302 3341 1359 nobis
3371 1319 3402 1360 a

1804 1392 1919 1449 Deo
1948 1408 2079 1450 vero
2109 1395 2441 1465 separandus
2467 1396 2534 1454 ad
2565 1396 2723 1453 tidem
2754 1398 2843 1465 sit,
2877 1399 2965 1470 qui
2999 1412 3108 1454 non
3148 1398 3219 1454 sit
3248 1412 3403 1469 sapa.

1804 1491 1991 1547 rabilis
2014 1491 2079 1547 ad
2105 1493 2353 1549 salutem.

1874 1586 1965 1642 35.
2024 1586 2233 1658 Objecto
2279 1588 2390 1642 loco
2433 1585 2667 1642 Christus
2701 1588 2932 1644 innuitur
2970 1604 3118 1644 verus
3149 1587 3304 1646 Deus.
3330 1619 3401 1632 —-

1804 1677 2144 1750 Quamquam
2174 1679 2335 1750 igitur
2359 1679 2525 1735 sciam
2550 1695 2796 1736 ntorosas
2826 1681 3120 1737 difficilium
3147 1682 3404 1753 quaestio-

130 1755 442 1846 putestascst
471 1766 485 1802 :
511 1764 585 1819 qu
605 1765 635 1804 c
675 1764 796 1806 cum
836 1751 957 1846 data
985 1753 1073 1820 sit,
1103 1752 1172 1828 (ε)
1214 1771 1320 1810 nun
1349 1757 1550 1813 alienat
1576 1774 1697 1815 cum
1731 1763 1776 1823 Β
1806 1786 1933 1825 num
1964 1771 2330 1828 absolutiones
2371 1772 2661 1844 legentium
2712 1774 2994 1830 desideriis
3023 1751 3215 1846 graves
3242 1790 3401 1844 esse;

130 1854 210 1908 per
238 1839 285 1893 id
312 1839 378 1895 ab
406 1851 633 1899 auctore
659 1845 782 1915 quia
814 1845 937 1900 data
960 1856 1072 1913 est;
1101 1863 1221 1905 cum
1250 1850 1391 1921 quod
1420 1851 1493 1906 sit
1514 1861 1704 1909 aucto-

128 1934 207 2000 ris,
234 1932 329 1989 hoc
354 1934 540 1991 datum
570 1938 658 2000 sit,
690 1938 821 1994 dare
858 1941 1065 1996 scilicet
1109 1942 1271 1998 vitam
1315 1954 1596 2013 aeternam,
1647 1954 1703 2002 et

126 2028 498 2096 corruptionem
514 2032 675 2105 282
690 2033 767 2106 (ά)
782 2034 833 2089 in
856 2032 1315 2105 incorruptionem
1337 2049 1565 2096 mutare.
1598 2040 1702 2096 De-

124 2117 189 2175 dit
210 2118 379 2193 itaque
408 2123 573 2181 Pater
594 2127 797 2191 omnia,
842 2139 895 2184 et
919 2130 1127 2200 accepit
1151 2129 1322 2189 Filius
1352 2132 1529 2188 omnia
1562 2151 1575 2186 :
1606 2150 1702 2190 ne-

127 2227 215 2281 que
239 2215 542 2288 ambiguum
571 2229 676 2284 est,
718 2234 840 2275 cum
887 2221 1088 2279 dixerit
1116 2242 1130 2279 :
1166 2223 1353 2280 Omnia
1381 2242 1498 2299 qute
1527 2225 1701 2284 Patris

126 2317 242 2375 sunt,
280 2326 391 2366 mea
437 2321 561 2367 sunt
603 2312 786 2384 (Joau.
817 2330 930 2380 xvr,
968 2317 1077 2389 15).
1128 2317 1194 2372 Ει
1221 2316 1309 2373 hic
1346 2318 1564 2391 quidem
1594 2335 1700 2377 non

129 2404 434 2461 creationum
486 2406 719 2477 species,
775 2418 948 2479 neque
1014 2410 1406 2467 eletnentorum
1459 2412 1701 2468 diversas

128 2493 516 2553 substitutiones
561 2514 802 2568 praesens
844 2515 1025 2557 sermo
1070 2501 1332 2573 signiﬁcat
1359 2502 1457 2575 (V.
1484 2504 1623 2577 infra
1645 2523 1697 2559 ιι.

128 2585 205 2655 72)
230 2605 243 2644 :
271 2589 362 2646 sed
395 2592 571 2647 beata:
594 2602 755 2662 atque
780 2593 1040 2650 absoluta:
1067 2596 1368 2654 divinitatis
1402 2600 1557 2656 nobis
1589 2600 1701 2671 glo-

129 2684 243 2737 riam
290 2685 550 2755 pandens,
588 2686 759 2743 Deum
799 2689 850 2743 in
881 2688 967 2745 his
1011 2691 1248 2747 ostendit
1295 2693 1699 2765 intelligendum

131 2788 230 2830 csse
253 2792 368 2847 qum
394 2793 494 2834 sua
521 2788 670 2848 sunt,
702 2781 753 2835 in
776 2781 993 2851 virtute,
1028 2783 1079 2839 in
1104 2784 1429 2852 aeternitate,
1479 2787 1531 2842 in
1577 2802 1703 2859 pro-

131 2870 355 2941 videntia,
407 2876 463 2930 in
515 2884 818 2946 potestate:
848 2892 954 2932 non
988 2878 1129 2947 quod
1160 2878 1277 2935 lucc
1315 2879 1460 2936 Deus
1498 2881 1569 2936 ita
1603 2880 1701 2936 ha-

132 2961 255 3032 heat,
286 2976 558 3039 tamquam
590 2969 733 3024 aliud
762 2970 890 3041 quid
920 2982 1070 3026 extra
1098 2972 1196 3028 ista
1224 2988 1345 3029 esse
1371 2972 1441 3046 (e)
1470 2974 1700 3032 creden-

134 3054 217 3110 dus
256 3057 321 3113 sit
365 3076 379 3113 :
429 3060 529 3115 sed
557 3061 702 3130 quod
732 3060 785 3116 in
828 3061 913 3118 bis
959 3059 1460 3135 ad'aliquautulatn
1510 3081 1702 3124 sensus

1804 1872 1984 1920 tamen
2009 1864 2090 1937 (Ι)
2121 1865 2283 1921 dilata
2312 1865 2380 1921 ad
2409 1867 2678 1923 modicum
2704 1869 2871 1923 totius
2898 1868 3143 1924 veritatis
3180 1870 3403 1927 demon-

1802 1957 2088 2025 stratione,
2121 1957 2384 2029 indulgeri
2435 1958 2566 2014 mihi
2615 1958 2868 2015 exisdmo
2911 1976 3018 2015 non
3061 1961 3179 2017 sine
3222 1962 3404 2033 aliquo

1803 2051 1927 2106 fidei
1957 2050 2222 2122 profectu,
2250 2051 2335 2108 his
2368 2052 2500 2123 ipsis
2519 2051 2678 2109 dictis
2708 2053 3038 2125 evangelicis
3062 2063 3262 2120 tecum,
3293 2055 3406 2110 lite-

1804 2144 1996 2211 retiee,
2048 2144 2294 2201 luctanti.
2345 2144 2517 2201 Audis
2559 2144 2952 2217 professionem
2980 2147 3198 2203 Domini
3241 2147 3405 2221 283

1803 2238 2030 2295 dicentis
2054 2256 2070 2293 :
2100 2237 2228 2294 Haec
2252 2249 2325 2295 est
2353 2251 2523 2295 autem
2543 2242 2647 2296 vita
2666 2250 2876 2308 (eterna,
2896 2252 2953 2296 ut
2972 2243 3138 2297 sciant
3163 2252 3211 2297 te
3235 2243 3404 2297 solum

1803 2347 1977 2387 verum
2007 2332 2191 2402 Deum,
2221 2344 2267 2389 et
2289 2350 2437 2405 quem
2459 2335 2642 2390 misisti
2662 2332 2839 2390 Iesum
2874 2333 3154 2390 Christum.
3186 2332 3404 2403 Qutero,

1802 2429 1931 2499 quid
1963 2429 2034 2485 sit
2057 2428 2199 2500 quod
2224 2443 2444 2485 sensum
2486 2437 2723 2497 moveat,
2757 2444 2826 2485 ne
2865 2443 3027 2484 verus
3076 2429 3220 2484 Deus
3250 2427 3408 2484 Chri-

1804 2532 1920 2578 stus
1949 2522 2059 2577 sit?
2081 2521 2197 2578 Non
2225 2523 2371 2578 enim
2396 2522 2490 2577 tibi
2517 2537 2657 2578 nunc
2685 2521 2812 2593 quid
2840 2521 2909 2578 de
2935 2519 3151 2577 Christo
3177 2519 3255 2593 (h)
3284 2534 3405 2575 cre-

1803 2614 1983 2680 deres,
2027 2615 2351 2687 significatio
2380 2615 2555 2687 aliqua
2602 2614 2705 2671 alia
2751 2614 2992 2686 subjecta
3042 2614 3402 2670 demonstrat.

1804 2708 1920 2765 Non
1956 2709 2122 2764 habes
2151 2708 2439 2781 quidquam
2485 2717 2682 2779 praeter
2709 2723 2870 2780 quam
2896 2708 3077 2762 Jesum
3103 2706 3403 2771 Christum;

1807 2818 1913 2859 non
1947 2804 2113 2860 lilium
2146 2803 2402 2869 hominis,
2432 2812 2489 2859 ut
2513 2802 2582 2860 de
2609 2818 2671 2859 se
2693 2803 2829 2858 solet
2864 2800 3075 2865 dicere;
3101 2816 3208 2857 non
3234 2800 3405 2855 filium

1806 2896 1924 2964 Dei,
1965 2906 2023 2951 ιιι
2055 2897 2296 2966 profiteri
2328 2897 2376 2952 ei
2408 2897 2476 2952 de
2501 2910 2561 2952 se
2602 2896 2856 2951 usitatum
2884 2904 2998 2963 est;
3049 2910 3154 2949 non
3178 2894 3406 2949 descen—

1806 2989 2019 3046 dentem
2044 3004 2242 3061 panem
2268 2991 2455 3045 vivum
2481 2989 2550 3045 de
2570 2987 2745 3056 cmlis,
2777 2987 2920 3060 quod
2949 3002 3069 3043 cum
3111 2985 3404 3042 multorum

1806 3082 2064 3140 seandalo
2104 3082 2170 3138 de
2229 3097 2289 3138 se
2323 3081 2387 3157 (i)
2435 3082 2737 3154 frequentat
2787 3080 2968 3154 (Joan.
3016 3095 3092 3144 vt,
3139 3078 3254 3146 61).
3298 3077 3407 3134 Sed

135 3152 276 3204 ηοείτί
321 3152 635 3222 Opinionem
686 3153 1018 3225 Signiﬁcalus
1055 3156 1127 3211 είι
1168 3158 1283 3228 ipse
1321 3174 1441 3229 qui”
1487 3158 1700 3216 habeai-
1730 3158 1775 3220 (ἶ
1808 3177 1995 3233 dicens
2025 3194 2038 3231 :
2073 3186 2120 3232 te
2139 3177 2306 3231 solum
2333 3152 2512 3231 uerum
2536 3152 2742 3241 'Deum,
2764 3152 2813 3230 et
2841 3189 2988 3246 quem
3018 3172 3201 3227 misisti
3225 3169 3408 3226 Iesum

136 3240 428 3315 Uuigeuitus
467 3246 632 3318 igitur
673 3247 726 3303 in
773 3248 859 3303 his
887 3264 948 3305 se
988 3248 1191 3306 docens
1236 3251 1542 3310 substitisse
1581 3270 1703 3325 quas

136 3333 283 3393 Patris
324 3352 473 3406 sunt,
520 3356 644 3396 cum
695 3356 761 3396 ex
811 3355 870 3397 se
913 3350 1249 3411 sumpturum
1297 3359 1418 3401 esse
1458 3357 1702 3402 sanctum

136 3429 368 3501 Spiritum
415 3433 662 3501 dixisset,
715 3436 913 3506 adjecit
942 3457 955 3494 :
991 3437 1179 3493 Omnia
1203 3457 1317 3510 qua:
1362 3440 1532 3498 Patris
1561 3453 1700 3512 sunt,

138 3539 231 3576 mea
253 3535 403 3592 sunt;
425 3537 696 3595 prapterea
712 3529 841 3595 dixi,
874 3531 937 3584 de
963 3547 1073 3584 meo
1094 3533 1304 3601 accipiet
1333 3532 1545 3605 (lbid.).
1575 3534 1705 3591 0m-

139 3614 208 3669 uit
250 3633 365 3689 qua:
412 3619 589 3674 Patris
634 3630 778 3685 sunt,
828 3637 923 3678 sua
970 3634 1115 3689 sunt,
1167 3626 1361 3681 tradita
1413 3629 1599 3699 utique
1638 3638 1709 3685 'ct

138 3720 348 3778 accepta.
380 3710 485 3768 Sed
515 3712 640 3767 data
671 3728 777 3769 non
807 3714 1081 3772 infirmant
1104 3715 1175 3790 (ί)
1205 3718 1562 3789 divinitatem,
1587 3737 1707 3793 quae

141 3797 182 3853 in
207 3798 281 3858 his
306 3819 427 3858 eum
459 3806 798 3862 constituunt
820 3822 941 3864 esse
971 3810 1163 3880 quibus
1191 3811 1351 3868 Pater
1380 3821 1484 3870 est.

198 3894 276 3951 ΒΞ.
319 3896 688 3968 lnseparabilis
734 3912 807 3956 est
834 3919 865 3955 α
911 3901 1087 3958 Patre.
1117 3933 1189 3944 -—-
1215 3904 1310 3960 llis
1360 3906 1523 3976 igitur
1559 3888 1709 3967 nunc

139 3987 361 4054 gradibus
387 3993 683 4061 praemissm
721 3994 788 4051 de
817 4010 877 4050 se
926 3996 1296 4069 intelligentia:
1341 4015 1471 4055 usus
1500 4010 1604 4068 est,
1651 4010 1709 4055 ut

140 4093 239 4135 cum
286 4099 343 4140 se
385 4100 413 4138 a
443 4085 556 4141 Deo
583 4087 761 4142 exisse
805 4088 1103 4157 docuisset,
1135 4106 1428 4161 secumque
1454 4107 1575 4147 esse
1604 4093 1708 4148 Pa-

143 4185 255 4230 trem
287 4180 551 4245 professus
581 4191 747 4247 esset,
774 4196 941 4251 seque
970 4181 1228 4238 mundum
1258 4183 1449 4239 vicisse
1480 4194 1706 4241 testatus

144 4281 263 4325 esset
288 4271 460 4345 (Joan.
493 4290 603 4338 xvr,
635 4274 724 4339 28,
759 4275 850 4343 52,
884 4274 998 4348 55),
1028 4286 1080 4331 et
1111 4275 1458 4333 honorandus
1484 4294 1513 4334 ιι
1549 4279 1706 4337 Patre

146 4361 327 4421 Patrem
370 4377 515 4425 e<set
561 4368 939 4434 honot'aturtts,
987 4379 1043 4425 et
1090 4380 1312 4440 accepta
1354 4380 1621 4441 potestate
1650 4372 1708 4430 in

147 4456 292 4515 danda
321 4463 580 4541 universae
607 4464 758 4519 carni
787 4464 907 4519 vitae
947 4464 1248 4522 mternitate
1291 4478 1438 4524 esset
1485 4483 1707 4537 usurus,

207 4598 276 4673 (ι)
306 4601 358 4657 lu
386 4601 473 4659 edi
500 4602 625 4659 iane
650 4601 1012 4674 praecedente,
1040 4603 1277 4659 dilatata.

1809 3268 2069 3325 Christum
2117 3268 2298 3341 (Joan.
2351 3284 2486 3336 xvn,
2518 3267 2598 3342 3),
2641 3282 2858 3322 omnem
2909 3264 3299 3337 prtenominum
3352 3271 3409 3319 et

1810 3361 2190 3430 cognominant
2215 3376 2458 3428 suorum,
2487 3361 2573 3416 vel
2601 3359 2951 3424 naturalium,
2974 3357 3061 3412 vel
3103 3365 3410 3426 assumpto-

1811 3467 1929 3506 rum
1977 3452 2422 3508 consuetudinem
2471 3451 2949 3526 prmtermisitmt
2996 3464 3118 3506 cum
3148 3448 3410 3505 confitcn—

1810 3543 1909 3599 dus
1941 3544 2089 3600 solus
2120 3560 2280 3601 verus
2322 3545 2465 3602 Deus
2492 3554 2548 3601 et
2571 3543 2821 3601 Christus
2848 3542 3004 3599 Jesus
3048 3541 3408 3597 aeternitatem

1813 3648 2151 3709 prtestarent,
2198 3640 2315 3696 sine
2353 3639 2518 3695 dubio
2565 3639 2616 3694 in
2665 3654 2728 3695 ea
2766 3637 2924 3695 Iesus
2967 3635 3215 3692 Christus
3261 3641 3411 3691 esset

1812 3731 2224 3802 significatione,
2256 3747 2358 3803 qua
2385 3732 2527 3787 Deus
2557 3739 2659 3787 est.

1883 3822 1973 3879 34.
2025 3823 2136 3878 Nec
2182 3835 2431 3897 repugnat
2465 3824 2601 3893 quod
2647 3821 2808 3877 Pater
2832 3822 3043 3876 dicatur
3068 3817 3210 3874 solus
3236 3833 3406 3873 uerus.

1809 3946 1884 3957 —
1922 3916 2026 3973 Sed
2101 3917 2239 3972 forte
2282 3916 2423 3988 quod
2473 3915 2547 3971 ait
2609 3925 2660 3972 te
2716 3916 2905 3976 solum.
2971 3913 3407 3969 communionem

1813 4016 1973 4078 atque
2019 4008 2278 4064 unitatem
2325 4023 2477 4064 suam
2506 4023 2535 4062 a
2583 4008 2691 4064 Deo
2725 4016 2961 4078 separat.
2992 4007 3224 4076 Separet
3254 4019 3408 4072 sane,

1814 4098 1858 4153 si
1892 4115 1997 4153 non
2028 4097 2095 4153 ad
2123 4099 2173 4154 id
2202 4099 2344 4171 quod
2381 4100 2489 4165 ait,
2520 4108 2568 4154 te
2610 4098 2778 4153 solum
2806 4113 2982 4152 verum
3009 4095 3198 4160 Deum,
3230 4094 3411 4150 conti-

1815 4205 1923 4245 nuo
1982 4190 2230 4261 subjecit,
2264 4200 2311 4244 et
2358 4206 2505 4261 quem
2553 4189 2737 4243 misisti
2776 4186 2954 4242 Iesum
3006 4185 3289 4240 Christum.
3343 4183 3414 4239 Et

1816 4296 2034 4337 sensum
2061 4282 2329 4337 audientis
2360 4283 2653 4351 interrogo,
2677 4279 2807 4351 quid
2837 4276 3141 4334 credendus
3162 4275 3232 4331 sit
3253 4273 3413 4330 lesus

1816 4375 2092 4443 Christus;
2124 4391 2246 4431 cum
2284 4374 2352 4431 ad
2383 4374 2458 4442 id,
2507 4374 2650 4446 quod
2700 4373 2859 4430 Pater
2903 4372 3050 4429 solus
3080 4371 3224 4426 Deus
3252 4382 3417 4425 verus

1818 4469 2120 4527 credendus
2150 4470 2242 4537 sit,
2270 4468 2577 4527 credendus
2618 4476 2674 4526 et
2700 4467 2948 4525 Christus
2978 4466 3086 4522 sit?
3111 4462 3220 4522 Sed
3266 4460 3416 4519 solus

211 4739 279 4817 _(a)
297 4742 347 4798 ιιι
361 4755 463 4811 est,
488 4742 793 4815 proprietas
808 4752 910 4805 cst,
927 4756 1031 4814 qua
1050 4740 1164 4795 sola
1187 4750 1338 4813 pater
1360 4756 1389 4797 a
1405 4742 1517 4798 filio
1532 4742 1724 4799 distin-
1746 4745 1800 4817 D_
1827 4743 1906 4817 his
1928 4757 2040 4817 qua:
2063 4740 2264 4817 habeat,
2291 4740 2403 4817 ipse
2426 4739 2746 4811 signiﬁcatus
2776 4737 2862 4791 sit.
2897 4735 2994 4792 llic
3022 4734 3248 4817 docetur
3274 4735 3417 4817 Deus

177 4813 317 4869 uitur.

149 4824 463 4957 gmtilir'spud
512 4885 637 4941 Par.
676 4885 785 4955 ιιιιδ-
832 4884 1177 4957 prscierim“
1224 4900 1344 4940 °""‘
1394 4900 1525 4941 "’5‘"
1573 4902 1710 4954 ’Μ’

151 4956 248 5028 scil.
273 4956 530 5025 acceptio.
562 4957 814 5028 Nonnulli
846 4956 1043 5028 deinde
1068 4956 1427 5028 omittuntrse,
1461 4958 1608 5028 quod
1642 4958 1710 5014 ad

154 5022 295 5081 Deum
339 5022 668 5099 unigenitum
716 5026 968 5087 refertur.
1012 5026 1068 5082 In
1114 5027 1288 5099 tribus
1331 5022 1527 5095 Vaticl,
1563 5045 1711 5098 quem

153 5101 343 5153 actoris
382 5098 461 5155 sui
506 5099 903 5172 imagistenuAt
930 5098 1072 5172 apud
1120 5098 1272 5163 Bad.,
1305 5099 1395 5172 Er.
1442 5109 1496 5154 et
1535 5100 1710 5172 Ljps.,

155 5181 249 5243 (tute
264 5175 477 5229 auctoris
501 5173 584 5227 sui
611 5171 852 5243 Hprintit
882 5171 1154 5240 imaginem
1182 5184 1202 5226 :
1228 5171 1364 5242 quod
1390 5172 1525 5226 enim
1556 5171 1715 5243 fater

158 5237 269 5294 dedit
312 5252 626 5315 potestatem,
675 5237 729 5297 in
779 5242 875 5296 hoc
921 5237 1089 5313 ﬁlium
1133 5237 1341 5316 genuit;
1381 5243 1519 5312 quod
1546 5241 1717 5299 Filius

159 5316 341 5386 accepit,
368 5317 680 5371 natiuitatem
709 5324 1030 5369 consummat
1056 5331 1074 5369 :
1098 5318 1391 5386 glossema.

218 5332 251 5366 κ
288 5332 341 5382 ιι,
368 5332 680 5371 natiuitatem
709 5332 1030 5369 consummat
1056 5332 1074 5369 :
1098 5332 1391 5386 glossema.

218 5332 605 5457 (cfExcnsimon
615 5387 839 5441 alienata
852 5397 927 5441 est
942 5402 1029 5454 per
1041 5387 1097 5440 id
1111 5405 1124 5442 :
1140 5385 1495 5442 emendantur
1510 5401 1574 5441 ex
1587 5400 1719 5443 mss.

217 5476 285 5551 (ιι)
308 5480 360 5536 In
391 5480 661 5537 nonnullis
691 5480 872 5551 proba:
899 5488 1040 5536 nota:
1067 5494 1200 5535 mss.
1229 5479 1494 5535 omittitur
1536 5479 1590 5534 in
1632 5481 1718 5534 in-

164 5553 520 5623 corruptionem.

166 5619 419 5747 eiAell’ar.
446 5639 566 5678 cum
600 5629 785 5678 vetere
827 5637 928 5678 ms.
958 5620 1112 5678 Colb.
1145 5622 1452 5678 credendum
1480 5623 1564 5676 sit.
1594 5621 1715 5678 Mox

246 5708 323 5747 em
347 5695 505 5747 editio
532 5703 653 5747 post
684 5694 775 5747 Er.
806 5700 863 5747 et
900 5692 1072 5747 Lins..
1105 5695 1216 5747 inse
1239 5695 1327 5747 aui
1354 5694 1554 5747 habent.
1598 5692 1712 5747 Ma-

246 5708 323 5766 era
347 5695 505 5766 editio
532 5703 653 5766 post
684 5694 775 5766 Er.
806 5700 863 5748 et
900 5692 1072 5764 Lips.,
1105 5695 1216 5763 ipse
1239 5695 1327 5761 qui
1354 5694 1554 5766 habent.
1596 5692 1712 5766 Ma-

166 5758 231 5825 lis
253 5760 413 5834 placet
448 5758 567 5821 cum
609 5762 737 5819 Bad.
767 5769 823 5821 ct
867 5758 992 5819 mss.
1032 5758 1162 5833 quiti,
1197 5758 1343 5837 puta,
1376 5758 1465 5821 sed
1491 5758 1630 5833 quod
1657 5763 1712 5817 in

1828 4815 1903 4868 ita
1929 4806 2178 4884 simplex,
2212 4806 2269 4866 ut
2296 4806 2348 4884 in
2379 4827 2445 4884 eo
2472 4806 3003 4884 neqttaqnatnnmore
3042 4816 3229 4884 nostro
3269 4806 3419 4884 a_l_iu_d

1820 4887 1929 4941 sint
1969 4876 2175 4959 habens
2203 4892 2257 4938 ct
2296 4882 2499 4938 habita.
2529 4876 2790 4959 Quocirca
2820 4877 2914 4933 lib.
2947 4893 3059 4942 \‘lll,
3085 4876 3256 4959 n.”24_,
3278 4876 3416 4933 dici-

1821 4967 1907 5011 tttr
1937 4974 1949 5010 :
1994 4955 2066 5012 Se
2087 4971 2287 5010 omnem
2314 4970 2403 5022 per
2423 4970 2518 5007 sua
2547 4952 2739 5019 edocet,
2772 4959 2832 5022 et
2848 4964 2943 5003 sua
2969 4964 3071 5002 non
3086 4948 3243 5022 aliud
3260 4965 3417 5018 quam

1817 5045 1873 5083 se
1889 5044 1997 5081 esse
2010 5019 2367 5098 signiﬁcat._ut
2389 5023 2474 5077 ubi
2503 5039 2597 5078 sua
2615 5023 2790 5086 insint,
2815 5020 2924 5092 ipse
2933 5035 3053 5098 esse
3077 5019 3416 5098 intelligatur.

1895 5100 1971 5171 (ι’)
2181 5106 2238 5171 et
2286 5095 2378 5150 Er.
2411 5109 2532 5149 cum
2579 5107 2686 5147 uno
2715 5106 2747 5146 e
2768 5088 2902 5146 mss.
2933 5088 3132 5155 Vatic.,
3172 5088 3417 5148 naiiuitao

1822 5167 1927 5225 tem
1950 5185 1969 5223 :
1996 5170 2172 5224 minus
2198 5167 2357 5223 bene.

1897 5239 1975 5315 (g)
2017 5239 2185 5305 Editi,
2232 5238 2323 5315 sed
2350 5253 2455 5315 non
2484 5236 2593 5290 sine
2624 5233 2827 5315 Christo
2869 5242 3119 5315 separato
3145 5230 3347 5315 Christo
3384 5250 3421 5290 α

1829 5305 2102 5372 Βεδύενο,
2130 5320 2260 5374 etc.,
2292 5308 2529 5364 lectione
2566 5306 2744 5361 minus
2771 5308 2980 5363 sincera
3008 5318 3063 5363 et
3106 5305 3422 5377 interpunc—

1832 5386 1979 5462 ιίοιιρ
2007 5383 2220 5462 uitiosa.
2249 5378 2595 5462 Castigantur
2619 5394 2724 5462 ope
2749 5393 2881 5462 mss.
3036 5449 3066 5462 η
3093 5449 3105 5462 _
3168 5448 3180 5460 ,
3269 5448 3289 5462 _
3315 5449 3326 5462 ,

1906 5454 1987 5584 ἃς)
2017 5455 2148 5510 Bad.
2181 5463 2235 5509 et
2263 5454 2352 5507 Er.
2383 5448 2506 5508 eum
2535 5466 2637 5534 ms.
2661 5448 2898 5534 Remig.”
2927 5448 3226 5504 credideris.
3269 5448 3419 5519 Lips.

1955 5543 2034 5582 ar.
2076 5539 2196 5580 cum
2225 5523 2391 5580 Corb.
2433 5533 2488 5579 et
2528 5523 2732 5584 aliquot
2776 5521 2914 5584 alus,
2963 5520 3168 5577 credere
3216 5520 3419 5577 debeas.

1828 5539 1884 5585 et
1909 5520 2034 5584 Par.
2076 5539 2196 5580 cum
2225 5523 2391 5580 Corb.
2433 5533 2488 5579 et
2528 5523 2732 5587 aliquot
2776 5521 2914 5587 altis,
2963 5520 3168 5577 credere
3216 5520 3419 5577 debeas.

1830 5597 2163 5670 Reponimus
2191 5611 2314 5653 cum
2336 5592 2724 5651 sincerioribus
2751 5592 3001 5648 crederes.

1897 5650 2282 5771 ὢῆρρέἱιιιρτ
2329 5650 2433 5744 ms.
2465 5685 2976 5771 Colbnquem‘iiad.
3011 5695 3082 5771 et.
3106 5687 3202 5771 Er.
3246 5650 3425 5771 sectitl

1823 5753 1969 5831 sntit,
2002 5760 2293 5831 frequenter
2321 5759 2503 5816 asserit
2529 5771 2547 5814 τ
2576 5753 2967 5816 relticmntihus
2992 5754 3115 5814 aliis
3138 5757 3309 5815 libris.
