3930 6194
546 240 579 292 3
605 241 649 292 v7
1778 239 2024 296 S.\NCTI
2056 242 2209 298 lllLA
2222 241 2312 298 Rll
2357 240 2662 302 EPISCOPI
3732 263 3825 317 508

545 352 690 408 forte
737 349 898 407 Pater
941 350 1087 406 Deus
1129 364 1291 407 verus
1344 348 1564 408 Christo
1616 367 1722 408 non
1785 353 2042 423 relinquit
2083 357 2217 416 utA
2248 355 2416 412 Deum
2445 368 2650 427 patrem
2680 361 2950 432 confessa,
2978 380 3085 421 non
3112 367 3403 424 conlitetur
3452 377 3508 425 et
3554 370 3821 429 Christian.

548 442 698 499 Deus
736 442 828 539 sit.
866 440 988 539 lion
1036 440 1410 539 relinquat“)
1440 456 1608 539 sane,
1636 443 1683 499 si
1725 459 1863 501 unus
1889 445 1969 517 (α)
2003 445 2145 539 Deus
2248 455 2354 513 Per
2381 456 2435 511 id
2459 457 2602 513 enim
2645 436 2922 518 Christum
2984 465 3231 522 canfessa
3278 466 3450 524 Deum
3501 483 3682 524 verum
3731 481 3819 539 est,

549 546 708 608 pater
751 532 991 598 Clu-isto,
1044 542 1104 590 ut
1149 548 1289 589 unus
1335 534 1407 590 sit
1455 534 1737 601 Dominus,
1782 553 1891 593 non
1929 538 2148 609 reliquit
2249 547 2395 619 quod
2426 550 2597 604 soluat
2631 566 2817 608 verum
2861 553 3032 611 Deum
3084 556 3330 615 confessa
3374 559 3447 613 sit
3487 558 3715 616 Patrem.
3760 532 3824 618 Ita

552 627 598 701 (Ι
626 626 746 691 Car.
775 641 887 693 vtu,
932 625 1013 695 6).
1061 626 1216 695 Quod
1256 627 1302 683 si
1356 643 1495 684 unus
1544 628 1689 687 Deus
1733 640 1888 702 pater
1931 631 2147 689 Christo

547 734 656 774 non
702 717 894 774 adimit
941 726 1001 774 ut
1048 734 1188 775 unus
1238 721 1310 776 sit
1356 721 1642 790 Dominus,
1691 724 1765 780 ita
1807 724 1958 781 solus
2001 724 2146 781 Deus

553 819 707 882 pater
729 824 890 866 verus
924 810 1140 868 Christo
1166 812 1296 869 Jesu
1338 830 1445 870 non
1485 814 1661 873 aufert
1710 827 1764 872 ut
1814 818 1959 875 Deus
1983 830 2147 875 verus

494 948 525 977 ,
555 903 627 957 sit
657 921 670 956 :
699 916 823 957 cum
846 901 913 959 ad
947 903 1068 959 vitae
1095 914 1314 962 aeternae
1343 908 1591 963 meritum
1638 908 1742 965 hoc
1779 910 2047 980 proﬁciat,
2088 918 2149 968 ut

554 1010 679 1052 cum
724 995 982 1055 credatur
1025 997 1176 1054 solus
1213 1013 1374 1055 verus
1418 998 1586 1067 Deus,
1618 1000 1872 1057 credatur
1897 1013 1950 1059 et
1991 1001 2149 1059 Chri-

549 1096 688 1146 stus.

621 1181 711 1236 55.
745 1179 857 1236 Nec
873 1182 1013 1238 locus
1037 1191 1130 1248 est,
1165 1190 1223 1238 ut
1252 1180 1487 1239 Christus
1515 1184 1662 1240 aliud
1687 1201 1720 1241 a
1746 1183 1859 1242 Deo
1885 1188 2144 1243 credatur.

549 1272 778 1341 -—Quid
821 1289 982 1339 nunc,
1019 1271 1098 1346 (9)
1129 1288 1282 1345 rogo,
1325 1275 1566 1332 stultitiae
1598 1285 1704 1332 tute
1733 1293 1895 1334 sensu
1925 1279 2148 1336 Christo

551 1366 804 1437 deputas,
837 1365 1109 1428 bairetice,
1140 1364 1215 1437 (υ)
1246 1377 1306 1421 ιιι
1330 1381 1450 1423 esse
1476 1368 1758 1435 credatur;
1806 1378 1862 1426 et
1902 1369 2147 1441 Christo,

550 1457 641 1527 qui
670 1457 835 1511 vitam
862 1466 1121 1513 aeternam
1155 1458 1360 1524 tribuit,
1389 1461 1479 1530 qui
1508 1458 1949 1541 honorilicandus
1973 1477 2005 1518 a
2047 1463 2148 1519 Pa-

551 1559 635 1606 tre
687 1549 902 1606 Patrem
949 1548 1346 1620 honoriﬁcavit,
1397 1550 1492 1621 qui
1557 1552 1816 1608 mundum
1868 1553 2020 1621 vicit,
2056 1556 2149 1627 qui

2248 642 2392 712 quod
2422 643 2574 700 solus
2607 645 2746 703 Deus
2775 657 2927 718 pater
2961 651 3100 707 Deus
3128 668 3289 709 verus
3320 662 3424 718 est,
3456 652 3624 710 Deum
3658 672 3824 712 verum

2248 751 2371 795 esse
2417 740 2704 797 confirmat
2746 752 2802 797 et
2855 742 3150 802 Christum.
3204 746 3319 803 Non
3379 751 3525 806 enim
3575 751 3825 825 unigenito

2250 828 2362 885 Deo
2410 841 2618 887 naturae
2665 832 3091 893 demutationem
3158 840 3419 897 naturalis
3472 842 3717 899 nativitas
3762 846 3825 901 in-

2250 922 2371 978 tulit
2398 940 2410 978 :
2438 924 2514 997 (c)
2544 940 2645 981 nec
2670 924 2760 997 qui
2790 942 2855 982 ex
2903 927 3236 986 subsistente
3284 928 3397 988 Deo
3427 933 3718 990 secundum
3759 936 3828 991 di-

2247 1017 2391 1072 vina:
2419 1017 2785 1088 generationis
2817 1030 3065 1075 naturam
3095 1021 3240 1077 Deus
3263 1020 3341 1095 (4)
3374 1023 3635 1092 subsistit,
3664 1026 3726 1080 ab
3750 1042 3824 1095 en,

2249 1110 2340 1180 qui
2390 1109 2729 1167 solusverus
2770 1111 2917 1168 Deus
2964 1122 3069 1179 est,
3125 1114 3442 1185 separabilis
3491 1124 3576 1171 est
3622 1117 3828 1175 veritate

2251 1212 2476 1258 naturas.
2505 1202 2704 1258 Tenuit
2735 1216 2912 1260 autem
2942 1214 3130 1260 natura
3158 1207 3402 1262 veritatis
3428 1221 3543 1263 suis
3572 1206 3821 1277 ordinem,

2255 1298 2338 1370 (ἀ)
2365 1308 2422 1355 ut
2451 1301 2745 1357 nativitatis
2779 1303 3058 1358 veritatem
3091 1303 3287 1358 veritas
3316 1302 3580 1359 naturalis
3626 1305 3828 1361 invehe-

2250 1402 2352 1458 ret,
2388 1408 2489 1448 nec
2539 1393 2764 1449 alterius
2815 1410 2879 1449 ex
2929 1409 2989 1450 se
3035 1396 3251 1465 generis
3306 1394 3475 1451 Deum
3522 1394 3663 1452 Deus
3708 1412 3826 1453 unus

2250 1483 2329 1557 (5)
2361 1483 2603 1543 efferret.
2632 1486 2806 1560 Atque
2833 1487 2901 1542 ita
2934 1499 3333 1545 sacramentum
3353 1489 3447 1546 Dei
3469 1505 3569 1546 uec
3588 1490 3642 1546 in
3661 1491 3829 1546 solitu-

2252 1576 2401 1646 dine,
2431 1593 2531 1635 nec
2558 1581 2611 1634 in
2657 1579 2972 1637 diversitate
3001 1581 3253 1637 consistit
3283 1598 3298 1636 :
3323 1598 3445 1638 cum
3492 1596 3670 1654 neque
3711 1582 3831 1639 alter

551 1643 705 1698 solus
749 1641 1142 1747 relinquendus
1191 1657 1301 1746 non
1338 1643 1489 1699 solus
1514 1643 1744 1747 est,nsed
1774 1646 2152 1747 secumAhabet
2256 1641 2401 1728 Deus'
2440 1673 2747 1744 ἀρρωδίην,
2803 1672 2897 1746 φη
2934 1688 3001 1730 εκ
3050 1674 3160 1731 Deo
3206 1690 3327 1732 cum
3356 1641 3700 1733 “mum'sm
3729 1693 3832 1747 pm.

550 1734 792 1839 Pf‘f'emt
820 1731 968 1845 Quin“
992 1732 1305 1845 Pege???“
1348 1742 1510 1845 a‘qf‘e
1536 1750 1567 1791 ³
1615 1735 1775 1845 {huc
1799 1738 1982 1793 “mm
2180 1742 2230 1805 Β
2255 1770 2490 1837 prletate
2514 1731 2853 1835 substiterit;
2882 1784 3057 1839 neque
3087 1769 3140 1824 in
3170 1770 3373 1827 unione
3405 1779 3644 1841 maneat,
3690 1731 3827 1845 quem

551 1828 685 1887 etin
714 1828 877 1885 tantis
910 1827 1007 1882 Dei
1037 1827 1327 1885 virtutibus
1373 1837 1501 1885 nato
1549 1837 1756 1884 natura:
1797 1844 1861 1887 ac
1905 1833 2150 1891 veritatis

552 1918 870 1989 imperties?
900 1918 1083 1975 Solum
1111 1921 1256 1975 enim
1296 1936 1482 1977 verum
1532 1922 1700 1980 Deum
1735 1936 1940 1997 patrem
1986 1926 2153 1982 inuti‘

553 2010 676 2069 liter
700 2008 867 2083 284
894 2010 971 2081 (5)
1002 2010 1292 2081 credimus,
1324 2013 1427 2070 nisi
1453 2016 1742 2074 credamus
1769 2028 1824 2075 et
1852 2036 2011 2090 quem
2049 2021 2152 2077 mi-

553 2101 626 2159 sit
665 2100 853 2183 {esum
900 2100 1198 2159 Christum.
1262 2104 1402 2173 Quid
1452 2108 1668 2164 haeres?
1722 2111 1851 2183 quid
1901 2111 2150 2172 Christus

553 2193 898 2252 conﬁtendus
924 2197 996 2252 sit
1023 2196 1179 2254 doce.
1214 2197 1346 2255 Nam
1377 2200 1473 2271 qui
1516 2217 1636 2273 qua:
1661 2204 1860 2275 scripta
1901 2216 2028 2263 sunt
2055 2223 2152 2264 ne-

552 2301 668 2358 gas,
703 2285 830 2357 quid
888 2295 1078 2360 restat,
1106 2289 1212 2347 nisi
1242 2300 1304 2347 ut
1331 2307 1454 2364 qua:
1484 2309 1590 2350 non
1620 2296 1815 2368 scripta
1859 2308 1988 2356 sunt
2033 2315 2153 2357 cre-

558 2378 698 2434 das?
741 2380 785 2434 0
838 2377 1027 2436 infelix
1076 2381 1349 2452 voluntas,
1389 2394 1444 2441 et
1500 2387 1718 2447 veritati
1753 2390 2007 2451 obnitens
2053 2392 2153 2450 fal-

554 2470 721 2526 sitas!
775 2470 909 2527 Cum
955 2471 1010 2529 in
1052 2471 1160 2530 (ide
1202 2484 1257 2532 et
1303 2477 1648 2536 confessione
1690 2483 1804 2539 veri
1835 2484 1929 2542 Dei
1983 2487 2152 2558 patris

557 2562 807 2621 Christus
832 2566 1017 2623 unitus
1042 2576 1148 2637 est,
1177 2583 1311 2642 rogo
1338 2586 1441 2641 qua
1465 2571 1569 2629 fide
1596 2589 1755 2631 verus
1802 2578 1946 2634 Deus
1990 2594 2151 2651 nega-

555 2667 642 2715 tus
694 2668 943 2719 creatura
991 2676 1114 2719 esse
1152 2663 1388 2732 dicetur,
1426 2680 1549 2722 cum
1595 2668 1730 2725 ﬁdes
1782 2671 1927 2727 nulla
1974 2673 2048 2728 sit
2097 2674 2151 2731 in

555 2752 730 2809 solum
782 2770 968 2813 verum
1012 2756 1181 2813 Deum
1228 2758 1527 2816 credidisse
1566 2762 1685 2818 sine
1729 2761 1985 2823 Christo?
2043 2767 2150 2826 Sed

549 2856 836 2919 angustum
871 2858 944 2917 te,
980 2849 1255 2919 lueretice,
1286 2862 1342 2908 et
1361 2851 1531 2908 divini
1560 2853 1794 2925 Spiritus
1817 2860 2149 2929 incapacem,

551 2940 855 2996 caelestium
918 2942 1186 2998 dictorum
1232 2957 1341 2998 non
1381 2942 1495 3001 adit
1540 2959 1733 3003 sensus
1778 2966 1791 3002 :
1832 2958 1885 3004 et
1933 2951 2153 3021 vipereo

548 3031 843 3103 inspiratus
874 3048 1080 3100 errore,
1114 3031 1389 3091 Christum
1431 3051 1618 3093 verum
1666 3039 1832 3096 Deum
1866 3044 2043 3099 nescis
2098 3047 2152 3101 in

2255 1867 2461 1928 patrem
2507 1858 2800 1915 nativitatis
2843 1861 3041 1916 veritas
3081 1861 3274 1917 doceat
3309 1862 3699 1919 confitendum.
3725 1865 3825 1920 Non

2253 1950 2500 2007 deseruit
2530 1952 2694 2023 igitur
2715 1961 2873 2009 natus
2899 1951 3041 2009 Deus
3072 1961 3276 2010 naturae
3294 1971 3408 2011 suae
3431 1958 3830 2028 proprietatem:

2254 2051 2308 2100 et
2345 2044 2657 2108 naturaliin
2685 2060 2752 2101 eo
2782 2046 2981 2103 virtute
3008 2046 3110 2113 est,
3140 2046 3297 2118 cujus
3327 2047 3381 2103 in
3411 2063 3473 2104 se
3503 2056 3654 2105 tenet
3694 2058 3830 2103 natu-

2253 2138 2659 2196 ralinativitate
2704 2148 2973 2198 naturam.
3012 2142 3129 2198 Non
3176 2141 3320 2198 enim
3365 2143 3419 2199 in
3459 2157 3527 2200 eo
3578 2143 3717 2201 Deus
3758 2151 3835 2199 aut

2254 2216 2587 2298 demutatus,
2635 2243 2727 2289 aut
2771 2234 3008 2305 degener
3042 2243 3156 2301 est;
3211 2250 3334 2291 cum
3394 2237 3439 2292 si
3472 2237 3624 2310 quod
3670 2236 3834 2293 vitium

2255 2323 2510 2379 nativitas
2552 2325 2845 2393 intulisset,
2876 2326 2925 2382 ei
2976 2327 3153 2398 potius
3195 2336 3405 2384 natura:
3448 2328 3833 2397 contumeliam,

2255 2427 2355 2484 per
2389 2428 2549 2486 quam
2579 2415 2832 2471 nativitas
2859 2416 3208 2486 subsistebat,
3240 2416 3312 2492 (e)
3365 2420 3680 2490 inveheret,
3727 2422 3832 2477 dum

2255 2505 2402 2577 quod
2427 2522 2493 2561 ex
2521 2522 2581 2563 se
2606 2514 2691 2562 est
2716 2507 2992 2565 desineret
3021 2508 3184 2582 285
3213 2524 3335 2567 esse
3364 2511 3511 2582 quod
3542 2527 3699 2569 suum
3725 2523 3796 2569 est
3819 2531 3831 2568 :

2255 2608 2419 2669 atque
2462 2599 2535 2654 ita
2583 2612 2687 2655 non
2729 2615 2853 2656 eum
2901 2600 3200 2657 demutatio
3222 2600 3303 2676 (6)
3328 2600 3384 2675 (1·
3395 2601 3416 2675 )
3458 2614 3832 2675 corrumperet,

2255 2692 2346 2763 qui
2414 2690 2468 2746 in
2530 2691 2887 2748 substantiam
2950 2706 3142 2748 novam
3193 2692 3473 2752 nativitate
3512 2696 3831 2761 substiterat;
3906 2746 3907 2763 ἦ

2256 2782 2354 2838 sed
2379 2798 2525 2848 eum,
2563 2784 2658 2854 qui
2690 2784 2743 2839 in
2776 2783 3054 2840 nativitate
3081 2784 3175 2840 lilii
3207 2784 3477 2856 impotens
3505 2800 3712 2844 naturis
3740 2804 3833 2843 sua:
3906 2798 3907 2813 ‘

2257 2884 2444 2933 tenere
2469 2877 2853 2944 constantiam,
2885 2887 3170 2936 externum
3194 2879 3398 2951 aliquid
3435 2896 3466 2936 a
3504 2897 3566 2939 se
3591 2884 3833 2940 alienum-
3906 2900 3907 2955 ι

2255 2981 2363 3038 que
2387 2968 2684 3037 genuisset.
3906 2960 3907 3038 ξ

2328 3062 2419 3118 57.
2467 3060 2651 3117 Unitas
2696 3061 2872 3117 Patris
2908 3071 2956 3118 et
2989 3061 3114 3118 Filii
3140 3079 3241 3118 non
3289 3065 3517 3121 humano
3546 3082 3690 3123 more
3713 3068 3834 3140 cogi-

553 3124 659 3182 tide
702 3127 872 3183 solius
916 3126 1030 3182 veri
1084 3127 1179 3185 Dei
1227 3129 1293 3184 ad
1333 3129 1458 3188 vitae
1505 3134 1865 3193 aeternitatem
1892 3139 2152 3196 confiten-
2183 3135 2229 3199 C
2261 3155 2440 3210 ιαηάα,
2494 3155 2625 3211 Fuit
2652 3156 3009 3212 nativis”,—
3051 3156 3169 3213 Non
3197 3168 3283 3215 est
3331 3169 3512 3216 autem
3540 3203 3555 3229 ,
3602 3172 3661 3217 ιιι
3710 3124 3834 3229 suile

551 3218 704 3275 dum.

622 3311 713 3368 56.
758 3310 837 3367 Eo
879 3313 1015 3384 quod
1054 3314 1197 3367 solus
1229 3314 1370 3371 Deus
1416 3333 1565 3372 verus
1593 3317 1769 3389 Pater,
1809 3337 1957 3378 verus
1998 3325 2151 3381 etiam

558 3401 695 3459 Deus
722 3413 794 3460 est
823 3401 1073 3462 Christus.
1106 3405 1264 3461 Aliud
1290 3424 1405 3462 eum
1442 3409 1612 3465 dicere
1638 3409 1788 3466 Patri
1818 3424 1891 3468 est
1937 3416 2149 3485 injuria-

552 3510 689 3550 sum.
725 3526 793 3536 —
816 3495 924 3552 Sed
956 3495 1217 3555 Ecclesia:
1245 3496 1382 3556 fides
1406 3501 1581 3557 solum
1624 3519 1811 3560 verum
1847 3507 2011 3564 Deum
2062 3526 2156 3580 pa-

556 3596 693 3642 trem
719 3586 994 3654 confessa,
1026 3588 1315 3645 conﬁtetur
1343 3600 1397 3647 et.
1422 3590 1716 3650 Christum.
1751 3595 1935 3667 Neque
1965 3616 2151 3659 verum

553 3674 828 3731 Christum
878 3678 1045 3733 Deum
1094 3679 1423 3751 confitendo,
1456 3698 1563 3740 nou
1613 3694 1669 3743 et
1727 3689 1901 3746 solum
1962 3710 2152 3755 verum

553 3772 724 3830 Deum
743 3781 950 3845 patrem
971 3774 1261 3833 conﬁtetur
1281 3795 1295 3831 :
1316 3794 1491 3853 neque
1512 3797 1725 3841 rursum
1756 3787 1929 3845 solum
1962 3806 2149 3850 verum

644 3932 698 4012 ξ)
729 3931 919 4012 Ilione;
949 3949 1096 4003 mox,
1128 3951 1230 3991 non
1253 3936 1512 4011 relinquit.

646 4005 693 4060 Ξ
741 4004 900 4078 Erga.
1395 4004 1407 4011 ’

552 4104 555 4105 ν
734 4075 1029 4159 Credamus.
1054 4078 1268 4147 Postea,
1289 4081 1414 4159 quid
1433 4083 1642 4159 fratres?
1666 4087 1792 4159 quid
1819 4093 2040 4147 moraris
2055 4094 2082 4149 Ρ

555 4148 711 4279 mg)
753 4148 813 4206 ιη
859 4162 963 4207 m8.
1012 4160 1220 4243 nostro,
1244 4148 1486 4212 substitit.
1515 4148 1690 4215 Paulo
1715 4171 1856 4232 post,
1888 4148 2152 4237 ἱηεεραηι.

2250 3248 2363 3316 jam
2395 3250 2943 3305 commemoravimus
2966 3292 2981 3315 ,
3015 3250 3067 3304 in
3102 3251 3308 3307 unitate
3338 3253 3433 3308 Dei
3464 3255 3637 3323 patris
3663 3258 3717 3310 et
3751 3256 3830 3310 llei
3906 3256 3907 3323 ξ

2259 3339 2352 3397 lilii
2382 3342 2735 3397 humanarum
2768 3342 2956 3398 vitium
2985 3344 3301 3414 Opiniouum
3327 3363 3341 3400 :
3367 3356 3428 3401 ut
3452 3346 3642 3404 sit'vel
3669 3356 3833 3404 esten-

2257 3433 2361 3498 sio,
2395 3433 2478 3489 vel
2505 3434 2707 3500 series,
2739 3435 2823 3490 vel
2871 3432 3079 3500 ﬂuxus;
3109 3444 3165 3491 ιιι
3200 3446 3294 3491 aut
3333 3437 3507 3492 rivum
3540 3438 3661 3494 fons
3687 3439 3834 3495 emtu-
3906 3506 3907 3513 γ

2255 3526 2349 3582 dat
2370 3527 2436 3583 ab
2466 3527 2694 3597 origine,
2725 3536 2819 3581 aut
2849 3542 3057 3583 ramum
3097 3528 3260 3583 arbor
3291 3537 3475 3585 teneat
3505 3531 3557 3586 in
3586 3533 3830 3594 caudice,
3906 3522 3907 3533 “

2257 3626 2348 3671 aut
2367 3616 2602 3673 calorem
2627 3617 2765 3688 ignis
2783 3618 2994 3672 emittat
3015 3618 3066 3671 in
3088 3618 3346 3689 spatium.
3367 3619 3493 3676 llaec
3521 3623 3666 3676 enim
3690 3622 3763 3693 (g)
3780 3622 3832 3674 ab
3906 3628 3907 3699 ᾗ

2256 3721 2317 3763 se
2358 3707 2699 3778 inseparabili
2747 3709 3092 3777 proteusione
3137 3718 3360 3765 manent
3414 3712 3591 3781 potius
3613 3713 3830 3777 detenta,
3906 3712 3907 3749 ἒ

2257 3816 2416 3872 quam
2439 3798 2518 3872 (It)
2543 3800 2644 3857 sibi
2672 3809 2832 3857 sunt:
2861 3800 2987 3861 dum
3016 3810 3072 3857 et
3107 3802 3256 3858 calor
3284 3802 3366 3876 (7)
3395 3804 3448 3859 in
3480 3805 3600 3876 igne
3626 3814 3747 3874 est,
3788 3815 3833 3861 et
3906 3858 3907 3875 η

2331 3953 2708 4031 (εχιςείεντςρ.
2743 3957 2918 4030 Atque
2939 3958 3010 4015 ita
3041 3972 3189 4031 saepe
3217 3960 3475 4020 scribitur
3496 3961 3598 4019 hoc
3631 3962 3831 4025 verbum
3906 3938 3907 4031 ς

2256 4025 2311 4083 in
2338 4025 2538 4082 eodem
2558 4027 2766 4084 codice.

2327 4096 2411 4241 ἑϐ)
2443 4095 2834 4166 Corrumpebat.

2355 4169 2410 4239 7)
2440 4168 2509 4225 In
2534 4170 2645 4241 igni
2669 4179 2763 4226 est.

2355 4169 2410 4239 7)
2440 4168 2509 4225 In
2534 4170 2645 4241 igni
2669 4179 2763 4226 est.

623 4379 1279 4478 i_a_):‘§f>_l_-1._gdlitig__l’§r:.‘
1302 4386 1716 4478 unusIDnctninus
1738 4388 1936 4478 Pater;
1975 4394 2136 4453 male.
2173 4409 2224 4472 ι)
2294 4402 2390 4478 te)
2422 4404 2583 4473 Editi,
2614 4404 2845 4478 inferret.
2870 4407 2941 4478 At
2963 4421 3094 4462 mss.
3119 4404 3304 4473 Corb.,
3329 4407 3630 4476 Mart.,Vat.
3652 4410 3755 4466 bas.
3774 4425 3828 4465 ac

457 4462 459 4466 ‘
553 4454 861 4532 Respicitur
884 4454 971 4532 hic
991 4455 1141 4510 locus
1166 4457 1411 4532 Apostoli
1430 4459 1611 4532 ‘I_Cor.
1643 4477 1764 4530 vni,
1793 4462 1847 4532 6,
1880 4464 2017 4521 libro
2048 4483 2142 4523 su-

555 4524 800 4598 periore,
869 4524 1023 4596 cujus
1072 4524 1231 4581 num.’
1275 4528 1348 4584 55
1392 4528 1634 4600 videsis,
1687 4524 1907 4605 copiose
1954 4547 2151 4595 tracta-

554 4609 660 4654 tus.

625 4668 700 4743 (b)
744 4667 875 4724 Bad.
922 4681 1066 4723 cum.
1119 4667 1527 4743 aliquot_mss.,
1575 4682 1632 4726 ut
1679 4690 1795 4728 cum
1836 4677 2075 4735 credatur
2101 4690 2148 4736 et

552 4736 758 4818 Christo
799 4755 819 4795 :
859 4736 1254 4818 quorumdon
1316 4736 1591 4818 Erasmus,
1646 4745 1842 4818 oblitus
1886 4758 2146 4818 quantum

550 4810 989 4883 prgefatione'sua
1022 4812 1074 4883 in
1102 4810 1516 4883 iute_rpol_atores
1544 4810 1922 4881 declamasset,
1948 4821 2147 4877 substi-

550 4880 672 4949 iuit,
704 4892 761 4937 ut
788 4899 904 4937 cum
931 4880 1156 4936 creditur
1180 4880 1291 4937 Deo
1317 4881 1486 4949 Patri,
1537 4886 1775 4941 credatur
1820 4897 1866 4942 et
1910 4888 2133 4948 Christo.

547 4952 762 5025 Lipsius
790 4953 1004 5010 tandem
1035 4953 1102 5025 de
1145 4966 1244 5008 suo
1293 4955 1548 5021 restituit,
1591 4973 1704 5011 cum
1749 4973 1858 5015 esse
1902 4965 2140 5018 credatur

547 5034 598 5082 et
618 5023 917 5097 Christus;
945 5023 1089 5095 quod
1130 5033 1317 5097 postea
1339 5026 1587 5082 obtinuit.
1637 5027 1841 5083 Locum
1874 5030 2017 5088 hunc
2047 5051 2135 5090 re-

546 5097 808 5151 sarcimus
837 5095 903 5150 ad
937 5097 1097 5151 iidem
1130 5095 1258 5152 inss.
1295 5099 1345 5150 in
1378 5112 1605 5166 quorum
1648 5098 1819 5155 tribus
1860 5101 2137 5161 desidera-

546 5175 655 5232 tur,
686 5178 732 5239 _et
762 5167 968 5222 Christo
992 5182 1164 5239 aqua:
1210 5169 1460 5238 repetitio
1480 5170 1765 5239 quamdam
1816 5171 1978 5233 habet
2025 5191 2139 5232 em-

584 5236 776 5312 hasim,
833 5238 934 5312 hoc
980 5236 1235 5291 nimirum
1274 5236 1443 5312 sensu
1498 5236 1512 5295 Ξ
1566 5242 1645 5296 'l‘u
1688 5244 1777 5312 qui
1824 5260 1930 5298 non
1959 5248 2040 5302 vis
2082 5262 2139 5305 ut

595 5306 819 5382 hristum
864 5308 1029 5382 Deum
1078 5321 1200 5363 esse
1248 5310 1556 5382 credamus,
1603 5306 1762 5382 quam
1804 5313 1853 5370 ei
1892 5324 2136 5375 naturam

546 5378 807 5461 deputas?
853 5380 924 5446 ei,
979 5379 1219 5449 inquam,
1267 5381 1358 5450 qui
1398 5378 1562 5437 vitam
1614 5378 1875 5440 aeternam
1927 5389 2134 5459 tribuit,

585 5456 659 5511 ui,
690 5456 795 5504 etc.

547 5464 1067 5599 quicfift'vulgatis,
1110 5527 1296 5599 ct_pro
1341 5530 1553 5599 nec;_et
1576 5521 1738 5599 infra,
1775 5525 2135 5599 inseparabilis

550 5587 648 5657 pro
676 5587 996 5657 reparabilis.
1025 5587 1355 5646 Concinnior
1376 5587 1459 5648 est
1487 5594 1649 5649 lectio
1671 5587 1801 5653 mss.

620 5653 704 5727 (tt)
732 5653 956 5741 Antiqui
975 5659 1099 5716 cod.
1119 5657 1302 5730 Colb.,
1332 5661 1496 5720 Cara.
1524 5672 1581 5723 et
1604 5663 1788 5725 Germ.
1817 5669 2135 5729 utaatisita.

549 5735 647 5784 tem
673 5735 877 5795 veritas,
909 5736 1016 5791 etc.

2255 4474 2439 4544 plures
2462 4477 2575 4550 alii,
2598 4474 2873 4550 inuenerat.
2897 4477 3144 4549 Quinque
3164 4494 3230 4534 ex
3254 4474 3666 4550 antiquioribus,
3684 4483 3827 4536 iit/ur-

2253 4558 2387 4623 reret
2410 4566 2425 4623 _:
2452 4548 2542 4617 qui
2564 4549 2778 4623 quidem
2797 4559 2951 4623 antea
2977 4548 3174 4623 habent
3190 4550 3244 4604 id
3258 4548 3452 4620 potius,
3470 4570 3574 4608 non
3595 4556 3637 4607 ei
3654 4556 3823 4623 potius.

2255 4617 2534 4694 Quocirca
2558 4617 2666 4674 non
2691 4619 2940 4694 displicet
2968 4634 3094 4694 cum
3119 4617 3341 4677 Carnut.
3370 4623 3427 4676 id
3456 4626 3624 4694 potius
3650 4617 3823 4678 uatum

2256 4691 2664 4746 contumelia...
2709 4692 2998 4746 inhaereret.
3054 4691 3166 4747 Non
3213 4694 3354 4748 male
3386 4691 3475 4749 hic
3504 4696 3657 4751 Pater
3702 4711 3822 4748 nun-

2256 4768 2481 4834 cupatur
2529 4772 2739 4834 natura
2768 4776 2863 4831 per
2905 4778 3064 4832 quam
3113 4765 3367 4819 nativitas
3413 4767 3681 4834 subsistit;
3712 4781 3817 4819 rum

2255 4832 2514 4904 adversus
2556 4833 2841 4904 haereticos
2888 4849 3068 4888 sermo
3115 4835 3204 4899 sit,
3257 4837 3345 4904 qui
3397 4836 3531 4892 Filio
3575 4832 3816 4892 diversam
3906 4846 3907 4849 ‘

2241 4900 2311 4954 ah
2354 4918 2420 4957 eo
2469 4916 2717 4958 naturam
2765 4903 3168 4960 adscribebaut.
3213 4900 3383 4972 Quam
3433 4909 3535 4963 hoc
3580 4908 3713 4964 Patri
3760 4912 3819 4958 sit

2242 4974 2717 5045 contumeliosum,
2767 4974 3104 5030 demonstrat
3154 4980 3380 5045 August.
3408 4978 3584 5033 Serm.
3612 4993 3813 5041 cxxstx,

2244 5058 2298 5117 ῃ.
2332 5044 2387 5107 5.
2420 5045 2560 5117 eti.
2599 5045 2717 5100 Vid.
2749 5060 2866 5115 sup.
2899 5047 3000 5101 col.
3035 5048 3159 5116 103,
3200 5044 3309 5103 not.
3368 5064 3422 5114 a,
3450 5060 3499 5105 et
3524 5050 3641 5117 126,
3674 5060 3771 5113 not,
3801 5049 3815 5103 i

2241 5113 2400 5188 hujus
2423 5115 2681 5188 editionis.
2815 5113 2821 5115 ⁷
2986 5185 3017 5188 __
3252 5122 3297 5179 ’π

2317 5184 2395 5260 (ί)
2429 5187 2550 5241 Par.
2575 5195 2906 5266 corruperat;
2935 5185 3066 5266 editi
3094 5187 3208 5257 alii,
3238 5191 3811 5266 corrumpebat:cmeu-

2242 5255 2439 5311 dantur
2461 5273 2528 5313 ex
2560 5273 2689 5313 mss.
2717 5258 2872 5315 Coll).
2904 5268 2958 5315 et
2986 5259 3171 5316 Germ.

2320 5326 2398 5400 (g)
2433 5328 2590 5396 Bad.,
2613 5328 2705 5384 Er.
2736 5339 2789 5400 et
2811 5345 2946 5385 unus
2971 5346 3001 5385 e
3032 5329 3342 5387 mss.Vatic.
3376 5333 3623 5389 omittunt
3656 5332 3716 5386 ab
3734 5344 3809 5386 se:

2244 5398 2472 5476 proun
2492 5399 2628 5476 alter
2653 5398 2821 5476 codex
2852 5401 3024 5476 Yatic.
3058 5400 3218 5458 habet
3244 5403 3297 5456 in
3324 5420 3398 5459 se.
3418 5402 3703 5476 Utrumque
3725 5418 3809 5471 pu-

2243 5476 2349 5524 test
2397 5470 2631 5542 admitti.
2671 5470 2806 5527 Nam
2845 5472 2912 5528 ab
2941 5475 3133 5528 arbore
3180 5488 3362 5530 ramus
3388 5517 3402 5542 ,
3433 5491 3463 5529 a
3515 5470 3651 5530 fonte
3676 5470 3806 5529 rivus

2241 5540 2672 5609 protenduntur,
2701 5544 2835 5598 etin
2869 5543 2932 5598 iis
2975 5544 3145 5600 nihilo
3185 5546 3363 5602 minus
3391 5540 3658 5602 'indivulsi
3702 5558 3805 5599 ma-

2240 5619 2390 5668 neut.

2314 5679 2395 5754 (Ιι)
2424 5671 2771 5757 {ﬁniti-ms.
2793 5685 2890 5741 sibi
2919 5686 3130 5742 insunt:
3157 5686 3297 5757 quod
3331 5687 3580 5744 Erasmus
3607 5685 3668 5743 ad
3697 5685 3806 5741 lim-

2244 5745 2682 5818 buin'adscriptlit
2706 5799 2723 5828 ,
2750 5771 2812 5812 ac
2834 5768 3021 5831 postea
3062 5745 3210 5832 Lips.
3253 5766 3311 5817 et
3344 5758 3468 5819 Par.
3523 5760 3575 5817 in
3616 5767 3802 5821 textum
