3930 6194
137 254 227 311 509
1319 244 1411 303 DE
1438 241 1817 313 TBINITATE
1852 242 2059 313 LIBER
2083 242 2179 303 lx.

3289 251 3396 313 510

140 369 184 424 in
206 365 379 423 arbore
405 376 581 419 ramus
608 368 691 416 est
723 402 737 425 ,
768 366 823 415 et
868 359 1011 415 rivus
1049 357 1103 417 in
1150 357 1298 425 fonte
1326 367 1428 415 est.
1478 359 1546 417 Et
1572 359 1690 416 haec
1720 362 1772 427 Α
1799 367 1887 421 tur
1906 375 1971 419 ex
1997 359 2098 423 Dei
2121 358 2329 431 forma,
2350 362 2494 431 servi
2522 361 2754 427 formam
2768 371 2930 429 natus
2954 373 3270 436 acceperat:
3296 365 3396 425 sed

139 460 237 532 ipsa
263 470 342 512 res
364 454 477 511 sola
505 452 602 509 sibi
630 460 714 509 est
740 451 916 523 potius
943 492 956 517 ,
989 464 1150 523 quam
1178 465 1267 506 res
1292 466 1358 507 ex
1404 466 1463 507 re
1489 451 1693 508 substi-

142 559 238 606 tnla
263 554 373 604 est:
399 545 520 617 quia
552 559 659 600 non
688 543 832 599 aliud
863 542 941 616 (η)
968 543 1131 599 arbor
1169 558 1329 615 quam
1366 558 1570 612 ramus,
1597 560 1695 601 nc-

143 658 231 715 qne
252 639 376 713 ignis
407 654 563 710 quam
593 638 772 703 calor,
805 652 981 707 neque
1012 637 1131 691 fons
1175 637 1345 707 possit
1374 651 1496 693 esse
1533 652 1695 711 quam

144 738 281 793 rivus.
327 734 394 789 At
436 746 565 787 vero
603 731 909 802 nnigenitus
951 730 1097 786 Dens
1140 746 1205 786 ex
1257 730 1491 802 perfecta
1536 742 1697 803 alque

147 824 454 883 inenarrabili
498 824 776 880 nativitate
814 822 1113 879 subsistens
1139 823 1283 880 Deus
1318 832 1434 891 est,
1476 832 1529 879 et
1570 840 1695 881 vera

147 919 388 991 progenies
424 916 755 972 innascibilis
805 914 897 969 Dei
945 924 1058 982 est,
1091 923 1148 971 et
1194 915 1550 986 incorporalis
1597 931 1694 972 na-

149 1025 257 1069 tur:e
273 1010 530 1082 generatio
550 1007 938 1079 incorporalis,
970 1018 1024 1063 et
1058 1007 1198 1063 Deus
1228 1008 1383 1063 vivus
1411 1019 1466 1064 et
1487 1024 1646 1065 verus
1666 1024 1699 1065 a

146 1106 325 1169 vivente
342 1101 450 1157 Deo
469 1117 598 1156 vero
616 1143 632 1169 ,
658 1112 712 1155 et
734 1098 1106 1169 inseparabilis
1125 1118 1151 1151 a
1175 1099 1288 1154 Deo
1313 1110 1516 1155 natura:
1534 1101 1695 1156 Deus:

150 1199 249 1254 dum
272 1195 421 1273 286
454 1195 756 1251 subsistens
787 1193 1039 1249 nativitas
1064 1208 1173 1248 non
1221 1193 1444 1253 alterius
1492 1204 1698 1251 natura:

151 1291 285 1346 Deum
312 1291 381 1362 (l)
403 1289 643 1360 perfecit,
676 1302 848 1357 neque
869 1288 1175 1358 generatio,
1197 1303 1318 1357 qua:
1345 1288 1696 1345 substantiam

150 1382 457 1454 prorebebat,
504 1379 820 1437 substantiae
874 1390 1118 1441 naturam
1165 1379 1459 1437 demutavit
1507 1381 1560 1436 in
1605 1396 1698 1453 ge-

150 1491 270 1533 nere.

206 1568 279 1625 58.
300 1567 468 1623 Unitas
490 1574 721 1638 paterna:
749 1576 951 1620 natura:
968 1563 1172 1622 Christo
1202 1575 1257 1623 ut
1279 1565 1474 1621 homini
1492 1576 1697 1639 negata.

152 1661 235 1717 Per
254 1663 447 1735 gloriam
466 1661 517 1716 ei
532 1660 786 1715 redditur.
810 1691 880 1700 —
902 1659 1006 1716 Sed
1029 1660 1431 1731 dispensatione
1452 1676 1699 1733 assump-

1798 452 1937 509 hanc
1959 451 2138 515 carnis
2161 455 2593 526 assumptionem
2620 470 2685 513 ea
2702 496 2721 524 ,
2760 470 2889 517 cum
2915 471 3021 529 qua
3047 455 3151 517 sibi
3176 465 3394 517 natura-

1797 543 1864 603 lis
1890 544 2066 602 unitas
2091 555 2239 611 erat,
2258 546 2433 607 Patris
2463 556 2650 607 natura
2672 546 2755 623 (ἀ)
2774 563 2887 604 non
2910 556 3190 615 senserat:
3218 559 3274 609 et
3300 564 3399 609 no-

1796 636 1935 692 vitas
1981 636 2332 711 temporalis,
2364 638 2492 701 licet
2536 645 2784 696 maneret
2823 637 2880 695 in
2908 640 3110 697 virtute
3146 649 3357 703 natura:
3380 681 3396 707 ,

1799 726 1882 800 (5)
1923 728 2178 787 amiserat
2220 726 2290 803 (ε)
2344 738 2557 799 tamen,
2606 745 2732 789 cum
2794 729 2967 787 forma
3010 731 3142 800 Dei,
3189 743 3398 791 natura

1801 819 1895 895 Dei
1942 821 2239 885 secundum
2279 830 2613 893 assumptum
2644 821 2915 887 hominem
2952 824 3236 889 unitatem.
3288 824 3395 885 Sed

1800 924 2010 966 summa
2039 909 2106 985 (Ῑ)
2150 911 2569 981 dispensationis
2619 913 2735 971 hmo
2783 924 2936 983 erat,
2979 924 3038 970 ut
3083 925 3228 977 totus
3258 932 3398 972 nunc

1803 1005 2001 1071 Filius,
2030 1005 2193 1063 homo
2220 1005 2429 1062 scilicet
2453 1015 2509 1062 et
2553 1006 2732 1073 Deus,
2766 1020 2862 1076 per
2890 1006 3277 1079 indulgentiam
3304 1022 3397 1078 pa-

1802 1108 1973 1155 terna:
2000 1101 2321 1163 voluntatis,
2352 1099 2541 1155 unitati
2570 1108 2805 1171 paternae
2848 1110 3053 1156 natura:
3076 1102 3315 1158 inesset:
3347 1110 3403 1157 et

1803 1198 1893 1267 qui
1924 1193 2176 1250 manebat
2202 1193 2256 1249 in
2283 1193 2484 1253 virtute
2520 1205 2758 1261 naturae,
2800 1203 3042 1251 maneret
3085 1211 3304 1267 quoque
3343 1198 3397 1255 in

1800 1302 2001 1359 genere
2056 1297 2282 1342 naturae.
2328 1284 2386 1343 id
2437 1290 2581 1347 enim
2634 1287 2842 1345 homini
2888 1288 3299 1360 acquirebatur,
3346 1302 3405 1345 nt

1802 1379 1945 1437 Deus
1973 1389 2134 1438 esset.
2189 1379 2295 1436 Sed
2337 1395 2558 1438 manere
2606 1381 2663 1439 in
2692 1382 2790 1439 Dei
2838 1383 3047 1443 unitate
3090 1394 3403 1455 assumptus

1802 1470 1966 1527 homo
1993 1471 2142 1528 nullo
2183 1473 2344 1529 modo
2371 1481 2622 1545 poterat,
2674 1475 2777 1530 nisi
2806 1490 2902 1546 per
2937 1474 3195 1535 unitatem
3221 1475 3319 1532 Dei
3349 1477 3400 1537 in

1805 1565 2063 1621 unitatem
2102 1565 2199 1621 Dei
2232 1563 2305 1640 (g)
2351 1567 2612 1622 naturalis
2657 1569 2946 1626 evaderet:
2996 1578 3057 1625 ut
3101 1584 3198 1639 per
3239 1571 3400 1643 287

1804 1658 1939 1726 hoc,
1967 1658 2115 1730 quod
2139 1658 2193 1714 in
2225 1668 2414 1717 natura
2439 1659 2536 1717 Dei
2561 1669 2678 1719 erat
2700 1661 2844 1723 Deus
2870 1661 3137 1729 Verbum,
3165 1663 3403 1721 Verbum

148 1754 402 1821 ttecarnis,
447 1760 505 1808 et
534 1768 631 1823 per
666 1748 743 1824 (b)
788 1750 1147 1807 exinanientis
1182 1766 1241 1807 se
1267 1767 1333 1807 ex
1381 1750 1475 1806 Dei
1527 1751 1702 1808 forma
1733 1752 1782 1814 B
1810 1766 2021 1822 quoque
2060 1766 2187 1807 caro
2225 1751 2421 1808 factum
2462 1767 2678 1809 rursum
2717 1753 2772 1809 in
2817 1761 3008 1825 natura
3043 1753 3141 1811 Dei
3168 1755 3402 1817 inesset:

149 1846 460 1903 obedientiam
486 1888 502 1913 ,
527 1854 735 1901 naturae
761 1843 862 1900 sibi
901 1842 983 1919 (Ξ)
1015 1844 1303 1900 novitatem
1350 1842 1421 1919 (c)
1453 1844 1701 1901 Christus

150 1941 279 1995 homo
343 1948 499 1994 natus
579 1937 869 2003 intulerat,
946 1952 1053 1991 non
1110 1936 1324 1992 virtutis
1393 1948 1704 2011 natumque

147 2032 335 2100 damno,
361 2032 458 2088 sed
502 2030 718 2087 habitus
742 2030 1129 2086 demutatione.
1152 2029 1479 2088 Exinaniens
1505 2048 1564 2090 se
1604 2034 1705 2105 igi-

291 2147 603 2276 mitigat.
631 2218 679 2275 A
697 2217 934 2276 secunda
960 2233 1120 2274 manu
1137 2260 1153 2287 ,
1180 2219 1458 2274 natiuitate.

148 2336 259 2395 male
301 2335 642 2393 transtulere.
675 2333 809 2391 Nam
858 2333 1022 2401 illud,
1062 2333 1158 2389 sibi
1185 2344 1336 2400 sunt,
1370 2334 1474 2393 hoc
1511 2345 1698 2403 sonat,

148 2424 193 2462 ea
220 2422 309 2462 non
332 2422 452 2463 esse
473 2406 557 2461 sui
577 2406 714 2476 juris
731 2448 746 2473 ,
776 2422 875 2461 nec
904 2421 998 2476 per
1028 2420 1087 2461 se
1112 2406 1444 2471 subsistere;
1478 2407 1613 2465 adeo
1638 2420 1698 2464 ut

147 2494 298 2534 ramus
321 2494 440 2535 cum
465 2479 691 2533 caudice
717 2492 822 2551 non
854 2478 961 2551 sint
992 2477 1113 2551 dum
1135 2492 1222 2531 res
1252 2476 1472 2551 integra:
1502 2488 1563 2551 et
1582 2495 1705 2551 per-

149 2552 294 2617 fectae,
313 2565 541 2621 quarum
568 2565 672 2605 una
700 2549 991 2605 substituto
1022 2548 1092 2603 sit
1133 2562 1199 2621 ex
1233 2550 1400 2621 altera
1429 2591 1442 2614 ,
1472 2548 1703 2606 sed—una

149 2623 240 2681 sola
257 2619 456 2683 tantum
486 2622 815 2683 subSIantia,
857 2635 976 2690 quae
1017 2634 1084 2674 ex
1131 2619 1337 2675 duabus
1366 2622 1605 2689 partibus
1635 2623 1708 2679 si-

150 2693 234 2747 mul
253 2693 442 2762 junctis
472 2708 624 2747 suam
657 2690 1056 2746 subsistentiam
1082 2690 1345 2753 obtineat.

210 2766 275 2833 (α)
302 2764 426 2819 Puta
475 2765 528 2818 in
561 2762 886 2817 subsistendi
920 2764 1159 2827 ratione,
1190 2778 1311 2831 qua:
1337 2776 1441 2815 una
1472 2762 1557 2817 hic
1581 2778 1713 2818 con-

150 2835 542 2891 sidenturﬁam
565 2833 706 2904 quod
733 2837 977 2902 proxime
999 2843 1158 2887 antea
1178 2848 1257 2904 res
1277 2847 1340 2886 ea:
1361 2849 1418 2886 re
1441 2835 1713 2889 substituto

154 2921 206 2960 ea
221 2906 437 2971 dicatur,
463 2903 675 2975 quaties
706 2921 764 2960 re
792 2905 1118 2963 subsistente
1140 2903 1539 2975 subsistentiam
1560 2921 1713 2961 suam

154 2988 406 3033 consecuta
436 2974 539 3045 sit;
590 2983 737 3047 patet
775 2991 839 3031 ex
885 2975 1171 3047 postremis
1228 2974 1325 3029 lib.
1350 2977 1712 3047 _vtn_verbis,

156 3050 311 3119 quibus
338 3050 504 3104 Filius
534 3044 791 3101 asSeritur
828 3044 901 3101 ila
940 3044 1236 3119 indi/ferens
1265 3063 1297 3099 a
1332 3044 1443 3119 ADeo
1470 3045 1637 3115 Deus,
1662 3056 1716 3102 ut

155 3117 407 3190 perfectum
446 3119 614 3175 Deum
644 3120 956 3172 substituerit
982 3117 1495 3190 perfectahnativitas.

211 3185 273 3261 (δ)
303 3192 380 3248 lla
414 3207 544 3247 mss.
576 3196 647 3245 At
670 3191 875 3261 excusi,
909 3185 1258 3261 eminaniendi.

214 3256 274 3334 (c)
290 3264 413 3321 Mss.
432 3263 669 3334 Reznig.,
688 3260 900 3334 Germ.,
928 3260 1138 3334 lllartin1
1147 3274 1215 3334 ac
1244 3265 1393 3334 vetns
1417 3256 1596 3324 Colb.,
1620 3276 1717 3334 ina-

160 3329 391 3389 tiritatem.
447 3329 707 3391 Maluinua
733 3348 855 3386 cum
892 3330 1041 3384 libris
1093 3329 1210 3382 aliis
1252 3331 1566 3398 novitatem,
1616 3333 1718 3385 hoc

160 3413 254 3469 est,
279 3422 463 3462 novam
492 3403 727 3459 hominis
758 3413 1037 3456 naturam:
1067 3400 1208 3468 quod
1239 3400 1561 3455 conﬁrmare
1594 3402 1720 3456 licet

162 3475 229 3532 bis
250 3494 388 3534 nam.
418 3478 514 3534 Li:
548 3478 647 3544 Qui
688 3491 805 3529 cum
834 3490 887 3527 ss
912 3472 1247 3535 concitaverit,
1276 3480 1331 3526 ut
1355 3488 1566 3527 manens
1593 3472 1718 3544 Spi-

162 3551 269 3607 ritus
287 3548 515 3607 Christus
538 3589 554 3614 ,
588 3548 722 3602 idem
759 3545 990 3601 Christus
1034 3546 1183 3599 homo
1227 3552 1386 3610 esset;
1414 3546 1468 3598 in
1506 3559 1719 3614 corpore

164 3623 408 3675 demutatio
437 3619 638 3675 habitus
657 3628 705 3672 et
728 3616 1009 3688 assumptio
1034 3625 1237 3688 natura
1266 3619 1354 3683 (en
1395 3622 1599 3688 natura:
1625 3632 1719 3675 no-

164 3690 344 3766 vitas),
364 3701 596 3766 naturam
645 3685 912 3766 manentis
940 3685 1218 3739 divinitatis
1249 3701 1349 3766 non
1377 3685 1585 3766 peremit
1609 3702 1627 3766 ς
1651 3703 1715 3740 cn

165 3763 268 3833 quid
289 3756 383 3819 sibi
412 3763 560 3825 velit,
593 3777 695 3816 non
716 3757 917 3833 virtutis
957 3765 1254 3833 naturaeque
1281 3756 1490 3833 damno.
1513 3756 1649 3833 Sed
1666 3767 1721 3811 et

168 3827 451 3895 iititionum.
476 3834 569 3898 55,
599 3848 704 3887 non
728 3831 955 3885 obscure
992 3827 1171 3893 datur,
1195 3828 1335 3896 quod
1365 3828 1602 3883 nativitas
1629 3828 1720 3883 h0-

167 3907 294 3960 minis
317 3917 545 3961 naturam
571 3919 757 3958 novam
782 3899 974 3954 intulit.

226 3978 297 4050 (ὁ)
324 3977 449 4050 leid.
484 3985 541 4050 et
578 3976 670 4050 Er.
697 3988 819 4050 cum
850 3968 1154 4050 recentiore
1187 3981 1290 4023 ms.
1315 3966 1509 4050 Colb.,_
1523 3985 1623 4024 non
1654 3969 1723 4024 si-

169 4040 300 4103 neiet'.
326 4049 455 4117 Quid
487 4046 574 4102 hic
602 4043 935 4117 signiﬁcetur
956 4040 1218 4117 ,_planum
1247 4049 1331 4094 est
1363 4053 1430 4117 ex
1459 4041 1717 4117 his-num.

170 4119 254 4175 ειυς
278 4110 619 4191 [gnat-audam
649 4110 946 4191 Existimas,
976 4112 1183 4167 Patrem
1219 4119 1361 4191 extra
1383 4111 1515 4191 Itane
1540 4110 1724 4167 huma-

172 4182 327 4245 ηατυηῖ
349 4193 638 4262 passionum
656 4185 1168 4257 assumptionem.....
1198 4182 1306 4236 sine
1323 4183 1492 4239 carnis
1519 4199 1725 4258 suscep-

175 4262 284 4317 tione
307 4266 542 4317 mansisse
565 4262 589 4315 ?

234 4335 359 4407 (e)ln
380 4348 506 4389 mss.
529 4330 694 4407 Corb.
719 4328 788 4384 ab
810 4327 1034 4407 antiqua
1054 4340 1215 4407 manu
1241 4324 1473 4407 secunda
1496 4323 1719 4407 Cislerc.

178 4396 364 4476 aliist'lue
385 4402 795 4476 recentioribus,
812 4415 913 4453 non
931 4398 1194 4463 amiserat;
1212 4406 1401 4476 etniox
1415 4396 1554 4476 apud
1568 4396 1721 4475 _Par.,

178 4466 476 4542 nativitatem,
507 4490 613 4530 non
640 4466 920 4542 unitatem:
949 4478 1220 4542 corrupte.
1267 4467 1365 4542 Qui
1413 4466 1723 4542 pr:cdi_ctu_m

178 4548 380 4605 codicem
406 4538 565 4602 liorb.
596 4545 751 4598 annis
780 4541 847 4596 ab
872 4540 997 4593 hinc
1022 4539 1239 4605 circiter
1265 4538 1371 4593 800
1394 4538 1721 4603 emendavit,

179 4616 252 4675 hic
271 4623 327 4676 ad
354 4635 496 4676 oram
518 4614 805 4684 adscripsit
828 4653 841 4675 ,
875 4609 1017 4664 Nota
1044 4625 1227 4684 novum
1254 4610 1437 4680 dogma
1454 4624 1473 4663 :
1504 4625 1607 4684 non
1631 4623 1721 4663 ca-

182 4692 302 4756 piens
328 4692 446 4762 quid
478 4679 713 4762 unitatis
735 4684 838 4762 Dei
862 4679 1120 4762 naturalis
1142 4679 1404 4762 jacturatn
1443 4680 1718 4762 vehrecuf

181 4752 470 4845 Ρεηὲίίῖηθπι
509 4761 717 4845 ε’ῖοθτίῗέ
758 4754 1039 4845 ΨἮἮΞξ
1070 4753 1223 4845 5953.5
1262 4752 1721 4845 "‘_’Y’_i‘_p°§i.‘i?_f"

182 4822 391 4891 inusitata
442 4830 596 4887 nobis
636 4838 719 4884 est
776 4822 1028 4895 loquendi
1074 4824 1249 4889 ratio,
1297 4838 1455 4894 quam
1503 4822 1717 4890 dogma.

182 4902 275 4967 Non
296 4906 427 4963 enim
472 4908 631 4975 negat
680 4900 731 4952 in
761 4898 975 4975 Christo
1000 4935 1012 4954 ,
1058 4908 1261 4975 exuquo
1290 4909 1507 4949 carnem
1541 4908 1724 4948 susce-

186 4965 269 5043 pit,
283 4965 570 5035 naturalem
590 4973 733 5027 inter
761 4968 1046 5022 lmmanam
1098 4965 1439 5043 divinamque
1477 4974 1722 5043 naturam

187 5018 1029 5123 ’ἆῖἶὶιὲἰίῗοῆείέιιιιεῃ
1052 5036 1192 5123 adeo.
1228 5018 1624 5123 [ιιόιίιιθινιιειιννίιζἰ
1667 5045 1726 5099 ιιι

188 5132 314 5192 supra
335 5136 387 5175 ιι.
414 5107 578 5181 “fet
599 5125 816 5189 eapem
842 5108 1122 5234 senii-stam
1146 5116 1200 5162 et
1224 5123 1386 5189 carne
1412 5123 1471 5162 sc
1491 5107 1729 5188 spolian-

189 5199 272 5234 Im
294 5207 444 5234 unum
475 5184 832 5234 mnindemoue
908 5179 1131 5233 hrtstum
1153 5194 1334 5234 negari
1369 5196 1471 5231 non
1504 5187 1727 5234 nerunt-

189 5179 273 5247 lein
294 5207 444 5247 unum
475 5179 832 5252 eumdeinque
860 5179 1131 5252 Christum
1153 5179 1334 5252 negari
1369 5196 1471 5252 non
1504 5180 1727 5248 permit-

190 5271 313 5318 teret.
340 5262 517 5332 Longe
536 5258 715 5332 minus
743 5249 908 5307 sentit
931 5249 1202 5332 Christum
1214 5250 1291 5331 ab
1309 5250 1509 5332 unitate
1527 5257 1732 5304 natura:

1811 1856 1972 1917 atque
2001 1847 2073 1907 ita
2101 1845 2263 1903 homo
2281 1845 2441 1903 Jesus
2468 1846 2719 1913 Christus
2757 1856 3004 1913 maneret
3028 1848 3083 1909 in
3109 1848 3281 1920 gloria
3307 1850 3404 1907 Dei

1811 1940 1981 2013 patris
2000 1982 2017 2009 ,
2049 1940 2095 1995 si
2122 1939 2176 1997 in
2194 1939 2372 2015 Verbi
2389 1939 2617 2011 gloriam
2642 1955 2770 2003 caro
2792 1950 2937 1997 esset
2964 1941 3149 1999 unita:
3180 1942 3407 2003 rediret-

1811 2030 1925 2105 que
1944 2041 2072 2090 tunc
2097 2032 2151 2095 in
2188 2041 2395 2095 naturae
2426 2040 2665 2103 paternae
2693 2033 2855 2093 etiam
2897 2032 3197 2098 secundum
3230 2034 3406 2095 homi-

1881 2150 1962 2224 (ὅ)
1986 2149 2082 2224 Sic
2122 2158 2179 2206 et
2206 2165 2236 2205 a
2280 2151 2472 2224 prima,
2501 2166 2669 2209 manu
2708 2150 2916 2209 codicis
2954 2153 3159 2221 nostri;
3197 2150 3294 2210 sed
3338 2165 3407 2207 ex

1808 2223 2208 2289 emendatione,
2240 2239 2345 2285 non
2371 2223 2635 2299 amiserat.

1809 2337 2018 2395 sitit-bat
2061 2353 2091 2392 a
2121 2337 2331 2402 divina,
2385 2346 2574 2408 utpote
2620 2338 2891 2408 passibilis
2932 2338 3003 2394 ab
3044 2338 3359 2409 impassibili
3391 2381 3407 2405 ,

1811 2410 2054 2481 mortalis
2082 2410 2150 2465 ab
2175 2409 2464 2481 immortali
2486 2450 2503 2475 ,
2536 2409 2752 2469 inﬁrma
2795 2409 2869 2481 ab
2916 2409 3304 2478 omnipotente.
3341 2411 3410 2467 At

1812 2480 1902 2535 ubi
1931 2495 2025 2551 per
2052 2474 2279 2552 gloriam
2306 2474 2547 2552 redditur
2577 2480 3001 2552 incorruptibilis
3023 2521 3036 2543 ,
3064 2474 3410 2546 immortalis,

1812 2550 2031 2614 teter-na,
2062 2550 2198 2618 etc.,
2232 2560 2343 2605 tum
2372 2550 2611 2621 perfecta
2657 2550 2875 2621 gaudet,
2905 2560 3163 2619 quantum
3211 2564 3407 2607 creata:

1811 2622 2126 2678 substantia:
2149 2623 2306 2688 licet,
2338 2637 2462 2679 cum
2489 2621 2585 2677 Dei
2614 2633 2801 2676 natura
2823 2623 3218 2679 consensione:
3246 2639 3407 2694 quam

1814 2695 2030 2766 quidem
2052 2695 2488 2766 consensionem,
2515 2702 2574 2766 ut
2603 2709 2668 2751 ex
2691 2694 3039 2766 sequentibus
3063 2694 3237 2764 magis
3290 2710 3410 2766 per-

1815 2762 2061 2834 spicuum
2084 2765 2208 2831 erit,
2227 2775 2381 2819 vocnt
2407 2762 2642 2819 llilarius
2664 2762 2921 2820 unitatem
2954 2762 3271 2831 naturalem.
3294 2762 3410 2823 Nc-

1816 2852 1919 2906 que
1948 2844 2031 2890 est
2059 2836 2201 2905 quod
2231 2834 2353 2906 quis
2374 2845 2608 2904 quierat,
2634 2850 2731 2889 cur
2759 2835 3003 2890 Christus
3027 2835 3171 2889 illam
3202 2835 3409 2891 dicatur

1817 2908 2085 2969 amisisse,
2107 2921 2266 2977 quam
2294 2915 2418 2961 ante
2437 2906 2725 2976 gloriosam
2744 2906 3194 2962 resurrectionem
3218 2921 3414 2977 secun-

1820 2978 1946 3034 dum
1981 2975 2317 3044 assumptum
2364 2975 2635 3032 hominem
2685 2991 2973 3044 numquam
3024 2975 3287 3033 habuerit.
3331 2978 3408 3033 Ea

1819 3051 1961 3104 enim
1992 3049 2198 3103 ratione
2241 3063 2366 3103 vere
2392 3046 2692 3104 aflirmatur
2731 3048 3008 3114 amisisse,
3042 3064 3144 3118 qua
3175 3063 3301 3105 vere
3328 3048 3411 3105 di-

1820 3122 1957 3173 citur
1983 3120 2050 3173 de
2072 3118 2256 3191 ipsius
2288 3133 2452 3191 carne
2472 3159 2487 3181 ,
2520 3118 2623 3191 llic
2665 3130 2736 3172 est
2759 3119 2906 3191 panis
2932 3120 3020 3191 qui
3046 3120 3108 3173 de
3142 3118 3265 3172 coelo
3323 3122 3414 3191 de-

1743 3199 1789 3262 C
1821 3192 2036 3245 scendit.
2071 3190 2144 3246 Ut
2171 3191 2315 3245 enim
2345 3189 2507 3245 docet
2530 3191 2586 3244 S.
2613 3190 2721 3262 Leo
2744 3190 2901 3259 epist.
2936 3189 3078 3245 nunc
3104 3204 3250 3255 xxiv,
3273 3204 3324 3262 c4.
3354 3190 3411 3255 5,

1818 3263 2101 3331 Augustini
2124 3263 2282 3316 verba
2304 3271 2571 3316 mutuatus
2597 3275 2664 3317 ex
2688 3261 2780 3315 lib.
2804 3271 2993 3316 contra
3023 3263 3195 3317 Serm.
3223 3260 3410 3316 Ariau.

1819 3350 1866 3388 c.
1894 3334 1956 3389 8:
1981 3332 2198 3405 Propter
2222 3334 2879 3405 hancrunitatempersonte
2902 3334 2958 3388 in
2986 3341 3198 3405 utraque
3212 3342 3410 3405 natura

1817 3401 2221 3477 intelligendam,
2251 3412 2297 3457 et
2337 3403 2478 3473 ﬁlius
2507 3401 2727 3457 hominis
2766 3404 2948 3477 legitur
2981 3401 3305 3477 descendisse
3350 3402 3412 3457 de

1820 3480 1965 3542 caelo,
1984 3471 2112 3532 vcnm
2139 3479 2277 3546 [ilius
2309 3471 2401 3530 Dei
2443 3491 2649 3530 carnem
2683 3477 2745 3531 de
2774 3471 2834 3530 ea
2866 3471 3072 3547 Virgine
3110 3475 3173 3528 de
3209 3490 3307 3543 qua
3335 3483 3410 3529 est

1819 3560 1972 3605 natus
2000 3550 2294 3620 assumpsit,
2339 3555 2444 3604 etc.
2478 3548 2634 3603 Enim
2661 3563 2790 3620 vero
2831 3547 3110 3610 Christus,
3137 3552 3262 3620 ante
3292 3559 3413 3620 car-

1821 3624 1904 3677 nis
1930 3616 2328 3693 susceptionem
2351 3664 2366 3693 ,
2404 3622 2712 3693 praedictam
2736 3618 2881 3674 illam
2910 3619 3169 3675 unitatem
3199 3616 3409 3693 simpli-

1820 3698 1954 3748 citcr
1982 3702 2036 3748 et
2064 3689 2675 3769 a'bsolute_habucrat,_
2705 3700 2888 3769 postea
2936 3704 3064 3744 vero
3115 3689 3412 3769 secundum

1822 3771 2152 3833 assumptum
2200 3764 2470 3817 hominem
2525 3778 2630 3817 non
2660 3757 2933 3833 habebat:
2977 3768 3033 3833 at
3079 3757 3409 3833 aliquidha-

1821 3829 2367 3904 buisse'simpliciter,
2398 3845 2451 3889 et
2488 3842 2608 3904 post
2633 3849 2740 3890 non
2769 3834 2899 3904 item
2926 3831 3146 3897 habere,
3173 3829 3301 3900 quid
3331 3837 3416 3904 est

1823 3907 1926 3962 nisi
1954 3900 2542 3976 amittereiNegotiuin
2580 3904 2845 3976 facessere
2888 3902 2976 3976 hic
3002 3910 3224 3976 posset,
3269 3900 3414 3972 quod

1823 3979 1984 4033 etiam
2027 3978 2213 4032 formae
2248 3970 2647 4046 Dci'jacturam
2703 3975 2882 4046 facere
2929 3970 3022 4046 hic
3057 3970 3414 4046 praedicetur,

1824 4048 1928 4105 nisi
1954 4048 2134 4117 forma:
2162 4042 2682 4103 nomine-externum
2725 4045 2963 4100 habitum
3012 4042 3418 4113 intelligendum

1824 4135 1945 4177 esse
1968 4120 2079 4190 jam
2104 4134 2287 4190 supra,
2317 4134 2466 4174 num.
2501 4118 2587 4183 14,
2622 4127 2897 4172 ostensum
2922 4121 3088 4171 esset.

1898 4234 1965 4307 (f)
1997 4233 2109 4289 Hoc
2139 4232 2667 4307 esueonsnmmalio
2700 4242 2859 4307 atque
2886 4228 3174 4307 perfectio:
3209 4242 3332 4299 qua:
3362 4238 3421 4307 ut

1826 4305 1880 4361 in
1906 4300 2050 4376 'p'sal.
2078 4320 2137 4369 ιι,
2167 4321 2221 4359 n.
2245 4304 2338 4369 27,
2371 4302 2676 4373 exponitur,
2706 4303 2758 4357 in
2780 4300 2883 4357 hoc
2896 4302 3004 4376 sita
3026 4308 3180 4376 erat,
3203 4300 3417 4376 utquod

1827 4370 1933 4432 tum
1959 4377 2099 4447 ﬁlius
2120 4376 2339 4447 hominis
2369 4370 2461 4435 est,
2492 4376 2559 4447 ad
2581 4377 2857 4447 perfectum
2885 4372 2977 4427 Dei
3008 4370 3197 4447 ﬁlium.
3230 4370 3413 4447 idgest,

1828 4447 1895 4501 ad
1950 4444 2305 4500 resumendam
2348 4444 2815 4516 indulgendumque
2871 4444 3075 4514 corpori
3122 4444 3421 4497 teternitatis

1830 4534 1941 4572 sua:
1968 4518 2208 4589 gloriam,
2237 4533 2327 4589 per
2356 4518 2744 4589 resurrectiOnis
2786 4517 3065 4589 potentiam
3107 4516 3420 4589 gigneretur.

1750 4585 1805 4647 D
1830 4589 1930 4645 Ubi
1956 4584 2021 4642 ad
2055 4584 2349 4657 perlectum
2383 4587 2475 4642 Dei
2504 4588 2669 4643 lilium
2709 4584 2855 4658 gigni
2886 4588 3025 4640 idem
3054 4584 3274 4639 omnino
3297 4594 3380 4638 est
3405 4624 3420 4647 ,

1824 4660 1966 4731 quod
1991 4656 2076 4714 hic
2096 4670 2231 4713 totus
2251 4676 2384 4731 nunc
2408 4659 2572 4729 ﬁlius,
2599 4660 2682 4714 vel
2709 4656 2850 4731 quod
2872 4670 3058 4731 supra,
3085 4671 3233 4731 nunt.
3261 4658 3318 4731 β,
3342 4663 3423 4708 to-

1830 4725 1908 4786 tus
1953 4732 2105 4785 homo
2131 4739 2264 4785 totus
2296 4725 2463 4784 Deus:
2492 4746 2556 4785 ac
2604 4725 2827 4800 proinde
2871 4725 3013 4797 quod
3044 4726 3148 4800 hic;
3170 4725 3365 4780 dicitur
3398 4766 3415 4790 ,

1831 4818 1920 4873 per
1942 4803 2313 4873 indulgentiam
2364 4797 2612 4868 paternis
2638 4801 2911 4855 voluntatis
2966 4797 3150 4873 unitati
3179 4806 3423 4873 paternae

1831 4866 2029 4928 natura:
2053 4866 2231 4935 inesse,
2268 4866 2408 4928 idem
2438 4874 2509 4927 sit
2533 4886 2755 4928 necesse
2775 4880 2881 4935 est,
2903 4868 3046 4938 quod
3071 4866 3284 4921 laudato
3304 4867 3423 4921 loco

1832 4946 2043 5013 corpori
2095 4943 2411 4999 :eternitatis
2447 4944 2671 5013 gloriam
2714 4956 2809 5011 per
2849 4939 3299 4994 resurrectionem
3342 4938 3424 4992 in-

1835 5018 2077 5087 dulgere.
2106 5014 2307 5069 Confer
2338 5025 2622 5084 utrumque
2649 5015 2845 5068 locum.

1903 5107 1980 5179 (g)
2009 5107 2098 5162 Sic
2126 5121 2254 5161 mss.
2302 5104 2372 5161 At
2422 5105 2593 5179 editi”,
2623 5102 2938 5158 naturalem:
2985 5099 3085 5155 hac
3130 5104 3429 5179 mutatione

1836 5172 2023 5234 Hilarii
2054 5192 2275 5247 scopum
2309 5191 2373 5231 ac
2421 5176 2621 5247 subtile
2664 5181 3048 5247 argumentum
3081 5185 3303 5247 prorsus
3331 5172 3430 5227 ob-

1834 5242 2366 5304 scurantes.’Volens
2386 5247 2529 5301 enim
2574 5242 2946 5301 demonsuare
2990 5242 3264 5296 Christum
3306 5257 3430 5299 esse

190 5312 704 5404 ﬁténté'éiéidisse:
733 5339 857 5404 cuni
880 5320 1092 5404 (ἵνα.ιίὁὶ
1110 5364 1125 5388 ,
1156 5323 1461 5404 etiampost
1488 5333 1735 5404 assump:
1839 5322 2003 5404 Deum
2035 5319 2330 5401 naturalem
2356 5360 2370 5384 ,
2405 5316 2508 5371 hoc
2537 5332 2603 5404 eo
2631 5315 2848 5404 conficit
2871 5357 2885 5382 ,
2931 5312 3084 5397 quod
3108 5314 3276 5397 ipsius
3302 5328 3431 5404 cat-to

188 5390 278 5461 ίυω
305 5402 562 5463 hominem
585 5441 600 5467 ,
633 5393 882 5467 naturalis
916 5393 1085 5467 unitas
1115 5401 1239 5457 erat,
1269 5390 1353 5467 uti
1392 5392 1639 5467 proxime
1667 5390 1735 5444 ab

188 5463 609 5546 ipsoaudivimus,
633 5483 695 5546 ac
725 5466 842 5520 fuse
866 5464 1123 5546 probatur
1147 5472 1256 5546 toto
1275 5463 1733 5546 librosupcriore,

193 5531 365 5605 έῇιῖῑς
395 5531 611 5616 passim,
640 5537 771 5606 Quae
798 5531 884 5616 est
926 5533 1089 5616 igitur
1114 5535 1369 5616 naturalis
1394 5533 1485 5616 illa
1505 5531 1687 5616 unitas
1721 5571 1736 5597 ,

191 5602 333 5691 quam,
366 5602 606 5672 Christus
647 5602 960 5691 secundum.
984 5604 1257 5686 hominem
1304 5604 1576 5691 amiserit?
1624 5602 1741 5656 Non

193 5675 280 5745 tilia
295 5702 441 5752 sane,
463 5698 623 5752 quam
650 5680 881 5752 ipsumet
911 5675 1112 5747 gloria:
1151 5677 1311 5752 cujus
1349 5676 1583 5752 nondum
1614 5688 1745 5752 con-

194 5742 452 5819 sine;
481 5742 711 5812 humana
739 5747 905 5820 ipsius
920 5742 1143 5815 natura,
1175 5742 1405 5818 quodam
1446 5745 1606 5802 modo
1635 5742 1747 5801 dis-

1842 5394 1893 5446 in
1920 5390 2142 5461 gloriam
2174 5403 2237 5444 ac
2266 5382 2506 5443 naturam
2538 5386 2731 5461 Verbi_
2750 5386 2841 5461 Dei
2873 5382 3040 5447 unita,
3073 5382 3200 5461 inSit
3231 5382 3435 5461 inuni-

1843 5452 1954 5517 tate
1986 5471 2220 5530 pateram
2253 5471 2487 5523 naturae;
2518 5458 2659 5530 quod
2701 5457 2824 5530 fieri
2840 5472 2945 5511 non
2974 5452 3165 5526 possit,
3195 5455 3296 5509 nisi
3328 5470 3435 5511 una

1848 5541 1902 5588 et
1926 5527 2112 5586 cadent
2145 5531 2214 5584 sit
2259 5530 2431 5584 Patris
2480 5544 2541 5584 ac
2577 5528 2737 5583 Verbi
2799 5527 2894 5582 Dei
2937 5533 3158 5594 natura,
3191 5541 3295 5597 qua
3323 5542 3438 5582 me-

1850 5606 2031 5659 diante
2057 5616 2184 5656 caro
2211 5616 2334 5655 cum
2374 5607 2556 5655 natura
2586 5599 2746 5655 Verbi
2778 5598 2871 5654 Dei
2898 5597 3041 5652 unita
3071 5638 3085 5662 ,
3113 5597 3261 5652 unita
3292 5600 3361 5652 sit
3383 5607 3442 5654 et

1850 5691 1971 5728 cum
1997 5683 2192 5745 natura
2222 5671 2430 5739 Patris;
2464 5670 2792 5745 proindeque
2834 5670 2936 5727 nisi
2965 5666 3214 5725 Christus
3241 5670 3311 5726 sit
3336 5684 3436 5726 na-

1851 5743 2038 5802 turalis
2070 5745 2230 5800 Deus.
