3930 6194
509 210 611 270 511
1714 208 1962 267 SANCTI
2000 208 2061 266 HI

2241 209 2261 265 ι
2300 206 2613 267 EPISCOP!
3700 217 3790 273 512

511 341 640 383 nem
684 326 943 384 unitatem
993 324 1229 382 Verbum
1279 337 1407 381 caro
1445 323 1674 393 factum,
1716 339 1838 380 cum
1880 325 2106 396 gloriam
2137 330 2187 389 Α
2213 323 2374 380 tionis
2400 333 2736 381 excesserat:
2762 325 2968 382 scilicet
2996 337 3055 383 ut
3080 326 3135 384 in
3180 342 3244 384 ea
3274 336 3463 385 natura
3497 344 3595 400 per
3612 332 3792 403 gloriﬁ-

520 417 685 477 Verbi
713 433 840 476 caro
859 427 1131 489 assumpta
1157 418 1437 474 tenuisset.
1469 416 1762 475 Reddenda
1793 419 1953 490 igitur
1972 418 2115 489 apud
2220 417 2486 472 cntionem
2533 432 2719 474 rursus
2763 430 2936 487 esset,
2966 421 3021 476 in
3046 437 3154 493 qua
3193 433 3533 480 sacramento
3578 435 3689 482 erat
3727 428 3794 483 di-

518 527 580 569 se
604 513 776 582 ipsum
805 510 886 584 (a)
931 510 1076 567 Patri
1103 520 1222 566 erat.
1274 512 1451 567 unitas
1490 526 1618 579 sua,
1664 521 1724 567 ut
1769 521 1975 568 naturas
2005 528 2118 569 sua:
2221 511 2359 567 vina:
2389 512 2678 569 nativitatis
2730 515 2939 581 unitus,
2968 513 3049 587 (g)
3074 528 3329 589 essetque
3357 517 3505 575 Patri
3556 520 3692 591 apud
3723 536 3797 579 se.

516 603 776 660 nativitas
818 604 965 658 inse
1011 616 1223 657 rursum
1270 601 1617 673 gloriﬁeanda
1667 602 1963 687 resideret:
1993 606 2120 675 quia
2220 606 2507 677 metipsum
2537 607 2901 677 gloriﬁcatus:
2933 618 2989 664 ut
3034 612 3176 680 quod
3224 611 3364 682 apud
3407 628 3532 669 eum
3578 625 3697 671 ante
3721 617 3798 670 ha-

514 697 931 768 dispensationis
947 698 1158 752 novitas
1173 696 1522 753 offensionem
1547 697 2046 764 unitatisintulerat;
2066 706 2122 754 et
2221 698 2382 754 behat
2404 711 2673 768 maneret,
2705 718 2876 773 neque
2903 702 3167 760 alienaret
3198 706 3267 760 ab
3292 721 3358 761 eo
3386 706 3578 763 forma:
3606 708 3694 765 Dei
3722 726 3799 765 na-

518 792 699 848 unitas
716 797 773 845 ut
794 789 1026 860 perfecta
1067 801 1224 845 antea
1254 789 1458 854 fuerat,
1485 789 1632 844 nulla
1652 805 1772 846 esse
1792 805 1936 845 nunc
1969 800 2119 860 pote-
2223 801 2421 860 turam,
2452 794 2641 849 ferina:
2671 796 2886 850 servilis
2930 800 3268 869 assumptio;
3309 800 3403 855 sed
3438 801 3579 871 apud
3626 812 3797 859 semet-

518 891 623 950 rat,
661 883 763 938 nisi
792 882 1085 953 gloriﬁcata
1124 881 1263 952 apud
1285 897 1345 938 se
1375 881 1561 937 luisset
1587 883 1766 937 carnis
1796 881 2118 952 assumptio.
2222 884 2399 956 ipsum
2447 885 2771 956 gloriﬁcare!
2803 887 3030 945 formam
3049 891 3214 954 servi.
3240 900 3296 946 ut
3322 902 3568 950 maneret
3597 893 3671 968 (h)
3695 912 3797 953 esse

593 975 687 1033 59.
712 975 893 1031 Gloria
927 975 1101 1030 Patris
1121 976 1289 1046 gloria
1318 973 1478 1041 Filii,
1509 975 1662 1045 idque
1695 986 1842 1030 sonat
1877 974 2017 1045 apud
2046 982 2118 1030 te.
2223 978 2319 1034 Dei
2350 979 2557 1035 forma:
2588 981 2714 1051 qtiia
2763 984 2851 1053 qui
2904 984 2957 1038 in
2989 985 3083 1041 Dei
3113 984 3283 1041 forma
3333 999 3637 1056 manserat,
3682 989 3801 1046 idem

524 1070 655 1127 Haec
682 1071 875 1125 homini
896 1080 1159 1141 assumpto
1190 1085 1292 1123 non
1321 1083 1561 1124 concessa
1583 1111 1597 1136 ,
1630 1080 1836 1141 peracta
1856 1070 2121 1141 dispensa-
2223 1080 2345 1128 erat
2370 1072 2421 1127 in
2450 1074 2594 1128 servi
2624 1073 2815 1130 l'orma.
2847 1075 2916 1131 Et
2946 1092 3067 1131 cum
3097 1081 3236 1135 servi
3271 1079 3443 1136 forma
3482 1080 3801 1154 gluriﬁcanda

521 1167 659 1220 tione
686 1173 917 1235 rogatur.
938 1192 1008 1202 ——
1038 1162 1104 1217 Et
1134 1163 1335 1217 idcirco
1360 1171 1509 1218 tanto
1538 1173 1695 1217 antea
1729 1173 2028 1234 praeparato
2053 1162 2121 1218 ad
2225 1175 2369 1220 esset
2398 1164 2449 1219 in
2473 1165 2569 1220 Dei
2597 1166 2787 1230 forma,
2816 1169 2955 1240 apud
2976 1185 3098 1225 eum
3119 1171 3291 1239 ipsum
3314 1172 3664 1243 gloriﬁcanda
3684 1185 3799 1243 erat,

525 1256 650 1311 ﬁdei
689 1256 847 1325 hujus
877 1254 1284 1325 intelligentiam
1314 1270 1478 1310 sensu
1499 1296 1514 1320 ,
1547 1270 1669 1309 cum
1701 1255 1956 1309 dixisset:
1998 1253 2123 1309 Hac
2224 1254 2279 1310 in
2297 1254 2448 1325 cujus
2472 1255 2641 1312 l‘orma
2666 1257 2852 1314 formae
2868 1261 3079 1316 servilis
3098 1262 3445 1320 erathabitus
3465 1265 3800 1322 honorandus.

519 1358 591 1402 est
605 1357 773 1402 autem
789 1349 889 1407 uita
902 1357 1114 1411 aeterna,
1130 1354 1500 1417 utcognoscant
1515 1356 1562 1399 te
1577 1345 1740 1400 solum
1752 1362 1919 1400 verum
1935 1343 2121 1411 Deum,
2298 1348 2388 1403 40.
2415 1347 2582 1404 Verba
2605 1349 2701 1406 Dei
2727 1352 2919 1422 qualia.
2949 1351 3178 1408 Gloriam
3197 1358 3341 1411 carni
3362 1373 3468 1413 non
3512 1356 3666 1414 Verbo
3687 1375 3808 1430 qutu-

524 1449 572 1496 et
591 1456 738 1510 quem
754 1438 939 1493 misisti
951 1438 1129 1493 Iesum
1153 1438 1409 1494 Christum
1435 1437 1870 1511 (loan.xrtt,3);
1898 1438 2126 1509 subjecit
2226 1443 2344 1498 sivit
2372 1441 2624 1499 Christus.
2663 1445 2859 1501 -Non
2916 1462 3058 1502 nova
3109 1463 3239 1504 vero
3283 1449 3434 1517 haec,
3480 1466 3660 1524 neque
3686 1469 3803 1509 nunc

526 1529 823 1589 secundum
840 1530 1258 1600 dispensationis
1275 1546 1386 1585 sua:
1409 1530 1795 1597 obedientiam,
1818 1530 1926 1604 Ego
1952 1541 2000 1586 te
2014 1530 2126 1601 glo—
2227 1539 2461 1608 primum
2495 1539 2818 1611 evangelicis
2860 1540 3119 1597 doctrinis
3150 1542 3215 1616 (ἱ)
3236 1545 3554 1613 consignata
3597 1560 3692 1601 vox
3719 1547 3809 1602 Do-

527 1624 728 1695 ri/icaoi
749 1640 901 1696 super
925 1633 1115 1677 terram
1138 1666 1151 1689 ,
1194 1640 1324 1693 opus
1366 1624 1736 1691 consummavi,
1770 1624 1910 1694 quod
1939 1624 2127 1680 dedisti
2231 1631 2363 1687 mini
2386 1641 2507 1689 est:
2533 1633 2710 1689 ethoc
2738 1635 2913 1705 ipsum
2938 1636 3017 1707 (j)
3051 1635 3385 1707 gloriﬁcandi
3416 1637 3540 1693 Filii
3587 1638 3716 1709 apud
3738 1654 3811 1694 se-

528 1714 657 1770 mihi
681 1725 737 1769 ut
761 1716 979 1785 [acerem
1001 1713 1166 1787 (Ibid.
1199 1714 1279 1787 4).
1306 1714 1437 1770 Post
1461 1732 1600 1785 (ποτε.
1627 1726 1684 1770 ut
1714 1716 1963 1771 meritum
1994 1718 2125 1773 obe-
2157 1719 2206 1781 B
2236 1726 2522 1796 tnetipsum
2552 1726 2645 1781 Dei
2696 1728 2863 1797 patris
2908 1739 3303 1785 sacramentum
3334 1731 3694 1801 pulcherrima
3737 1733 3808 1786 illa

528 1809 747 1866 dientia:
763 1819 815 1864 et
831 1819 1225 1894 sacramentum
1250 1809 1411 1864 totius
1430 1808 1846 1878 dispensationis
1868 1809 2129 1881 intellige-
2235 1820 2351 1889 spei
2393 1835 2506 1875 sum
2535 1821 2891 1891 gratulatione
2919 1831 3147 1880 testatus
3169 1833 3252 1880 est
3278 1833 3390 1879 tum
3414 1866 3429 1891 ,
3464 1840 3590 1881 cum
3609 1824 3731 1880 Iuda
3756 1826 3810 1881 ad

529 1920 736 1969 remus,
758 1903 985 1973 adjecit,
1014 1902 1080 1957 Et
1108 1919 1242 1957 nunc
1264 1901 1340 1972 (b)
1367 1902 1603 1973 glori/ica
1623 1918 1702 1956 me
1728 1912 1782 1956 tu
1812 1901 1971 1957 Pater
1995 1920 2081 1976 apt

2258 1911 2598 1967 troditionem
2651 1922 2883 1969 exeunte
2927 1956 2941 1980 ,
2987 1916 3183 1986 gaudio
3229 1919 3670 1974 consummanda:
3720 1934 3810 1973 suae

533 1998 854 2070 temetipsum
880 1996 1049 2070 gloria
1086 2012 1239 2067 quam
1278 1995 1524 2050 habebam
1547 2037 1561 2061 ,
1587 2004 1859 2067 antequam
1890 1992 2135 2050 steEulum
2235 2002 2666 2074 dispensationis
2699 2004 2869 2061 elatus
2914 2006 3028 2062 haec
3068 2008 3238 2062 dixit:
3272 2008 3429 2063 Nune
3473 2009 3813 2078 honoriﬁcatas

533 2098 692 2157 esset,
720 2090 862 2163 apud
903 2099 951 2144 te
979 2087 1141 2161 (Ibid.
1176 2089 1256 2161 5).
1288 2089 1393 2158 Qui
1416 2103 1637 2145 manere
1657 2086 1928 2143 Christum
1961 2090 2013 2143 in
2041 2103 2125 2143 na-
2239 2106 2317 2151 εει
2344 2096 2486 2165 ﬁlius
2513 2096 2770 2161 hominis,
2820 2107 2866 2152 et
2896 2097 3038 2153 Deus
3085 2098 3455 2173 honoriﬁcam;
3484 2113 3561 2157 εει
3587 2103 3637 2156 in
3660 2118 3729 2155 eo.
3765 2100 3813 2156 Si

532 2192 655 2239 tura
680 2182 776 2238 Dei
802 2182 1051 2254 denegat,
1067 2193 1122 2240 et
1144 2183 1560 2254 inseparabilem
1590 2197 1712 2239 esse
1732 2193 1894 2255 atque
1921 2181 2132 2238 indill'e-
2240 2188 2381 2245 Deus
2430 2189 2801 2260 honori/icatus
2842 2199 2920 2247 est
2964 2192 3018 2246 in
3059 2207 3118 2246 eo
3149 2234 3163 2258 ,
3207 2201 3254 2247 et
3285 2191 3427 2247 Deus
3474 2193 3810 2261 houoriﬁcarit

532 2286 742 2333 tentem
777 2292 807 2332 a
838 2277 955 2331 $010
992 2276 1105 2331 D60
1136 2291 1262 2332 vero
1289 2292 1394 2331 ηοη
1417 2274 1623 2341 cred“;
1666 2278 1992 2347 respondeat
2015 2291 2137 2347 qua)
2238 2299 2355 2338 eum
2378 2284 2433 2338 in
2462 2300 2535 2346 se.
2562 2293 2611 2339 et
2635 2283 2779 2339 Deus
2820 2287 3056 2357 protinus
3108 2284 3467 2357 honori/ienuit
3517 2303 3631 2341 eum
3657 2284 3811 2356 (Joan.

535 2370 697 2463 huqu
724 2371 997 2441 petitionis
1015 2372 1085 2427 sit
1109 2371 1265 2436 ratio.
1286 2371 1353 2426 Et
1375 2386 1511 2426 nunc
1537 2370 1775 2443 glori/ica
1794 2381 1952 2425 metu
1981 2368 2139 2424 Pater
2241 2394 2358 2446 xm,
2389 2379 2480 2444 31,
2511 2378 2628 2450 52).
2664 2376 2803 2445 Quid
2833 2378 3016 2434 limosi
3039 2380 3286 2447 corporis
3316 2393 3516 2448 graves
3540 2380 3745 2442 animae.
3771 2387 3815 2432 et

534 2468 681 2539 apud
698 2469 1031 2539 temetipsum.
1067 2467 1205 2538 Quid
1230 2468 1373 2526 enim
1396 2483 1573 2525 causa:
1601 2476 1707 2536 est,
1738 2475 1796 2522 ut
1823 2483 1948 2523 eum
1978 2466 2138 2522 Pater
2240 2470 2499 2528 sordente
2553 2471 2791 2542 peccatis
2845 2471 3176 2527 conscientia
3238 2470 3440 2527 foetida
3504 2486 3815 2541 cmnoszeque

536 2560 805 2633 gloriﬁcet
825 2562 967 2633 apud
994 2564 1380 2632 semetipsum?
1410 2570 1505 2617 aut
1530 2576 1651 2632 quae
1690 2558 1843 2616 verbi
1883 2558 2041 2630 hujus
2066 2562 2137 2614 si-
2242 2563 2320 2638 (It)
2334 2573 2542 2620 mentes
2558 2579 2727 2636 usque
2741 2563 3080 2635 adjudiciutn
3105 2562 3304 2619 divinte
3327 2563 3394 2620 de
3412 2579 3470 2619 sc
3498 2563 3816 2635 professionis

533 2652 813 2724 gniﬁcatio
833 2654 953 2710 est?
973 2654 1136 2726 quive
1153 2654 1560 2725 signiﬁcationis
1587 2652 1810 2709 eﬁ'cctus
1834 2653 1951 2708 est?
1978 2651 2141 2708 Pater
2243 2657 2545 2714 inﬂantur?
2576 2667 2631 2715 et
2656 2656 2891 2715 arbitros
2921 2671 3018 2713 nos
3049 2665 3254 2712 natura:
3269 2657 3511 2713 emlestis
3543 2658 3618 2730 (id
3642 2666 3726 2723 est,
3751 2656 3815 2711 di-

533 2759 770 2816 namque
791 2760 898 2801 non
920 2746 1227 2818 cgctgloria
1247 2788 1261 2813 ,
1293 2760 1391 2801 nec
1414 2760 1473 2802 se
1507 2746 1846 2802 exinanierat
1870 2744 1938 2801 de
1966 2745 2135 2801 forma
2245 2750 2410 2821 vinas)
2435 2749 2779 2819 deputantes,
2812 2749 2991 2819 impiis
3038 2748 3104 2803 ad
3130 2749 3299 2804 Deum
3329 2749 3619 2805 calumnia:
3648 2758 3816 2803 nostra:

533 2839 720 2912 glori-.L-
750 2854 884 2895 Suae.
916 2837 997 2912 (l)
1039 2838 1323 2908 Quomodo
1375 2849 1553 2894 autem
1601 2838 1743 2908 apud
1787 2838 2139 2908 semetipsum
2243 2840 2697 2911 disputationibus
2729 2838 2793 2913 (Ι)
2829 2840 3198 2897 rebellamus?
3223 2840 3434 2907 Quanta
3484 2840 3659 2910 potuit
3694 2839 3814 2896 enim

536 2932 933 3005 gloriﬁcaturus
961 2941 1045 2989 est
1086 2932 1316 2999 Filium,
1346 2943 1403 2989 et
1421 2948 1486 2990 ea
1538 2934 1710 3005 gloria
1764 2949 1923 3005 quam
1953 2934 2140 2990 habuit
2246 2932 2508 2988 Dominus
2549 2932 2836 2989 verborum
2891 2932 3239 3004 simplicitate
3282 2933 3650 3003 evangelieam
3683 2931 3817 2988 ﬁdem

538 3028 681 3100 apud
740 3044 861 3083 eum
910 3037 1037 3082 ante
1080 3025 1267 3082 mundi
1320 3026 1797 3084 constitutionem?
1845 3026 1951 3084 Sed
1998 3026 2138 3098 apud
2243 3026 2456 3082 locutus
2485 3036 2597 3082 est:
2626 3035 2681 3082 et
2718 3026 2768 3081 in
2812 3034 3018 3081 tantum
3047 3026 3116 3081 ad
3162 3025 3574 3096 intelligentiam
3607 3036 3815 3082 nostram

543 3137 669 3178 eum
699 3122 900 3178 habere
930 3121 1020 3192 qui
1051 3136 1245 3177 sensus
1273 3122 1393 3177 est?
1423 3120 1539 3176 Non
1589 3123 1733 3177 enim
1764 3122 1836 3176 ait
1877 3121 2103 3191 gloriam
2126 3162 2141 3187 ,
2169 3106 2216 3170 C
2249 3133 2532 3174 sermones
2560 3119 2795 3189 aptavit,
2830 3118 2883 3173 in
2914 3127 3174 3189 quantum
3207 3128 3413 3174 natura:
3445 3130 3648 3175 nostra:
3678 3116 3819 3174 ferret

504 3214 702 3283 'quam
752 3211 1016 3268 habebam
1061 3223 1347 3283 antequam
1388 3214 1646 3268 sarculum
1709 3222 1887 3279 esset,
1921 3213 2141 3286 (c)cum
2249 3212 2560 3279 inﬁrmitas;
2594 3222 2900 3268 nontamen
2936 3222 2994 3267 ut
3050 3210 3252 3283 aliquid
3299 3213 3481 3269 minus
3506 3213 3720 3285 dignum
3743 3223 3821 3264 tta-

542 3319 720 3362 essetn
750 3305 892 3375 apud
945 3314 1032 3370 te;
1067 3304 1162 3360 sed
1210 3306 1462 3373 gloriam,
1492 3321 1653 3375 quam
1698 3304 1962 3361 habebam
2002 3305 2143 3377 apud
2252 3316 2386 3361 tunc
2414 3321 2525 3360 sua:
2548 3287 2829 3375 majestaie
2868 3304 3201 3375 lnqueretur.
3251 3304 3321 3361 Et
3354 3306 3586 3375 primam
3632 3302 3818 3375 quidem

542 3409 619 3456 te.
649 3399 785 3456 Esse
817 3399 963 3455 enim
991 3399 1131 3470 apud
1163 3408 1237 3467 te,
1279 3400 1665 3454 consistentem
1712 3398 2011 3468 signiﬁcat:
2046 3401 2143 3453 ha-
2249 3398 2378 3454 dicti
2424 3398 2508 3453 sui
2562 3395 3014 3468 signiﬁcationem
3048 3412 3164 3460 non
3212 3399 3519 3469 ambiguam
3568 3397 3817 3461 existimo,

542 3491 677 3548 bere
718 3506 899 3551 autem
951 3493 1092 3564 apud
1139 3502 1188 3547 te
1210 3534 1223 3555 ,
1272 3500 1476 3547 natura:
1523 3500 1922 3547 sacramentum
1963 3491 2140 3547 docet.
2249 3505 2372 3547 cum
2398 3491 2468 3545 ait
2491 3489 2695 3545 :.Nuuc
2723 3490 3092 3559 honoriﬁcatus
3115 3501 3189 3546 est
3217 3492 3361 3563 ﬁlius
3388 3490 3632 3547 hominis.
3661 3490 3818 3547 Gloria

546 3582 799 3654 Gloriﬁca
828 3586 907 3656 (2)
931 3601 1061 3640 vero
1092 3585 1175 3659 (ά)
1206 3601 1287 3639 me
1308 3585 1450 3654 apud
1478 3594 1545 3647 te,
1579 3599 1685 3638 non
1714 3583 1855 3639 idem
1893 3595 1973 3639 est
1999 3585 2141 3656 quod
2253 3583 2397 3637 enim
2424 3583 2599 3637 omnis
2643 3597 2748 3637 non
2776 3581 2979 3646 Verbo,
3020 3583 3114 3638 sed
3167 3585 3317 3639 carni
3358 3586 3756 3657 aeqnircbatur:
3780 3580 3819 3636 id

543 3678 786 3747 gloriliea
823 3693 927 3737 nte.
961 3678 1078 3734 Non
1115 3680 1256 3733 enim
1304 3677 1656 3746 semetipsum
1702 3677 1993 3748 gloriﬁcari
2031 3689 2163 3736 tant
2254 3685 2357 3740 est,
2389 3693 2492 3731 non
2519 3677 2779 3731 nativitati
2806 3677 2972 3749 289
3001 3677 3135 3743 Dei,
3169 3678 3265 3733 sed
3309 3679 3420 3735 nati
3467 3679 3699 3735 hominis
3731 3675 3822 3732 dis-

545 3779 660 3823 tum
691 3769 856 3841 288
879 3770 974 3835 ita,
1005 3778 1063 3823 nt
1083 3770 1185 3825 sibi
1213 3769 1412 3840 aliquid
1439 3770 1510 3824 sit
1536 3768 1607 3842 (ε)
1638 3771 1908 3840 proprium
1936 3771 2143 3840 gloriae,
2254 3770 2579 3841 pensationi.
2610 3769 2723 3824 Hoc
2768 3784 2898 3824 vero
2927 3769 3070 3839 quod
3115 3772 3381 3843 sequitur,
3409 3772 3539 3844 quid
3585 3769 3820 3843 signiﬁcet

545 3869 704 3932 regat
725 3878 738 3914 ε
763 3862 857 3916 sed
885 3861 1023 3933 apud
1055 3863 1407 3932 semetipsum
1437 3862 1650 3919 Patrem
1673 3862 1962 3935 gloriﬁcari
1990 3881 2049 3921 se
2079 3866 2148 3921 ab
2255 3871 2550 3939 interrogo,
2585 3867 2651 3922 Et
2679 3865 2815 3921 Deus
2860 3866 3235 3938 honori/iratus
3261 3877 3334 3921 est
3362 3867 3417 3920 in
3462 3883 3541 3921 eo.
3587 3860 3820 3921 Honoriﬁ-

546 3973 615 4014 eo
639 3967 908 4028 precatur.
939 3957 1009 4015 Ut
1033 3959 1177 4014 enim
1208 3959 1261 4014 in
1292 3959 1495 4016 unitate
1520 3974 1618 4015 sua
1643 3969 1883 4015 maneret
1913 3971 1971 4015 ut
1999 3978 2150 4017 man-
2254 3971 2432 4018 catum
2462 3963 2605 4018 enim
2632 3964 2684 4018 in
2705 3978 2771 4019 eo
2801 3967 2964 4018 Deum
2995 3962 3155 4017 audio
3180 3980 3193 4016 :
3223 3973 3277 4017 ct
3300 3962 3427 4033 quid
3470 3961 3610 4018 istud
3655 3961 3719 4016 sit
3752 3972 3821 4013 se-

546 4062 693 4108 serat
721 4092 735 4116 ,
766 4052 1163 4123 glorilie'tturus
1202 4069 1327 4109 eum
1358 4052 1499 4125 apud
1540 4069 1599 4109 se
1640 4054 1799 4109 Pater
1840 4065 1991 4118 erat;
2024 4056 2149 4126 quia
2255 4054 2488 4109 cundum
2522 4053 2927 4122 intelligentiam
2956 4062 3125 4119 tuam,
3159 4053 3437 4122 lueretice,
3458 4054 3664 4123 ignoro.
3698 4049 3818 4105 Deus

545 4144 730 4218 glori-.e
753 4161 865 4202 suae
900 4146 982 4220 (5)
1017 4147 1195 4204 unitas
1238 4146 1305 4219 (Ῑ)
1340 4162 1435 4219 per
1472 4145 1835 4203 obedientiam
1868 4144 2153 4220 dispensa-
2258 4148 2312 4205 in
2335 4162 2399 4204 co
2447 4147 2834 4204 honoriﬁcatns
2876 4156 2989 4216 est,
3038 4148 3089 4203 in
3120 4147 3231 4203 ﬁlio
3268 4149 3452 4220 utique
3495 4145 3751 4204 hominis:
3778 4150 3821 4198 ct

654 4306 700 4379 1)
733 4303 1004 4379 quomodo
1030 4320 1172 4375 ergo.

1164 4343 1172 4357 .
2326 4304 2408 4379 (ὅ)
2438 4304 2483 4361 υ
2488 4307 2716 4363 nitatem.

644 4375 703 4445 2)
737 4374 904 4430 Abest
930 4390 1067 4429 vero.

620 4519 698 4593 (a)
724 4520 833 4577 Seu
857 4539 890 4576 a
916 4518 1093 4584 Patre,
1130 4519 1290 4574 tacita
1312 4532 1447 4575 voce
1474 4516 1614 4573 Filio
1633 4535 1646 4572 :
1666 4518 1759 4589 qui
1788 4518 2028 4572 natiuitas
2055 4532 2147 4571 na-
2174 4518 2228 4579 D
2253 4525 2306 4572 et
2335 4515 2451 4581 Er.,
2484 4523 2536 4568 ut
2564 4523 2787 4593 maneret
2808 4512 2910 4593 Dei
2930 4518 3098 4593 [arma
3121 4516 3288 4593 ζιιιιὶιι
3308 4516 3399 4587 qui
3436 4516 3488 4571 in
3514 4519 3676 4588 [arma
3708 4508 3817 4568 terti

549 4584 689 4649 turni
708 4609 817 4663 sate
838 4601 1023 4663 postea
1050 4601 1290 4663 vocatur.
1367 4662 1375 4663 ί
1686 4584 1699 4589 ’
1730 4660 1739 4663 _
1807 4659 1817 4663 Α
2253 4596 2532 4663 manserat,
2565 4586 2701 4640 idem
2721 4596 2827 4639 erat
2848 4586 2899 4639 iu
2927 4584 3093 4663 {arma
3118 4584 3233 4663 Dei.

621 4664 697 4738 (ὁ)
723 4656 945 4738 ςςιήιιιι.
971 4663 1164 4738 codex,
1200 4661 1444 4738 Clari/ica
1474 4677 1645 4715 me....
1688 4659 1851 4731 gloria
1875 4675 2029 4738 quant
2055 4662 2149 4712 ha-
2415 4659 2532 4738 Par.
2558 4672 2678 4738 etim
2703 4668 2883 4738 vetem
2913 4672 3020 4738 inst2
3045 4656 3224 4737 Co_lb.,
3246 4659 3569 4738 contignata.

554 4727 689 4792 hui,
723 4736 858 4791 Tum
916 4751 1021 4791 ms.
1065 4734 1185 4790 Vat.
1229 4727 1352 4789 bas.
1397 4727 1707 4803 antequam'
1732 4731 1954 4785 mundus
2024 4740 2151 4784 esset
2259 4801 2269 4803 _
2329 4727 2555 4803 (Mss.
2595 4728 2865 4803 Vat.__lt5ts.
2894 4738 2948 4783 ct
2973 4727 3183 4803 Merlin.
3209 4770 3223 4794 ,
3248 4727 3704 4803 gloriﬁcari:_tum_
3741 4738 3817 4780 80-

554 4807 697 4882 aputl
723 4818 790 4882 te.
964 4878 974 4882 _
1505 4797 1539 4882 ς
1708 4873 1738 4882 ’ί
1773 4872 1781 4882 ι
1918 4871 1931 4882 “
2028 4871 2067 4882 ῃ
2258 4797 2345 4856 lus
2367 4800 2488 4856 Vat.
2521 4801 2659 4866 bas.,
2689 4797 3072 4882 iliuutnapud
3115 4797 3438 4870 semetipsum
3472 4803 3536 4857 de
3567 4799 3727 4882 Patris
3751 4810 3821 4877 ξα-

628 4879 701 4951 (c)
728 4880 851 4934 litec
865 4878 1182 4951 verlia,cum
1203 4892 1363 4951 essent
1376 4874 1515 4947 apud
1531 4884 1598 4940 te,
1613 4872 1811 4929 omittit
1831 4871 2003 4928 codex
2028 4871 2146 4927 Vat.
2257 4882 2547 4951 argmenta:
2579 4871 2854 4951 mendose.
2884 4868 2978 4926 llic
2997 4886 3098 4951 vox
3119 4868 3497 4951 sacramentum
3526 4870 3733 4951 perinde
3750 4868 3821 4920 in-
3898 4878 3899 4919 ἲ

555 4941 702 5012 bas.',
726 4951 820 5005 sed
851 4941 1166 5010 omittinon
1194 4941 1419 5003 debent.
1884 4996 1887 4997 ν
2261 4942 2682 5014 ιβΙΙίερηιΙειᾲεδι,
2717 4957 2780 4996 ac
2799 4942 2842 4996 si
2885 4941 3108 5010 repetita
3142 4951 3289 4998 esset
3318 4944 3371 4998 in
3411 4941 3553 5000 hunc
3594 4941 3818 4998 modum:
3898 4964 3899 5003 ξ

628 5023 709 5091 (ά)
737 5020 872 5076 Illud
902 5037 978 5075 me
1002 5021 1300 5090 adiecimus
1327 5033 1393 5074 ex
1444 5032 1545 5073 ms.
1573 5015 1695 5071 Vat.
1730 5015 1845 5070 bas.
1898 5025 1952 5071 et
1982 5014 2155 5071 altero
2260 5012 2400 5091 Filii:
2438 5012 2588 5091 apud
2632 5014 2980 5091 semetipsum
3028 5014 3383 5091 glorillqudi
3419 5022 3818 5091 sacramentum,

557 5079 831 5148 Vaticana:
855 5079 1218 5148 bibliotlt'ccar.
1876 5130 1881 5135 .
2260 5086 2403 5155 quod
2438 5079 2530 5157 [Dei
2552 5084 2726 5138 Patris
2754 5079 3157 5157 sacramentum
3185 5079 3297 5149 est',
3334 5085 3385 5140 id
3415 5096 3519 5151 est.
3549 5085 3743 5157 propria
3763 5079 3815 5132 il-

632 5163 706 5236 (e)
740 5164 795 5219 ω
818 5175 942 5228 est,
972 5180 1076 5217 non
1108 5174 1258 5233 rogat
1285 5171 1357 5236 ut
1408 5158 1613 5236 aliquid
1658 5159 1841 5236 gloria}
1883 5157 2015 5236 sibi_
2035 5172 2159 5236 pro-
2261 5156 2559 5236 lius_r_atit_t:
2591 5171 2697 5226 quo
2727 5169 2891 5210 sensu
2921 5171 3066 5210 num.
3103 5156 3165 5211 3|
3199 5156 3400 5211 dictum
3460 5156 3563 5226 est,
3584 5158 3820 5212 Auctorem
3898 5206 3899 5219 χ

558 5227 735 5305 prium
764 5227 1015 5291 obveniat
1042 5249 1106 5290 ac
1138 5227 1439 5303 paetiliarc,
1468 5227 1610 5303 quod
1632 5227 1754 5286 cum
1782 5228 1953 5302 gloria
1979 5228 2158 5286 Patris
2263 5227 2549 5305 natiuitatis
2571 5242 2678 5305 esse
2698 5269 2713 5291 ,
2746 5238 3123 5281 sacramentum
3152 5236 3419 5295 paternum
3447 5239 3538 5285 est.

560 5297 922 5377 itonprorsns
945 5297 1232 5360 commune
1257 5306 1349 5361 sit.
1420 5374 1448 5377 _A
1631 5373 1642 5377 _
1788 5297 1810 5302 ⁷
2433 5298 2759 5377 _lldjecimtts
2784 5308 2972 5352 mentes
2995 5314 3057 5352 ex
3091 5312 3224 5377 mss:

634 5361 817 5448 (f)'Sic
854 5377 1093 5448 potiores
1120 5391 1253 5432 mss.
1281 5380 1347 5430 At
1370 5374 1521 5448 editi,
1554 5373 1819 5448 unitatem.
1975 5441 2009 5448 _
2338 5361 2406 5448 (ι)
2424 5361 2589 5448 had.“
2586 5379 2640 5423 et
2662 5369 2762 5448 _Er.
2786 5384 2908 5448 cum
2938 5384 3045 5424 uno
3073 5385 3175 5425 ms.
3204 5370 3376 5448 V_atic.
3426 5373 3678 5445 fallimus,
3691 5361 3817 5448 ιιιιριι

739 5436 929 5521 Codeta
952 5446 1071 5502 Vat.
1098 5448 1237 5513 ,bas.
1268 5462 1388 5502 cum
1428 5436 1670 5514 Merlin”
1700 5452 1924 5515 essetque
1967 5441 2159 5499 Pater:
2264 5452 2319 5498 et
2348 5436 2714 5521 habuitCorb.
2743 5458 2769 5491 ει
2804 5441 2985 5521 prima
3004 5456 3184 5521 mimi.
3229 5440 3353 5498 Par.
3377 5436 3506 5521 cum
3531 5457 3655 5521 mss.
3686 5436 3815 5521 _Collb.

563 5508 705 5590 quo'd'
745 5534 851 5574 non
883 5508 1136 5590 placata,
1582 5588 1592 5590 _
1656 5508 1665 5514 ⁷
1757 5587 1769 5590 _
1838 5508 1848 5515 ’
2259 5528 2324 5568 ac
2345 5512 2529 5590 Gertn.
2556 5508 3302 5590 repugnamus._‘Prael‘erimus
3328 5528 3452 5570 cum
3485 5514 3625 5585 Lips.
3653 5519 3700 5590 et
3716 5508 3816 5590 aliis

639 5589 718 5662 (h)
766 5590 822 5642 in
852 5578 1079 5662 vulgatis
1107 5589 1261 5644 deest
1302 5605 1429 5662 esse,
1449 5588 1594 5662 quod
1616 5587 1899 5662 suppletur
1922 5601 1986 5642 ex
2019 5600 2150 5662 mss.
2259 5600 2398 5662 mss._
2431 5578 2891 5662 rebelltintusaﬁic
2923 5584 3020 5662 lib.
3053 5585 3202 5662 tt_ad
3257 5578 3708 5662 Constatttfttcﬁg
3736 5578 3813 5662 ξυὺ

562 5651 657 5720 Sic
700 5651 861 5729 supra
898 5651 970 5725 n_.'
986 5658 1081 5719 [Δί
1114 5676 1215 5727 non
1254 5671 1309 5723 ut
1339 5651 1568 5714 Christus
1593 5700 1606 5722 ,
1639 5651 1734 5729 qui"
1763 5659 1817 5729 in
1846 5663 2029 5729 [arma
2058 5653 2151 5729 Dei
2253 5652 2545 5729 [ejiciendis
2571 5651 2876 5711 novitatibus
2903 5656 3045 5711 nouis
3100 5655 3198 5727 ipsi
3223 5654 3292 5710 ad
3324 5655 3485 5712 Dauni
3524 5651 3710 5713 aeribus
3742 5656 3811 5702 η’

562 5676 657 5720 ,διε
700 5676 759 5714 Si)
784 5676 861 5713 ira
898 5677 951 5725 ll,
986 5676 1081 5719 ως
1114 5676 1215 5727 non
1254 5676 1309 5723 ιιι
1339 5676 1568 5714 ιΛινιειιιε
1593 5700 1606 5722 ,
1639 5676 1723 5729 qut
1763 5676 1817 5719 ιη
1846 5676 2011 5729 ιονηια
2058 5676 2149 5712 uet
2253 5676 2308 5711 re
2333 5676 2517 5710 tcrertat

542 5738 692 5802 erat,
719 5676 948 5787 Christus
975 5743 1081 5786 me
1110 5740 1209 5786 non
1240 5738 1463 5787 maneat.
1488 5730 1621 5789 Mals
1641 5722 1817 5788 autem
1847 5724 1984 5800 apud
2015 5716 2144 5785 (uid.
2248 5678 2518 5784 bellamus;
