3930 6194
66 5884 71 6069 ι

161 293 262 349 515

1355 289 1442 346 DE
1481 286 1854 345 TRINITATE
1895 288 2102 345 LIBER
2141 288 2235 343 IX.

3330 294 3437 350 5M

161 423 328 482 quaero
356 421 423 462 an
472 407 611 465 ﬁlius
653 405 884 463 hominis
927 403 1069 460 idem
1119 403 1189 459 sit
1235 410 1291 459 et
1320 402 1457 459 ﬁlius
1502 403 1619 457 Dei.
1661 402 1725 458 Et
1751 401 2060 472 Ailligent,
2088 402 2143 457 in
2176 401 2328 457 nullo
2379 412 2559 459 tamen
2589 401 2805 474 agmine
2855 402 3096 459 hmrendi
3129 403 3434 462 molestiam

162 519 273 561 cum
301 516 402 558 non
434 501 511 575 (a)
530 503 666 559 alius
704 503 774 556 sit
822 499 960 576 ﬁlius
989 499 1252 564 hominis,
1286 512 1462 568 neque
1503 497 1641 553 alius
1672 496 1739 551 ﬁ-

162 597 254 654 lius
296 595 383 650 Dei
431 593 685 666 (Verbum
731 595 872 650 enim
926 606 1053 647 caro
1099 590 1296 646 factum
1348 589 1492 661 est);
1523 597 1578 645 et
1613 603 1735 644 cum

165 689 244 759 qui
273 686 433 742 Filius
458 686 553 741 Dei
580 694 692 751 est,
723 686 837 756 ipse
864 693 917 740 et
943 683 1177 739 hominis
1203 684 1271 737 sit
1306 681 1483 747 ﬁlius;
1518 682 1738 752 requiro

166 781 272 853 quis
297 780 345 834 in
369 780 473 836 hoc
502 779 614 834 ﬁlio
640 778 903 846 hominis,
933 776 1026 848 qui
1052 786 1106 834 et
1136 776 1279 832 ﬁlius
1304 775 1398 830 Dei
1427 782 1510 830 est
1533 816 1547 842 ,
1576 774 1740 844 glori-

167 876 339 930 ﬁcatus
358 874 427 929 sit
458 873 602 929 Dens
625 872 724 943 (li).

225 967 310 1025 4i.
353 967 516 1035 Quam
538 976 713 1020 mutu
736 964 912 1021 Patris
943 974 991 1019 et
1012 962 1141 1020 Filii
1166 964 1350 1036 gloria.
1375 963 1671 1034 Gloriﬁcari
1684 963 1739 1017 in

165 1060 260 1131 ﬁlio
284 1059 493 1114 hominis
519 1057 682 1112 Deum
721 1057 864 1129 quid.
897 1050 1249 1127 Cleri/iratum
1281 1057 1337 1111 in
1381 1056 1494 1127 ﬁlio
1519 1056 1740 1111 hominis

167 1151 317 1207 Dein:
335 1152 422 1222 qui
448 1149 586 1205 Deus
614 1149 868 1221 glori/Scel
889 1148 945 1203 iu
972 1165 1045 1203 se.
1074 1178 1142 1189 —
1170 1148 1306 1217 Quia
1334 1147 1388 1203 in
1419 1147 1531 1205 ﬁlio
1560 1146 1737 1203 homi-

166 1246 260 1312 nis,
286 1244 370 1315 qui
388 1253 444 1299 et
469 1243 609 1299 lilius
639 1241 733 1298 Dei
759 1250 865 1308 est,
895 1239 1224 1312 gloriﬁcatus
1253 1241 1394 1296 Deus
1422 1250 1525 1306 est,
1557 1239 1738 1296 videa-

168 1353 271 1395 mus
294 1337 415 1409 quid
442 1337 510 1391 sit
539 1337 661 1401 hoc,
692 1334 764 1407 (c)
786 1334 929 1406 quod
958 1335 1174 1390 tertium
1205 1333 1474 1390 subditur:
1506 1330 1569 1389 Si
1595 1331 1737 1386 Deus

166 1430 461 1503 gloriﬁcent:
499 1439 572 1484 est
596 1429 651 1482 iu
680 1444 756 1494 eo,
789 1438 839 1483 et
874 1425 1010 1482 Deus
1054 1425 1359 1497 gloriﬁcauit
1402 1440 1521 1479 eum
1561 1425 1616 1479 in
1660 1440 1734 1479 se.

167 1522 300 1594 Quod
334 1522 467 1577 istud
488 1563 501 1589 ,
538 1537 672 1594 rogo
692 1561 709 1590 ,
738 1520 1065 1577 sacramenti
1095 1517 1409 1591 mysterium
1437 1515 1557 1572 est?
1598 1517 1737 1573 Deus

163 1616 213 1672 in
236 1615 337 1671 ﬁlio
361 1614 595 1671 hominis
622 1613 923 1685 gloriﬁcato
948 1612 1304 1683 gloriﬁcatum
1337 1611 1505 1667 Deum
1530 1607 1738 1681 gloriﬁ-

165 1719 238 1765 cat
271 1710 319 1765 in
347 1723 489 1764 sese.
532 1708 589 1763 In
619 1707 732 1762 ﬁlio
764 1706 999 1762 hominis
1028 1706 1120 1762 Dei
1150 1705 1319 1778 gloria
1346 1714 1451 1769 est,
1483 1715 1537 1760 et
1564 1703 1732 1775 gloria

1841 494 2214 550 continebant.
2254 494 2424 551 Filius
2479 495 2623 551 enim
2664 494 2900 550 hominis
2943 494 3314 568 gloriﬁcatur,
3378 505 3437 556 et

1841 586 2171 658 gloriﬁcatur
2193 589 2245 644 in
2273 604 2341 646 eo
2363 589 2541 645 Deus:
2588 600 2644 646 et
2681 590 2824 646 Deus
2850 590 3207 661 gloriﬁcatum
3235 606 3358 648 eum
3382 592 3436 649 in

1843 676 2062 734 homine
2109 679 2430 748 gloriﬁcavit
2468 681 2522 736 in
2554 696 2695 736 sese.
2735 680 2853 737 Non
2902 680 3044 736 enim
3090 680 3323 751 idipsum
3353 691 3438 739 est

1841 771 2130 841 gloriﬁcari
2162 772 2332 827 ﬁlium
2363 773 2620 839 hominis,
2663 772 2806 844 quod
2834 784 2886 828 et
2913 773 3206 844 glorilicari
3238 774 3290 829 in
3324 773 3436 832 ﬁlio

1840 862 2076 920 hominis
2103 864 2304 931 Deum,
2334 864 2418 921 vel
2454 863 2534 936 (li)
2564 864 2871 937 gloriﬁcare
2898 865 2952 921 in
3004 879 3128 922 sese
3167 863 3436 937 gloriﬁca-

1841 966 1952 1011 tnm
1983 957 2036 1012 in
2061 956 2281 1013 homine
2326 957 2517 1013 Deum.
2551 957 2800 1030 Loquere
2846 959 2952 1015 hoc
2993 960 3286 1017 secundum
3334 959 3437 1015 im-

1838 1049 2057 1121 pietatis
2083 1060 2186 1105 tuze
2212 1065 2430 1105 sensum
2459 1051 2638 1106 verbis
2655 1051 2781 1118 tuis,
2806 1050 2935 1123 quid
2963 1052 3099 1107 velis
3125 1066 3248 1108 esse
3274 1052 3435 1124 glori-

1840 1143 1987 1199 ﬁcari
2018 1143 2071 1198 in
2098 1144 2206 1199 ﬁlio
2232 1145 2466 1200 hominis
2483 1145 2673 1200 Deum.
2702 1143 2896 1216 Utique
2921 1154 3013 1200 aut
3036 1144 3309 1201 Christum
3341 1162 3436 1201 ne—

1839 1252 1993 1294 cesse
2019 1248 2103 1294 est
2140 1254 2263 1294 esse
2292 1238 2383 1311 qui
2409 1239 2746 1309 gloriﬁcatur
2782 1239 2834 1294 in
2866 1253 3050 1303 carne,
3098 1246 3192 1293 aut
3218 1239 3432 1294 Patrem

1840 1345 1929 1402 qui
1951 1329 2279 1400 gloriﬁcetur
2305 1332 2356 1386 in
2382 1331 2620 1386 Christo.
2650 1330 2970 1387 SiChristus
2989 1340 3111 1397 est;
3142 1331 3286 1387 Deus
3313 1346 3432 1386 cer-

1837 1430 1893 1479 te
1927 1421 2176 1479 Christus
2218 1434 2321 1489 est,
2366 1424 2458 1495 qui
2508 1424 2841 1495 glorilicatur
2880 1424 2934 1480 in
2978 1438 3160 1480 carne.
3192 1423 3248 1480 Si
3276 1423 3436 1480 Pater

1839 1524 1946 1582 est,
1972 1524 2368 1571 sacramentum
2390 1516 2610 1573 unitatis
2636 1526 2740 1583 est,
2761 1531 2882 1573 cum
2916 1516 3076 1572 Pater
3101 1514 3435 1587 gloriﬁcetur

1837 1607 1892 1663 in
1923 1607 2080 1664 Filio.
2136 1607 2242 1664 Aut
2278 1606 2553 1664 Christum
2598 1609 2930 1676 conﬁtendo,
2960 1609 3129 1665 Deum
3157 1609 3320 1665 etiam
3353 1610 3434 1665 itt-

1838 1700 1983 1755 vitus
2009 1701 2279 1770 loqueris:
2304 1710 2397 1756 aut
2417 1699 2478 1774 (i)
2497 1701 2709 1757 Patrem
2737 1701 2906 1757 Deum
2939 1701 3311 1774 intelligendo,
3338 1716 3437 1758 na-

164 1802 244 1858 Dei
268 1803 317 1857 in
335 1801 501 1873 gloria
527 1799 621 1855 lilii
652 1799 908 1854 hominis.
941 1798 1083 1855 Deus
1108 1797 1189 1870 (tl)
1218 1796 1482 1869 gloriﬁcat
1511 1796 1563 1851 in
1590 1809 1731 1850 sese.
1764 1802 1812 1862 Β
1841 1800 2014 1848 turam
2045 1793 2143 1848 Dei
2171 1793 2336 1862 patris
2364 1808 2471 1848 non
2503 1793 2724 1863 negabis
2756 1794 2810 1848 in
2846 1792 3083 1849 Christo.
3111 1795 3290 1865 Atque
3318 1793 3437 1850 lucc

163 1895 316 1951 Homo
343 1895 524 1965 utique
553 1908 660 1949 non
695 1907 790 1963 per
820 1908 880 1948 se
917 1890 1268 1963 gloriﬁcatur.
1310 1890 1494 1960 Neque
1516 1902 1727 1945 rursum

162 1989 238 2059 qui
265 1989 311 2043 in
339 1989 557 2043 homine
583 1984 917 2057 gloriﬁcatur
956 1985 1118 2053 Deus,
1149 1985 1276 2041 licet
1320 1983 1549 2055 gloriam
1589 1982 1731 2037 acci-

160 2080 271 2151 piat,
300 2095 400 2136 non
449 2090 631 2136 tamen
674 2076 821 2134 aliud
865 2078 980 2149 ipse
1009 2092 1171 2148 quam
1197 2076 1336 2131 Deus
1363 2083 1467 2132 est.
1499 2076 1568 2130 At
1599 2087 1731 2129 vero

161 2188 284 2241 cum,
305 2173 606 2244 gloriﬁcato
628 2173 740 2243 lilio
770 2172 1025 2238 hominis,
1052 2169 1364 2238 gloriﬁcans
1391 2169 1559 2224 Deum
1590 2167 1732 2223 Deus

159 2267 397 2337 gloriﬁcet
454 2267 505 2321 in
538 2279 681 2332 sese;
713 2264 928 2321 invenio
954 2262 1024 2337 (e)
1052 2273 1256 2317 natura:
1285 2261 1509 2333 gloriam
1536 2260 1588 2314 in
1618 2260 1732 2330 glo-

162 2361 278 2416 riam
307 2370 508 2416 natura
532 2368 777 2416 naturam
805 2358 1158 2430 gloriﬁcantis
1183 2357 1409 2414 assumi.
1442 2357 1557 2411 Non
1586 2357 1729 2411 enim

163 2465 211 2506 se
240 2452 368 2508 Deus
392 2452 665 2524 gloriﬁcat
689 2472 701 2506 :
724 2452 819 2509 sed
844 2452 1203 2524 gloriﬁcatum
1235 2454 1287 2508 in
1319 2454 1539 2509 homine
1564 2452 1729 2510 Deum

159 2544 394 2615 gloriﬁcat
444 2547 501 2602 in
570 2561 714 2603 sese.
771 2546 925 2615 Quod
979 2556 1156 2603 autem
1209 2545 1481 2618 gloriﬁcat
1504 2547 1559 2603 in
1584 2562 1728 2614 sese,

160 2637 267 2708 licet
288 2656 389 2696 non
421 2657 485 2697 se
512 2641 802 2712 gloriﬁeet,
834 2652 1012 2698 tamen
1043 2641 1096 2696 in
1140 2650 1343 2697 natura:
1368 2656 1479 2697 sua:
1506 2642 1730 2712 gloriam

162 2746 378 2791 naturam
408 2736 482 2807 (Γ)
512 2735 828 2806 gloriﬁcans
877 2737 1122 2792 assumit.
1159 2736 1370 2793 Etcum
1423 2736 1732 2809 gloriﬁcans

165 2826 308 2884 Deum
334 2828 498 2894 Deus,
536 2828 662 2899 quia
724 2826 1051 2898 gloriﬁcatus
1081 2829 1134 2884 in
1191 2828 1409 2885 homine
1450 2830 1542 2898 sit,
1569 2831 1734 2902 glori-

165 2919 333 2977 ﬁci-tiu
367 2936 521 2987 sese;
554 2936 678 2977 eum
717 2937 877 2993 quem
919 2920 1234 2993 gloriﬁcavit
1275 2921 1352 2996 (g)
1374 2923 1542 2979 Deum
1579 2923 1631 2979 in
1674 2939 1734 2980 se

166 3011 317 3069 inesse
333 3014 696 3081 demonstrat,
719 3030 842 3070 cum
878 3030 1000 3070 eutn
1031 3016 1295 3086 gloriﬁcet
1324 3017 1376 3071 in
1416 3031 1555 3072 sese.
1586 3016 1735 3074 Alter

170 3119 286 3161 nunc
306 3108 547 3177 quisquis
575 3122 658 3173 es,
691 3108 963 3175 limretice,
996 3106 1254 3165 ﬂexuosa:
1280 3110 1446 3183 290
1470 3109 1733 3166 doctrina:

1833 1887 1901 1943 de
1940 1886 2243 1958 gloriﬁcato
2282 1887 2392 1941 ﬁlio
2421 1886 2681 1952 hominis,
2712 1896 2767 1941 et
2794 1885 3097 1957 gloriﬁcato
3144 1886 3197 1941 in
3243 1885 3435 1943 eodem

1834 1979 1946 2035 Deo
1968 1980 2106 2035 dicta
2140 1981 2267 2035 sint.
2299 1980 2376 2034 De
2416 1994 2481 2035 co
2512 1996 2663 2048 vero,
2705 1980 2846 2050 quod
2877 1981 3231 2051 gloriﬁcatum
3245 1980 3300 2035 in
3329 1979 3439 2037 ﬁlio
3503 1989 3507 1993 ’

1834 2071 2068 2128 hominis
2098 2073 2266 2129 Deum
2297 2074 2436 2129 Deus
2468 2072 2731 2141 gloriﬁcal
2755 2073 2808 2128 in
2835 2088 2979 2141 sese,
3008 2075 3060 2129 in
3085 2090 3193 2146 quo
3218 2060 3437 2130 tandem

1835 2168 1930 2222 tibi
1962 2167 2206 2223 relictam
2242 2168 2553 2225 facultatem
2585 2171 2899 2226 exsereudte
2929 2169 3225 2241 impietatis
3254 2169 3440 2226 existi-

1834 2278 1972 2332 mas,
2019 2281 2087 2319 ne
2136 2265 2432 2321 secundum
2492 2276 2698 2320 natura:
2743 2266 3027 2321 veritatem
3086 2280 3245 2322 verus
3289 2265 3438 2321 Deus

1834 2363 2082 2421 Christus
2121 2364 2235 2419 sit?
2265 2361 2540 2420 Christum
2585 2364 2728 2419 enim
2759 2365 2903 2420 Deus
2945 2372 3130 2419 natum
3163 2361 3439 2418 hominem

1834 2456 2097 2527 gloriﬁcat
2128 2455 2179 2510 in
2226 2470 2377 2511 sese:
2414 2454 2671 2526 numquid
2701 2465 2849 2510 extra
2882 2470 2940 2511 se
2970 2465 3073 2522 est,
3101 2454 3246 2527 quod
3272 2453 3441 2527 glori-

1835 2550 1960 2605 ﬁcat
2008 2550 2060 2605 in
2106 2549 2269 2605 sese?
2314 2547 2513 2604 Reddit
2564 2549 2707 2604 enim
2750 2549 2804 2603 in
2831 2563 2891 2604 se
2928 2547 3148 2604 Christo
3184 2547 3438 2619 gloriam,

1834 2658 1992 2713 quant
2021 2640 2162 2713 apud
2194 2659 2253 2697 se
2277 2641 2492 2697 habuit:
2525 2650 2579 2697 et
2610 2656 2732 2697 cum
2765 2641 2844 2716 (j)
2885 2641 2940 2696 in
2981 2640 3208 2697 formam
3236 2640 3332 2695 Dei
3354 2655 3441 2696 as-

1834 2736 2072 2806 sumptio
2114 2735 2301 2791 iornue
2330 2734 2542 2789 servilis
2582 2737 2894 2800 assumitur,
2925 2735 2978 2790 in
3008 2748 3070 2790 se
3110 2733 3443 2806 gloriﬁcatur

1834 2832 2171 2904 gloriﬁcatus
2200 2831 2253 2885 in
2296 2830 2513 2885 homine
2534 2830 2697 2896 Deus,
2725 2829 2816 2899 qui
2853 2838 2978 2883 ante
3026 2825 3108 2900 (lc)
3151 2826 3439 2883 vacuitatis

1835 2923 2294 2994 dispensationem
2320 2923 2375 2977 in
2398 2937 2520 2977 sese
2544 2930 2683 2986 erat,
2712 2929 2765 2975 et
2792 2919 2860 2994 (Ι)
2898 2934 2993 2989 per
3019 2917 3252 2974 formam
3292 2917 3437 2973 servi

1836 3027 1892 3073 et
1919 3032 2016 3089 per
2044 3025 2291 3072 naturam
2321 3015 2621 3070 nativitatis
2650 3013 2851 3068 unitus.
2878 3010 3136 3067 Nativitas
3160 3009 3301 3066 enim
3329 3023 3438 3065 non

1838 3128 1993 3169 nova:
2024 3125 2200 3182 neque
2237 3110 2432 3166 alienae
2458 3118 2664 3166 natura:
2695 3109 2867 3163 Deum
2900 3104 3121 3170 fecerat,
3151 3103 3246 3160 sed
3278 3113 3437 3159 natu-

170 3206 254 3253 illa:
282 3200 635 3257 inevoluhiles
671 3202 1026 3272 qua'stiones:
1061 3216 1183 3272 qua:
1209 3218 1331 3258 eum
1360 3219 1418 3259 sc
1442 3204 1598 3261 nodis
1623 3206 1735 3260 suis
1763 3198 1810 3262 C
1840 3207 1969 3264 ralis
1993 3205 2133 3261 ﬁlius
2146 3203 2286 3276 patri
2303 3202 2534 3259 naturali
2559 3200 2908 3275 generatione
2930 3200 3088 3275 291
3103 3198 3436 3255 substiterat.

228 3382 299 3451 (α)
342 3382 397 3438 1η
449 3381 837 3438 vetustissimis
874 3381 1154 3438 codicibus
1201 3380 1321 3438 Vat.
1370 3382 1510 3447 has.,
1568 3382 1724 3440 Colb.

173 3466 223 3525 ac
244 3454 411 3510 Germ.
438 3469 649 3510 necnon
678 3452 810 3507 Bad.
842 3463 897 3525 et
929 3453 1130 3525 Er.hie
1149 3464 1204 3525 et
1235 3469 1382 3519 mox,
1414 3454 1596 3508 aliud:
1626 3470 1729 3525 qua

172 3522 390 3594 loquendi
418 3528 651 3591 ratione,
678 3524 924 3596 quamvis
952 3524 1108 3579 nobis
1135 3523 1311 3581 minus
1327 3536 1601 3591 accurata,
1636 3522 1732 3596 pro

175 3609 256 3666 suo
286 3607 456 3654 tamen
487 3606 732 3664 tempore
766 3595 987 3650 minime
1030 3607 1278 3666 suspecta
1310 3612 1464 3651 nsmn
1492 3612 1612 3653 esse
1641 3595 1734 3653 Hi-

177 3664 336 3724 larium
384 3670 477 3725 vix
520 3668 832 3723 dubitamus
862 3666 929 3721 ad
969 3664 1375 3738 signiﬁcandam
1420 3669 1471 3723 in
1512 3668 1734 3725 Christo

178 3753 389 3808 persona:
418 3741 696 3795 unitatem.

226 3810 302 3937 ιἚὸ)
340 3811 544 3867 Pendet
574 3810 800 3881 qumSlio
853 3809 1125 3871 instituta;
1173 3810 1297 3879 quia
1340 3825 1735 3880 supervacanea

258 3893 365 3937 etur
402 3883 717 3937 responsio:
738 3896 860 3935 cum
893 3882 1053 3937 Pater
1080 3881 1218 3937 Filio
1246 3882 1507 3937 honorem
1540 3884 1735 3937 imner-

181 3880 365 3954 videtur
402 3880 717 3954 responsio:
738 3896 860 3935 cum
893 3882 1053 3937 Pater
1080 3881 1218 3937 Filio
1246 3882 1507 3937 honorem
1540 3884 1739 3954 imper-

182 3953 316 4017 tiens,
340 3964 394 4010 et
411 3955 480 4009 ab
499 3953 570 4010 eo
596 3968 809 4009 rursum
835 3954 1122 4022 recipiens.
1143 3954 1252 4023 jam
1285 3969 1391 4008 non
1417 3955 1584 4009 semel
1613 3953 1739 4010 inde

182 4033 398 4081 ostensus
422 4026 492 4080 sit
514 4034 702 4081 natura
736 4041 855 4078 cum
889 4040 954 4081 eo
993 4040 1156 4079 unum
1178 4039 1319 4079 esse.
1353 4026 1457 4080 Ant
1480 4035 1627 4080 certe
1652 4025 1734 4079 di-

183 4093 269 4166 lata
292 4097 481 4153 solutio
509 4096 591 4152 his
620 4096 848 4152 habetur
874 4095 1258 4166 subsequentis
1288 4096 1500 4151 numeri
1522 4096 1735 4152 verbis:

185 4164 490 4223 Glorilicatus
524 4168 669 4223 Deus
697 4169 742 4221 si
772 4166 1003 4223 Christus
1043 4164 1111 4221 est
1137 4183 1155 4226 :
1184 4166 1321 4221 Deus
1349 4177 1481 4222 certe
1506 4166 1739 4222 Christus

187 4247 264 4299 est,
299 4241 377 4309 qui
404 4241 724 4311 glorificatur
748 4239 826 4311 iu_
838 4254 1023 4292 carne:
1051 4240 1095 4293 si
1124 4237 1281 4293 Pater
1307 4247 1742 4311 est,_‘sacramen-

190 4317 273 4363 tum
297 4307 497 4366 unitatis
518 4323 614 4377 est,
644 4326 760 4363 cum
791 4307 947 4365 Pater
975 4311 1291 4379 gloriﬁcatur
1316 4313 1369 4362 in
1403 4308 1560 4364 Filio.

248 4380 309 4452 (c)
346 4383 429 4439 Sic
456 4398 587 4438 mss.
618 4384 687 4436 At
709 4382 1015 4447 editi,qnod
1035 4382 1202 4435 tertio.
1227 4381 1601 4451 Sequentium,
1624 4395 1742 4451 quae

191 4447 405 4508 intricata
455 4454 612 4510 valde
662 4453 935 4508 nonnullis
985 4447 1345 4513 videbuntur,
1395 4447 1742 4522 intelligentia

192 4524 392 4606 maxime
432 4525 629 4595 pendet
673 4540 740 4583 ex
789 4523 1133 4606 perceptione
1166 4522 1527 4606 superiorum,
1548 4523 1746 4606 quibus

1835 3395 1921 3441 cet
1945 3385 2143 3453 Pater,
2194 3383 2451 3439 tamenin
2502 3392 2706 3438 natura:
2754 3397 2865 3437 suzn
2902 3382 3128 3453 gloriam
3177 3381 3442 3439 redundet

1837 3456 1982 3528 quod
2003 3455 2269 3528 gloriﬁeat
2291 3457 2341 3528 in
2371 3471 2450 3509 se.

1912 3524 2274 3603 (gﬂddi‘mns
2293 3525 2463 3603 D_eum
2487 3525 2949 3603 e35_pleris_que_ac
2977 3524 3276 3603 potioribus
3303 3539 3435 3603 mss.

1841 3616 1906 3657 ex
1922 3596 2117 3671 quibus
2135 3598 2290 3653 Colb.
2304 3597 2942 3671 ,Germ.,Vind.,llemig.
2970 3596 3261 3671 subjiciunt
3288 3597 3440 3651 dein-

1842 3667 2017 3734 de,'in
2042 3686 2117 3733 se,
2145 3670 2199 3724 in
2228 3685 2337 3724 sese
2365 3670 2698 3723 demonstrat.
2736 3667 2889 3725 Unde
2918 3683 3023 3723 non
3045 3667 3292 3737 displicet
3314 3683 3438 3722 cum

1843 3743 2014 3798 altero
2040 3741 2195 3798 Colb.
2228 3750 2283 3795 et
2313 3757 2418 3796 uno
2451 3739 2685 3796 Sorbon.
2710 3741 2839 3795 inse
2864 3754 2881 3794 :
2902 3740 2954 3793 in
2984 3756 3038 3794 se
3058 3756 3166 3795 esse
3196 3738 3435 3795 demons-

1841 3823 1967 3870 trat.
2265 3839 2269 3844 -

1915 3884 1992 3959 (It)
2029 3883 2190 3959 Apud
2213 3883 2520 3959 Erasmum,
2553 3882 2840 3959 gloriﬁcari
2864 3898 2883 3937 :
2897 3897 3068 3959 _quem
3101 3882 3241 3959 male
3270 3882 3441 3959 secuti

1840 3952 2087 4013 suntalii
2107 3954 2441 4011 editores.ln
2462 3952 2591 4010 mss.
2621 3956 2776 4010 Colb.
2807 3962 2862 4010 et
2887 3953 3072 4010 Germ.
3109 3952 3306 4025 legitur
3330 3953 3443 4026 glo-

1840 4030 2069 4099 riﬁcuns.

1917 4097 1982 4171 (i)
2020 4096 2167 4167 Lips.
2197 4108 2252 4171 et
2294 4097 2442 4171 Par.,
2490 4095 2712 4171 Patren:
2746 4106 2798 4171 et
2842 4094 3065 4171 Demus
3087 4111 3287 4171 prave;
3337 4095 3443 4171 hoc

1844 4166 1987 4227 enim
2012 4166 2114 4223 sibi
2168 4170 2312 4226 vult:
2356 4170 2414 4225 Si
2463 4170 2623 4223 verba
2672 4167 2733 4222 Et
2761 4167 2896 4221 Deus
2934 4166 3253 4238 gloriﬁcatus
3276 4169 3443 4238 estin

1847 4259 1927 4306 eo,
1959 4241 2026 4296 de
2046 4240 2265 4295 Christo
2312 4240 2362 4294 in
2408 4254 2571 4294 carne
2600 4238 2898 4308 gloriﬁeato
2938 4236 3080 4292 dicta
3107 4236 3440 4300 conﬁtearis.
3494 4270 3499 4273 -

1844 4312 2120 4368 Christum
2145 4311 2419 4366 conﬁteris
2448 4310 2616 4365 Deum
2641 4329 2652 4361 :
2706 4311 2750 4365 si
2783 4324 2911 4365 vero
2937 4308 3001 4362 ad
3025 4308 3194 4364 Deum
3236 4319 3441 4378 patrem

1848 4384 2072 4445 referas,
2099 4383 2209 4453 jam
2235 4398 2341 4435 non
2383 4382 2604 4452 negabis
2627 4379 2842 4436 Christo
2866 4380 3046 4453 Patris
3076 4389 3348 4448 naturam,
3373 4382 3445 4436 ob

1847 4471 2009 4525 quam
2037 4451 2154 4525 ipse
2181 4455 2233 4507 in
2262 4453 2366 4525 illo
2387 4451 2685 4525 gleriﬁcato
2711 4451 3063 4525 gloriﬁcetur.

1922 4526 1991 4597 (j)
2032 4524 2197 4590 Editi,
2252 4524 2304 4578 iu
2348 4527 2514 4596 [arma
2571 4524 2687 4579 Dei.
2720 4524 2941 4597 Rectius
2968 4537 3124 4597 mss,
3147 4524 3203 4578 iu
3225 4526 3446 4595 formam

192 4592 568 4687 Christttypost
583 4592 1012 4680 consummatam
1038 4592 1527 4687 dispenSationei‘n,‘
1548 4592 1601 4649 in
1627 4595 1743 4687 glo-
1773 4625 1828 4687 Β
1855 4592 1990 4679 Dei.-
2024 4596 2258 4687 hoeest,
2289 4592 2415 4651 cum
2449 4597 2755 4687 infgloriain
2788 4596 2883 4650 Dei
2910 4592 3263 4687 etiam'l‘ikom'o
3292 4608 3444 4649 assu-

195 4662 305 4739 riaui
326 4662 436 4736 Dei,
449 4662 636 4739 'eoque
665 4666 882 4739 nomine
909 4665 960 4721 in
1004 4662 1248 4722 naturam
1278 4676 1329 4721 et
1361 4666 1619 4722 unitatem
1636 4662 1746 4720 Ρα-

196 4735 275 4812 tris
294 4735 593 4812 assumptus
620 4738 962 4812 prmdicatnr.

253 4807 322 4882 (tl)
356 4812 405 4866 In
445 4807 708 4882 vulgatis,
731 4810 988 4882 glori/iam
1033 4824 1172 4882 eum.
1206 4807 1376 4882 Abest
1404 4824 1517 4862 eum
1545 4823 1574 4862 a
1616 4822 1745 4863 mss.

197 4879 426 4940 subesse
445 4879 628 4941 debet.
660 4882 782 4937 Mox
814 4884 892 4936 sic
916 4879 1323 4950 intelligendum
1353 4888 1612 4949 estneque
1636 4895 1752 4932 rur-

198 4962 322 5073 ιιξῖῃ
345 4956 511 5024 quasi,
555 4966 601 5010 et
633 4968 869 5019 rursum;
901 4962 957 5005 ut
977 4953 1047 5006 sit
1070 4951 1416 5006 hellenismus
1448 4950 1652 5005 Hilario
1675 4949 1753 5004 l'a-

200 5026 406 5073 amaris-

200 5024 406 5080 miliaris.

260 5092 324 5167 (ε)
347 5097 450 5152 lloc
465 5105 574 5163 est,
602 5105 810 5165 natura:
835 5102 1076 5167 paterna:
1091 5093 1314 5167 gloriam
1338 5093 1609 5167 assumiin
1639 5094 1755 5163 glo-

203 5161 317 5220 riam
341 5161 750 5231 naturm'illius,
784 5161 872 5239 qui
905 5181 1025 5221 cum
1054 5161 1229 5239 homo
1257 5165 1348 5229 sit,
1383 5161 1751 5239 gloriﬁcatur;

234 5245 434 5307 eatenus
467 5251 647 5295 autem
699 5235 862 5305 Dctts,
912 5236 1155 5292 eumde
1193 5249 1434 5307 naturam
1469 5235 1751 5307 gloriﬁcal.

248 5323 383 5383 squo
408 5313 497 5378 sit,
526 5320 587 5367 ut
612 5309 1188 5383 propterartissiniaai
1213 5305 1426 5383 ﬁliiDei
1453 5305 1515 5383 ac
1539 5308 1632 5383 lilii
1661 5306 1759 5361 ho-

209 5376 676 5453 rninisrunitionet'n,
714 5376 1016 5453 gloriﬁcato
1042 5378 1153 5432 lilio
1176 5378 1408 5453 hominis
1430 5376 1760 5453 gloriﬁcetur

212 5445 332 5521 ﬁlius
353 5452 478 5516 Dei;
523 5469 587 5508 ac
614 5445 829 5508 rursum
869 5460 1088 5521 propter
1131 5445 1559 5521 naturalem'Dei
1590 5448 1758 5518 patris

211 5519 364 5579 scﬁlii
396 5524 657 5593 unigeniti
695 5519 983 5590 unitatem,
1014 5519 1314 5593 gloriﬁcato
1341 5520 1452 5577 ﬁlio
1491 5521 1588 5576 Dei
1615 5521 1760 5577 Deus

213 5601 342 5660 pater
355 5594 693 5666 gloriﬁcetur.

274 5670 336 5742 (θ’)
363 5674 524 5746 βύίιί,
571 5674 912 5746 gloriﬁcantis
954 5689 967 5727 :
1002 5672 1403 5746 reluctantibus
1467 5669 1765 5746 potioribus

220 5740 331 5815 me,
352 5740 472 5815 _Vut_t
494 5740 633 5811 has],
662 5740 842 5809 Colb.,
862 5742 1100 5815 antrum,
1122 5741 1306 5815 Carm,
1327 5748 1457 5810 etc.,
1478 5752 1544 5798 ett
1574 5740 1766 5815 quibus

223 5800 295 5867 hic
322 5800 841 5885 illeztatttr'leustm;
874 5800 931 5872 nl
951 5800 1197 5886 minam
1237 5800 1396 5871 ullum
1428 5800 1458 5871 ti
1489 5821 1545 5869 se
1568 5800 1769 5885 gldritt.

1854 4668 2037 4732 mitur,
2068 4667 2246 4722 unitur
2264 4682 2328 4723 ac
2347 4664 2783 4734 transformatur,
2811 4676 2937 4721 tunc
2963 4664 3317 4735 gloriﬁcatur,
3336 4676 3441 4721 etc.

1925 4739 2004 4811 (k)
2046 4739 2102 4794 In
2136 4740 2370 4810 vulgatis
2411 4739 2712 4804 nativitatis,
2744 4740 2829 4794 ubi
2873 4752 2938 4792 ex
2982 4751 3110 4791 mss.
3146 4736 3448 4811 restituitur

1854 4807 2145 4876 vaeuitatis,
2177 4807 2278 4866 ho'e
2316 4821 2418 4874 est,
2448 4811 2848 4865 exinanitiOuis.
2896 4812 3028 4874 Quae
3073 4822 3233 4877 supra
3273 4807 3444 4875 n.14,

1856 4885 2023 4938 verbo
2081 4882 2357 4936 euacuaudi
2393 4890 2448 4937 et
2472 4881 2689 4936 nomine
2729 4878 3114 4945 eoucuatiouis;
3155 4888 3211 4934 et
3234 4879 3328 4936 lib.
3362 4894 3442 4949 ut,

1857 4970 1911 5009 η.
1933 4956 2024 5022 48,
2052 4954 2435 5024 vac‘uefacicndi
2471 4954 2635 5008 verbo
2658 4952 2988 5007 enuntiatur.

1929 5033 1992 5105 (Ι)
2034 5032 2171 5087 Editi
2216 5047 2337 5086 eum
2390 5032 2709 5105 tribusntss“.
2761 5026 2940 5105 Colb.,
2973 5028 3189 5105 duobus
3211 5028 3447 5105 Remig,

1857 5098 2019 5161 Vinii.
2043 5116 2174 5165 etc.,
2205 5118 2293 5174 per
2315 5105 2534 5174 formant
2555 5103 2653 5174 sui.
2681 5098 3080 5155 Prml‘erendum
3104 5115 3225 5154 cum
3258 5098 3448 5167 Cori»,

1859 5176 1981 5231 Vat.
2032 5175 2173 5238 bas.,
2206 5173 2431 5236 Pratel.,
2482 5173 2692 5227 Marlitt.
2724 5180 2855 5237 etc.,
2904 5187 2995 5241 per
3026 5175 3249 5242 fonnem
3295 5175 3448 5240 servi,

1860 5245 1963 5302 ltoc
1983 5254 2191 5298 estnon
2233 5243 2408 5297 solum
2439 5245 2734 5298 secundum
2760 5254 3027 5305 naturam,
3060 5259 3219 5312 quant
3247 5253 3452 5300 (eterna

1859 5316 2144 5372 nativitate
2164 5314 2381 5381 accipit,
2410 5314 2505 5368 sed
2537 5323 2590 5368 et
2612 5312 2905 5367 secundum
2942 5315 3229 5368 humanam
3260 5315 3312 5371 in
3337 5316 3452 5372 Deo

1862 5390 2071 5443 unitus:
2103 5388 2224 5440 dum
2246 5384 2407 5459 homo
2430 5395 2485 5459 _el
2514 5384 2652 5459 Deus
2671 5389 2793 5459 jam
2811 5382 2953 5459 Deus
2974 5395 3134 5459 totum
3164 5396 3256 5459 est,
3287 5397 3344 5443 ut
3375 5391 3453 5442 lo-

1860 5461 2041 5532 quitur
2068 5458 2160 5513 lib.
2179 5473 2272 5532 tu,
2297 5473 2350 5509 n.
2381 5455 2482 5512 M:
2515 5455 2686 5527 [arma
2711 5455 3136 5532 uidelicetAservili
3162 5458 3213 5511 iu
3234 5459 3452 5529 gloriam

1864 5527 1978 5606 Ejus
2000 5534 2147 5606 cuius
2167 5531 2218 5584 in
2246 5528 2413 5598 forma
2434 5542 2550 5584 ante
2570 5527 2803 5606 mu_uebal
2829 5528 3145 5606 proﬁcimus,
3170 5527 3429 5606 coirttptio

1867 5600 1947 5657 riis
1976 5600 2168 5655 scilicet
2213 5608 2397 5653 natura
2423 5616 2514 5669 per
2543 5602 2825 5669 profectum
2853 5600 3253 5665 iucorrupliouis
3282 5604 3455 5658 absor-

1870 5685 1979 5745 pta,
2011 5682 2068 5727 ut
2093 5672 2589 5745 apertiusexplicat
2622 5669 2829 5745 inpSaI.
2852 5683 3115 5737 cxxxvut,
3147 5691 3199 5745 u_.
3234 5674 3319 5745 i9.
3357 5676 3457 5729 Ita-

1909 5748 1986 5816 no,
2005 5737 2226 5816 verb'tpn
2259 5737 2453 5816 unitas,
2486 5754 2593 5816 npn
2625 5737 2767 5800 aditi
2796 5754 2905 5797 sese
2928 5748 3059 5811 erat;
3088 5739 3181 5800 sed
3212 5742 3276 5800 od
3299 5746 3458 5816 glarh

1869 5755 2557 5886 iriiri'iii‘ii‘iii'i'iii’iii
