3930 6194
499 225 604 282 515

1703 219 1948 285 SANCTI
1988 220 2245 283 ιιιωιιιιι
2272 221 2575 281 EPISCOPI

3677 231 3776 286 516

502 339 569 395 Ει
595 352 718 395 ειιιιι
740 344 868 411 post
887 338 1219 395 nativitatem
1235 337 1810 410 hominisglorilicatus
1832 336 1886 392 in
1911 338 2085 397 ltomi-
2114 341 2170 419 Α
2193 339 2305 395 veri
2334 339 2404 399 sit
2441 339 2556 396 bzee
2583 338 2921 397 necessitatis
2937 338 3230 397 confessio:
3264 342 3445 409 Amen,
3488 358 3631 403 amen
3659 346 3768 401 dico

501 451 592 503 ne,
610 436 664 491 iu
683 442 889 493 naturae
914 449 1025 490 sua:
1050 448 1261 491 rursum
1278 434 1503 504 gloriam
1534 434 1947 501 clarescit;iuse
1970 448 2092 491 cum

501 525 647 582 Deus
676 525 957 593 clariﬁcat,
1009 539 1130 583 cum
1162 525 1215 583 in
1248 534 1453 581 natura:
1483 533 1720 597 paterna:
1747 524 1995 596 gloriam,
2028 525 2096 583 ab

504 634 566 676 ea
597 635 690 689 per
719 618 1178 689 dispensationem
1211 626 1529 685 evacuatus,
1560 617 1878 674 assumitur.

573 711 664 766 42.
709 709 831 768 Non
859 710 969 765 alia
1013 709 1191 767 Patris
1216 720 1263 766 et
1309 710 1434 766 Filii
1482 710 1667 781 gloria.
1705 707 1822 764 Vita
1875 725 1978 764 non
2024 716 2096 763 est

503 803 669 859 Deum
693 820 841 863 nosse
868 807 977 865 sine
1003 802 1334 877 Cltristo,qui
1356 815 1404 863 et
1429 803 1570 863 Deus
1597 820 1746 860 uerus
1776 801 2087 860 est.—Con-

502 895 671 950 cludit
708 904 888 955 antem
933 896 1347 953 audacissimum
1374 896 1663 967 impietatis
1710 903 1814 951 tum
1860 894 2096 950 furorem

502 988 800 1059 apostolica
855 988 1010 1055 ﬁdes,
1040 1005 1107 1044 ne
1128 1004 1234 1060 quo
1266 990 1478 1046 licentia
1518 989 1701 1045 libera:
1729 987 2098 1059 intelligentiae

503 1083 769 1152 evageris,
797 1070 919 1137 cum
943 1084 1015 1137 ait
1042 1101 1055 1138 :
1089 1080 1154 1135 Et
1177 1083 1343 1138 cumis
1400 1081 1575 1154 lingua
1611 1078 1953 1152 confitebitur,
1977 1078 2098 1149 quia

503 1170 759 1231 Dominus
778 1172 812 1228 J
819 1192 934 1229 esus
966 1174 1048 1246 (Ι)
1070 1175 1124 1229 in
1143 1175 1309 1246 gloria
1327 1173 1426 1229 Dei
1457 1175 1617 1244 patris
1644 1174 1869 1245 (Philip.
1895 1190 1955 1239 tt,
1986 1170 2096 1243 ll).

504 1266 676 1332 Quem
707 1266 849 1321 enim
879 1264 933 1320 in
973 1280 1098 1321 sese
1144 1265 1303 1321 Pater
1327 1265 1671 1338 gloriﬁcavit,
1705 1266 1757 1320 in
1784 1269 1900 1334 ejus
1926 1264 2100 1336 gloria

505 1357 841 1415 conﬁtendns
887 1369 990 1415 est.
1040 1359 1101 1413 Et
1129 1360 1219 1428 qui
1249 1360 1302 1413 in
1334 1358 1508 1413 Patris
1546 1358 1719 1431 gloria
1760 1357 2099 1415 conﬁtenilus

506 1462 612 1518 est,
643 1450 716 1523 (a)
750 1457 806 1505 et
832 1466 994 1520 quem
1036 1450 1087 1504 in
1119 1464 1177 1505 se
1206 1450 1363 1505 Pater
1388 1448 1709 1522 gloriﬁcavit
1730 1493 1745 1517 ,
1789 1450 1842 1506 iu
1875 1450 1959 1507 his
1984 1449 2101 1507 sine

505 1545 666 1601 dubio
695 1545 1073 1616 intelligendus
1122 1555 1204 1601 est
1226 1560 1368 1611 esse,
1417 1546 1613 1618 quibus
1639 1545 1797 1602 Pater
1822 1556 1934 1612 est;
1977 1560 2099 1603 cum

506 1647 561 1694 et
592 1640 644 1692 in
676 1654 735 1694 se
753 1654 877 1701 eum
900 1639 1309 1710 glorilicavet’it,
1342 1649 1395 1695 et
1424 1639 1480 1695 in
1521 1638 1693 1709 gloria
1724 1641 1843 1707 ejus
1874 1639 1945 1694 sit
1964 1654 2099 1693 con-

2196 433 2360 500 vobis,
2400 448 2502 487 non
2546 442 2706 502 potest
2755 430 2930 503 Filius
2960 432 3027 490 ab
3051 451 3106 491 se
3134 438 3307 507 facere
3357 435 3645 507 quidquam,
3680 440 3772 503 nisi

2197 521 2335 595 quod
2366 523 2546 583 viderit
2575 522 2796 583 Patrem
2820 526 3096 596 facientem
3125 524 3180 599 (1
3186 542 3308 581 oan.
3334 540 3393 593 ν,
3421 525 3529 599 19).
3557 527 3667 587 Nisi
3688 531 3775 587 du-

2200 615 2393 685 plicem
2444 619 2856 687 responsionem
2900 617 3109 688 duplex
3156 618 3470 677 iud-morum
3493 620 3771 693 indignatio

2203 708 2281 781 (5)
2307 709 2507 780 exigit;
2541 711 2612 764 sit
2643 710 2757 766 lucc
2783 711 2939 781 plane
2964 711 3294 769 inﬁrmitatis
3338 712 3621 783 professio,
3652 717 3770 775 nihil

2200 802 2268 857 ab
2293 817 2350 857 se
2401 802 2574 857 facere
2616 803 2808 858 Filium
2836 819 3016 874 posse,
3048 805 3149 859 nisi
3178 806 3320 876 quod
3355 806 3544 873 viderit
3576 807 3771 865 Patrem

2199 895 2507 953 facientem.
2535 897 2688 965 Quod
2725 898 2770 957 si
2797 897 2996 955 ludris
3023 908 3080 955 et
3104 898 3288 957 violati
3338 900 3547 961 sabbati
3575 914 3763 961 reatum

2201 987 2599 1069 objicientibus,
2634 999 2686 1045 et
2742 989 3110 1063 :equalitatcm
3162 991 3215 1045 in
3240 988 3458 1047 Christo
3484 991 3580 1049 Dei
3604 993 3669 1063 (f)
3694 1009 3774 1064 per

2201 1080 2504 1151 professum
2554 1081 2657 1143 sibi
2689 1082 2857 1141 Deum
2906 1089 3116 1154 patrem
3172 1098 3279 1143 non
3322 1082 3643 1149 ferentibus,
3686 1086 3772 1149 sub

2201 1173 2394 1231 eodem
2444 1174 2590 1256 dicto
2624 1175 2691 1235 ad
2719 1187 3005 1246 utrumque
3040 1192 3363 1249 responsum
3411 1187 3536 1243 est;
3570 1188 3773 1249 putasne

2202 1282 2300 1338 per
2326 1267 2721 1325 confessionem
2751 1270 3119 1337 restionsionis
3145 1286 3304 1340 posse
3329 1271 3601 1347 dictorum
3650 1274 3770 1328 oculi

2204 1359 2531 1416 veritatem?
2559 1360 2625 1415 Et
2666 1376 2987 1431 quamquam
3016 1361 3069 1421 in
3101 1362 3209 1418 alio
3239 1362 3424 1419 libello
3456 1362 3596 1433 (Lib.
3622 1379 3704 1429 ru,
3725 1382 3768 1425 ιι.

2203 1451 2282 1524 7)
2311 1460 2568 1507 tractatus
2596 1451 2683 1508 hic
2710 1468 2743 1508 a
2795 1454 2951 1519 nobis
2998 1453 3151 1509 locus
3199 1453 3396 1510 fuerit:
3454 1464 3628 1511 tamen
3667 1458 3769 1526 quia

2203 1560 2310 1601 non
2340 1544 2501 1600 modo
2532 1562 2641 1603 non
2684 1545 2863 1613 obest,
2889 1546 2986 1602 sed
3035 1547 3196 1603 etiam
3221 1546 3289 1602 ad
3322 1546 3637 1617 religionem
3665 1562 3769 1619 pro-

2204 1640 2336 1707 ﬁcit,
2373 1639 2534 1695 ﬁdem
2561 1640 2883 1711 retractari,
2915 1639 3165 1699 eumdem
3216 1641 3415 1712 ipsum,
3469 1643 3590 1712 quia
3628 1655 3770 1703 causa

508 1730 758 1789 ﬁtcndus.
790 1730 905 1799 Non
934 1732 1081 1789 enim
1128 1730 1213 1787 hic
1258 1747 1401 1787 nunc
1432 1731 1804 1786 tantummodo
1832 1729 1885 1785 in
1928 1731 2098 1801 gloria
2129 1728 2178 1790 B
2207 1735 2461 1805 postulat,
2493 1734 2852 1793 revolvamus.

508 1824 607 1881 Dei
636 1836 737 1889 est,
767 1826 862 1881 sed
888 1825 939 1881 in
965 1826 1133 1897 gloria
1167 1826 1262 1882 Dei
1288 1824 1453 1895 patris
1492 1836 1594 1881 est.
1627 1825 1811 1896 Neque
1830 1824 2100 1899 gloriﬁca-

508 1916 772 1985 vitgloria
795 1918 1087 1985 exteriore,
1136 1920 1214 1993 (2)
1257 1920 1353 1977 sed
1389 1920 1708 1992 glorilicavit
1751 1918 1823 1993 (ιι)
1854 1920 1909 1975 in
1952 1933 2095 1976 sese.

508 2006 565 2063 ln
588 2021 706 2062 eam
732 2024 855 2063 eum
881 2024 999 2081 quae
1030 2024 1127 2066 sua
1148 2022 1231 2067 est
1254 2012 1478 2082 gloriam
1510 2012 1860 2080 rcsumendo,
1895 2020 1951 2068 et
1976 2026 2100 2069 eam

508 2101 733 2170 gloriam
759 2118 917 2173 quam
939 2104 1081 2177 apud
1111 2119 1236 2183 eum
1262 2105 1468 2173 habuit,
1494 2123 1618 2163 eum
1651 2116 1705 2163 et
1733 2106 1875 2178 apud
1899 2122 1959 2165 se
1983 2107 2101 2178 glo-

512 2192 686 2249 rilicat
713 2204 768 2249 et
794 2195 849 2249 in
881 2211 1022 2253 sese.
1069 2196 1245 2268 Atque
1276 2197 1349 2259 ita
1394 2198 1770 2270 inseparabilis
1801 2214 1831 2254 a
1857 2199 1980 2255 ﬁdei
2005 2200 2104 2254 hu-

508 2284 602 2355 jus
633 2284 1015 2357 conjunctione
1057 2285 1376 2360 intelligitur
1404 2291 1564 2345 etiam
1606 2292 1706 2344 sub
1749 2290 1981 2347 hominis
2009 2290 2107 2346 hu»

515 2377 761 2445 militate,
794 2379 874 2433 sic
899 2378 1114 2435 dicens:
1140 2378 1265 2436 Ηωε
1290 2390 1363 2436 est
1384 2393 1554 2437 autem
1575 2384 1676 2437 vita
1701 2392 1913 2449 aeterna,
1944 2394 1997 2437 ut
2022 2400 2108 2439 co-

514 2483 759 2543 gnoscant
788 2484 834 2527 te
856 2474 1021 2529 solum
1060 2491 1233 2529 verum
1268 2474 1451 2543 Deum,
1476 2484 1522 2532 et
1548 2492 1693 2544 quem
1726 2477 1908 2530 misisti
1927 2473 2108 2530 Iesum

516 2563 777 2617 Christum
809 2562 988 2633 (Joan.
1032 2582 1166 2633 xvn,
1196 2566 1253 2636 5)
1282 2584 1294 2619 :
1347 2582 1469 2623 cum
1501 2576 1557 2622 et
1583 2569 1699 2623 sine
1724 2567 1961 2630 Christo.
1990 2568 2108 2623 solo

517 2655 628 2710 Deo
659 2667 808 2726 patre
848 2660 1082 2730 cognito,
1115 2661 1223 2714 vita
1264 2669 1465 2715 acterna
1496 2677 1600 2715 non
1641 2661 1731 2727 sit,
1786 2660 2112 2723 etChristus

514 2747 849 2820 gloriﬁcatus
874 2751 927 2809 in
960 2751 1120 2806 Patre
1170 2752 1259 2807 sit.
1298 2753 1353 2808 Si
1383 2760 1560 2807 autem
1617 2768 1679 2808 ea
1730 2752 1946 2807 demum
1992 2753 2102 2806 vita

518 2850 718 2898 aterua
750 2853 855 2914 est,
906 2846 1081 2903 solum
1129 2862 1314 2902 verum
1348 2845 1418 2919 (ο)
1463 2847 1633 2901 Deum
1664 2861 1845 2912 nosse,
1870 2854 1926 2902 et
1950 2862 2110 2918 quem

518 2936 663 2990 misit
699 2934 883 2993 Jesum
907 2939 1175 2994 Christum
1198 2955 1213 3005 ;
1239 2954 1346 2994 non
1376 2939 1714 2995 existimetur
1746 2939 1904 3010 plane
1956 2954 2115 2997 verus

517 3026 659 3082 Deus
698 3025 971 3097 Christus,
1019 3030 1062 3083 si
1103 3030 1212 3083 vita
1258 3031 1327 3084 sit
1370 3031 1420 3084 in
1465 3029 1635 3086 Deum
1665 3032 1961 3087 credidisse
1997 3032 2116 3087 sine

2272 1823 2365 1878 44.
2408 1823 2621 1883 Sabbati
2675 1824 2848 1879 uiolati
2894 1824 3105 1880 crimen.
3153 1823 3255 1890 Qui
3318 1834 3627 1883 amoveatur.
3670 1822 3775 1879 Non

2202 1915 2345 1977 aliud
2374 1914 2544 1973 Patris
2567 1933 2626 1971 ac
2645 1913 2774 1970 Filii
2795 1933 2941 1991 opus.
2963 1916 3165 1971 Crimen
3198 1917 3416 1971 alterum
3434 1917 3494 1973 ob
3521 1933 3779 1988 primump-

2206 2019 2308 2069 tam
2337 2007 2435 2064 Dei
2460 2009 2819 2079 wqualitatem.
2838 2037 2910 2050 —-
2937 2008 3073 2065 Hinc
3097 2020 3278 2067 autem
3310 2010 3542 2080 primum
3580 2024 3783 2083 respou—

2207 2102 2377 2158 siouis
2408 2102 2705 2163 necessitas
2735 2110 2854 2161 orta
2880 2110 2996 2158 est:
3051 2100 3116 2165 Et
3136 2111 3345 2175 promer
3400 2101 3495 2163 hoc
3541 2117 3780 2173 perseque-

2207 2194 2393 2257 bantur
2434 2194 2610 2251 ,ιιιάωὶ
2645 2194 2846 2261 Jesum,
2894 2203 2941 2250 et
2987 2196 3281 2266 quwrebant
3322 2211 3441 2253 eum
3490 2194 3782 2263 interﬁcere,

2208 2289 2450 2357 quoniam
2490 2287 2596 2342 lues
2625 2286 2847 2357 faciebat
2888 2285 3102 2341 sabbato
3126 2284 3311 2357 (Joan.
3355 2300 3413 2354 v,
3446 2283 3561 2357 l6).
3594 2285 3781 2353 lraita-

2209 2395 2316 2451 que
2343 2395 2528 2437 eorum
2562 2395 2732 2451 usque
2762 2378 2830 2434 ad
2879 2380 3227 2451 cupiditatem
3271 2378 3627 2437 interﬁciendi
3673 2394 3785 2445 eum

2209 2473 2645 2540 accendebatur,
2692 2455 2909 2544 propter
2961 2488 3123 2542 opera
3194 2471 3419 2527 sabbato
3476 2481 3637 2548 gesta.
3693 2468 3791 2529 Sed

2213 2579 2265 2624 et
2298 2567 2570 2623 videamus
2597 2565 2722 2639 quid
2750 2565 3011 2623 Dominus
3039 2564 3415 2633 restionderit:
3468 2562 3624 2625 Pater
3665 2580 3795 2627 incus

2214 2678 2375 2732 usque
2394 2661 2544 2716 modo
2567 2669 2835 2732 aperotur,
2869 2669 2914 2717 et
2961 2675 3053 2728 ego
3094 2673 3278 2733 aper-or
3306 2655 3471 2729 (Ibid.
3502 2655 3610 2730 li).
3654 2656 3796 2724 Quod

2214 2768 2345 2826 rOgo
2379 2752 2517 2809 istud
2549 2768 2683 2822 opus
2711 2750 2889 2809 Patris
2909 2762 3012 2815 est,
3037 2749 3310 2813 haeretice,
3344 2747 3668 2803 demonstra.
3701 2747 3799 2807 Per

2217 2844 2409 2900 Filium
2439 2845 2583 2903 cuitu
2606 2855 2659 2901 et
2690 2845 2740 2898 iu
2772 2842 2906 2899 Filio
2933 2840 3111 2897 omnia
3136 2850 3283 2915 sunt,
3312 2851 3367 2897 et
3393 2842 3621 2896 visibilia
3645 2842 3795 2896 rlitt-

2220 2938 2469 2995 visibilia.
2504 2937 2571 2992 Et
2594 2946 2669 3004 tu,
2698 2936 2786 3007 qui
2813 2935 2950 2990 ultra
2982 2932 3271 3004 Evangelia
3294 2934 3460 3003 sapis,
3491 2948 3702 2988 necesse
3727 2941 3805 2987 est

2218 3042 2280 3089 ut
2306 3030 2383 3106 (g)
2410 3032 2527 3093 aliis
2554 3031 2820 3104 aliquibus
2872 3043 3195 3087 arcanorum
3248 3027 3511 3083 doctrinis
3554 3028 3803 3101 cognitiu—

518 3119 752 3174 Christo.
785 3119 854 3173 Et
882 3119 1023 3187 quod
1070 3120 1219 3175 solus
1247 3120 1387 3177 Deus
1440 3133 1589 3193 pater
1618 3123 1761 3179 Deus
1795 3140 1952 3185 verus
1986 3133 2103 3195 est;
2134 3121 2182 3191 Ω
2213 3146 2332 3183 nctn
2367 3129 2571 3199 paterni
2600 3128 2777 3197 operis
2804 3124 3152 3195 adeptussis,
3183 3133 3240 3181 ut
3267 3134 3579 3197 operantem
3610 3123 3680 3197 (li)
3718 3142 3805 3215 up-

519 3228 627 3267 non
678 3214 945 3282 pertineat
986 3212 1051 3267 ad
1100 3212 1270 3268 Deum
1302 3213 1603 3283 Christum,
1656 3216 1760 3272 nisi
1809 3218 1980 3289 gloria
2033 3216 2111 3290 (ιι)

519 3304 721 3361 Christi
744 3306 919 3359 omnis
949 3305 1001 3360 in
1028 3306 1145 3362 solo
1185 3322 1312 3362 vero
1339 3308 1451 3364 Deo
1484 3318 1632 3380 patre
1659 3321 1759 3366 est.
1790 3312 1845 3367 Si
1885 3312 2027 3371 enim
2062 3314 2111 3383 in

520 3414 641 3455 sese
666 3414 789 3454 eum
818 3397 1084 3470 gloriﬁcat
1105 3399 1285 3467 Pater,
1315 3412 1370 3457 et
1409 3403 1558 3458 solus
1588 3403 1747 3465 Pater
1773 3404 1919 3463 Deus
1950 3420 2114 3463 verus

521 3501 624 3559 est,
654 3508 758 3548 non
788 3501 947 3550 extra
976 3495 1152 3550 solum
1177 3511 1363 3552 verum
1386 3498 1553 3554 Deum
1582 3495 1829 3553 Christus
1852 3508 1969 3553 est:
1992 3500 2118 3571 quia

522 3584 881 3655 gloriﬁcatum
905 3587 956 3641 in
983 3588 1153 3644 Deum
1196 3588 1495 3654 Christum,
1525 3588 1790 3661 gloriﬁcet
1838 3590 1993 3646 Pater
2025 3607 2117 3646 vc-

524 3694 618 3732 rus
642 3679 787 3734 Deus
809 3680 955 3737 solus
984 3682 1037 3737 in
1065 3698 1207 3738 sese.
1234 3682 1301 3739 Et
1338 3682 1480 3755 quod
1503 3699 1531 3737 a
1566 3684 1684 3743 solo
1707 3700 1835 3744 vero
1865 3684 1936 3757 (ε)
1963 3686 2124 3758 glori-

528 3771 722 3826 ﬁcatur
751 3772 803 3826 in
829 3787 972 3840 sese,
1004 3791 1110 3830 non
1141 3776 1408 3832 alienatur
1438 3793 1467 3833 a
1496 3778 1614 3832 solo
1644 3793 1803 3846 vero;
1834 3780 1960 3851 quia
1987 3781 2038 3836 in
2065 3796 2124 3838 se

524 3864 643 3921 solo
669 3865 996 3934 gloriﬁcatur
1014 3883 1043 3929 a
1070 3884 1217 3925 vero.

596 3958 683 4013 45.
732 3956 998 4031 Objeclum
1049 3959 1149 4015 Ill
1196 3973 1373 4018 contra
1428 3962 1560 4019 Filii
1609 3965 1867 4021 deitatem.
1914 3965 2120 4025 —-Scd

528 4048 666 4112 forte
697 4052 796 4122 piae
821 4052 947 4112 huic
987 4055 1113 4114 ﬁdei
1159 4071 1379 4128 nostrae,
1421 4060 1599 4132 impiae
1628 4061 1868 4132 perﬁdiae
1892 4072 1998 4119 tua:
2029 4078 2119 4118 oc-

524 4154 705 4200 currat
724 4147 984 4215 assertio;
1016 4159 1073 4205 ut
1101 4150 1277 4208 aliena
1305 4154 1469 4231 292
1524 4155 1594 4210 ab
1624 4155 1985 4228 intelligentia
2020 4156 2117 4214 Dei

597 4304 679 4449 (ιζ
718 4306 972 4430 Ιιιὲιονία
997 4320 1071 4365 est
1102 4310 1194 4367 Dei
1219 4313 1416 4370 Patris.

599 4376 656 4448 (ἓ
722 4377 791 4431 Se
856 4379 1160 4449 glori/ienuit
1198 4386 1416 4449 gloriam

531 4447 544 4460 .
599 4376 679 4449 (Ξ)
722 4376 829 4461 Sed
856 4379 1160 4461 glori/ienuit
1198 4386 1417 4461 gloriam
1451 4388 1503 4461 in
1528 4404 1657 4449 sese.
1688 4387 1854 4453 Paulo
1882 4398 2024 4461 post,
2055 4396 2104 4449 et

524 4450 579 4502 in
608 4463 721 4504 eam
745 4450 983 4521 gloriam,
1008 4468 1114 4508 non
1146 4450 1324 4515 et’eam
1350 4456 1587 4531 gloriam.

625 4591 678 4669 a)
716 4591 773 4669 In
800 4595 948 4669 prius
974 4596 1200 4666 vulgatis
1226 4597 1412 4655 deerat
1430 4600 1688 4669 particula
1717 4608 1788 4657 et.

625 4667 675 4729 b)
720 4667 1054 4722 Auctoritate
1082 4684 1213 4726 mss.
1264 4667 1596 4728 removimus
1644 4668 1770 4729 hinc
1792 4668 2115 4725 vocabulum

528 4734 714 4862 gloria.
742 4736 873 4806 Quae
918 4747 1237 4810 sequuntur,
1293 4742 1512 4812 majoris
1557 4742 1948 4815 perspicuitatis
1991 4755 2120 4810 ergo

552 4816 599 4861 ta
623 4809 954 4862 disnoueuda
1001 4819 1152 4862 sunt:
1188 4811 1324 4862 Eum
1362 4824 1411 4862 et
1461 4815 1603 4862 anud
1629 4831 1683 4862 se
1708 4812 1957 4862 alariﬁcat
1987 4820 2033 4862 et
2062 4810 2117 4862 in

552 4816 599 4861 ta
623 4809 954 4885 disponenda
1001 4809 1152 4867 Sunt:
1188 4811 1324 4867 Eant
1362 4809 1411 4869 et
1461 4809 1603 4885 apud
1629 4809 1957 4885 se'glorificat
1987 4820 2033 4865 et
2062 4810 2117 4865 in

529 4893 659 4955 sese,
690 4880 763 4955 in
786 4896 907 4955 eam
937 4898 1052 4955 eum
1104 4900 1217 4955 qua!
1262 4901 1357 4939 sua
1403 4880 1507 4951 est,
1536 4898 1640 4941 etc.
1682 4880 1821 4953 q'uod
1844 4880 2114 4949 notamus,

530 4951 831 5028 quia‘prius
861 4952 1047 5028 vitiosa
1071 4951 1505 5028 initerpunctione
1535 4951 1841 5028 perturbata
1869 4962 2041 5009 erant.

605 5019 681 5093 (c)
723 5020 1062 5101 ln_vulgatis,
1096 5019 1261 5083 Deum
1285 5019 1818 5097 patremfreduudat
1847 5033 2116 5101 postrema

532 5106 656 5158 vox,
684 5104 738 5146 et
757 5094 961 5150 abest‘a
994 5114 1123 5153 mss.

574 5164 685 5245 .(d)
708 5166 853 5245 [τινε.
886 5168 1088 5245 ειηΡτιικ
1116 5186 1183 5245 ex
1209 5172 1451 5245 margine
1478 5172 1709 5241 Erasmi,
1738 5170 1927 5245 Christi
1946 5167 2119 5245 itumi-

534 5237 644 5289 nis:
671 5237 1058 5295 reluctantibus
1083 5240 1202 5296 aliis
1245 5237 1411 5301 libris.
1462 5245 1572 5302 Nec
1611 5237 1739 5301 Sane
1761 5243 1959 5298 Christi
1994 5249 2117 5294 lau-

535 5315 647 5390 tum
671 5318 725 5361 ut
752 5307 1014 5390 hominis,
1045 5312 1138 5390 sed
1175 5317 1406 5390 maxime
1438 5327 1507 5390 Aut
1548 5316 1663 5384 Dei,
1692 5315 1859 5390 gloria
1889 5316 1953 5390 in
2006 5308 2122 5365 solo

536 5376 648 5431 Deo
679 5394 897 5448 semper
920 5380 1035 5455 fuit.
1069 5383 1137 5438 Et
1160 5388 1278 5455 quia
1306 5388 1479 5442 omnis
1508 5405 1572 5445 ex
1598 5376 1782 5447 Di-ovet
1810 5387 1862 5442 in
1889 5386 2000 5440 De"
2031 5397 2121 5453 Pi"

539 5459 619 5529 tre
642 5462 865 5529 semch
903 5452 1306 5529 fuit;rnon'a|ia
1341 5457 1437 5513 luit
1475 5458 1671 5514 Christi
1700 5459 1977 5528 Patrisque
2008 5452 2124 5529 glo-

545 5521 643 5571 ria.
670 5536 775 5603 tum
799 5521 901 5577 alia
943 5527 1224 5603 divinitas:
1269 5547 1330 5586 ac
1374 5533 1598 5603 proinde
1647 5532 1732 5591 ttbi
1762 5521 1943 5603 .‘Patér
1982 5521 2128 5580 scius

543 5603 708 5668 vetus
730 5594 1241 5668 Deusgprmdicatur,
1271 5594 1708 5661 nou-excluditur
1755 5601 2023 5658 Christus.

616 5660 688 5735 (e)
718 5664 855 5742 _\_lat.
883 5660 1192 5742 bas._codex
1227 5660 1314 5729 hic
1352 5673 1496 5742 addit
1518 5674 1653 5731 Deo:
1681 5676 1811 5730 citra
1840 5668 2127 5742 necessita-

559 5732 683 5787 tem;
718 5732 854 5789 Tum
881 5739 1020 5808 apud
1049 5740 1170 5799 Par.
1200 5759 1302 5799 non
1334 5736 1577 5805 alienata
1610 5747 1719 5805 solo
1751 5760 1886 5813 vero,
1917 5740 2036 5814 quia
2074 5738 2132 5794 ίη

2216 3222 2295 3275 bis
2345 3222 2554 3276 Patrem
2618 3219 2892 3276 ostendas.
2945 3217 3097 3286 Quod
3132 3220 3174 3271 si
3240 3218 3397 3272 Pater
3446 3229 3692 3288 operatur
3760 3218 3809 3271 in

2218 3313 2393 3378 Filio,
2420 3311 2718 3369 secundum
2751 3310 2890 3380 quod
2922 3312 3033 3379 ipse
3077 3311 3186 3364 ait:
3244 3309 3434 3376 Verba,
3488 3325 3601 3381 qua:
3623 3326 3711 3380 ego
3739 3309 3808 3363 lu—

2219 3422 2346 3476 quor
2371 3404 2532 3469 vobis,
2564 3402 2641 3476 (4)
2674 3420 2777 3458 non
2797 3419 2887 3473 ego
2913 3402 2974 3474 (i)
3006 3402 3323 3469 loquar;sed
3347 3400 3527 3465 Pater,
3559 3402 3642 3472 qui
3662 3402 3712 3455 in
3736 3416 3805 3453 me

2221 3511 2410 3562 utanet,
2444 3500 2551 3571 ipse
2586 3498 2709 3570 facit
2733 3512 2886 3569 Opera
2922 3511 3017 3549 sua
3052 3492 3228 3566 (Joan.
3262 3509 3372 3558 xw,
3414 3491 3528 3566 10).
3583 3493 3643 3547 Vi

2224 3591 2351 3665 quid
2375 3592 2476 3647 hoc
2509 3590 2616 3647 sit:
2646 3587 2805 3647 Pater
2853 3603 2991 3642 meus
3018 3603 3176 3657 usque
3202 3585 3351 3639 modo
3372 3587 3658 3655 operatur?
3704 3584 3804 3645 lloe

2226 3687 2367 3742 enim
2408 3684 2528 3739 ideo
2567 3684 2658 3751 ait,
2694 3693 2751 3736 ut
2785 3689 3020 3753 paterna:
3047 3680 3102 3734 in
3129 3695 3187 3734 se
3214 3689 3420 3735 natura:
3448 3676 3525 3752 (j)
3551 3678 3802 3748 intellige-

2228 3791 2382 3836 retur
2431 3786 2694 3849 potestas,
2723 3776 2777 3830 in
2824 3773 3032 3828 sabbati
3061 3787 3223 3842 opere
3252 3772 3534 3840 potestatis
3580 3785 3687 3822 sua:
3718 3780 3806 3822 usa

2230 3882 2440 3943 natura.
2471 3869 2605 3925 Cum
2635 3869 2777 3925 enim
2806 3866 2884 3940 (5)
2910 3867 2961 3920 in
2985 3880 3043 3920 se
3071 3874 3326 3935 operetur
3349 3870 3607 3933 operante
3636 3859 3803 3923 Pater,

3650 3493 3676 3547 tl

3683 3508 3709 3547 e

3717 3516 3737 3545 δ

3745 3508 3773 3544 ll

3779 3516 3803 3545 υ

2230 3969 2346 4039 ipse
2378 3980 2597 4031 necesse
2620 3972 2704 4019 est
2728 3962 2884 4017 Patre
2912 3968 3168 4028 operante
3188 3966 3471 4027 operetur:
3506 3964 3667 4025 atque
3694 3951 3803 4009 ideo
3902 3951 3903 4029 ξ

2228 4064 2323 4118 ait:
2343 4060 2513 4116 .Pater
2536 4073 2675 4111 meus
2702 4071 2859 4124 usque
2881 4053 3031 4109 modo
3061 4059 3303 4124 apemtur
3342 4046 3525 4119 (Joan.
3554 4064 3607 4114 v,
3636 4046 3741 4118 Π),
3764 4053 3812 4097 ιιι
3902 4052 3903 4124 l

2228 4154 2402 4227 ipsum
2434 4148 2565 4207 illud
2590 4150 2693 4203 hoc
2739 4159 2981 4219 praesens
3024 4142 3293 4200 dictorum
3342 4147 3505 4225 atque
3541 4148 3800 4211 gestorum

2284 4314 2364 4460 $5)
2408 4313 2619 4386 Exegit.

2307 4385 2365 4458 4)
2408 4384 2531 4460 Non
2552 4402 2584 4439 a
2613 4403 2619 4436 ι

2307 4385 2365 4458 4)
2408 4383 2539 4458 Non
2552 4402 2584 4439 a
2613 4400 2692 4438 me
2712 4383 2914 4450 loquor.

2285 4455 2366 4530 (5)
2397 4455 2465 4513 In
2493 4473 2547 4512 se
2573 4467 2811 4528 operante
2833 4460 3088 4526 aperetur.

2143 4599 2198 4660 D
2223 4614 2276 4651 se
2300 4595 2412 4651 solo
2439 4596 2763 4667 glorificatur
2812 4593 2865 4647 in
2892 4605 3042 4667 uero:
3091 4583 3385 4667 mendose;
3419 4584 3533 4667 hyec
3566 4583 3715 4667 .enim
3741 4580 3803 4667 ita

2223 4655 2523 4737 intelligere
2546 4655 2630 4723 est
2672 4683 2686 4719 :
2730 4678 2837 4737 non
2866 4662 3132 4719 alienatur
3168 4658 3337 4737 abeo,
3370 4655 3645 4737 qui_solus
3667 4663 3803 4737 γει-ιιι

2222 4721 2336 4806 est;
2365 4721 2489 4810 quia
2520 4721 2703 4805 abeo,
2729 4736 2821 4806 qui
2859 4746 3020 4791 verus
3065 4740 3168 4795 est,
3199 4729 3252 4782 in
3291 4721 3351 4782 se
3387 4721 3521 4785 'solo
3565 4721 3804 4797 gloriﬁca-
3902 4744 3903 4749 η

2225 4821 2333 4866 llll'.

2297 4865 2365 4955 (f)
2406 4880 2541 4955 Tres
2586 4894 2718 4955 mss.
2747 4876 3238 4955 _Valic.,_profe_s.so
3262 4870 3358 4954 sibi
3383 4865 3590 4955 “Deum.
3623 4867 3801 4955 Sensus
3902 4872 3903 4901 ι

2222 4938 2663 5022 εἱενρειιθιιίειιίιιι·
2684 4950 2817 5005 erit:
2840 4938 2957 5022 non
2975 4938 3269 5022 ferentibus
3292 4943 3353 5022 in
3381 4938 3599 5022 Christo
3625 4951 3792 5022 mqua-

2224 5010 2428 5080 litat'em
2451 5010 2568 5089 Dei,
2601 5037 2761 5094 quam
2805 5021 2908 5077 sibi
2959 5015 3260 5090 prolitcudo
3291 5013 3458 5069 Deum
3493 5018 3692 5082 patrem
3720 5010 3789 5058 at-

2226 5097 2512 5151 tribuerat.
3631 5152 3639 5155 ,
3662 5151 3673 5155 ,
3767 5145 3777 5155 .

2295 5163 2373 5239 (g)
2418 5164 2473 5220 lu
2496 5164 2653 5221 editis
2693 5162 3031 5239 desideratur
3058 5160 3196 5224 aliis,
3251 5168 3489 5239 necnon
3532 5151 3702 5209 verbis
3740 5151 3797 5198 sis

2224 5228 2637 5298 cun't'sequeute
2665 5234 2921 5306 particula
2948 5242 3020 5306 ut,
3057 5240 3177 5302 post
3201 5228 3437 5299 adeptus.

2320 5310 2378 5381 It)
2408 5295 2533 5381 Duo
2557 5295 2866 5381 mss'._Goll_)_.
2892 5305 3034 5381 nobis
3059 5295 3607 5381 postremomstendas.

2320 5368 2374 5451 i)'
2399 5379 2558 5435 Solus
2603 5377 2771 5437 codex
2823 5376 2941 5451 Yet.
2977 5368 3243 5451 bas'._cum
3298 5368 3796 5451 hlartiIILAnonatfttf

2297 5427 2355 5451 ν,
2400 5427 2557 5435 πω-
2605 5427 2771 5437 πη--
2841 5427 2939 5442 -έντ
2977 5427 3088 5457 φηγ
3416 5428 3419 5435 ς
3679 5435 3688 5444 ρ
3762 5446 3778 5454 ..

2231 5451 2433 5523 loquor,
2485 5448 2947 5523 consentientibus
2978 5446 3191 5517 qurdetn
3219 5457 3377 5511 supra
3398 5456 3462 5523 ιι.
3494 5438 3588 5523 29»
3612 5427 3793 5523 ειξῖἶίζ

2234 5504 2593 5582 ἰξάἰιιὲ
2704 5504 2940 5588 scriptis,
2973 5504 3187 5572 ιῖεειιυιι
3218 5504 3371 5592 sacro
3395 5522 3543 5592 ιειιιι
3570 5504 3795 5592 ειπςέξξί

2235 5593 2430 5647 latino:
2465 5593 2560 5647 sed
2601 5592 2721 5648 ideo
2753 5581 2936 5647 minus
2953 5596 3201 5661 suSpecta
3237 5583 3322 5639 hic
3362 5581 3573 5636 videtur
3609 5584 3794 5632 eorm"-

2234 5665 2355 5735 dcm
2379 5665 2686 5735 consensio.
3104 5731 3113 5735 _
3350 5723 3371 5735 _
3542 5723 3574 5735 _.

2308 5734 2330 5811 (
2339 5734 2394 5813 j)
2433 5735 2598 5809 Editi,
2625 5733 2990 5807 intelligeretur
3009 5731 3271 5805 maiestas,
3284 5722 3671 5798 refragantibus
3680 5725 3790 5773 mss.
