3930 6194
127 281 217 336 ’517
1299 278 1385 334 DE
1425 277 1679 336 ἰΊῖΙΝΙἹἎ1

1835 281 2040 338 LIBER
2079 285 2167 340 ΙΧ.
3268 295 3370 349 318

128 413 208 468 per
234 407 444 462 seopus,
473 401 708 462 paterna:
733 392 784 446 in
807 406 865 446 se
886 398 1088 446 natura:
1109 390 1681 462 mexistimaretur
1707 401 1756 459 Α
1784 395 1968 466 Neque
2008 398 2154 452 enim
2186 408 2403 469 pralstat
2445 399 2643 457 vidisse
2691 403 2976 461 virtutem:
3021 414 3072 460 ct
3111 421 3231 460 cum
3265 422 3368 460 non

127 484 937 558 cieratio.ldeniul,quodusque
963 483 1394 553 modooperatur,
1415 500 1577 540 unum
1596 493 1676 539 at-
1779 496 1996 557 pricstet
2041 491 2186 544 visus
2231 494 2504 558 virtutem,
2552 502 2795 550 naturam
2839 513 2947 552 non
2987 498 3222 552 inﬁrmat
3268 513 3372 554 non

126 597 212 653 que
251 579 377 634 ideut
407 577 537 634 dicti
583 577 946 647 temporisque
975 584 1310 631 momentum
1335 586 1449 642 est;
1483 586 1537 632 ut
1567 591 1671 632 non
1778 596 1938 652 posse
1965 582 2084 639 sine
2106 584 2244 648 visu,
2269 585 2364 640 sed
2391 588 2765 644 auctoritatem
2796 591 3031 647 ostendit
3061 607 3127 646 ex
3152 592 3290 648 visu.
3318 591 3372 646 ld

124 679 246 734 aliud
273 674 476 745 aliquod
507 689 644 745 opus
664 689 783 729 esse
812 673 1007 740 Patris,
1041 689 1199 743 quam
1215 688 1371 728 suum
1402 676 1504 729 hoc
1530 675 1672 743 quod
1776 675 1920 730 enim
1941 676 2085 746 quod
2113 677 2208 744 ait,
2243 678 2342 732 nisi
2373 680 2560 746 videat,
2590 685 2980 738 conscientiam
3011 685 3279 751 signiﬁcat
3319 683 3371 739 iu

122 769 230 838 agit,
254 766 587 821 crederetur:
617 781 739 819 cum
780 780 873 834 per
912 764 987 829 id,
1011 765 1152 834 quod
1194 780 1365 835 usque
1385 765 1546 820 modo
1567 765 1672 819 Pa-
1774 768 1913 834 visu,
1953 770 2112 824 sicuti
2140 770 2206 826 ad
2251 772 2542 841 Apostolos
2575 775 2680 827 ait:
2713 773 2846 829 Ecce
2873 777 2986 830 dico
3026 775 3186 840 vobis,
3218 777 3376 830 levate

125 870 190 912 ter
211 867 467 927 operatur,
507 855 622 912 hinc
657 855 772 926 ipsa
793 865 939 912 esset
967 856 1141 911 Patris
1182 858 1285 913 sub
1313 857 1504 912 eodem
1538 867 1674 913 tem-
1775 863 1950 918 oculos
1983 874 2188 930 vestros,
2231 875 2278 920 et
2325 869 2486 923 videte
2521 871 2772 939 regiones,
2805 871 3042 940 quoniam
3080 868 3211 922 alba:
3257 881 3375 926 sunt

122 967 228 1022 pore
251 950 502 1007 sermonis
531 951 794 1020 operatio.
824 949 900 1004 Ac
923 967 990 1004 ne
1033 949 1188 1010 lides.
1226 950 1368 1005 intra
1406 953 1670 1022 eognitio-
1773 957 1842 1010 ad
1869 974 2080 1013 messem
2109 958 2288 1027 (Joan.
2318 976 2390 1027 tv,
2415 962 2529 1032 55).
2551 962 2887 1017 Conscientia
2921 961 3082 1032 igitur
3111 962 3159 1014 in
3189 976 3248 1016 se
3279 976 3368 1014 na-

119 1062 220 1104 nettl
261 1055 451 1100 ιέιηιωη
493 1044 664 1099 Patris
694 1045 901 1108 relicui.
926 1060 954 1097 α
978 1044 1100 1098 Villa
1130 1053 1351 1098 3316mm
1380 1059 1476 1114 Spe
1515 1047 1671 1099 θυεε-
1774 1059 1907 1104 turre
1937 1061 2194 1120 paternas,
2223 1069 2340 1123 qua:
2380 1055 2430 1108 itt
2473 1070 2531 1110 se
2562 1066 2816 1125 operatur
2844 1064 3124 1124 operante,
3155 1069 3220 1108 ne
3251 1054 3366 1107 vio—

121 1140 480 1206 set;coutinuo
501 1136 762 1208 subjecit:
796 1137 863 1192 Et
893 1155 986 1207 ego
1016 1153 1235 1206 aperor:
1267 1139 1667 1208 uthocipsum,
1773 1143 1912 1198 lasse
1961 1145 2248 1200 sabbatum
2302 1147 2562 1202 Dominus
2613 1148 2820 1202 sabbati
2878 1146 3206 1210 crederetur,
3256 1145 3368 1200 ait:

119 1235 237 1306 quod
265 1232 336 1304 (α)
387 1234 545 1287 modo
593 1243 853 1302 operatur
902 1233 1362 1302 Pater,operelur
1389 1240 1445 1288 et
1472 1232 1665 1289 Filius.
1773 1237 1895 1292 Non
1944 1249 2106 1308 potest
2150 1239 2292 1309 ﬁlius
2339 1241 2402 1294 ab
2448 1256 2501 1295 se
2543 1244 2710 1312 facere
2753 1239 3053 1311 quidquam,
3103 1239 3202 1292 nisi
3237 1238 3374 1308 quod

116 1328 268 1384 Acsic
297 1325 760 1397 perfectamﬁdem
805 1326 1008 1391 docuit,
1065 1341 1187 1381 cum
1211 1327 1285 1392 id,
1325 1327 1465 1396 quod
1508 1327 1670 1381 modo
1769 1332 1954 1384 uiderit
2001 1330 2209 1385 Patrem
2251 1332 2519 1402 facientem
2568 1330 2748 1403 (Joan.
2785 1348 2837 1397 v,
2889 1331 3014 1400 l9):
3047 1337 3104 1383 ut
3151 1329 3200 1383 id
3230 1327 3372 1398 quod

117 1431 199 1485 est,
228 1420 449 1489 ejusdem
483 1418 743 1488 temporis
768 1433 906 1488 opus
925 1421 1027 1483 sit;
1053 1428 1105 1472 et
1133 1419 1204 1479 id.
1237 1420 1377 1486 quod
1414 1430 1670 1488 operatur
1771 1433 2111 1492 operaretur,
2141 1439 2206 1480 ex
2231 1425 2560 1480 conscientia
2593 1435 2796 1479 natura:
2818 1425 2869 1477 in
2897 1439 2956 1478 se
2989 1423 3264 1492 operantis
3287 1437 3376 1473 os-

118 1512 247 1567 Paler
266 1519 508 1582 operatur
552 1521 608 1565 et
643 1509 842 1572 Filius,
892 1519 1043 1565 extra
1081 1511 1369 1581 singularis
1411 1513 1479 1565 sit
1511 1513 1667 1566 unio-
1770 1515 2040 1580 tenderet,
2073 1530 2194 1570 cum
2225 1524 2280 1570 et
2313 1531 2372 1571 se
2404 1516 2631 1570 sabbato
2673 1526 2954 1582 operante,
3005 1529 3174 1584 usque
3211 1513 3374 1566 modo

118 1621 235 1660 nem.
279 1603 377 1660 Sed
409 1604 714 1673 geminatus
745 1612 828 1657 est
863 1604 1194 1658 audientium
1217 1605 1407 1660 dolor:
1443 1605 1494 1660 id
1521 1607 1666 1662 enim
1771 1605 1930 1660 Pater
1958 1616 2277 1675 operaretur
2308 1609 2358 1660 in
2387 1607 2632 1662 sabbato.
2669 1607 2747 1661 Ad
2780 1607 2998 1661 alterius
3025 1620 3154 1660 vero
3187 1604 3268 1672 (ἓ)
3292 1606 3371 1658 in-

116 1697 346 1768 sequitur:
389 1694 613 1765 Propter
650 1697 746 1751 lloc
786 1697 952 1766 magis
992 1697 1282 1767 quaerebant
1325 1716 1443 1753 eum
1488 1697 1666 1754 Judtei
1769 1699 2043 1768 dignitatis
2075 1699 2141 1769 (f)
2163 1700 2430 1765 dolorem,
2457 1700 2836 1768 consequentis
2872 1698 3002 1752 dicti
3036 1698 3215 1752 retulit
3241 1712 3373 1750 catt-

114 1790 377 1858 ium/icere,
402 1789 644 1858 quoniam
684 1805 784 1843 non
809 1789 977 1843 solum
1001 1789 1224 1843 solvebat
1255 1790 1541 1857 sabbatum,
1569 1792 1660 1845 sed
1692 1788 1738 1848 Β
1767 1807 1913 1846 salu:
1969 1791 2310 1862 Quaecumque
2347 1793 2478 1844 enim
2519 1789 2680 1845 Pater
2711 1793 2858 1861 facit,
2892 1791 3068 1843 eadem
3106 1799 3153 1844 et
3205 1787 3375 1842 Filius

113 1892 153 1938 et
174 1883 290 1952 quod
312 1893 501 1951 patrem
519 1899 671 1936 suum
687 1883 950 1954 proprium
986 1882 1183 1936 dicebat
1211 1883 1397 1952 Deum,
1421 1886 1667 1956 aqualem
1770 1885 1895 1955 facit
1945 1882 2182 1937 similiter
2226 1882 2463 1954 (lbid.).
2522 1882 2804 1952 Exprobra
2857 1882 3224 1936 inﬁrmitatem
3280 1880 3376 1934 Dei

114 1976 340 2043 sefacieus
385 1973 494 2030 Deo
524 1975 691 2042 (lbid.
727 1974 843 2046 18).
877 1975 943 2029 Et
973 1974 1061 2029 hic
1099 1991 1312 2030 rursum
1341 1977 1665 2042 admonebo,
1773 1978 1910 2044 ﬁlio,
1963 1977 2144 2032 adime
2197 1993 2410 2046 quoque
2464 1989 2669 2032 natura:
2719 1977 3120 2046 :nqualitatem,
3173 1975 3220 2029 si
3268 1989 3374 2028 non

117 2077 158 2122 et
183 2068 513 2140 Evangelista:
534 2069 764 2139 judicio,
795 2080 846 2123 et
894 2069 1169 2123 communi
1208 2069 1426 2125 humani
1456 2074 1670 2142 generis
1767 2085 2129 2141 qualcumque
2159 2069 2285 2124 lacit
2316 2070 2494 2135 Pater,
2527 2070 2715 2124 eadem
2747 2080 2798 2123 et
2827 2067 2997 2121 Filius
3027 2065 3156 2121 facit
3181 2065 3374 2120 simili.

117 2177 324 2229 assensu,
354 2162 520 2218 ﬁlium
554 2165 610 2218 in
649 2172 894 2234 paterna:
940 2173 1144 2218 natura:
1179 2167 1485 2234 atqualitate
1507 2181 1626 2222 esse
1656 2185 1668 2221 :
1774 2171 1877 2229 ter,
1909 2163 1954 2218 si
1983 2163 2274 2218 discrimen
2305 2163 2522 2234 aliquod
2553 2175 2792 2233 paterna:
2819 2161 3031 2215 virtutis
3062 2168 3223 2228 atque
3250 2173 3380 2227 ope-

117 2253 432 2324 tequalitatem
464 2263 649 2310 autem
702 2269 809 2310 non
849 2255 952 2310 nisi
992 2271 1061 2311 ex
1086 2255 1274 2310 eadem
1301 2271 1422 2311 esse
1449 2267 1669 2322 natura;
1773 2257 2004 2312 rationis
2037 2257 2368 2324 admittitur,
2399 2259 2482 2323 si,
2522 2257 2666 2328 quod
2713 2257 2792 2327 (ς)
2821 2256 3109 2325 :cqualitati
3168 2253 3379 2308 virtutis

118 2347 217 2416 quia
256 2347 494 2401 uadvitas
538 2362 648 2402 non
684 2347 878 2402 haheat
921 2347 1138 2402 aliunde
1171 2349 1314 2418 quod
1359 2359 1588 2416 maneat,
1621 2358 1676 2405 et
1778 2362 2094 2422 naturasque
2148 2353 2423 2424 proprium
2480 2361 2604 2417 est,
2663 2351 2885 2405 honoris
2941 2347 3224 2415 atqualitas
3271 2362 3379 2402 non

123 2439 268 2495 omnis
309 2440 588 2507 generatio
615 2457 642 2493 a
669 2451 962 2511 generante
992 2456 1051 2497 se
1079 2455 1184 2496 non
1213 2441 1279 2496 sit
1305 2443 1516 2508 allena;
1546 2442 1673 2498 dum
1779 2447 2101 2518 postulatur.
2128 2445 2246 2515 Ipse
2272 2445 2418 2500 enim
2457 2444 2506 2498 in
2537 2443 2804 2499 continuis
2835 2442 2942 2496 ait:
2987 2439 3054 2495 Ut
3082 2455 3255 2494 omnes
3285 2440 3376 2493 lio-

120 2532 237 2587 adid
265 2535 395 2602 quod
424 2545 642 2602 manet,
675 2535 920 2591 subsistit
953 2534 1030 2608 (b)
1055 2551 1122 2590 ex
1158 2535 1372 2591 eodem.
1406 2537 1538 2591 Huic
1574 2536 1676 2607 igi-
1778 2540 2044 2610 nari/irent
2077 2538 2449 2602 Filiunlpsicut
2495 2537 2841 2606 honoriﬁcam
2882 2533 3114 2590 Patrem.
3147 2533 3248 2601 Qui
3278 2550 3382 2587 non

123 2635 190 2680 tur
209 2627 478 2698 duplicata:
523 2630 884 2700 indignationi
926 2628 1211 2685 videamus
1256 2631 1382 2700 quid
1421 2631 1678 2686 Dominus
1779 2632 2087 2701 honori/ient
2121 2633 2311 2688 Filium
2335 2673 2348 2697 ,
2395 2647 2498 2685 non
2537 2629 2844 2695 ltonoriﬁcat
2888 2625 3097 2681 Patrem
3123 2627 3210 2696 qui
3241 2626 3381 2680 misit

123 2719 446 2786 responderit:
499 2724 689 2788 Amen,
731 2737 878 2774 alueo
901 2721 1018 2775 dico
1050 2721 1213 2786 vobis.
1255 2738 1356 2776 non
1387 2731 1545 2790 potest
1586 2720 1682 2776 Fi—
1779 2729 1929 2783 illum
1959 2725 2123 2796 (Ibid.
2145 2726 2260 2795 25).
2292 2725 2546 2780 Discerne
2566 2721 2927 2792 aequalitatem
2956 2721 3008 2774 in
3039 2720 3246 2774 honore
3267 2733 3373 2772 non

125 2806 266 2862 ιίιιηο
293 2825 340 2864 te
365 2811 529 2880 facere
548 2813 852 2882 quidquam,
877 2814 975 2866 nisi
1001 2815 1136 2883 quod
1159 2814 1340 2867 viderit
1367 2812 1573 2868 Patrem
1601 2815 1683 2883 {a-
1783 2823 2023 2892 dispari:
2070 2821 2279 2876 inﬁrma
2313 2831 2556 2874 naturam
2599 2821 2650 2872 in
2685 2817 2876 2872 eadem
2911 2815 3224 2884 operatione
3269 2814 3381 2867 vir-

123 2902 318 2957 cielttsm.
363 2905 716 2974 Quacumque
740 2906 875 2959 enim
918 2906 1010 2959 ille
1038 2907 1184 2976 facit,
1215 2907 1465 2962 eademet
1509 2905 1682 2963 Filius
1787 2918 1934 2972 tutis.

125 2995 319 3050 similiter
343 2999 468 3064 facit
499 2997 687 3071 (Joan.
721 3015 769 3067 ν,
805 2999 915 3070 l9).
1855 3011 1946 3066 46.
2004 3009 2272 3081 Epilogus.
2328 3037 2400 3049 --
2443 3007 2580 3076 Quid
2633 3005 3000 3079 responsionis
3047 3017 3262 3060 causam
3317 2999 3383 3056 ad

179 3089 252 3143 i5.
301 3090 580 3162 Responsio
638 3091 708 3146 ad
760 3093 956 3147 sabbati
1023 3091 1200 3146 uiolati
1250 3093 1466 3147 crimen.
1538 3091 1685 3146 Illud

1837 3103 2167 3157 intumeliam
2222 3101 2516 3154 divinitatis
2569 3099 2824 3154 invadis?
2880 3097 2960 3152 Ad
3017 3094 3384 3164 Operationem

127 3193 208 3232 non
249 3192 408 3247 potest
458 3185 821 3239 auctoritatem
870 3185 1108 3252 ostendit,
1163 3200 1262 3238 lton
1306 3185 1678 3255 infirmitatem.

1832 3196 1993 3250 tbbati
2041 3194 2338 3262 respondit,
2389 3209 2495 3248 non
2543 3209 2603 3248 se
2651 3194 2939 3263 quidquam
2989 3191 3168 3246 facere
3205 3201 3384 3256 posse,

127 3270 237 3335 Quid
256 3275 494 3345 signiﬁcet
515 3278 624 3332 nisi
642 3277 1132 3348 videalJiespousio
1153 3279 1220 3332 ad
1237 3279 1454 3333 alterum
1471 3281 1682 3334 crimen.
1790 3287 1890 3341 nisi
1921 3286 2062 3356 quod
2097 3285 2305 3340 Patrem
2339 3285 2620 3339 facientem
2655 3283 2912 3338 vidisset:
2946 3283 3010 3335 ad
3053 3281 3392 3336 demonstra-

125 3365 272 3421 —Nisi
298 3368 429 3423 dicta
458 3369 534 3441 (c)
566 3371 927 3438 propositioni
958 3374 1170 3440 propria
1201 3382 1358 3437 sunt;
1394 3373 1498 3427 vim
1529 3374 1677 3427 dictis

1834 3395 1987 3434 ouem
2020 3394 2148 3433 vero
2178 3377 2519 3447 aequalitatis,
2570 3390 2922 3446 quaecumque
2967 3375 3123 3428 Pater
3163 3371 3386 3435 laceret.

128 3465 502 3533 praesumptiooe
535 3467 773 3537 propriae
803 3478 857 3522 et
889 3469 1122 3522 inﬁdelis
1153 3469 1521 3538 intelligentiae
1552 3468 1680 3522 alie.

1835 3487 1969 3526 ηοω-θ
2011 3487 2070 3527 se
2117 3470 2393 3541 professus
2430 3480 2530 3524 est.
2584 3470 2731 3525 Tene
2783 3469 3014 3541 (supple,
3047 3465 3387 3535 restionsum)

129 3557 279 3611 rimus.
319 3559 373 3614 Si
415 3573 601 3616 autem
644 3562 847 3616 irarum
889 3563 1070 3617 causis
1119 3562 1359 3631 subjecta
1405 3563 1688 3632 responsio
1789 3565 1930 3635 quod
1961 3565 2024 3618 ad
2055 3565 2337 3619 sabbatum
2380 3563 2611 3633 pertinet
2639 3564 2701 3616 ad
2733 3562 3080 3632 opprobrium
3111 3558 3393 3614 inﬁrmita-

127 3659 217 3712 est;
249 3652 366 3707 lides
396 3656 576 3723 potius
601 3668 786 3709 nostra
811 3655 1052 3724 loquitur
1073 3655 1213 3724 quod
1239 3656 1488 3721 docetur,
1525 3671 1686 3727 quam
1793 3658 1882 3722 iis,
1925 3657 1969 3712 si
2004 3672 2108 3710 non
2137 3671 2486 3727 quaecumque
2523 3656 2648 3710 facit
2684 3656 2863 3722 Pater,
2895 3655 3085 3709 eadem
3128 3661 3183 3706 et
3222 3651 3394 3708 Filius

130 3740 381 3813 irreligiosa
421 3751 757 3815 perversitas
793 3748 1086 3816 impietatis
1122 3763 1233 3801 sua:
1274 3748 1512 3803 delendit
1539 3764 1690 3804 erro-
1791 3750 1920 3806 facit
1950 3750 2216 3805 similiter.
2240 3751 2294 3806 Si
2321 3760 2496 3804 autem
2521 3748 2598 3822 (It)
2625 3751 2887 3805 suntsine
2907 3748 3225 3817 exceptione
3256 3762 3398 3812 qiua-

128 3854 235 3895 retn.
277 3844 591 3912 Quaeramus
639 3855 767 3909 ergo
806 3855 876 3894 an
922 3840 1000 3911 (ά)
1045 3840 1111 3895 ad
1149 3841 1354 3896 sabbati
1399 3856 1533 3912 Opus
1574 3841 1691 3897 haec
1792 3860 2007 3914 cumque
2050 3852 2214 3909 sunt;
2265 3843 2318 3898 ill
2364 3857 2472 3911 quo
2510 3843 2724 3898 tandem
2758 3843 3040 3898 inﬁrmitas
3069 3841 3391 3910 reperietur,

131 3938 304 4002 propria
329 3935 615 4004 responsio
637 3933 743 3988 sit:
791 3931 913 3986 Non
944 3942 1108 4002 potest
1139 3933 1282 4003 filius
1318 3934 1380 3988 ab
1424 3951 1479 3989 se
1518 3935 1690 4004 facere
1792 3953 1916 3994 cum
1969 3937 2032 4009 (ἡ)
2089 3941 2139 3991 in
2199 3935 2346 3991 nullo
2387 3952 2508 4008 qum
2558 3937 2713 3991 Pater
2759 3938 2928 4005 possit
2973 3951 3081 3990 non
3123 3933 3290 4003 possit
3343 3939 3400 3986 et

127 4030 381 4099 quidquam,
404 4031 503 4084 nisi
522 4029 668 4099 quod
689 4027 870 4080 uiderit
895 4025 1105 4080 Patrem
1126 4028 1414 4098 facientem.
1436 4029 1526 4082 Ait
1543 4028 1688 4084 enim
1794 4029 2010 4086 Filius?
2036 4031 2145 4086 Aut
2170 4031 2222 4087 in
2254 4047 2362 4102 quo
2388 4031 2601 4086 tandem
2636 4046 2732 4099 per
2761 4029 3214 4084 intercessionem
3247 4028 3396 4081 inﬁr-

130 4126 366 4190 superius:
391 4123 550 4178 Pater
571 4138 717 4176 meus
740 4137 898 4189 usque
922 4124 1073 4174 modo
1091 4131 1352 4191 operatur,
1386 4131 1433 4175 et
1454 4137 1544 4193 ego
1571 4137 1682 4193 ope.

1854 4125 2000 4181 italis
2029 4133 2255 4190 negatur
2282 4123 2579 4194 aequalitas,
2614 4137 2736 4177 cum
2761 4137 2898 4176 unus
2929 4131 3092 4190 atque
3120 4119 3260 4175 idem
3296 4120 3401 4172 ho-

130 4230 195 4269 τοι
216 4215 375 4288 (Ibid.
407 4217 540 4286 17).
574 4213 636 4270 Si
666 4219 905 4281 paterna:
949 4216 1000 4267 in
1037 4227 1097 4267 se
1128 4223 1334 4267 natura:
1373 4214 1692 4270 auctoritate
1793 4231 1895 4273 nor
1926 4217 2228 4288 postuletur
2256 4216 2322 4271 ad
2350 4214 2681 4284 utrumque?
2707 4211 2859 4280 Quod
2885 4213 2931 4268 si
2958 4212 3148 4266 eadem
3175 4219 3258 4264 est
3291 4211 3402 4265 vlr-

132 4308 241 4374 quod
264 4309 414 4379 gerit,
438 4316 669 4379 gerente
699 4305 859 4360 Patre
884 4304 1024 4375 agit,
1054 4304 1147 4374 qui
1170 4320 1342 4376 usque
1370 4305 1532 4361 modo
1561 4320 1684 4377 ope-

1845 4327 1878 4366 is
1893 4310 2174 4382 operandi,
2195 4320 2248 4366 et
2262 4309 2448 4365 eadem
2466 4317 2550 4364 est
2567 4308 2756 4378 religio
2774 4305 3097 4370 honorandi;
3116 4303 3277 4378 295
3292 4318 3397 4359 non

132 4410 248 4457 ratur
273 4402 321 4458 in
357 4402 626 4464 sabbato;
673 4406 825 4453 extra
856 4398 1062 4453 crimen
1089 4398 1271 4469 operis
1295 4406 1377 4453 est
1408 4398 1602 4462 Filius.
1637 4400 1690 4454 in
1796 4407 2037 4477 intelligo
2077 4404 2130 4462 in
2175 4421 2282 4476 quo
2311 4404 2527 4460 tandem
2563 4415 2768 4459 natura:
2804 4401 3029 4458 inﬁrmis
3070 4398 3400 4456 contumelia

133 4511 216 4565 (1υο
249 4511 470 4569 paterna:
514 4495 853 4568 operationis
893 4492 1176 4563 prrelertur
1207 4497 1520 4550 auctoritas.
1573 4495 1688 4551 Non
1716 4566 1752 4570 Ἀ
1796 4500 2158 4570 relinquatur,
2199 4513 2321 4553 cum
2370 4497 2560 4554 eadem
2599 4495 2672 4553 sit
2718 4497 2771 4552 in
2809 4496 2973 4551 Patre
3007 4503 3062 4550 et
3102 4494 3154 4550 in
3183 4492 3320 4549 Filio
3349 4498 3403 4546 et

134 4566 322 4648 enim-ad
339 4566 707 4647 inﬁrmitatem
726 4588 1047 4653 retulit,nan
1065 4595 1249 4658 potest,
1266 4587 1359 4643 sed
1377 4589 1689 4646 adauctot-i-
1716 4566 1767 4626 Ῑ)
1797 4566 2013 4646 virtutis
2049 4599 2305 4661 potestas,
2338 4599 2395 4646 et
2423 4591 2642 4646 honoris
2668 4590 2968 4660 aequalitas.

136 4691 293 4749 tatem;
316 4683 476 4758 29‘.
495 4699 623 4738 nam
644 4683 714 4737 ah
735 4697 793 4737 se
820 4697 924 4737 nou
952 4689 1147 4751 potest,
1173 4679 1250 4751 (Ι)
1269 4679 1452 4751 (e)nisi
1471 4681 1685 4739 viderit.

1869 4685 1958 4740 47.
1979 4683 2114 4752 Quid
2137 4684 2223 4750 sit,
2243 4683 2380 4739 Nihil
2407 4693 2582 4754 potest
2606 4681 2775 4738 Filius
2796 4679 2971 4735 facere
2991 4692 3021 4732 a
3045 4692 3126 4743 se,
3155 4674 3258 4730 alio
3287 4675 3399 4728 loco

208 4801 258 4942 ἐξ
748 4870 838 4926 Sic
879 4883 1104 4924 numero
1135 4867 1400 4937 superiori
1431 4866 1672 4924 dixerat:
1718 4865 1854 4922 Huic
1879 4867 2039 4938 igitur
2056 4867 2334 4936 duplicatis
2356 4863 2717 4937 indignationi.

192 4981 257 5055 (α)
290 4985 396 5041 Vat.
429 4985 555 5041 Bas.
587 4999 649 5040 ac
678 4983 891 5039 Martin.
925 4997 1056 5037 mss.
1086 5023 1100 5047 ,
1134 4980 1287 5035 modo
1317 4997 1478 5052 usque
1516 4999 1697 5054 operu-
1806 4984 1904 5049 tis;
1932 4993 1984 5038 et
2013 4983 2114 5037 hoc
2140 4983 2250 5036 ait:
2285 4989 2340 5035 ιιι
2369 4980 2538 5055 paulo
2550 4987 2684 5055 ante
2699 4978 2859 5055 habet
2879 4977 3019 5031 idem
3043 4972 3395 5055 Augustinus,

139 5047 251 5106 tuli,
1391 5047 1402 5052 ⁷
1548 5047 1557 5054 ’
1804 5047 1922 5123 quia
1944 5055 2078 5108 videt
2103 5070 2165 5107 ex
2193 5055 2306 5121 ipso
2336 5047 2558 5120 faciendi
2583 5068 2635 5103 se
2665 5047 3153 5123 liabert_3_potentiallt
3170 5087 3183 5105 .
3213 5062 3277 5123 ex
3298 5063 3398 5123 quo

195 5125 259 5196 (b)
288 5127 463 5183 Solum
497 5129 774 5198 exemplar
801 5123 1202 5198 Martinianum,
1233 5123 1326 5178 sub
1349 5125 1546 5198 eodem.
1635 5195 1663 5198 Α
1802 5118 1856 5198 se
1891 5127 2021 5179 videt
2039 5118 2296 5198 (existentti
2326 5118 2508 5175 habere
2533 5132 2788 5198 naturam.
2827 5118 2978 5174 Unde
3006 5127 3058 5171 et
3089 5118 3394 5171 concludit:

197 5191 258 5271 (c)
285 5198 442 5262 Editi,
474 5191 859 5271 propositionis.
896 5201 959 5251 At
989 5197 1539 5271 _ntss.,__proposit_ioni,
1571 5195 1687 5251 scil.
1804 5195 1926 5271 Non
1949 5196 2373 5271 deﬁcienternon
2407 5199 2587 5271 potest,
2616 5191 2706 5244 sed
2732 5200 2980 5271 potenter.

144 5261 438 5336 ludamrum,
471 5261 766 5337 eui'aptata
809 5279 932 5322 sunt
970 5267 1109 5319 dicta
1141 5261 1358 5320 Chriéti.
1401 5261 1692 5324 Mox’unus
1871 5268 1936 5337 (Γ)
1971 5266 2133 5332 Editi,
2166 5261 2578 5334 indignationis:
2631 5262 2988 5316 renitentibus
3029 5274 3222 5330 magno
3260 5274 3395 5314 con—

145 5354 222 5393 ms.
249 5339 430 5405 Vatic.,
463 5352 509 5394 et
541 5342 706 5408 ﬁdelis
740 5337 1124 5411 intelligentite:
1153 5351 1255 5411 non
1287 5337 1616 5406 probandus.
1796 5354 1958 5395 sensu
1988 5351 2154 5411 mss.‘
2257 5408 2264 5411 _
2413 5406 2423 5411 _
2609 5403 2637 5411 η
2867 5401 2885 5411 _
2995 5401 3006 5411 _
3080 5400 3090 5411 ,

198 5411 266 5481 (tl)
291 5411 377 5467 Sic
397 5401 698 5466 mss.'Editi
731 5426 878 5475 Virro,
908 5401 973 5462 de
995 5406 1188 5481 sabbati
1211 5401 1397 5481 opere.
1564 5478 1608 5481 __
1872 5410 1948 5481 (g)
1983 5411 2037 5462 ln
2071 5407 2320 5481 vulgatis,
2353 5406 2423 5460 ad
2454 5401 2924 5481 aqualitatent.__ln
2958 5401 3230 5481 plerisque
3263 5417 3395 5481 mss.

198 5473 260 5554 (ρ)
281 5482 384 5537 Soli
407 5483 662 5554 editihic,
693 5483 793 5536 nisi
812 5473 995 5554 videat.
1021 5479 1086 5554 At
1111 5473 1527 5554 ms._\iat.ibas..
1554 5478 1695 5534 Nam
1797 5473 2106 5552 tequ'tilitate.
2150 5473 2414 5536 Klalumus
2444 5493 2564 5532 cum
2606 5474 2794 5529 codice
2827 5473 2950 5529 Vat.
2988 5476 3103 5530 bas.
3131 5513 3145 5537 ,
3186 5473 3401 5540 (equali-

145 5551 252 5612 φιοά
275 5556 332 5607 ab
359 5571 412 5610 se
439 5551 541 5608 non
562 5563 744 5626 potest,
773 5553 872 5606 nisi
895 5551 1074 5605 viderit
1097 5567 1117 5616 ;
1147 5551 1272 5626 quid
1302 5553 1435 5626 enim
1464 5561 1694 5620 praestat,
1796 5551 1908 5608 tati.

147 5633 252 5695 ille,
277 5636 539 5695 corrupte.
562 5618 758 5680 'llilat-ii
782 5627 848 5678 ad
892 5629 1126 5676 mentem
1160 5618 1485 5692 Augustinus
1508 5634 1694 5695 contra
1877 5625 1954 5694 (h)
1991 5622 2222 5678 Verbum
2251 5633 2369 5677 sunt
2400 5618 2824 5695 restituimusex
2854 5635 2983 5695 mss.

154 5687 296 5771 Serm,
331 5687 584 5771 Arianae.
613 5697 712 5754 Νι
745 5697 898 5771 Quod
923 5697 992 5771 ait
1019 5712 1073 5752 se
1102 5709 1200 5749 non
1231 5687 1399 5762 posse,
1430 5711 1530 5750 non
1565 5694 1695 5766 defi-
1877 5687 1946 5771 (i)'
1982 5696 2148 5764 Editi,
2207 5695 2373 5760 nulla.
2428 5694 2498 5752 At
2550 5706 2681 5762 mss.
2732 5690 2786 5754 in
2831 5691 3003 5764 nullo,
3063 5687 3222 5764 tacita
3271 5703 3400 5746 voce

152 5766 296 5824 cientis
320 5781 409 5837 est,
435 5768 526 5825 sed
544 5771 594 5826 in
611 5787 671 5828 eo
694 5765 834 5842 quod
863 5768 925 5823 de
950 5765 1104 5826 Patre
1129 5776 1277 5823 natus
1300 5776 1370 5824 est
1387 5765 1696 5845 permanelt-
1800 5765 1994 5830 eorum.
