3930 6194
119 303 204 360 521
1272 296 1361 356 DE
1401 294 1775 356 TRINITATE
1812 295 2017 356 LlBER
2048 296 2144 356 IX.
3277 299 3389 359 322

121 418 219 471 dire
241 413 533 479 voluntati,
559 411 720 471 habet
750 412 1036 471 exterioris
1076 414 1482 482 necessitatem;
1517 412 1592 487 (a)
1616 415 1693 470 fa—
1720 415 1773 479 Α
1800 416 1925 472 tiam
1948 423 2411 473 sacramentorum
2436 422 2557 472 est:
2586 422 2641 473 et
2663 415 2960 473 doctrinam
2983 414 3262 487 Evangelii
3283 432 3392 473 non

123 523 228 564 cere
254 507 614 572 uoluntatem,
646 507 921 577 proprium
950 515 1028 561 est
1072 503 1297 571 unitati,
1328 521 1452 561 cum
1491 506 1687 561 laetum
1794 508 2022 580 adeptus
2041 553 2055 576 ,
2090 511 2172 579 (ί)
2202 509 2273 565 ab
2302 524 2397 580 spe
2427 509 2700 581 Evangelii
2733 510 3126 581 peregrinatur.
3155 508 3394 566 Credon-

122 602 182 658 sit
203 599 500 655 voluntatis.
536 599 740 654 Etcum
772 597 941 653 Filius
963 598 1294 654 voluntatem
1323 598 1495 653 Patris
1524 598 1689 665 facit,
1795 606 1897 661 dus
1918 614 2003 662 est
2025 605 2180 662 Pater
2207 606 2261 662 in
2292 605 2429 662 Filio
2448 648 2464 673 ,
2496 615 2549 662 et
2577 604 2746 661 Filius
2773 606 2827 660 in
2844 604 3032 670 Patre,
3061 620 3157 676 per
3189 616 3397 660 natura:

122 694 259 750 docet
285 708 378 763 per
407 700 621 747 naturae
645 689 1063 747 indifferentiam
1086 731 1101 756 ,
1127 690 1427 747 naturalem
1457 690 1560 748 sibi
1594 705 1692 747 V0-
1793 699 2057 755 unitatem
2085 741 2099 766 ,
2159 714 2255 770 per
2318 696 2533 754 virtutis
2592 705 2912 769 potestatem
2937 739 2953 764 ,
3010 711 3110 769 per
3172 695 3398 751 honoris

122 789 349 846 luntatem
367 802 488 843 esse
510 801 631 842 cum
660 786 857 842 Patre:
886 801 1008 842 cum
1031 785 1278 841 voluntas
1295 784 1415 856 ejus
1436 786 1506 869 sit
1528 799 1691 843 omne
1793 792 2156 864 mqualitatem
2181 833 2197 860 ,
2225 806 2323 863 per
2350 791 2649 847 nativitatis
2672 790 3098 861 generationem.
3127 787 3235 845 Sed
3264 802 3397 843 con-

123 880 244 953 quod
270 879 442 935 faciat.
474 878 601 935 Vult
623 878 780 949 plane
805 877 977 934 Filius
998 878 1179 934 omnia
1206 894 1327 947 qum
1354 878 1511 933 Pater
1538 877 1689 945 vult.
1795 885 1960 941 traria
1979 885 2119 943 forte
2142 885 2265 940 huic
2286 892 2487 939 nostrae
2513 882 2831 954 professioni
2858 891 2941 937 est
2962 881 3174 937 Domini
3196 879 3273 953 (ὸ)
3293 889 3394 936 tes-

122 991 208 1032 nec
240 973 491 1031 naturalis
514 973 768 1030 dissentit
806 973 1075 1028 voluntas.
1116 971 1360 1042 Namque
1398 987 1519 1028 cum
1571 971 1691 1027 hanc
1795 979 1924 1033 tatio
1945 1017 1960 1043 ,
1993 993 2116 1034 cum
2166 978 2272 1032 ait:
2302 976 2462 1031 Pater
2488 980 2659 1050 major
2684 992 2767 1030 me
2809 986 2880 1031 est
2922 974 3103 1043 (toan.
3136 990 3252 1041 XIV,
3276 974 3395 1047 28).

124 1067 344 1123 voluntas
381 1063 556 1120 Patris
593 1063 699 1133 sit,
738 1079 899 1134 quam
931 1062 1169 1119 ostendit
1194 1063 1412 1119 dicens:
1446 1062 1573 1118 [hoc
1616 1070 1692 1118 est

1810 1072 2009 1141 Hoene,
2040 1074 2292 1129 lueretice
2320 1114 2335 1137 ,
2363 1072 2655 1141 impietatis
2699 1078 2806 1125 tum
2831 1070 2994 1126 telum
3017 1069 3133 1126 est?
3160 1069 3275 1125 lucc
3314 1069 3401 1126 fu-

126 1160 241 1215 etn'm
264 1158 490 1213 uoluntas
516 1156 681 1228 patris
706 1158 803 1210 mei
824 1197 840 1222 ,
872 1165 930 1209 ut
969 1156 1134 1211 omnis
1161 1155 1250 1226 qui
1274 1154 1406 1210 videt
1448 1152 1496 1206 F
1497 1154 1649 1209 ilium
1671 1195 1689 1222 ,

1810 1164 1934 1222 'oris
1956 1166 2031 1221 tui
2053 1180 2202 1221 arma
2224 1164 2385 1221 sunt?
2411 1162 2695 1220 Exeiditne
2716 1162 2812 1218 tibi
2836 1160 3137 1217 Ecclesiam
3159 1159 3294 1216 duos
3319 1160 3402 1216 in-

125 1263 165 1309 et
188 1253 331 1308 credit
368 1252 422 1305 in
447 1267 564 1305 eum
588 1291 606 1317 ,
635 1248 820 1305 haheat
848 1250 1004 1304 vitam
1050 1258 1294 1304 teternant
1311 1290 1328 1317 ,
1358 1258 1406 1302 et
1451 1248 1692 1304 suscitant

1810 1257 2083 1314 aascibiles
2101 1257 2332 1325 nescire,
2350 1256 2550 1313 etduos
2568 1265 2745 1327 patres
2766 1270 2871 1310 non
2892 1252 3172 1310 conﬁteri?
3191 1252 3401 1310 Oblitus

127 1364 222 1404 eam
247 1345 589 1400 inanissima
612 1343 698 1398 die
716 1341 898 1413 (Joan.
924 1359 978 1397 vt
998 1382 1014 1409 ,
1043 1341 1167 1414 39):
1196 1341 1319 1397 audi
1349 1354 1489 1397 nunc
1509 1357 1578 1397 an
1604 1340 1695 1396 Fi—
1797 1363 1857 1404 es
1893 1347 2200 1405 Mediatoris
2228 1347 2685 1418 dispensationem
2703 1389 2719 1416 ,
2751 1356 2807 1403 et
2839 1347 2891 1403 in
2921 1361 2987 1404 ea
3027 1356 3235 1418 partum
3262 1388 3276 1413 ,
3307 1361 3403 1401 cu-

128 1440 219 1495 liia
246 1439 396 1494 Patre
421 1436 750 1493 dissentiens
775 1438 848 1492 sit
874 1436 1150 1501 voluntas,
1194 1449 1317 1490 cum
1358 1435 1462 1488 ait:
1497 1433 1689 1501 Pater,
1797 1458 1930 1510 nas,
1961 1451 2175 1498 natalem
2197 1484 2212 1510 ,
2244 1444 2582 1514 passionem,
2612 1459 2831 1499 crucem
2854 1483 2870 1509 ,
2914 1442 3189 1498 mortem?
3220 1440 3289 1497 Et
3317 1456 3404 1498 re-

125 1548 236 1605 quos
254 1532 371 1587 mihi
400 1530 620 1598 dedisti,
653 1530 769 1585 uolo
796 1540 850 1583 ut
879 1530 966 1584 ubi
987 1545 1079 1601 ego
1102 1545 1217 1584 sum
1233 1570 1248 1597 ,
1281 1538 1328 1582 et
1356 1528 1434 1583 illi
1461 1529 1564 1583 sint
1587 1544 1693 1583 πιε-
1795 1548 2026 1591 nascens
2043 1550 2149 1591 non
2163 1536 2446 1593 confessus
2466 1551 2526 1593 es
2547 1537 2629 1607 (in
2648 1535 2931 1609 Symbolo)
2954 1550 3020 1592 ex
3040 1534 3205 1590 Maria
3230 1533 3397 1590 filium

126 1640 225 1678 cum
244 1621 413 1690 (loco.
434 1637 541 1677 xvn
557 1621 837 1691 ,24).Non
850 1636 980 1691 ergo
1000 1618 1289 1691 ambigitur
1312 1618 1505 1675 Filium
1528 1619 1688 1675 velle.
1797 1626 1893 1683 Dei
1923 1628 2145 1683 natum?
2171 1627 2227 1684 Si
2254 1629 2307 1684 in
2341 1628 2425 1685 his
2450 1628 2703 1685 omnibus
2726 1628 2894 1685 Filius
2912 1643 3139 1685 manens
3159 1628 3264 1684 ait:
3295 1627 3404 1684 Pa-

126 1714 238 1770 Nam
265 1729 380 1772 cum
416 1715 577 1770 Pater
603 1714 737 1769 velit
763 1714 1048 1770 credentes
1084 1712 1137 1768 in
1176 1713 1314 1768 Filio
1342 1713 1507 1768 vitam
1535 1722 1693 1768 :rter-
1798 1729 1874 1776 ter
1902 1722 2069 1792 major
2098 1737 2179 1776 me
2206 1731 2315 1787 est;
2343 1722 2696 1793 ignorandum
2723 1722 3000 1778 existimas
3027 1722 3163 1778 hanc
3189 1722 3404 1793 dispen-

126 1823 232 1863 nam
271 1806 499 1875 habere,
534 1804 704 1862 Filius
729 1806 845 1861 vult
889 1805 998 1861 illic
1042 1804 1134 1860 ubi
1174 1806 1289 1875 ipse
1318 1805 1389 1859 sit
1416 1818 1536 1861 esse
1575 1819 1695 1861 crc-
1723 1808 1770 1870 Β
1810 1813 2075 1870 sationem
2108 1814 2298 1869 salutis
2323 1822 2428 1869 tuae
2475 1814 2898 1871 cxinanitionem
2926 1815 3110 1869 formae
3127 1813 3223 1870 Dei
3247 1810 3404 1869 esse?

125 1899 307 1956 dentes.
347 1898 459 1955 Nisi
500 1898 642 1955 forte
679 1898 994 1955 cohabitare
1027 1896 1245 1954 Christo
1290 1913 1398 1954 non
1436 1899 1508 1953 sit
1533 1906 1694 1954 mter-
1795 1912 1853 1960 et
1886 1904 2097 1961 Patrem
2118 1913 2269 1962 extra
2297 1905 2437 1962 hanc
2461 1905 2813 1962 humanarum
2831 1904 3139 1977 passionum
3158 1920 3405 1977 assump-

126 1992 244 2048 nitas
270 1993 397 2064 (vita
423 1990 694 2062 aeterna):
726 2000 818 2047 aut
845 2006 950 2047 non
997 1989 1234 2062 perfecta
1261 2000 1318 2047 et
1356 1991 1509 2047 beata
1538 1990 1592 2045 in
1634 2005 1694 2048 se
1809 1996 2009 2053 tionem
2035 2040 2050 2064 ,
2102 1997 2158 2053 in
2202 1997 2292 2054 illa
2349 1998 2786 2056 incontaminatis
2835 2007 3040 2054 natura:
3090 2012 3201 2063 sum
3249 2000 3403 2055 beata

122 2085 440 2143 credentibus
464 2084 663 2141 tribuat
687 2080 968 2150 Christus,
1001 2085 1116 2138 lucc
1149 2082 1372 2139 dicens:
1405 2080 1573 2138 Nemo
1598 2098 1693 2138 no-

123 2177 179 2230 rit
203 2174 249 2230 F
249 2177 391 2232 ilium
408 2217 424 2242 ,
450 2177 555 2232 nisi
590 2175 754 2232 Pater
773 2217 789 2242 ,
816 2190 976 2248 neque
1001 2173 1219 2230 Patrem
1245 2176 1356 2244 quis
1388 2175 1563 2243 novit,
1594 2175 1695 2230 nisi

126 2269 304 2337 Filius,
334 2282 381 2327 et
410 2274 494 2327 cui
520 2272 734 2327 voluerit
760 2269 808 2324 F
810 2272 932 2326 ilius
964 2271 1186 2326 reuelare
1209 2269 1428 2342 (Matth.
1458 2286 1511 2325 st
1532 2312 1547 2338 ,
1575 2270 1689 2340 25).

122 2365 258 2423 Anne
284 2383 392 2422 non
420 2367 475 2422 in
501 2364 758 2422 libertate
783 2377 867 2421 est
894 2365 1186 2421 voluntatis
1206 2364 1398 2420 volens
1422 2364 1577 2420 nobis
1606 2379 1696 2421 se-

131 2460 242 2516 creti
284 2459 429 2516 illius
471 2460 677 2526 paterni
724 2458 960 2515 tribuere
985 2457 1415 2514 conscientiam?
1455 2458 1520 2514 Et
1557 2458 1694 2514 adeo

124 2550 345 2607 voluntas
368 2552 418 2606 ei
448 2549 623 2607 libera
642 2561 727 2608 est
750 2592 765 2616 ,
800 2559 860 2607 ut
886 2550 1248 2621 cognitionem
1290 2550 1375 2606 sui
1403 2559 1565 2623 atque
1594 2551 1695 2606 Pa-

121 2646 203 2699 tris
219 2645 408 2715 quibus
429 2646 665 2703 voluerit
696 2646 1004 2716 impertiat?
1025 2646 1199 2716 Atque
1220 2644 1290 2700 ita
1314 2645 1452 2701 inter
1476 2644 1688 2702 Patrem

122 2748 166 2793 et
188 2738 369 2796 Filium
389 2750 444 2795 et
473 2739 771 2795 nativitatis
792 2747 849 2794 et
875 2739 1042 2811 298
1067 2737 1289 2793 unitatis
1327 2737 1693 2794 demonstrata

123 2839 280 2885 natura
306 2839 429 2886 est:
458 2845 581 2886 cum
609 2830 692 2886 sic
720 2830 858 2886 liber
892 2832 945 2884 in
973 2829 1250 2885 voluntate
1287 2830 1360 2884 sit
1399 2829 1569 2885 Filius
1590 2870 1604 2896 ,
1636 2836 1695 2886 ut

122 2926 242 2998 quod
264 2926 451 2982 volens
474 2925 620 2997 agit,
654 2923 853 2981 factum
888 2933 1124 2994 paternae
1152 2924 1225 2979 sit
1248 2924 1562 2979 voluntatis.

1796 2089 2099 2145 teter-nitate
2124 2090 2243 2145 sine
2271 2090 2449 2146 carnis
2503 2101 2707 2148 nostrae
2734 2092 3079 2162 susceptione
3107 2090 3406 2148 mansisse?

1795 2180 1904 2237 Nos
1929 2183 2072 2238 enim
2105 2184 2439 2255 unigenitum
2466 2184 2636 2242 Deum
2669 2186 2723 2242 in
2751 2185 2921 2243 forma
2953 2187 3047 2243 Dei
3090 2195 3401 2243 manentem

1796 2274 1872 2346 (c)
1910 2276 1962 2331 in
1991 2285 2179 2332 natura
2206 2276 2301 2333 Dei
2348 2279 2612 2335 mansisse
2639 2279 2980 2348 proﬁtemur,
3022 2296 3198 2351 neque
3233 2280 3409 2336 unita-

1796 2373 1905 2423 tem
1943 2368 2132 2424 forma':
2154 2369 2367 2425 servilis
2396 2370 2448 2425 in
2479 2380 2723 2427 naturam
2753 2371 2951 2428 divinte
2973 2374 3199 2429 unitatis
3221 2372 3403 2430 statim

1797 2457 2136 2515 refundimus
2176 2478 2189 2514 :
2245 2475 2419 2532 neque
2456 2476 2668 2517 rursum
2716 2462 2985 2532 corporali
3036 2464 3403 2522 insinuatione

1796 2549 2009 2607 Patrem
2039 2552 2091 2607 in
2123 2551 2258 2608 Filio
2280 2552 2667 2623 praedicamus,
2700 2554 2794 2610 sed
2821 2570 2889 2610 ex
2930 2570 2996 2611 eo
3022 2554 3264 2626 ejusdem
3311 2572 3408 2628 ge-

1798 2646 1943 2701 neris
1966 2646 2044 2717 (Ξ)
2065 2646 2299 2716 genitam
2345 2646 2433 2717 (ά)
2475 2656 2719 2702 naturam
2768 2648 3089 2705 naturaliter
3132 2650 3185 2705 in
3227 2664 3287 2706 se
3323 2649 3406 2722 gi-

1801 2745 2055 2807 gnentem
2087 2751 2146 2792 se
2173 2735 2427 2793 habuisse
2455 2748 2701 2794 naturam
2725 2756 2738 2791 :
2762 2754 2882 2808 qua:
2913 2740 2966 2795 in
2997 2739 3166 2796 forma
3194 2751 3402 2798 natura:

1797 2842 1857 2884 se
1890 2828 2160 2900 gignentis
2187 2843 2445 2897 manens,
2478 2828 2703 2887 formam
2743 2839 2952 2887 naturae
2991 2843 3153 2903 atque
3178 2833 3405 2889 infirmi-

1798 2922 1926 2978 tatis
1961 2921 2259 2992 corporalis
2293 2923 2585 2993 acceperit.
2618 2922 2748 2978 Erat
2776 2923 2917 2979 enim
2943 2922 3014 2997 (ε)
3042 2934 3248 2981 naturae
3278 2940 3405 2996 pro-

180 3018 258 3073 5l.
297 3017 431 3091 Spes
460 3018 571 3072 sine
599 3016 702 3086 ﬁde
723 3015 890 3071 nulla.
918 3014 1019 3083 Qui
1047 3015 1203 3070 Pater
1221 3026 1268 3070 et
1290 3013 1467 3070 Filius
1486 3016 1542 3070 iu
1563 3031 1692 3071 sese.
1798 3016 2036 3086 prietas:
2078 3015 2173 3072 sed
2213 3014 2286 3089 (f)
2331 3015 2426 3072 Dei
2457 3015 2629 3071 forma
2666 3015 2776 3086 jam
2825 3031 2931 3072 non
2970 3025 3118 3087 erat,
3151 3019 3273 3090 quia
3307 3034 3405 3090 per

126 3107 257 3166 Pater
280 3119 334 3166 ut
363 3121 573 3174 auctor,
605 3111 776 3182 major
810 3106 985 3175 Filio,
1012 3108 1103 3179 qui
1137 3117 1184 3163 et
1219 3109 1386 3164 minor
1420 3116 1478 3163 ut
1515 3108 1687 3165 homo.
1799 3108 1916 3176 ejus
1943 3107 2362 3163 cxinanitionctn
2392 3108 2536 3164 servi
2564 3116 2681 3163 erat
2707 3107 2875 3164 forma
2915 3118 3184 3179 suscepta.
3216 3108 3405 3180 Neque

125 3200 181 3257 ιιι
198 3201 391 3259 Christo
416 3202 606 3257 mansit
632 3210 817 3256 natura
857 3199 956 3256 Dei
984 3205 1152 3272 forma
1192 3203 1474 3257 exinanita.
1496 3232 1569 3242 —
1589 3201 1695 3258 Ne-
1724 3207 1770 3273 C
1802 3199 1966 3272 299
1990 3198 2135 3254 enim
2161 3198 2432 3255 deiecerat
2457 3208 2644 3255 natura
2662 3241 2678 3268 ,
2701 3215 2770 3256 ne
2796 3210 2942 3256 esset
2967 3216 2982 3256 :
3014 3200 3110 3258 sed
3139 3203 3192 3257 in
3214 3216 3274 3259 se
3304 3200 3404 3258 ltu-

126 3295 274 3352 seieas
311 3296 472 3368 plane
512 3294 973 3366 dispensationem
1001 3293 1155 3361 fidei,
1189 3304 1342 3351 extra
1388 3294 1690 3366 intelligen-

182 3410 253 3484 (l)
288 3412 331 3466 A
360 3428 469 3483 spe.

129 3546 381 3605 perperam
423 3530 709 3605 adjequm
726 3540 810 3586 est
840 3531 1156 3605 auctoritatis
1202 3532 1557 3599 vocabulum,
1591 3548 1698 3603 quo

133 3602 246 3672 apud
273 3605 533 3660 Hilarium
566 3602 745 3675 Patris
770 3615 824 3659 et
854 3603 976 3659 Filii
1007 3603 1283 3660 distinctio
1304 3605 1589 3675 significari
1611 3602 1698 3660 So-

129 3675 218 3743 let,
245 3692 348 3732 non
377 3677 576 3729 unitas.
601 3674 754 3746 lland
784 3675 1099 3744 diSpIiceret
1125 3674 1442 3746 simpliciter
1460 3692 1577 3731 cum
1603 3693 1700 3730 au-

132 3756 211 3802 tent
242 3748 550 3810 auctoritas,
575 3745 662 3801 vel
707 3762 822 3800 cum
863 3756 1037 3801 autem
1084 3745 1341 3803 natiuitas.
1385 3748 1492 3804 Sed
1539 3748 1698 3804 lectio

1883 3409 1961 3485 (2)
2005 3410 2239 3467 Genitam
2263 3413 2318 3466 in
2342 3428 2396 3467 se
2424 3419 2682 3466 naturant.

1803 3532 1937 3587 enim
1959 3534 2013 3586 in
2041 3540 2184 3586 utero
2211 3539 2400 3586 sancta:
2427 3532 2568 3586 illius
2596 3531 2776 3587 matris
2800 3542 2847 3586 et
2872 3531 3084 3656 vivatis
3123 3533 3218 3589 illa
3245 3535 3404 3607 spiri-

1805 3605 1920 3656 talis
1945 3612 1990 3656 ει
2015 3619 2077 3656 ea:
2110 3602 2214 3656 Deo
2237 3612 2385 3656 natre
2412 3604 2521 3656 sine
2545 3604 2690 3656 initio
2720 3608 2889 3656 aenita
2964 3605 3070 3656 erbi
3093 3603 3190 3656 Dei
3218 3617 3401 3656 natura

1805 3605 1920 3657 talis
1945 3612 1990 3657 et
2015 3619 2077 3675 ea;
2110 3602 2214 3657 Deo
2236 3612 2385 3674 patre
2412 3604 2521 3659 sine
2545 3604 2690 3675 initio
2719 3608 2889 3675 genita
2920 3602 3070 3659 Verbi
3093 3603 3190 3660 Dei
3218 3602 3401 3663 natura

1803 3684 2000 3745 poterat
2029 3674 2215 3745 absque
2240 3690 2394 3729 carne
2416 3674 2764 3742 teniporaliter
2789 3676 3011 3745 concipi.

1796 3294 2078 3351 militatem
2107 3291 2185 3365 (g)
2215 3303 2443 3351 terrente
2470 3294 2766 3350 nativitatis
2792 3309 3018 3352 manens
3045 3295 3150 3352 sibi
3180 3294 3276 3353 Dei
3306 3281 3403 3354 na-
3502 3339 3509 3346 .

133 3832 297 3890 magno
312 3818 562 3874 codicum
583 3824 901 3890 ca~terornm
924 3832 1192 3890 Consensu
1216 3827 1427 3887 recepta
1451 3833 1516 3874 co
1536 3834 1698 3873 sensu

134 3888 376 3947 retinenda
407 3896 528 3949 est,
563 3898 623 3943 ut
641 3888 767 3941 dmn
799 3888 972 3943 unitas
998 3889 1152 3944 simul
1184 3905 1304 3945 eum
1337 3899 1574 3959 paterna:
1602 3906 1696 3944 vo-

134 3960 322 4015 luntatis
347 3960 640 4016 affectione
668 3959 998 4030 significatur
1017 4001 1031 4026 ,
1063 3970 1118 4016 et
1142 3961 1284 4015 Patri
1308 3960 1484 4016 debita
1508 3976 1693 4018 serve-

136 4039 209 4086 tur-
226 4033 555 4094 reverentia.
584 4039 640 4086 et
677 4045 1026 4100 personarum
1067 4032 1414 4101 singularitas
1444 4032 1697 4088 excluda-

137 4112 235 4157 tur'
266 4103 363 4160 hoc
400 4103 603 4175 quippe
632 4102 931 4158 membrum
958 4102 1265 4172 superiores
1304 4102 1596 4174 Scriptura:
1619 4105 1696 4159 lo-

137 4188 212 4229 cos
236 4179 406 4243 potius
426 4183 634 4243 spectat
657 4213 674 4241 ,
697 4189 854 4241 quam
882 4176 1208 4243 proximum.

195 4191 212 4229 ς
268 4191 406 4232 onus
426 4191 634 4243 spectat
657 4213 674 4241 ,
697 4191 854 4241 quam
882 4191 1208 4243 proxunum.

195 4191 266 4317 (ag
284 4244 506 4301 Clarius
548 4245 652 4317 hoc
695 4243 920 4317 habetur
944 4246 1234 4317 postremis
1279 4244 1437 4315 hujus
1481 4247 1692 4303 numeri

140 4315 319 4388 verbis,
349 4319 455 4373 nisi
479 4315 601 4388 quis
618 4315 775 4370 malit
806 4316 877 4371 ita
903 4317 1126 4388 intelligi
1154 4335 1167 4370 :
1198 4316 1375 4373 facere
1403 4326 1578 4373 autem
1610 4334 1704 4373 vo-

141 4385 364 4444 luntatem
406 4385 633 4442 alterius
661 4389 937 4459 proprium
965 4397 1050 4443 est
1081 4385 1274 4442 unitati
1298 4429 1313 4456 ,
1347 4388 1560 4459 quando
1587 4388 1699 4446 fac-

143 4467 231 4531 tum
252 4472 331 4531 est
358 4460 525 4516 etiam
556 4457 789 4531 propria:
821 4459 1109 4515 voluntatis
1138 4460 1280 4514 illius
1309 4457 1397 4531 qui
1422 4458 1566 4515 facit.

197 4529 266 4668 Eb)
300 4531 445 4602 Lips.
471 4538 525 4585 et
553 4529 676 4584 Par.
710 4531 1023 4585 contestatio.

219 4608 263 4668 ε)
298 4601 451 4668 Apud
493 4600 629 4655 Bad.
658 4611 707 4656 et
740 4600 868 4665 Er.,
890 4603 945 4656 in
973 4620 1023 4657 nt

219 4600 263 4670 ε)
298 4600 451 4672 Apud
493 4600 637 4672 Bad.
658 4611 707 4672 et
740 4600 833 4656 Er.
853 4643 868 4665 ,
890 4603 945 4656 in
973 4611 1159 4657 natura
1183 4601 1404 4656 hominis
1424 4602 1705 4659 mansisse:

142 4673 212 4727 cui
231 4670 589 4741 depravationi
617 4670 831 4739 Lipsius
857 4674 1079 4728 alteram
1102 4673 1327 4729 subinde
1351 4673 1580 4743 adjecit,
1607 4690 1705 4743 pro

1875 3745 1946 3829 (ε)
1985 3744 2137 3829 Ειιίιξ
2159 3744 2246 3827 hic
2270 3747 2555 3817 prmfigunt
2586 3746 2841 3829 humanae.
2877 3746 3235 3829 Tolerabilius
3262 3763 3401 3829 prce-

1805 3816 2047 3891 fixissent
2075 3817 2258 3870 divina:
2276 3816 2299 3869 ’:
2325 3832 2444 3887 qua:
2474 3832 2580 3873 vos
2612 3818 2713 3873 etsi
2751 3833 2856 3872 non
2884 3833 3171 3891 expressa,
3202 3816 3400 3879 iuielli-

1803 3890 1975 3959 genda
2001 3896 2182 3942 tamen
2212 3894 2316 3942 est.

1872 3958 1926 4031 (Ῑ
1946 3961 1963 4029 )
2001 3959 2057 4014 ln
2089 3958 2340 4029 vulgatis,
2385 3959 2476 4031 sed
2502 3976 2605 4015 non
2651 3958 2747 4014 Dei
2790 3964 2985 4031 forma,
3021 3961 3199 4018 addita
3227 3966 3397 4030 parti.

1800 4029 1916 4086 cula
1950 4040 2176 4102 negante
2195 4040 2379 4085 contra
2405 4029 2565 4088 fidem
2594 4045 2724 4087 mss.
2749 4029 2803 4086 et
2832 4033 3014 4087 llilarii
3034 4029 3357 4091 sententiam
3374 4078 3390 4102 ,

1801 4117 1903 4173 qua
1935 4101 2037 4171 pro
2064 4116 2214 4156 more
2240 4116 2339 4157 suo
2369 4102 2623 4173 praedicat
2645 4102 2696 4157 in
2728 4101 2947 4159 Christo
2978 4101 3398 4172 dispensationis

1804 4172 2048 4242 tempore
2069 4173 2163 4228 Dei
2188 4181 2431 4226 naturam
2456 4172 2715 4242 integram
2740 4173 3101 4240 permansisse
3122 4216 3137 4238 ,
3169 4175 3263 4230 sed
3286 4175 3397 4232 l'or-

1804 4259 1945 4299 mam
1991 4245 2154 4299 fuisse
2191 4242 2535 4315 exinanitum.
2567 4242 2645 4297 Ex
2685 4258 2805 4315 quo
2835 4243 3000 4315 liquet
3042 4259 3164 4301 eum
3207 4246 3396 4304 forma:

1807 4316 2024 4370 nomine
2063 4314 2208 4370 aliud
2246 4322 2492 4388 enatura
2538 4315 2650 4388 ipsa
2682 4312 3032 4388 intelleiisse.
3076 4316 3262 4388 Neque
3299 4319 3397 4374 ob.

1806 4402 2022 4459 scurum
2055 4393 2138 4441 est
2172 4385 2298 4455 quid
2346 4385 2991 4459 intellexerit._Formam
3024 4385 3220 4459 quippe
3263 4388 3397 4447 dixit

1808 4457 2049 4513 habitum
2077 4454 2236 4526 quem
2281 4471 2389 4520 prae
2414 4471 2474 4512 se
2503 4456 2623 4511 tulit
2661 4454 2927 4514 Christus.
2976 4454 3170 4516 Habitu
3216 4469 3396 4518 autem

1808 4544 1915 4583 non
1940 4537 1997 4583 ut
2019 4527 2191 4600 Deus,
2216 4528 2310 4582 sed
2336 4538 2393 4583 ut
2421 4528 2582 4600 homo
2607 4529 2855 4585 inventus
2880 4530 2948 4586 ab
2976 4531 3236 4600 Apostolo
3262 4548 3398 4600 pra:-

1807 4600 2048 4663 dicatur,
2074 4598 2219 4670 Phil.
2249 4614 2321 4666 tt,
2350 4600 2404 4656 7.
2436 4599 2588 4656 Unde
2622 4615 2742 4655 cum
2772 4614 2931 4670 supra
2964 4598 3111 4656 num.
3144 4602 3213 4657 38
3239 4598 3397 4660 docet

1807 4670 2080 4727 Christum
2111 4671 2161 4725 in
2208 4669 2426 4727 homine
2456 4673 2726 4727 nascendo
2767 4669 3055 4727 novitatem
3106 4674 3206 4729 sibi
3247 4673 3394 4730 intu-

143 4743 189 4796 in
206 4754 426 4826 naturam
457 4744 645 4826 divina:
669 4744 890 4826 .unilatis
921 4744 1126 4807 statim,
1161 4742 1487 4826 substituens
1517 4746 1572 4799 in
1611 4742 1705 4800 na-
1728 4764 1782 4826 Β
1812 4743 2098 4826 Ιίεεθηηοη
2135 4742 2336 4797 uirtutis
2376 4753 2669 4826 natumque
2695 4742 2888 4826 ditiith
2904 4784 2921 4811 ,
2950 4745 3042 4826 sed
3068 4744 3280 4826 habitus.
3307 4744 3397 4800 de-

144 4824 255 4869 me
276 4816 456 4871 diuini:
492 4815 708 4870 unitatis
734 4823 921 4868 stutum
943 4832 962 4869 :
993 4831 1166 4885 neque
1188 4815 1325 4885 apud
1367 4816 1488 4873 Par.
1517 4832 1702 4871 emen-

145 4885 279 4942 datus
318 4888 434 4942 luit.
475 4886 766 4942 Proﬁtelur
815 4886 1048 4942 Hilarius
1084 4886 1355 4942 ChriStum
1406 4887 1700 4942 secundum

148 4954 346 5013 formam
374 4959 469 5014 Dei
509 4972 726 5027 semper
764 4958 1027 5013 mansisse
1067 4959 1120 5012 in
1161 4968 1353 5012 natura
1374 5000 1389 5025 ,
1418 4960 1620 5014 unitate
1648 4967 1705 5014 et

150 5028 294 5096 gloria
324 5028 421 5085 Dei
448 5072 462 5095 ,
488 5029 591 5084 etsi
623 5029 916 5084 secundum
948 5028 1177 5083 fortnam
1208 5029 1351 5084 servi
1385 5045 1488 5083 non
1520 5030 1699 5084 statim

149 5099 206 5152 ab
227 5100 331 5169 ipsa
360 5101 593 5156 hominis
634 5101 1000 5170 assumptione
1025 5108 1232 5155 natura:
1263 5100 1459 5156 divina:
1489 5115 1705 5155 assecu—

152 5172 630 5250 ιμωιιιιίιθιθιιι,
663 5170 758 5250 sed
788 5182 991 5250 tantum
1027 5186 1121 5241 per
1149 5173 1559 5228 resurrectionis
1587 5172 1705 5243 glo-

151 5242 262 5314 riaut
279 5283 294 5309 ,
324 5245 482 5314 modo
504 5244 753 5311 superius
779 5242 1044 5314 exposito.

211 5310 287 5385 (d)
322 5313 489 5388 Editi,
516 5310 834 5388 genitamjn
852 5310 914 5369 ’σε
942 5324 1197 5369 naturam.
1220 5314 1445 5388 Boetius
1472 5314 1622 5388 abest
1651 5313 1706 5367 in

154 5397 199 5436 te
218 5397 247 5436 a
269 5384 557 5455 potioribus
583 5401 714 5441 mss.
737 5384 930 5441 Filium
964 5388 1191 5456 appellat
1218 5386 1451 5441 Hilarius
1487 5386 1708 5454 genitam

158 5463 395 5529 Ruﬁni.
427 5457 638 5514 Patrem
670 5473 798 5512 vero
823 5467 1061 5511 naturam
1087 5459 1371 5529 gignentem
1394 5473 1413 5511 :
1438 5471 1505 5512 ex
1535 5469 1707 5529 eoque

159 5525 351 5601 conﬁcit
369 5532 649 5601 utriusque
675 5535 942 5601 naturam
958 5525 1195 5597 ejusdem
1221 5544 1343 5585 esse
1380 5527 1593 5601 generis
1609 5567 1624 5591 ,
1656 5535 1710 5601 et

162 5591 285 5655 ius
312 5600 538 5656 invicem
561 5591 698 5656 'esse
738 5615 861 5654 cum
892 5591 1107 5654 diverso
1150 5616 1236 5654 res
1308 5591 1408 5656 cui
1441 5598 1708 5669 gignentis
1783 5620 1787 5625 ·

164 5673 438 5727 amita.
478 5671 678 5727 Eodem
735 5670 989 5727 Iouuendi
1030 5671 1191 5726 modo
1224 5616 1360 5727 diiit
1394 5670 1707 5727 Fulgentius

164 5673 438 5740 εὶριῠιω.
478 5671 678 5728 Eodem
735 5670 989 5740 loquendi
1030 5671 1191 5726 modo
1224 5670 1360 5727 dixit
1394 5670 1707 5740 Fulgentius

164 5732 485 5813 ﬁi’eﬂ'and.
514 5758 658 5813 resp.
684 5743 758 5798 2:
795 5732 1052 5796 Naturam
1081 5741 1206 5797 Filii
1232 5743 1294 5798 de
1325 5759 1379 5798 se
1402 5732 1524 5812 ipso
1537 5740 1711 5813 genuit

312 5852 331 5882 ,
349 5821 405 5871 et
427 5813 519 5871 lih.
541 5815 606 5872 de
636 5815 844 5872 lncarn.
869 5824 923 5869 et
947 5814 1114 5884 gratia
1136 5814 1332 5872 Christi
1362 5829 1410 5870 c.
1436 5813 1507 5868 ὃς
1535 5813 1711 5882 Neque

1806 4815 2115 4882 mutatione,
2145 4829 2376 4885 cumque
2402 4814 2536 4870 infra
2566 4813 2714 4869 num.
2743 4813 2812 4869 Eii
2832 4855 2847 4875 .
2874 4815 3098 4883 largitur
3140 4813 3280 4885 quod
3304 4832 3397 4871 na-

1808 4886 1976 4940 tiuitas
2023 4885 2242 4941 hominis
2286 4884 2526 4941 naturam
2575 4901 2758 4940 novant
2800 4884 3000 4946 intulit.
3047 4894 3095 4940 et
3129 4884 3394 4941 humilitas

1808 4960 2027 5027 formam
2058 4957 2333 5011 demutavit
2360 4959 2454 5011 sub
2481 4956 2824 5018 assumptione
2844 4955 3029 5027 _seruili
3050 4972 3074 5023 ;
3096 4956 3228 5013 satis
3258 4956 3395 5013 indi-

1807 5025 1894 5081 cat
1920 5027 2222 5097 promiscua
2254 5027 2356 5082 sibi
2394 5043 2515 5083 esse
2544 5028 2809 5097 fortanm
2842 5025 3057 5082 habitus
3093 5028 3349 5084 vocabula
3376 5048 3391 5084 :

1807 5095 2000 5169 quibus
2024 5114 2156 5153 sane
2178 5098 2440 5153 intellexit
2463 5098 2688 5168 gloriam
2714 5095 3238 5169 Unigenitoiquidem
3265 5114 3395 5155 con-

1807 5168 2042 5241 genitam
2063 5209 2079 5235 ,
2116 5169 2211 5225 sed
2246 5182 2406 5239 quam
2437 5169 2586 5224 carni
2608 5176 2920 5241 assumpta:
2955 5168 3021 5224 ad
3055 5178 3265 5241 tempus
3296 5186 3395 5225 ne-

1808 5238 1987 5322 gavit,
2037 5249 2198 5322 atque
2241 5238 2464 5294 eatenus
2512 5238 2726 5322 atnisit_,
2780 5238 2883 5322 non
2926 5238 3247 5322 conuenieitte
3296 5242 3395 5322 sibi

1809 5313 1992 5395 (arma:
2018 5310 2283 5395 utriusque
2309 5326 2578 5395 concursu,
2610 5319 2668 5365 ut
2695 5310 2931 5395 loquitur
2954 5329 3007 5367 ιι.
3034 5312 3125 5368 14.
3143 5312 3395 5395 Apertitts

1809 5379 1861 5437 itt
1894 5381 1977 5436 his
2008 5397 2152 5453 num.
2184 5379 2288 5439 40:
2320 5379 2476 5435 Pater
2503 5398 2607 5436 non
2637 5390 2744 5453 eget
2782 5382 2948 5450 gloria
2967 5423 2983 5448 ,
3013 5399 3104 5437 nec
3139 5399 3193 5438 se
3212 5386 3394 5439 catinu-

1807 5453 1973 5526 nierat
2008 5451 2072 5505 de
2101 5454 2267 5523 forma
2303 5453 2483 5526 glorite
2501 5468 2638 5526 suta,
2658 5451 2725 5526 Aid
2756 5452 2824 5508 ab
2855 5469 2921 5508 eo
2948 5454 3113 5525 gloria
3136 5470 3199 5510 ac
3227 5459 3397 5526 [arma

1809 5525 1985 5595 gloria:
2010 5522 2259 5595 vocatur,
2291 5522 2432 5595 quod
2461 5523 2547 5579 hic
2570 5522 2669 5578 Dei
2696 5526 2883 5593 forma.

1884 5592 1963 5667 (g)
2004 5594 2099 5649 Hie
2127 5592 2327 5667 terrena
2354 5592 2905 5667 natioitashhnmanam
2929 5605 3174 5653 naturam
3201 5607 3356 5655 sonat
3380 5616 3394 5654 :

1815 5662 1953 5723 sicut
1972 5680 2134 5735 supra
2160 5666 2214 5720 in
2240 5668 2326 5722 his
2363 5682 2418 5721 n.
2442 5664 2549 5722 40:
2583 5662 2764 5720 Gloria
2793 5668 2957 5722 omnis
2981 5684 3082 5723 non
3117 5669 3284 5725 Verbo
3311 5686 3401 5725 ac-

1816 5735 2115 5809 quirebatur
2131 5778 2148 5803 ,
2176 5737 2268 5795 sed
2289 5738 2434 5793 carni
2452 5779 2468 5805 ,
2490 5737 2546 5792 id
2564 5746 2669 5809 est,
2692 5753 2793 5793 non
2820 5738 3072 5794 natiuitati
3100 5739 3199 5797 Dei
3219 5783 3233 5807 ,
3254 5751 3360 5798 etc.
3378 5782 3397 5809 ,

1821 5808 2116 5865 nativitatis
2144 5811 2365 5868 nomine
2393 5821 2583 5867 natura
2609 5808 2791 5867 divina
2821 5809 3171 5884 signiﬁcatur.
3198 5808 3400 5891 Deinde
